3900 6410
53 386 152 443 681

56 513 190 553 cum
236 500 321 580 sic
353 499 415 552 in
458 513 526 580 eo
572 501 854 580 tumultus
898 503 1170 557 vitiorum
1212 505 1542 568 destruitur,
1588 507 1655 557 ut
1673 506 1728 580 A

57 572 333 623 memoria
361 571 592 635 penitus
616 573 885 625 deleatur.

116 642 169 695 8.
202 644 265 693 Et
291 641 370 691 ibi
395 642 677 693 Dominus
701 647 999 706 permanet
1021 645 1079 696 in
1105 651 1387 698 aeternum
1418 647 1517 698 ubi
1536 647 1656 709 jam

57 713 343 776 iniquitas
366 716 465 763 aut
480 712 616 763 foris
642 714 1051 780 per-actionem,
1070 718 1340 769 autintus
1358 732 1455 782 per
1469 722 1658 778 cogita-

53 786 273 835 tionem
308 783 535 833 nullum
559 784 781 835 invenit
815 784 1025 847 locum,
1051 787 1139 838 vel
1166 790 1335 851 juxta
1357 790 1655 840 historiam

48 856 361 919 impiorum
375 854 647 905 memoria
663 868 794 906 cum
816 858 1008 908 sonitu
1022 859 1205 921 periit,
1221 860 1356 922 quia
1374 861 1588 911 clamor
1610 866 1655 908 et

53 926 281 978 saevitia
300 926 763 988 persequentium
781 926 1069 979 Christum
1096 931 1325 991 penitus
1344 931 1650 993 acquievit.

53 1000 200 1047 Nam
226 997 327 1045 ubi
349 999 503 1058 sunt,
530 996 629 1057 qui
667 1009 797 1046 cum
830 1000 991 1048 tanto
1027 1001 1270 1063 strepitu
1308 1002 1652 1053 clamabant.

50 1068 352 1130 Crucitige,
380 1067 645 1129 crucitige
691 1068 899 1127 (Matth.
935 1068 1026 1121 “27.
1068 1071 1194 1121 Luc.
1235 1070 1323 1125 23.
1368 1074 1536 1122 Marc.
1564 1072 1648 1125 15.

48 1140 214 1187 Joan.
242 1136 387 1198 19.)?
410 1136 508 1187 ubi
533 1141 671 1187 sunt
693 1144 1089 1201 persecutores
1122 1147 1438 1206 martyrum
1464 1147 1489 1193 ‘t
1513 1144 1651 1204 Quis

48 1210 143 1261 vel
163 1220 365 1260 eorum
382 1208 770 1259 reminiscitur
785 1214 808 1258 Ρ
826 1212 1182 1263 Putaverunt
1197 1214 1531 1278 extinguere
1551 1227 1652 1265 no~

49 1292 187 1330 men
233 1278 641 1329 Christianum.
670 1281 966 1331 Perierunt
986 1282 1114 1346 ipsi,
1140 1288 1199 1335 et
1219 1286 1499 1337 Dominus
1526 1298 1651 1349 per-

47 1353 249 1401 manet
272 1350 332 1399 in
356 1353 637 1400 aeternum
667 1350 826 1411 (Psal.
855 1351 1016 1415 101.).

113 1422 165 1475 9.
196 1420 420 1469 Paravit
436 1420 497 1467 in
505 1420 988 1483 judiciothronum
1001 1438 1183 1487 suum,
1204 1430 1249 1473 ct
1270 1426 1379 1490 ipse
1382 1425 1649 1489 judicabit

52 1491 238 1541 orbem
265 1497 413 1539 terra
437 1491 498 1538 in
525 1492 787 1553 aequitate,
807 1492 1318 1557 judicabitpopulos
1335 1496 1394 1543 in
1408 1496 1644 1560 justitia.

43 1564 317 1613 Thronus
348 1562 470 1624 Dei,
496 1561 671 1612 Filius
695 1565 782 1613 est
809 1564 1010 1614 Patris.
1049 1566 1209 1616 Unde
1238 1567 1515 1629 scriptum
1539 1572 1643 1629 est,

46 1636 207 1684 Deus
230 1637 353 1685 erat
370 1633 430 1683 in
466 1633 689 1684 Christo
724 1635 1003 1685 mundum
1028 1638 1403 1688 reconcilians
1430 1638 1538 1688 sibi
1565 1637 1638 1700 (‘2.

49 1705 174 1755 Cor.
190 1703 281 1766 5.).
308 1703 474 1753 Hunc
496 1703 720 1767 paravit
742 1706 915 1767 Deus,
934 1706 1071 1766 quia
1086 1706 1365 1757 incarnari
1392 1709 1646 1767 misit,ut

43 1777 107 1826 in
132 1776 319 1827 forma
335 1774 487 1825 servi
492 1774 861 1834 judicaretur,
882 1782 1185 1840 pateretur,
1209 1784 1550 1843 resurgeret,
1568 1792 1652 1829 re-

42 1850 253 1911 gnaret
276 1860 288 1895 :
309 1851 368 1896 et
396 1845 495 1907 qui
513 1846 810 1908 judicatus
836 1847 998 1897 estin
1027 1849 1268 1912 occulto,
1286 1850 1475 1913 palam
1491 1850 1645 1913 judi-

0 1966 1 1969 η
41 1924 354 1977 caret,non
377 1916 572 1979 inique
587 1922 645 1967 et
667 1918 1067 1981 injuste(sicut
1085 1932 1236 1983 saepe
1248 1921 1512 1983 judicant
1540 1922 1645 1972 ho-

42 1992 261 2050 mines,
288 1987 386 2050 qui
409 1988 551 2037 dum
572 1988 716 2038 alios
742 1987 891 2051 plus,
913 1987 1054 2039 alios
1078 1991 1271 2041 minus
1292 1992 1553 2054 diligunt,
1579 1994 1651 2043 ab

41 2061 325 2123 aequitate
332 2059 351 2122 j
364 2058 535 2109 udicii
557 2071 979 2121 nonnunquam
996 2060 1319 2112 dissiliunt:
1340 2066 1397 2112 et
1413 2063 1554 2113 dum
1571 2076 1654 2114 se-

39 2131 306 2181 cundum
324 2130 491 2184 facta.
508 2141 625 2180 non
639 2130 961 2180 secundum
978 2133 1110 2181 cord
1119 2133 1175 2194 aj
1187 2132 1650 2195 udicant,justitiae

36 2201 454 2254 rectitudinem
464 2199 799 2263 plerumque
812 2213 929 2250 non
943 2207 1178 2252 servant
1188 2204 1312 2263 );sed
1329 2206 1458 2252 sicut
1474 2219 1649 2264 aequus

40 2280 101 2325 et
122 2276 325 2337 justus
338 2270 826 2334 judicabitorbem
844 2276 1008 2323 terra:
1036 2274 1098 2323 in
1125 2274 1414 2336 aequitate,
1432 2275 1649 2327 nemini

38 2357 290 2409 parcens
306 2343 579 2394 omnibus
591 2354 761 2405 aequa
774 2343 1113 2394 retribuens.
1132 2346 1160 2394 J
1170 2344 1423 2395 udicabit
1437 2349 1647 2406 populos

36 2418 97 2467 in
146 2415 391 2479 justitia,
458 2414 853 2464 testimonium
907 2415 1243 2477 perhibente
1295 2417 1647 2468 conscientia

39 2489 217 2550 (Rom.
244 2485 316 2548 2.)
342 2488 399 2537 et
422 2485 867 2548 cogitationibus
890 2488 1298 2537 accusantibus
1324 2500 1427 2538 seu
1450 2489 1646 2539 defen-

32 2558 319 2609 dentibus
341 2570 355 2606 :

101 2629 192 2682 10.
209 2628 277 2676 Ει
292 2627 467 2690 factus
496 2629 570 2675 est
592 2626 859 2674 Dominus
880 2626 1157 2689 refugium
1171 2628 1645 2692 pauperi,adjutor

29 2703 99 2750 in
111 2698 629 2764 opportunitatibus,
643 2699 703 2745 in
717 2698 1508 2760 tribulatione.Quantumllbet
1533 2701 1644 2764 {Em

30 2775 78 2822 A
92 2771 376 2836 ugustino)
408 2773 782 2833 persequatur
801 2770 1071 2820 inimicus
1094 2771 1185 2821 ille
1209 2772 1307 2833 qui
1329 2784 1643 2822 conversus

31 2848 131 2895 est
152 2846 328 2899 retro,
354 2840 495 2903 quid
529 2842 759 2891 nocebit
791 2845 861 2899 ei,
907 2842 1001 2891 cui
1025 2841 1308 2905 refugium
1346 2843 1528 2893 factus
1552 2848 1644 2894 est

32 2914 370 2966 Dominus?
386 2912 493 2962 Sed
512 2914 592 2961 sic
604 2914 713 2961 hoc
725 2912 841 2971 iiet,
861 2913 907 2961 si
932 2917 1164 2975 propter
1188 2913 1476 2964 Christum
1502 2926 1644 2977 pau-

28 2999 141 3050 per
156 2997 290 3036 esse
307 2983 593 3045 delegerit,
620 2982 759 3033 nihil
781 2983 1044 3044 amando,
1059 2986 1210 3046 quod
1225 2984 1311 3034 vel
1325 2985 1420 3035 hic
1444 2986 1642 3037 viven-

30 3061 158 3107 tem
180 3058 585 3106 autamantem
609 3053 839 3116 deserit,
866 3053 958 3104 vel
980 3066 1015 3105 a
1037 3055 1311 3105 moriente
1342 3056 1639 3107 deseritur.

26 3126 162 3178 Tali
186 3126 339 3177 enim
353 3124 584 3188 pauperi
597 3125 880 3187 refugium
894 3125 1081 3176 factus
1099 3131 1188 3176 est
1204 3127 1503 3177 Dominus.
1526 3129 1642 3178 Nec

20 3200 282 3262 adjuvat
304 3208 614 3260 pauperem
639 3208 812 3246 suum
835 3208 990 3261 mox,
1018 3201 1082 3247 ut
1106 3197 1364 3248 tribulari
1388 3200 1601 3261 ceperit
1625 3217 1638 3247 :

22 3269 142 3321 sed
174 3274 319 3321 tunc
338 3271 581 3330 tantum,
608 3266 839 3329 quando
856 3271 1084 3331 tempus
1107 3272 1495 3331 opportunum
1519 3282 1639 3320 esse

20 3340 399 3405 cognoverit.
419 3340 596 3399 Quem
614 3337 767 3388 enim
780 3337 985 3401 diligit,
1007 3340 1239 3402 corripit
1257 3340 1565 3401 Dominus;
1584 3344 1641 3392 et

16 3410 292 3476 ﬂagellat
314 3422 547 3462 omnem
571 3409 753 3459 tilium
777 3422 953 3471 quem
986 3411 1185 3472 recipit
1208 3411 1383 3471 (Prov.
1408 3410 1458 3465 3.
1478 3411 1634 3463 Hebr.

16 3483 115 3537 12.
142 3480 420 3547 Apoc.3.).
452 3481 572 3532 Hos
600 3483 804 3543 probat
824 3481 886 3533 in
909 3481 1292 3544 tribulatione,
1317 3482 1556 3546 adjuvat
1577 3483 1638 3534 in

14 3564 483 3629 opportunitate.
512 3562 583 3611 Et
618 3560 765 3611 ideo.

86 3634 182 3689 11.
212 3634 439 3697 Spcrent
461 3633 523 3680 in
549 3637 593 3680 te
637 3634 732 3695 qui
762 3636 1025 3696 noverunt
1065 3647 1263 3681 nomen
1303 3637 1478 3693 tuum,
1505 3648 1635 3697 quo-

13 3708 187 3755 niam
204 3720 321 3754 non
336 3704 666 3759 dereliquisti
682 3708 970 3767 quaerentes
987 3708 1048 3767 te,
1061 3705 1306 3753 Domine.
1323 3708 1632 3761 Quaerenlem

6 3779 245 3843 quippe
270 3776 381 3839 (Ea;
402 3776 445 3823 A
458 3780 609 3838 ugust
619 3776 726 3836 tuo)
760 3774 1011 3825 animam
1023 3774 1122 3826 ubi
1145 3775 1285 3839 ﬁgat
1296 3788 1474 3838 spem,
1501 3788 1633 3826 cum

3 3854 88 3903 ab
128 3850 249 3900 hoc
272 3846 489 3899 mundo
499 3845 779 3906 avellitur,
809 3850 1126 3910 opportune
1148 3846 1360 3910 excipit
1381 3847 1631 3910 cognitio

4 3919 288 3974 nominis
310 3917 431 3971 Dei.
458 3919 604 3969 Nam
628 3930 842 3968 nomen
868 3920 1059 3979 ipsum
1082 3917 1186 3968 Dei
1209 3930 1629 3981 usquequaque

5 3991 463 4058 vulgatumest:
491 3988 740 4052 cognitio
760 3993 955 4039 autem
970 3989 1222 4039 nominis
1253 3992 1358 4049 est,
1386 4002 1518 4039 cum
1536 3988 1629 4039 ille

1 4063 416 4130 cognoscitur,
441 4060 612 4124 cujus
627 4064 717 4111 est
736 4072 964 4111 nomen.
980 4060 1123 4120 Quia
1147 4072 1282 4130 ergo
1307 4062 1490 4110 Deum
1507 4060 1627 4122 jam

1 4128 415 4201 cognovimus
432 4145 531 4196 per
551 4132 724 4183 tidem
760 4131 828 4193 (1.
857 4131 977 4181 Cor.
1001 4129 1068 4183 13
1091 4133 1124 4192 ),
1151 4128 1267 4195 48
1303 4130 1551 4193 ﬁgamus
1566 4130 1627 4181 in

0 4212 108 4261 illo
138 4208 405 4258 nostram
418 4216 598 4268 spem,
617 4215 947 4265 qumramus
972 4214 1103 4252 eum
1122 4202 1587 4264 perdilectionem
1606 4215 1621 4252 :

0 4287 73 4331 ut
114 4289 263 4329 cum
286 4276 696 4333 invenerimus,
718 4287 850 4324 cum
874 4278 998 4335 ipso
1021 4285 1478 4336 permaneamus.
1499 4275 1626 4324 Non

0 4353 178 4404 enim
192 4354 521 4412 quaerentes
548 4359 609 4397 se
626 4346 850 4407 deserit,
875 4347 991 4395 imo
1016 4345 1366 4408 possidendo
1389 4347 1621 4406 custodit,

0 4418 409 4475 custodiendo
437 4419 735 4483 gloriﬁcat,
753 4420 927 4478 atque
943 4429 1076 4466 cum
1100 4417 1184 4468 eis
1204 4417 1264 4467 in
1288 4422 1529 4465 aeternum
1554 4431 1626 4464 re-

0 4498 183 4561 gnat.
213 4490 378 4542 Unde
399 4503 505 4541 nos
529 4490 801 4540 admonet
817 4489 1097 4561 Propheta
1116 4491 1349 4561 sanctus
1376 4487 1621 4561 Domino

0 4558 223 4620 nostro
249 4562 508 4626 psallere,
525 4566 697 4624 atque
720 4561 769 4624 ej
780 4573 848 4611 us
864 4560 1110 4624 gratiam
1134 4558 1404 4611 omnibus
1420 4558 1624 4622 praedi-

0 4652 171 4691 :are.
198 4633 301 4685 Ait
334 4634 507 4696 enim,

63 4708 174 4764 12.
196 4705 417 4757 Psallite
434 4704 668 4753 Domino
692 4703 788 4767 qui
812 4701 1016 4752 habitat
1032 4703 1090 4750 in
1116 4701 1266 4761 Sion,
1292 4702 1625 4751 annunciate

0 4786 167 4831 [nter
188 4782 368 4843 gentes
411 4776 595 4824 studia
617 4775 747 4838 ejus.
790 4773 1057 4826 Psalmus
1083 4775 1293 4837 quippe
1319 4773 1506 4824 dictus
1530 4780 1621 4826 est

0 4854 113 4907 lbi
149 4852 221 4901 tit
256 4847 636 4899 consonantia
650 4847 810 4899 vocis
833 4858 968 4896 cum
984 4858 1219 4909 organo.
1236 4847 1306 4896 Et
1323 4844 1381 4896 in
1401 4845 1623 4909 psalmo

0 4929 26 4979 1
38 4937 132 4977 uo
144 4920 556 4983 intelligimus:
578 4930 777 4969 vocem
788 4916 1057 4980 laudis,et
1067 4917 1500 4969 consonantiam
1513 4932 1626 4977 ope-

0 5002 110 5051 ris.
131 4993 239 5045 llle
263 5004 403 5044 vero
425 4990 703 5043 veraciter
734 4988 940 5052 psallit,
974 4988 1072 5051 qui
1099 4989 1180 5038 sic
1203 4990 1386 5038 Deum
1410 4987 1625 5048 laudat,

0 5075 67 5122 it
96 5070 270 5118 recte
295 5063 469 5113 vivat.
497 5064 625 5125 Ipse
649 5066 845 5113 autem
869 5060 975 5121 (Ea:
998 5060 1325 5122 Augustino}
1350 5060 1628 5110 Dominus

0 5135 323 5193 aabitatin
335 5134 469 5185 Sion
494 5133 669 5196 (quod
694 5134 1098 5194 interpretatur
1119 5131 1425 5193 speculatio)
1452 5136 1507 5181 et
1526 5143 1629 5195 ge-

0 5218 137 5264 =tat
156 5209 507 5269 'imaginem
534 5205 820 5265 Ecclesiae,
846 5215 979 5265 quae
1003 5215 1159 5253 nunc
1182 5207 1295 5253 est:
1321 5202 1629 5253 sicutJeru-

0 5279 711 5344 salemgestaimaginem
728 5275 998 5326 Ecclesia)
1028 5287 1161 5337 quas
1191 5274 1383 5325 futura
1406 5278 1495 5324 est
1512 5275 1633 5337 (Ga-

0 5364 97 5407 αι,
146 5354 245 5416 4.),
272 5349 425 5400 idest
456 5349 701 5400 civitatis
729 5351 1059 5397 sanctorum
1075 5347 1197 5409 jam
1226 5347 1483 5409 angelica
1515 5347 1636 5396 vita

0 5425 346 5480 ruentium
372 5435 384 5471 :
404 5421 539 5483 quia
554 5420 874 5471 Jerusalem
890 5418 1291 5482 interpretatur
1310 5417 1440 5466 visio
1460 5417 1634 5480 pacis,

0 5495 309 5554 Praecedit
320 5498 514 5544 autem
534 5491 844 5555 speculatio
862 5490 1163 5553 visionem,
1181 5489 1329 5540 sicut
1343 5489 1454 5539 ista
1466 5492 1637 5537 Eccle-

0 5576 94 5627 sia
115 5566 412 5635 praecedit
425 5577 555 5617 eam
573 5568 714 5627 ρυω
738 5562 759 5591 ⁵
774 5563 1126 5628 promittitur
1149 5561 1445 5614 civitatem
1468 5564 1636 5613 teter-

1052 394 1127 444 IN
1161 392 1487 445 PSALMOS
1520 391 1729 445 LXXV
1757 391 2338 446 COMMENTARIUS.

3245 404 3350 461 682

1761 518 1896 557 nam
1920 511 1976 557 et
1997 506 2398 561 immortalem.
2430 507 2499 557 Et
2528 505 2756 570 agimus
2783 506 2875 559 hic
2900 511 3352 574 speculationem

1763 576 1829 652 (1.
1854 578 1971 628 Cor.
1989 576 2201 652 l3.),_ut
2223 577 2626 652 perveniamus
2650 577 2722 628 ad
2760 578 3060 652 visionem.
3086 586 3351 652 Prmcipi-

1757 651 1850 697 tur
1874 662 2006 711 ergo
2038 650 2204 699 nobis
2230 652 2295 700 ut
2329 648 2589 713 psalmus
2634 651 2881 701 Domino
2928 657 3028 715 qui
3050 648 3352 712 habitat—in

1757 720 1907 781 Sion,
1939 724 2005 770 ut
2027 721 2380 771 concorditer
2391 721 2703 771 Dominum
2720 721 2993 775 Ecclesiae
3015 726 3354 783 inhabitato-

1754 802 1872 840 rem
1898 790 2221 853 laudemus,
2240 795 2295 841 et
2331 793 2748 842 annunciemus
2764 793 2889 843 aliis
2915 796 3109 848 studia
3133 807 3349 855 sancta

1752 861 2190 922 praedicationis.
2226 862 2520 911 Debemus
2553 862 2709 912 enim
2751 864 3062 917 Dominum
3084 874 3345 925 nostrum

1753 943 1922 1002 Opere
1946 931 2196 993 laudare,
2221 934 2413 982 mente
2438 933 2827 996 contemplari,
2846 948 2986 987 voce
3011 940 3346 1002 praedicare:

1755 1007 1819 1051 ut
1838 1001 1909 1051 ad
1935 1003 2067 1080 ejus.
2086 1002 2311 1080 laudem
2339 1003 2511 1080 simul
2536 1004 2596 1080 in
2611 1004 2778 1054 nobis
2799 1001 3346 1080 consonentlingua,

1753 1072 2124 1144 conscientia,
2151 1077 2209 1123 et
2233 1073 2367 1123 vita.
2389 1075 2621 1135 Propter
2636 1086 2736 1124 eos
2756 1081 2948 1127 autem
2974 1082 3069 1141 qui
3087 1072 3351 1144 ρει-εῖδειιὲ

1755 1142 1965 1192 tionem
1977 1143 2272 1205 patiuntur
2289 1147 2517 1206 propter
2540 1146 2781 1195 verbum
2804 1147 2928 1205 Dei,
2947 1142 3107 1211 quod
3121 1166 3348 1208 annun-

1750 1212 1906 1263 ciant
1931 1231 1941 1261 :
1970 1214 2231 1276 sequitur
2253 1214 2586 1277 consolatio,
2611 1228 2740 1266 cum
2770 1217 3159 1273 subinfertur:

1813 1282 1897 1336 13.
1917 1283 2191 1342 Quoniam
2222 1285 2501 1347 requirens
2522 1288 2869 1349 sanguinem,
2898 1305 3085 1340 earum
3105 1296 3349 1347 recorda-

1749 1357 1933 1432 tus-est.
1949 1355 2223 1432 idestlEar:
2236 1356 2580 1432 Augustino),
2596 1357 2789 1432 veniet
2801 1358 3345 1432 ultimumjudicium,

1748 1424 1847 1474 ubi
1866 1427 1930 1500 et
1946 1425 2375 1500 interfectorum
2399 1425 2598 1489 gloria,
2615 1432 2674 1500 et
2695 1430 3161 1500 interﬁciendum
3176 1424 3349 1500 pana

1745 1494 2051 1569 manifesta
2066 1496 2155 1546 sit.
2183 1497 2345 1557 Quod
2369 1500 2566 1548 autem
2588 1497 2685 1569 ait,
2714 1499 3041 1552 Rccordatus
3068 1494 3344 1569 est,nemo

1742 1565 1825 1616 ita
1850 1566 2100 1629 positum
2126 1571 2304 1630 putet,
2325 1569 2491 1629 quasi
2509 1568 2719 1619 oblivio
2747 1571 2985 1624 cadatin
3008 1565 3210 1628 Deum.
3234 1578 3344 1632 Sed

1744 1636 2031 1712 quiapost
2059 1638 2538 1712 longumteinpus
2561 1639 2617 1688 fu
2627 1643 2820 1712 turum
2833 1647 2922 1693 est
2931 1644 3235 1712 judicium,
3257 1662 3347 1702 se-

1744 1708 2000 1783 cundum
2016 1708 2287 1783 allectum
2298 1708 2656 1783 infirmorum
2673 1710 2970 1763 hominum
2982 1708 3236 1778 positum
3254 1727 3342 1783 est,

1752 1777 1851 1838 qui
1874 1778 2037 1840 quasi
2064 1779 2303 1828 oblitum
2333 1781 2521 1829 Deum
2549 1785 2773 1844 putant,
2799 1784 2936 1844 quia
2962 1777 3081 1837 non
3109 1793 3227 1839 tam
3250 1777 3346 1839 cito

1669 1869 1726 1943 B
1756 1849 2828 1943 cipLs'iuvolu'nt.
2852 1853 2955 1905 His
2977 1856 3182 1909 dicitur
3197 1863 3345 1910 etiam

1754 1919 1908 1993 quod
1929 1920 2219 1993 sequitur,
2238 1920 2363 1969 Non
2388 1927 2463 1993 est
2493 1920 2684 1970 oblitus
2705 1923 2991 1974 clamorem
3015 1942 3344 1993 pauperum.

1815 1989 1900 2042 14.
1938 1991 2074 2051 Quis
2098 1993 2185 2041 est
2207 1992 2318 2042 iste
2353 1990 2567 2042 clamor
2610 2005 2943 2061 pauperum,
2988 1989 3159 2061 quem
3186 2003 3346 2054 Deus

1750 2073 1869 2138 non
1894 2060 2247 2138 obliviscitur
2263 2066 2285 2109 ‘2
2309 2062 2571 2138 sequitur
2589 2067 2644 2114 et
2668 2063 2906 2138 dicitur:
2932 2060 3192 2119 Miserere
3221 2074 3343 2138 mei,

1750 2131 1997 2190 Domine,
2036 2132 2154 2180 vide
2194 2132 2551 2181 humilitatem
2597 2148 2773 2182 meam
2817 2137 2879 2184 de
2910 2138 3152 2189 inimicis
3192 2131 3343 2194 meis:

1750 2204 1933 2276 Quare
1950 2215 2085 2265 ergo
2102 2202 2212 2276 (Ea:
2226 2203 2555 2276 Augustino]
2572 2216 2689 2254 non
2706 2204 2871 2270 dixit,
2887 2208 3155 2262 miserere
3167 2216 3341 2276 nostri,

1747 2273 2010 2334 Domine,
2031 2277 2088 2323 et
2100 2273 2228 2323 vide
2244 2272 2626 2324 humilitatem
2636 2281 2892 2327 nostram
2914 2278 3238 2332 deinimicis
3252 2272 3343 2332 no;

1748 2344 1877 2394 etris
1892 2347 1918 2394 ‘t
1934 2345 2057 2393 Non
2075 2347 2349 2415 tanquam
2363 2343 2531 2393 multi
2547 2357 2824 2407 pauperes
2842 2348 3108 2415 clamant,
3127 2355 3212 2401 sed
3232 2360 3344 2403 tan-

1746 2426 1921 2476 quam
1945 2427 2114 2485 unus.
2143 2415 2233 2464 An
2256 2414 2390 2477 quia
2405 2427 2556 2465 unus
2569 2428 2727 2466 nunc
2748 2416 3072 2482 interpellat
3086 2414 3186 2485 pro
3210 2436 3344 2476 san-

1745 2486 1872 2547 ctis,
1907 2484 2006 2557 qui
2032 2484 2249 2557 primus
2293 2497 2510 2557 pauper
2533 2498 2652 2557 pro?
2671 2488 2839 2538 nobis
2863 2489 3048 2542 factus
3072 2498 3178 2557 est,
3206 2507 3340 2547 cum

1744 2560 1895 2607 esset
1940 2555 2103 2607 dives
2159 2553 2226 2619 (“2.
2282 2557 2402 2605 Cor.
2439 2554 2562 2618 8.)?
2594 2556 2926 2619 afﬂiguntur
2968 2563 3042 2613 ab
3090 2553 3340 2618 inimicis

1742 2628 2003 2678 membra
2046 2627 2172 2691 ejus
2218 2628 2279 2677 in
2324 2630 2492 2690 terra,
2535 2631 2593 2679 et
2632 2629 2758 2692 ipse
2802 2631 3014 2684 clamat
3043 2646 3146 2697 pro
3169 2635 3254 2688 eis
3279 2637 3340 2690 in

1742 2697 1898 2749 caelo.

1806 2768 1889 2821 15.
1916 2770 2045 2832 Ipse
2069 2768 2243 2819 etiam
2260 2767 2536 2839 dicit,70ui
2551 2769 2757 2819 exultas
2772 2785 2854 2820 me
2874 2772 2936 2821 dc
2947 2774 3119 2837 portis
3133 2777 3337 2839 mortis,

1740 2844 1797 2888 ut
1821 2840 2155 2888 annunciem
2192 2854 2375 2888 omnes
2412 2838 2754 2889 laudationes
2787 2847 2907 2891 tuas
2935 2845 2997 2893 in
3017 2847 3187 2909 portis
3213 2838 3339 2908 ﬁliae

1743 2911 1894 2959 Sion.
1922 2910 2219 2983 Exaltatur
2261 2910 2417 2961 enim
2442 2910 2551 2973 (Eat:
2593 2912 2916 2983 Augustino)
2943 2914 3114 2967 homo
3137 2917 3199 2967 in
3219 2917 3335 2983 illo,

1740 2994 1859 3032 non
1883 2980 2070 3031 solum
2094 2993 2267 3043 quem
2284 2985 2491 3043 gestat,
2517 2981 2613 3043 qui
2634 2981 2737 3045 (At.
2758 2984 2930 3048 quod]
2951 2991 3124 3048 caput
3145 2980 3335 3039 Eccle.‘

1741 3051 1841 3102 siae
1857 3056 1971 3102 est:
2002 3051 2103 3101 sed
2129 3052 2300 3100 etiam
2334 3052 2601 3113 quisquis
2623 3057 2885 3104 nostrum
2910 3060 3000 3106 est
3022 3057 3082 3106 in
3114 3059 3336 3109 caateris

1741 3123 2033 3184 membris,
2052 3121 2340 3172 exaltatur
2349 3123 2421 3172 ab
2436 3123 2706 3173 omnibus
2718 3124 2909 3186 pravis
2921 3127 3335 3189 cupiditatibus

1743 3205 1873 3256 quae
1899 3197 2039 3243 sunt
2066 3196 2246 3256 portae
2266 3193 2487 3254 mortis,
2520 3192 2652 3254 quia
2675 3206 2776 3256 per
2798 3194 2922 3246 illas
2944 3196 3061 3247 itur
3081 3197 3154 3248 ad
3178 3211 3334 3251 mor-

1665 3231 1714 3306 ί)
1742 3231 1876 3315 ie}?
1891 3231 2245 3315 sunta‘utem
2256 3266 2437 3325 portae
2449 3231 2581 3314 ii,th
2606 3231 2767 3325 Sidi:
2780 3231 3334 3331 01331335653537;-

1736 3336 1829 3386 dia
1841 3335 1900 3385 in
1913 3339 2112 3385 sancta
2125 3333 2393 3396 Ecclesia,
2424 3330 2540 3400 49
2567 3346 2666 3397 per
2680 3347 2812 3398 quae
2826 3330 3052 3389 venitur
3065 3338 3138 3389 ad
3168 3340 3334 3392 visio-

1734 3419 1869 3457 nem
1891 3406 2063 3470 pacis.
2092 3407 2159 3455 In
2189 3404 2262 3455 iis
2290 3405 2469 3468 portis
2495 3406 2641 3456 bene
2662 3406 3088 3460 annunciantur
3099 3410 3335 3463 univer-

1732 3499 1817 3540 sas
1845 3485 2046 3536 laudes
2087 3483 2209 3535 Dei.

1795 3556 1881 3611 16.
1907 3555 2127 3608 Deinde
2152 3555 2412 3618 sequitur
2437 3554 2735 3606 :Eaeultabo
2762 3556 2825 3606 in
2846 3558 3082 3608 salutari
3107 3565 3215 3612 tuo.
3243 3562 3334 3614 Sa-

1732 3629 1916 3681 lutare
1940 3628 2043 3679 Dei
2066 3627 2350 3679 Dominus
2374 3631 2464 3677 est
2508 3632 2706 3678 noster
2726 3630 2757 3679 J
2764 3641 2899 3679 esus
2929 3631 3210 3696 Christus,
3232 3645 3334 3697 per

1733 3712 1901 3765 quem
1928 3699 2131 3749 salvati
2167 3710 2391 3759 sumus,
2421 3699 2521 3761 qui
2551 3698 2719 3749 corda
2740 3704 2939 3751 nostra
2966 3700 3038 3752 de
3061 3715 3210 3754 vana
3230 3705 3332 3756 lse-

1731 3773 1853 3823 titia
1873 3770 2049 3833 hujus
2075 3768 2272 3820 saeculi
2288 3769 2598 3831 transtulit,
2614 3772 2680 3820 ut
2701 3771 2894 3833 inipso
2920 3773 3332 3835 veracitergau-

1730 3844 1990 3893 deamus.
2036 3839 2146 3890 Sed
2189 3838 2306 3908 hoc
2338 3842 2606 3908 nostrum
2628 3839 2906 3901 gaudium
2929 3841 3121 3892 adhuc
3142 3843 3204 3894 in
3225 3856 3328 3908 spe

1729 3916 1833 3973 est,
1854 3924 1973 3962 non
2004 3910 2064 3960 in
2090 3922 2149 3959 re
2182 3908 2249 3970 (1.
2280 3907 2384 3957 Cor
2416 3907 2543 3970 13.).
2569 3908 2894 3971 Aflligimur
2918 3912 3073 3961 enim
3091 3924 3127 3962 a
3160 3907 3325 3966 malis

1727 3982 2061 4035 hominibus
2092 3978 2348 4041 quandiu
2391 3977 2485 4028 hic
2518 3978 2771 4029 vivimus
2818 3982 2882 4042 (ί.
2909 3980 3079 4030 Joan.
3113 3980 3184 4045 3.)
3214 4001 3226 4031 :
3255 3984 3324 4035 de

1727 4054 1939 4117 quibus
1965 4051 2343 4113 subjunctum
2364 4051 2474 4099 est:
2502 4049 2691 4111 Inﬁxae
2704 4056 3012 4113 sunlgentcs
3028 4052 3089 4101 in
3102 4054 3325 4103 interitu

1728 4138 1884 4188 quem
1894 4123 2149 4185 fecerunt.
2165 4118 2412 4171 Attende
2433 4119 2924 4182 quemadmodum
2941 4129 3164 4172 servetur
3175 4139 3324 4185 ptnna

1726 4195 2004 4260 peccatori
2019 4193 2091 4245 de
2107 4191 2373 4256 operibus
2386 4192 2525 4253 suis,
2558 4195 2614 4241 et
2637 4192 2737 4254 qui
2762 4191 3324 4259 voluerintpersequi

1726 4268 2057 4324 Ecclesiam,
2101 4266 2161 4315 in
2190 4276 2256 4315 eo
2278 4262 2511 4313 interitu
2538 4266 2685 4312 sunt
2719 4262 2903 4326 inﬁxi,
2948 4276 3117 4327 quem
3148 4279 3210 4317 se
3229 4267 3321 4317 in-

1722 4339 1868 4390 ferre
1891 4337 2331 4388 arbitrabantur.
2356 4335 2499 4384 Nam
2523 4346 2656 4384 cum
2680 4333 2997 4385 interﬁcere
3020 4350 3227 4396 corpora
3240 4351 3323 4385 cu-

1724 4410 1973 4474 piebant,
1994 4407 2106 4469 ipsi
2126 4407 2186 4456 in
2213 4405 2407 4455 anima
2428 4405 2833 4455 moriebantur.
2879 4406 2962 4455 De
2986 4407 3196 4467 quibus
3219 4407 3324 4457 ad-

1721 4482 1835 4532 huc
1882 4478 2185 4530 subditur:
2230 4476 2296 4523 In
2328 4475 2518 4538 laqueo
2558 4476 2673 4536 isto,
2713 4489 2870 4537 quem
2904 4474 3315 4538 absconderant,

1719 4551 2126 4613 comprehensus
2150 4552 2219 4595 est
2231 4560 2322 4609 pes
2352 4560 2556 4593 eorum.
2584 4547 2851 4606 Laqueus
2874 4547 3135 4598 occultus
3149 4550 3321 4599 dolosa

1723 4628 1814 4675 est
1837 4619 2103 4685 cogitatio
2123 4630 2251 4681 :pes
2274 4615 2486 4666 animm
2502 4614 2839 4678 intelligitur
2856 4627 3034 4681 amor,
3060 4619 3159 4682 qui
3182 4632 3315 4672 cum

1722 4706 1938 4760 pravus
1962 4695 2068 4750 est,
2094 4693 2334 4740 vocatur
2369 4686 2695 4760 cupiditas»:
2728 4699 2863 4737 cum
2886 4692 3080 4740 autem
3106 4696 3318 4753 rectus,

1724 4758 1952 4818 dilectio
1971 4760 2063 4815 vel
2088 4759 2316 4811 caritas.
2348 4760 2553 4809 Amore
2586 4758 2742 4808 enim
2771 4763 3015 4812 vovetur
3043 4764 3320 4825 tanquam

1720 4839 1794 4891 ad
1816 4837 2007 4888 locum
2035 4845 2149 4896 quo
2184 4830 2383 4882 tendit.
2434 4831 2619 4880 Locus
2657 4832 2850 4881 autem
2878 4830 3090 4883 animm
3124 4846 3239 4884 non
3262 4835 3321 4885 in

1724 4907 1907 4974 spatio
1931 4903 2124 4968 aliquo
2148 4907 2255 4964 est,
2291 4900 2446 4965 quod
2472 4900 2654 4951 forma
2676 4906 2915 4974 occupet
2938 4904 3189 4967 corporis
3204 4909 3317 4974 :sed

1721 4972 1782 5032 in
1809 4977 2200 5037 delectatione,
2227 4986 2341 5037 quo
2369 4985 2430 5025 se
2453 4972 2787 5037 pervenisse
2809 4985 2908 5036 per
2935 4986 3188 5025 amorem
3221 4973 3322 5025 lm-

1728 5056 1897 5103 tatur.
1927 5050 2034 5098 Pes
2057 5058 2191 5109 ergo
2231 5049 2614 5108 peccatorum,
2649 5043 2817 5104 idest,
2856 5056 3035 5105 amor,
3060 5057 3320 5108 compre-

1725 5120 1995 5174 henditur
2015 5118 2077 5168 in
2099 5118 2303 5178 laqueo
2321 5127 2493 5178 quem
2516 5114 2790 5165 occultat:
2808 5114 2942 5176 quia
2953 5126 3087 5164 cum
3097 5114 3323 5166 fraudu-

1724 5195 1939 5245 lentam
1963 5189 2249 5240 actionem
2282 5190 2593 5236 consecuta
2628 5184 2801 5235 i'uerit
2833 5183 3133 5236 delectatio
3170 5185 3321 5248 (cum

1728 5278 1827 5318 eos
1845 5260 2076 5314 tradidit
2109 5260 2264 5308 Deus
2290 5257 2351 5305 in
2387 5254 2881 5317 concupiscentias
2905 5254 3093 5305 cordis
3126 5257 3321 5321 eorum)

1726 5338 1845 5402 jam
1862 5333 1954 5384 illa
1969 5329 2265 5402 delectatio
2281 5324 2477 5402 alligat
2488 5339 2605 5389 eos,
2618 5325 2826 5375 utinde
2842 5326 3179 5402 abrumpere
3193 5342 3332 5377 amo-

1731 5395 1867 5468 rem,
1892 5409 1948 5456 et
1971 5404 2042 5454 ad
2064 5399 2223 5451 utilia
2246 5397 2552 5449 transferre
2581 5407 2699 5447 non
2726 5395 2967 5460 possint.
2990 5399 3165 5448 Recte
3190 5409 3326 5462 ergo

1734 5479 2106 5541 subjunctum
2130 5475 2216 5521 est
2240 5484 2252 5519 :

1795 5536 1883 5605 Π.
1899 5548 2249 5611 Uognoscctur
2261 5539 2528 5590 Dominus
2534 5537 2748 5602 judicia
2758 5536 2963 5602 faciens
2977 5557 2989 5588 :
3008 5538 3069 5588 in
3085 5538 3332 5604 operibus

1799 5694 1820 5723 ιι
1845 5695 2032 5755 Atque
2055 5685 2179 5739 heic
2203 5697 2276 5736 ex
2307 5680 2631 5755 Augustino
2660 5679 3035 5733 emendamus
3057 5683 3331 5747 promitti-

1740 5771 1830 5817 tur
1850 5752 1952 5829 pro
1976 5773 2089 5825 quo
2113 5762 2233 5810 erat
2258 5752 2541 5829 promittit.

1804 5846 1822 5867 °
1839 5823 2168 5890 Econtrario
2202 5825 2360 5880 istud
2373 5823 2689 5887 vindictam,
2716 5824 2872 5889 quod
2888 5824 2948 5876 in
2959 5824 3195 5890 vulgato
3214 5829 3336 5880 Au-

1742 5909 1977 5978 gustino
1988 5902 2361 5965 desideratur,
2375 5895 2763 5963 supplendum
2777 5895 3005 5952 videtur
3021 5910 3093 5950 ex
3108 5899 3334 5956 Nostro.

2978 5986 3050 6046 22

68 5730 91 5751 ·
124 5718 360 5770 Locum
397 5708 875 5776 interpunctionis
899 5708 1040 5760 vitio
1080 5706 1435 5758 laborantem
1472 5704 1642 5776 resti-

0 5794 280 5849 luimus,
304 5794 559 5847 moxque
585 5782 813 5832 civitatis
834 5793 936 5846 pro
959 5791 1074 5845 quo
1090 5777 1424 5841 eratcivitas,
1442 5788 1515 5829 ex
1530 5775 1646 5829 Au-

0 5861 270 5936 gustino
301 5856 721 5921 rescripsimus.

328 6022 589 6081 PA'IBOL.
629 6016 797 6074 XXI.
