3890 6392
92 357 210 413 685

1112 370 1185 419 ΙΝ
1218 371 1540 424 PSALMOS
1574 372 1783 425 LXXV
1819 373 2400 430 COMMENTARIUS.

3293 383 3398 440 686

86 470 465 561 fugit-dole)
640 474 843 561 lingua
862 477 975 561 ejus
999 478 1165 539 labor,
1190 479 1428 561 ethdolor.
1454 482 1558 561 Per
1579 494 1703 535 ma—
1729 489 1783 561 Α
1808 499 1928 561 nus
1944 490 2063 535 tua:
2090 497 2207 561 non
2230 486 2519 561 utiquein
2537 487 2782 561 occulto,
2808 488 2908 542 sed
2928 489 3118 555 jamin
3135 494 3401 547 manifes-

84 539 463 593 ledictionem
476 549 671 606 aperta
682 549 953 609 convicia,
968 561 1067 613 per
1081 553 1235 598 amari
1245 553 1463 600 tudinem
1478 556 1632 602 minae
1656 561 1701 603 et

88 615 481 691 terrores,_per
504 614 703 691 dolum
720 618 948 691 blanda,
972 624 1029 670 et
1053 620 1378 672 seductoria
1393 624 1567 676 verba
1589 639 1701 684 pos-
1736 686 1739 691 ί

88 687 241 735 sunt
270 684 478 747 accipi:
510 686 720 748 quibus
744 689 804 739 in
850 702 1018 741 suam
1048 696 1270 753 partem
1310 705 1698 747 conversurus

84 755 657 828 estmultitudinem.
685 760 837 812 Bene
851 765 1047 812 autem
1060 763 1378 826 sublingua
1402 765 1699 828 ejuslabor

89 830 153 876 et
172 825 338 899 dolor
361 839 490 878 esse
502 827 868 882 describitur:
898 830 1011 898 52
1032 833 1168 895 quia
1182 825 1446 887 interiora
1458 838 1585 899 ejus
1602 839 1691 894 ira,

88 900 156 968 et
166 896 320 959 odio,
334 901 391 948 et
403 896 1027 954 omnimalavoluntate
1052 905 1439 968 replebuntur.
1462 896 1610 958 Nihil
1626 914 1697 956 est

83 967 208 1040 (Eae
248 968 576 1040 Augustino)
599 970 943 1024 laboriosius
966 967 1266 1037 iniquitate
1298 979 1355 1027 et
1384 977 1694 1040 impietate.

85 1039 279 1098 Quem
297 1038 552 1091 laborem
581 1043 841 1105 sequitur
869 1045 1045 1109 dolor,
1072 1047 1207 1108 quia
1226 1060 1340 1097 non
1358 1038 1544 1099 solum
1571 1049 1695 1100 sine

85 1109 306 1181 fructu,
333 1112 434 1162 sed
452 1112 626 1163 etiam
650 1114 723 1164 ad
747 1116 1055 1177 perniciem
1091 1118 1399 1170 laboratur.
1426 1120 1534 1181 Qui
1558 1123 1696 1169 labor

85 1185 150 1255 et
181 1180 347 1232 dolor
373 1182 446 1255 ad
481 1182 622 1234 illud
643 1185 900 1250 refertur,
938 1188 1091 1250 quod
1121 1188 1270 1240 dixit
1290 1190 1350 1241 in
1375 1180 1543 1241 corde
1567 1203 1692 1255 suo,

83 1252 221 1325 Non
252 1254 530 1325 movebor
550 1266 584 1305 a
618 1258 977 1319 generatione
1009 1260 1070 1310 in
1092 1261 1538 1325 generationem,
1569 1252 1694 1314 sine

80 1322 261 1396 malo.
276 1324 346 1374 Et
372 1328 687 1390 propterea,
705 1328 801 1376 sub
822 1329 1012 1391 lingua
1031 1322 1160 1395 ejus,
1186 1336 1242 1382 et
1263 1344 1398 1395 non,
1419 1322 1694 1396 inlingua

79 1393 327 1468 dicitur:
355 1396 626 1457 quoniam
662 1399 833 1451 tacite
857 1400 968 1452 ista
991 1393 1346 1465 cogitaturus
1369 1393 1479 1468 est,
1506 1393 1693 1454 homi-

78 1465 266 1539 nibus
280 1471 479 1539 autem
511 1467 619 1519 alia
644 1468 963 1534 locuturus,
1000 1477 1066 1524 ut
1089 1474 1294 1538 bonus,
1316 1479 1373 1526 et
1390 1465 1608 1539 justus,
1634 1477 1691 1527 et

80 1536 187 1587 Dei
213 1536 367 1588 illius
393 1538 670 1589 videatur.
700 1596 707 1601 _

147 1607 237 1661 ‘26.
260 1608 409 1657 Sedet
446 1609 503 1656 in
526 1610 747 1658 insidiis
769 1626 895 1660 cum
912 1612 1182 1665 divitibus.
1211 1616 1431 1677 Quibus
1444 1617 1687 1665 divitibus

84 1679 197 1743 (Eae
218 1680 560 1743 Augustino),
588 1682 700 1731 nisi
721 1682 801 1732 eis
827 1697 973 1746 quos
995 1686 1173 1748 hujus
1196 1686 1373 1738 seculi
1392 1690 1703 1736 muneribus

79 1751 441 1801 cumulabit?
466 1753 535 1801 Et
568 1752 695 1803 ideo
720 1753 777 1804 in
800 1754 1046 1820 insidiis,
1073 1770 1204 1807 cum
1235 1758 1328 1807 his
1354 1759 1551 1809 sedere
1575 1758 1688 1808 dic-

84 1825 183 1872 tus
200 1827 292 1873 est
309 1836 320 1871 :
340 1823 612 1884 quoniam
636 1823 837 1874 falsam
863 1825 1031 1877 foelici
1040 1831 1212 1878 tatem
1230 1828 1488 1891 ipsorum
1504 1828 1577 1880 ad
1595 1828 1687 1880 de-

80 1893 381 1956 cipiendos
402 1893 667 1945 homines
692 1898 1024 1962 ostentabit,
1055 1899 1152 1961 qui
1176 1912 1355 1963 prava
1386 1900 1684 1952 voluntate

82 1964 228 2015 dum
253 1964 392 2015 tales
411 1977 537 2015 esse
554 1966 811 2031 cupiunt,
827 1972 883 2018 et
899 1969 1049 2019 bona
1061 1966 1278 2021 interna
1301 1983 1415 2023 non
1431 1978 1681 2032 qumrunt,

78 2035 322 2086 inillius
352 2038 589 2098 laqueos
621 2039 900 2088 incidunt.
940 2041 1008 2091 Et
1044 2040 1174 2092 ideo
1214 2042 1590 2104 sequiturzln
1606 2056 1686 2090 oc-

78 2106 256 2167 cultis,
284 2111 341 2154 ut
376 2107 661 2168 interﬁciat
707 2109 1061 2161 innocentem.
1088 2112 1152 2159 1η
1185 2112 1418 2176 occultis,
1464 2112 1683 2163 dictum

78 2183 192 2241 est,
222 2178 319 2228 ubi
344 2190 461 2228 non
496 2178 659 2229 facile
696 2180 1053 2244 intelligitur,
1101 2182 1242 2244 quid
1273 2184 1681 2249 appetendum,

77 2250 299 2312 quidve
343 2249 676 2312 fugiendum
726 2252 817 2302 sit.
845 2254 1219 2305 Innocentem
1253 2259 1445 2306 autem
1471 2256 1681 2306 interti-

77 2333 211 2371 cere
237 2324 346 2382 est,
372 2334 445 2371 ex
468 2320 772 2373 innocente
796 2329 1101 2375 nocentem
1136 2326 1336 2376 facere.
1416 2373 1429 2379 -

143 2390 231 2443 ‘27.
253 2391 405 2440 Oculi
440 2392 554 2451 ejus
576 2392 637 2440 in
660 2408 953 2457 pauperem
978 2396 1324 2460 respiciunt,l
1360 2393 1494 2446 Illos
1524 2396 1680 2448 enim

81 2463 191 2523 (Ea:
213 2464 257 2511 A
270 2464 446 2526 ugusti
453 2466 533 2525 no)
550 2466 800 2516 maxime
819 2471 1226 2528 persecuturus
1242 2472 1349 2530 est,
1379 2467 1450 2518 de
1466 2467 1680 2530 quibus

75 2535 305 2585 dictum
332 2539 451 2586 est:
482 2536 637 2585 Beati
672 2548 952 2599 pauperes
978 2538 1202 2601 spiritu,
1231 2538 1505 2601 quoniam
1528 2539 1681 2602 ipso-

76 2618 213 2656 rum
235 2610 325 2656 est
346 2618 592 2669 regnum
629 2606 904 2658 cmlorum
944 2610 1152 2672 (Matth.
1176 2607 1267 2673 5.).
1293 2609 1595 2657 Insidiatur
1617 2610 1679 2658 in

78 2676 409 2739 abscondito,
427 2678 587 2741 quasi
609 2677 684 2726 leo
717 2681 780 2726 in
801 2679 1055 2742 spelunca
1081 2694 1198 2728 sua.
1226 2680 1542 2731 Leonemin
1554 2681 1681 2731 abs-

81 2748 321 2800 condito
345 2748 482 2799 dicit
497 2761 648 2811 eum,
672 2751 732 2800 in
756 2763 871 2813 quo
888 2755 947 2800 et
967 2753 1055 2802 vis
1072 2758 1124 2802 et
1150 2751 1318 2802 dolus
1334 2752 1676 2814 operabitur.

76 2820 270 2870 Prima
293 2820 446 2870 enim
467 2821 785 2882 persecutio
802 2821 1074 2873 Ecclesia:
1092 2822 1356 2885 violenta,
1389 2835 1519 2873 cum
1536 2838 1680 2883 pros-

76 2891 479 2954 criptionibus,
504 2896 558 2942 et
588 2893 888 2943 tormentis
916 2893 1219 2943 Christiani
1256 2894 1327 2944 ad
1359 2894 1682 2945 sacriﬁcan-

74 2961 225 3012 dum
241 2966 594 3025 cogerentur.
610 2962 804 3014 Altera
820 2965 1137 3027 persecutio
1160 2962 1543 3027 fraudulenta,
1567 2980 1678 3026 quae

75 3046 180 3098 per
205 3032 508 3083 haereticos
525 3039 582 3085 et
606 3034 778 3085 falsos
789 3035 993 3086 fratres
1004 3040 1131 3086 acta
1155 3040 1261 3085 est.
1290 3035 1478 3087 Tertia
1500 3051 1679 3095 super-

74 3108 173 3156 est
195 3117 296 3168 per
307 3104 725 3157 Antichristum
748 3110 1009 3171 ventura,
1029 3118 1143 3169 qua
1156 3106 1301 3158 nihil
1314 3110 1405 3158 est
1426 3109 1680 3167 periculo-

74 3178 236 3227 sius:
265 3176 401 3238 quia
421 3181 477 3227 et
507 3175 757 3228 violenta
781 3177 904 3241 erit,
923 3181 980 3229 et
1000 3177 1385 3231 fraudulenta.
1428 3179 1557 3229 Vim
1578 3178 1681 3230 ha-

79 3248 245 3298 bebit
266 3219 327 3297 inn
360 3247 616 3310 imperio,
641 3247 840 3299 dolum
868 3219 927 3299 in
955 3248 1266 3299 miraculis.
1284 3249 1372 3299 Ad
1395 3248 1513 3301 vim
1536 3247 1680 3299 rela-
1701 3219 1751 3295 Ο

76 3325 209 3370 tum
228 3321 337 3381 est,
369 3331 500 3369 cum
523 3319 749 3383 dicitur,
768 3319 844 3369 leo
871 3320 972 3371 :ad
994 3320 1210 3384 dolum,
1224 3333 1357 3371 cum
1371 3320 1597 3383 dicitur,
1616 3320 1677 3369 in

75 3390 415 3440 abscondito.
439 3392 481 3441 Ε
512 3404 743 3442 rursum
770 3391 895 3455 ipsa
922 3393 1161 3455 repetita
1188 3396 1325 3443 sunt
1352 3393 1551 3443 eodem
1586 3405 1679 3443 or-

72 3463 231 3515 dine.
248 3462 555 3511 Insidiatur
576 3462 794 3529 (inquit)
820 3470 876 3512 ut
898 3465 1082 3527 rapiat
1103 3479 1416 3528 pauperem.
1436 3466 1557 3516 Hoc
1574 3464 1677 3515 l’a.d

72 3533 479 3586 crudelitatem
496 3535 757 3597 pertinet.
777 3535 939 3596 Quod
961 3541 1156 3587 autem
1171 3537 1454 3599 sequitur:
1474 3537 1677 3600 Rapere

73 3620 378 3671 pauperem
417 3606 548 3654 dum
570 3607 798 3655 attrahit
821 3622 973 3657 eum:
1022 3607 1310 3659 dolositati
1350 3608 1674 3672 deputatur.

72 3678 285 3742 Rapiet
308 3678 619 3737 saeviendo,
644 3678 894 3730 attrahet
915 3680 1277 3731 blandiendo.

139 3748 231 3803 ‘22.
259 3749 326 3797 In
361 3749 550 3813 laqueo
585 3765 682 3798 suo
716 3750 1028 3799 humiliabit
1051 3766 1192 3811 eum,
1220 3750 1506 3799 inclinabit
1528 3766 1595 3813 se,
1630 3756 1675 3799 et

67 3822 245 3881 cadet,
270 3835 391 3869 cum
416 3821 729 3870 dominatus
748 3822 913 3883 fuerit
923 3836 1249 3887 pauperum.
1275 3824 1542 3885 Laqueus
1567 3822 1675 3884 (Ea:

66 3892 402 3956 Augustino)
428 3893 713 3956 significat
738 3893 977 3944 insidias
1003 3898 1090 3944 :et
1114 3895 1257 3944 bene
1271 3896 1368 3952 ait,
1394 3893 1459 3941 In
1484 3893 1673 3955 laqueo

67 3980 176 4014 suo
194 3963 507 4012 humiliabit
530 3979 651 4012 eum
667 3977 815 4015 :cum
833 3965 985 4015 enim
1010 3966 1177 4028 signa
1198 3964 1294 4015 illa
1315 3965 1493 4015 facere
1510 3975 1675 4026 cepe-

66 4039 165 4098 rit,
188 4039 411 4098 quanto
435 4035 775 4087 mirabiliora
799 4037 1149 4087 videbuntur
1170 4036 1521 4098 hominibus,
1542 4040 1673 4082 tanto

65 4109 155 4160 illi
180 4106 384 4169 sancti,
420 4107 517 4169 qui
544 4111 681 4158 tunc
706 4111 890 4169 erunt,
921 4098 1379 4170 contemnentur,
1404 4111 1463 4157 et
1507 4106 1674 4167 quasi

72 4191 182 4245 pro
206 4178 387 4228 nihilo
417 4180 802 4231 habebuntur.
829 4182 983 4241 Quos
1012 4180 1119 4240 ille,
1145 4189 1161 4207 ε
1192 4179 1285 4229 cui
1308 4191 1407 4242 per
1426 4180 1672 4237 justitiam

64 4257 130 4304 et
152 4249 548 4300 innocentiam
564 4252 852 4315 resistent,
873 4251 1124 4301 miriﬁcis
1143 4252 1300 4301 factis
1319 4262 1586 4313 superare
1603 4252 1675 4296 vi-

72 4322 328 4373 debitur.
362 4321 471 4371 Sed
516 4322 804 4370 Inclinabit
844 4337 911 4383 se,
947 4332 990 4370 et
1014 4322 1177 4381 cadet,
1202 4336 1326 4369 cum
1359 4321 1673 4370 dominatus

60 4393 241 4457 fuerit
266 4406 589 4456 pauperum.
612 4396 670 4444 Id
686 4398 791 4458 est,
807 4406 938 4444 cum
955 4393 1230 4457 quaslibet
1247 4392 1675 4457 suppliciairro-

65 4464 319 4530 gaverit,
355 4465 756 4516 resistentibus
782 4466 891 4515 sibi
918 4466 1101 4517 servis
1126 4464 1243 4516 Dei.

131 4535 402 4590 Q9.Unde
423 4543 634 4600 autem,
661 4537 949 4586 Inclinabit
976 4552 1044 4586 se.
1076 4543 1121 4585 et
1144 4537 1324 4586 cadet?
1343 4535 1498 4584 Dixit
1522 4534 1670 4583 enim
1722 4534 1727 4537 ’

64 4626 132 4658 in
169 4608 326 4656 corde
346 4622 463 4667 suo,
491 4608 689 4657 Oblitus
712 4614 784 4657 est
807 4610 961 4669 Deus,
993 4609 1178 4657 avertit
1198 4607 1394 4670 faciem
1408 4621 1587 4669 suam,
1604 4621 1670 4655 ne

64 4680 250 4730 videat
276 4679 333 4727 in
358 4681 542 4742 ﬁnem.
560 4681 699 4731 Hinc
711 4685 800 4731 est
830 4682 940 4743 (Ea:
959 4680 1283 4744 Augustino)
1305 4679 1593 4729 inclinatio
1617 4682 1674 4729 et

64 4764 249 4805 casus
260 4751 643 4815 miserrimus,
656 4752 797 4802 dum
809 4753 1035 4803 animus
1051 4751 1415 4803 humanusin
1432 4750 1554 4800 suis
1570 4752 1677 4799 ini-

62 4824 416 4889 quitatibus,
436 4824 603 4887 quasi
614 4830 1000 4887 prosperatur,
1015 4828 1069 4874 et
1081 4825 1233 4887 parci
1248 4822 1357 4873 sibi
1374 4826 1673 4886 putat,cum

65 4899 406 4948 excaecatur
426 4899 484 4946 et
512 4901 773 4947 servatur
794 4897 866 4945 ad
899 4897 1161 4946 ultimam
1183 4897 1678 4958 opportunumque

66 4967 393 5023 vindictam
415 4979 427 5016 :
450 4966 520 5017 de
544 4979 655 5030 qua
670 4967 939 5029 loquitur,
960 4980 1093 5018 cum
1118 4966 1443 5029 subjungit:
1465 4964 1677 5013 Eat-sur-

67 5056 154 5105 ge,
182 5038 415 5087 Domine
448 5038 607 5101 Deus,
629 5044 673 5087 et
705 5039 966 5087 exatletur
994 5052 1194 5087 manus
1218 5043 1329 5086 tua.
1348 5037 1409 5087 Id
1426 5042 1534 5101 est,
1558 5048 1680 5085 ma-

70 5113 285 5163 nifesta
311 5110 388 5159 sit
420 5111 671 5173 potentia
696 5115 808 5162 tua.
835 5111 1105 5174 Superius
1129 5109 1281 5160 enim
1306 5110 1546 5171 dixerat,
1571 5110 1677 5158 Ex-

69 5193 273 5246 surge,
292 5180 674 5247 Dominc,53
694 5194 812 5232 non
830 5184 1178 5232 confortetur
1192 5180 1680 5243 homo,judicentur

68 5258 285 5317 gentes
309 5254 370 5301 in
386 5250 703 5317 conspectu
720 5256 837 5303 tuo.
856 5252 918 5302 Id
936 5258 1043 5311 est,
1059 5255 1118 5301 in
1135 5251 1378 5314 occulto,
1404 5250 1502 5300 ubi
1522 5249 1679 5300 solus

68 5332 235 5377 Deus
262 5325 437 5374 videt.
466 5326 587 5375 Hoc
606 5326 816 5375 factum
841 5327 948 5386 est,
974 5336 1106 5373 cum
1130 5323 1289 5387 impii
1311 5323 1383 5373 ad
1408 5332 1681 5385 magnam

69 5407 211 5461 qua:
228 5395 458 5445 videtur
468 5396 817 5459 hominibus,
834 5395 1181 5446 fcelicitatem
1194 5395 1489 5454 perveniunt
1508 5406 1683 5453 :super

69 5480 226 5533 quos
241 5466 612 5518 constituitur
623 5466 1168 5530 legislator,qualem
1181 5469 1359 5514 habere
1370 5470 1681 5514 meruerunt.

75 5544 249 5592 Nunc
279 5542 473 5589 autem
495 5543 627 5602 post
643 5539 795 5589 illam
814 5538 1098 5589 occultam
1118 5550 1366 5602 poenam,
1386 5541 1561 5599 atque
1579 5538 1685 5583 vin-

70 5612 298 5664 dictam
309 5609 787 5675 dicitur,b'.z:surge
810 5610 1037 5659 Domine
1053 5610 1210 5671 Deus,
1228 5615 1275 5659 et
1290 5607 1685 5658 exalteturma-

143 5764 163 5785 ⁸
190 5753 387 5807 Minus
414 5752 571 5818 apud
602 5752 994 5818 Augustinum
1022 5757 1175 5805 recte
1199 5751 1398 5815 Justos,
1418 5762 1523 5816 pro
1546 5748 1684 5801 Illos.

143 5830 167 5859 ι’
189 5827 355 5881 Idem
377 5825 503 5880 vice
532 5838 701 5881 versa
744 5825 902 5892 prius
932 5825 1187 5879 lsocolon
1218 5823 1291 5874 ad
1314 5822 1521 5888 dolum,
1551 5822 1687 5874 alte-

75 5914 237 5968 rum,
258 5898 336 5951 ad
357 5898 723 5951 crudelitatem
738 5898 924 5953 refert.

1809 556 2029 607 tissima
2052 557 2245 630 gloria.
2262 558 2343 608 Nc
2358 557 2689 608 obliviscaris
2701 574 3028 625 pauperum.
3055 562 3213 617 Sicut
3239 564 3399 630 impii

1797 631 2021 692 putant,
2048 628 2145 690 qui
2168 628 2382 691 dicunt,
2406 630 2632 681 Oblitus
2656 636 2747 681 est
2761 633 2935 696 Deus,
2959 634 3169 686 avertit
3192 628 3395 688 faciem

1797 710 1982 761 suam,
2026 710 2098 751 ne
2128 699 2319 751 videat
2340 701 2404 750 in
2432 701 2624 752 tinem.
2651 700 2948 755 Labbrans
2981 716 3117 767 ergo
3141 706 3397 760 Ecclesia

1795 768 1907 819 illis
1924 770 2300 834 temporibus,
2317 775 2593 833 tanquam
2615 772 2783 823 navis
2798 774 2860 825 in
2878 776 3106 838 magnis
3123 776 3397 831 ﬂuctibus

1796 843 1853 889 et
1914 840 2195 903 procellis,
2253 845 2529 903 tanquam
2584 841 2965 895 dormientem
3018 846 3233 897 excitat
3279 849 3395 901 Do-

1795 910 2039 970 minum,
2069 912 2135 961 ut
2173 911 2415 975 imperet
2453 913 2662 978 ventis,
2698 919 2756 966 et
2792 915 3176 979 tranquillitas
3198 918 3395 971 redeat

1796 982 1991 1043 (Matth
2015 979 2067 1034 8.
2093 982 2262 1031 Marc.
2299 987 2344 1032 4.
2370 982 2495 1031 Luc.
2521 981 2615 1045 8.).

1856 1051 1943 1105 30,
1968 1053 2216 1115 Jamque
2265 1052 2631 1103 manifestato
2669 1053 2886 1116 judicio
2922 1056 3307 1121 intelligentes
3336 1063 3395 1113 et

1794 1123 1928 1173 exul
1937 1128 2123 1175 tantes
2136 1123 2348 1174 dicunt:
2356 1124 2581 1187 Propter
2590 1124 2725 1187 quid
2736 1126 2970 1175 irritavit
2982 1128 3185 1192 impius
3196 1130 3395 1181 Deum?

1792 1193 1850 1243 id
1863 1198 1953 1244 est
1972 1194 2078 1254 (Ea:
2102 1195 2447 1257 Augustino),
2474 1194 2611 1257 quid
2636 1195 2852 1257 profuit
2874 1197 2926 1247 ei
2955 1201 3117 1249 tanta
3136 1201 3289 1253 mala
3315 1202 3391 1254 fa-

1792 1276 1919 1315 cere
1938 1264 2124 1313 ?l)ia:it
2148 1265 2295 1313 enim
2318 1265 2381 1312 in
2403 1264 2559 1313 corde
2578 1278 2694 1327 suo,
2720 1266 2848 1315 Non
2870 1268 3121 1330 requiret.
3140 1270 3248 1321 Sed
3271 1283 3389 1324 non

1791 1338 1900 1394 est,
1925 1334 2006 1385 ita
2024 1334 2228 1398 utipse
2252 1334 2548 1398 cogitavit.
2575 1336 2739 1396 Nam,
2774 1336 2925 1387 Vides
2954 1339 3221 1401 quoniam
3237 1346 3294 1389 tu
3317 1342 3390 1391 Iw

1790 1402 1969 1452 borem
2015 1409 2061 1452 et
2104 1404 2335 1453 dolorem
2385 1404 2721 1454 consideras:
2766 1406 3072 1470 justorum.
3115 1410 3180 1458 Ut
3202 1411 3388 1461 tradas

1788 1489 1871 1522 eos
1896 1474 2023 1536 (hoc
2042 1479 2133 1526 est
2162 1475 2387 1539 impios)
2419 1475 2481 1523 in
2517 1490 2718 1525 manus
2750 1481 2889 1528 tuas.
2928 1478 2991 1528 Id
3015 1484 3121 1544 est,
3142 1480 3202 1531 in
3225 1485 3387 1545 pote-

1787 1546 1996 1596 statem
2014 1545 2218 1610 judicii
2244 1546 2343 1596 tui.
2376 1546 2500 1596 Non
2525 1549 2578 1597 te
2600 1545 2742 1598 latet
2774 1546 3003 1599 illorum
3025 1548 3259 1614 malitia,
3279 1565 3385 1605 nec

1785 1627 1993 1667 manus
2017 1621 2119 1668 tua
2140 1616 2391 1667 cessabit
2421 1628 2455 1666 a
2487 1615 2755 1668 vindicta.

1848 1686 1930 1739 31.
1969 1688 2080 1736 Tibi
2118 1687 2392 1736 derelictus
2424 1692 2495 1735 est
2534 1702 2763 1751 pauper.
2809 1687 2943 1739 Ideo
2966 1690 3117 1741 enim
3149 1691 3261 1753 (Ea:
3296 1707 3383 1742 eo-

1784 1758 1920 1821 dem)
1946 1770 2161 1823 pauper
2176 1761 2283 1819 est,
2307 1758 2361 1807 id
2389 1763 2497 1820 est,
2511 1760 2705 1809 omnia
2719 1758 2898 1822 hujus
2916 1761 3116 1811 mundi
3137 1768 3384 1815 contem-

1712 1849 1766 1923 B
1791 1830 1898 1923 ἓξὲξ
1907 1830 2768 1923 3ῗὲίέηῗίῗηίέἓίέἷῗῖίῗιθὲἒέζῗῗ;
2778 1832 2908 1923 Et}:
2923 1843 3140 1923 ΡΞΞΞΡΞῈ
3162 1832 3276 1923 ἓξὲξ
3298 1835 3382 1923 951

1791 1903 2016 1963 tempus
2039 1904 2128 1951 est
2147 1911 2460 1950 concessus
2471 1899 2543 1949 ad
2555 1900 2913 1963 puniendum
2933 1918 2943 1949 :
2959 1901 3063 1952 tibi
3085 1902 3146 1953 in
3162 1903 3277 1955 nne
3293 1904 3385 1957 de-

1783 1971 2019 2022 relictus
2041 1973 2114 2023 ad
2142 1970 2598 2035 gloriﬁcandum.
2629 1970 2891 2035 Orphano
2909 1977 2967 2021 tu
2991 1973 3096 2023 eris
3118 1974 3342 2038 adjutor
3365 1991 3380 2028 :

1783 2054 1917 2092 cum
1948 2042 2160 2106 impius
2184 2041 2291 2092 fuit
2314 2046 2663 2105 persecutor.

1846 2112 1930 2166 3‘2.
1948 2114 2169 2162 Contere
2191 2112 2475 2160 brachium
2499 2113 2793 2176 peccatoris
2813 2112 2894 2175 ιῖᾶ
2919 2116 3026 2170 est.
3050 2117 3379 2183 potentiam)

1781 2188 1826 2232 et
1850 2185 2083 2247 maligni
2110 2198 2122 2234 :
2152 2188 2419 2248 quaeretur
2442 2189 2719 2247 peccatum
2748 2183 2913 2245 illius,
2939 2190 2985 2232 et
3008 2198 3120 2233 non
3142 2187 3382 2238 invenie-

1781 2258 1887 2304 tur.
1911 2256 1944 2305 J
1952 2255 2272 2306 udicabitur
2284 2254 2409 2317 ipse
2431 2258 2665 2317 peccato
2678 2266 2805 2317 suo,
2832 2258 2892 2305 et
2913 2255 3121 2318 peribit
3133 2256 3258 2321 ipse
3272 2274 3382 2319 pro-

1781 2330 1907 2388 pter
1927 2330 2230 2389 peccatum
2275 2337 2465 2375 suum.
2508 2324 2771 2375 Timeant
2802 2336 2938 2387 ergo
2973 2332 3300 2388 peccatores
3322 2333 3381 2382 et

1778 2395 2037 2460 maligni,
2062 2398 2197 2460 quia
2219 2397 2474 2446 conteret
2488 2407 2587 2446 eos
2598 2397 2772 2457 Deus,
2785 2399 2845 2447 et
2858 2397 3282 2460 malignitatem
3293 2413 3362 2453 eo

1779 2478 1908 2517 rum
1934 2472 2005 2517 ad
2028 2468 2274 2519 nihilum
2309 2465 2544 2529 rediget.
2585 2467 2968 2518 Consolentur
3008 2481 3289 2533 pauperes
3322 2477 3382 2524 et

1778 2538 2019 2601 orphani
2044 2539 2272 2600 Christi,
2290 2538 2569 2601 quoniam
2596 2538 2873 2601 suscipiet
2895 2550 2995 2589 eos
3012 2540 3186 2604 Deus,
3204 2546 3381 2605 atque

1778 2613 1911 2671 post
1935 2609 2189 2661 laborem
2214 2609 2287 2660 ad
2313 2614 2593 2660 aeternam
2605 2609 2857 2672 quietem
2886 2610 3177 2673 perducet.
3200 2613 3384 2663 Domi-

1778 2694 1884 2727 nus
1905 2680 2149 2743 regnabit
2166 2681 2227 2728 in
2250 2685 2511 2728 aeternum
2533 2685 2579 2729 et
2601 2680 2664 2727 in
2678 2680 2920 2729 secutum
2934 2681 3124 2730 seculi:
3136 2683 3383 2747 peribitis

1777 2756 1951 2813 gentes
1974 2752 2036 2800 de
2060 2758 2204 2801 terra
2220 2751 2385 2802 illius.
2411 2753 2538 2803 Non
2561 2751 2828 2815 regnabit
2851 2753 3129 2804 Dominus
3153 2759 3381 2808 terreno

1775 2823 2036 2886 imperio,
2086 2824 2187 2876 sed
2230 2823 2448 2875 caelesti
2489 2822 2634 2884 (Luc.
2662 2822 2752 2885 1.).
2794 2824 2939 2873 Nam
2963 2827 3260 2877 terrenum
3288 2839 3384 2879 re-

1775 2906 1955 2957 gnum
1987 2895 2382 2946 transitorium
2406 2895 2496 2945 est
2535 2898 2595 2945 et
2626 2895 2927 2945 caducum.
2954 2895 3245 2947 Transibit
3268 2896 3379 2950 hoc

1775 2977 2023 3028 regnum
2047 2982 2061 3019 :
2088 2966 2356 3018 transibit
2377 2964 2489 3015 hoc
2505 2966 2786 3016 secutum.
2810 2965 3092 3016 Succedet
3113 2964 3269 3017 aliud
3291 2980 3381 3020 re-

1774 3050 1975 3100 gnum,
1993 3041 2051 3088 et
2073 3037 2230 3088 aliud
2256 3035 2536 3097 seculum,
2560 3036 2618 3086 in
2644 3048 2760 3098 quo
2782 3036 3067 3087 Dominus
3093 3043 3299 3101 regnet
3319 3039 3381 3090 in

1778 3113 2064 3160 aeternum
2093 3108 2270 3171 ((Dan.
2298 3106 2348 3160 7.
2372 3106 2564 3157 Matth.
2597 3104 2683 3159 24.
2710 3106 2834 3157 Luc.
2862 3104 2987 3171 21.).
3014 3108 3153 3167 Qum
3172 3112 3263 3159 est
3283 3121 3381 3161 au-

1778 3182 1897 3231 tem
1928 3184 2081 3231 terra
2116 3178 2287 3242 illius,
2334 3176 2449 3228 nisi
2473 3180 2677 3228 sancta
2697 3177 2993 3228 Ecclesia?
3035 3178 3196 3229 Tunc
3218 3191 3376 3246 vera,

1778 3252 1959 3313 ﬂrma,
1986 3257 2042 3303 et
2065 3250 2332 3311 stabilita,
2358 3247 2590 3311 quando
2604 3248 2845 3299 mortale
2866 3247 2977 3299 hoc
2997 3248 3249 3301 induerit
3266 3249 3378 3302 im-

1777 3322 2204 3383 mortalitatem,
2245 3325 2303 3372 et
2326 3318 2692 3383 corruptibile
2723 3318 2835 3370 hoc
2862 3318 3086 3371 indueri
3118 3320 3377 3374 incorru-

1776 3395 2029 3459 ptionem
2047 3394 2113 3459 (1.
2144 3394 2263 3443 Cor.
2290 3391 2393 3454 15).
2413 3392 2493 3442 De
2517 3402 2631 3454 qua
2651 3396 2800 3442 terra
2813 3391 3079 3454 peribunt
3092 3396 3313 3456 gentes.
3326 3400 3378 3443 et

1775 3466 1952 3530 impii,
1983 3465 2040 3517 id
2064 3469 2170 3528 est,
2201 3467 2549 3528 peccatores,
2576 3461 2648 3513 de
2680 3462 2894 3524 quibus
2925 3462 2987 3513 in
3008 3463 3118 3513 alio
3151 3463 3375 3527 psalmo

1776 3539 2013 3589 dicitur:
2036 3539 2164 3588 Non
2188 3537 2271 3587 sic
2288 3535 2468 3599 impii,
2492 3545 2610 3585 non
2622 3533 2723 3597 sic,
2742 3533 2843 3584 sed
2859 3537 3135 3596 tanquam
3162 3535 3372 3601 pulvis,

1776 3622 1949 3673 quem
1991 3607 2213 3672 projicit
2242 3610 2454 3659 ventus
2485 3618 2521 3656 a
2552 3604 2693 3656 facie
2728 3608 2897 3657 terra
2919 3605 3080 3669 (Psat.
3108 3605 3199 3671 1.).
3234 3608 3377 3668 Quia

1775 3682 1925 3733 enim
1942 3678 2166 3731 nullum
2182 3678 2329 3731 virtu
2337 3678 2409 3729 tis
2425 3674 2655 3742 pondus
2667 3675 2982 3740 habebunt,
3008 3676 3081 3727 ad
3096 3675 3252 3729 illam
3265 3681 3375 3728 bes-

1776 3758 1894 3803 tam
1940 3749 2310 3801 stabilitatem
2350 3746 2651 3812 pervenire
2703 3758 2824 3798 non
2877 3750 3165 3812 poterunt,
3217 3748 3374 3802 unde

1774 3822 2051 3884 scriptum
2094 3822 2199 3882 est,
2241 3818 2494 3870 'I‘ollatur
2527 3816 2759 3880 impius,
2803 3828 2879 3868 ne
2914 3816 3106 3870 videat
3131 3818 3374 3882 gloriam

1773 3893 1875 3945 Dei
1901 3893 2019 3953 (lsa.
2055 3888 2185 3953 ‘26.).

1835 3893 2019 4017 3313(.lsl§t.
2044 3893 2185 4011 ἐξ)έέ
2222 3956 2570 4022 implebitur,
2602 3955 2757 4020 quod
2800 3955 3172 4008 subinfertur:
3223 3958 3373 4009 Desi-

1772 4034 1987 4083 derium
1997 4044 2307 4096 pauperum
2330 4027 2611 4077 exaudivit
2643 4027 2928 4077 Dominus.
2963 4026 3112 4078 Illud
3155 4029 3371 4083 scilicet

1774 4103 2223 4170 (EceAugustino)
2255 4098 2626 4162 desiderium,
2651 4099 3133 4170 quotestuabant,
3158 4112 3291 4151 cum
3308 4101 3370 4153 in

1772 4168 2061 4240 angustiis
2090 4177 2145 4225 et
2182 4170 2645 4223 tribulationibus
2683 4169 2861 4233 hujus
2911 4168 3107 4234 seculi,
3143 4172 3371 4224 Domini

1773 4250 1925 4300 diem
1950 4245 2434 4308 concupiscerent.
2454 4242 2642 4293 Ethoc
2658 4240 3005 4293 desiderium
3028 4245 3368 4307 prwparatio

1773 4320 1962 4372 cordis
1986 4330 2184 4370 eorum
2209 4319 2347 4367 erat.
2378 4313 2543 4365 Unde
2569 4316 2804 4364 secutus
2829 4312 3094 4377 adjungit
3110 4351 3125 4377 ,
3150 4315 3371 4379 Ρνωρα-

1771 4394 2041 4441 rationem
2064 4388 2239 4437 cordis
2262 4400 2448 4436 eorum
2473 4384 2684 4434 audivit
2697 4384 2852 4433 auris
2876 4390 2985 4434 tua.
3004 4385 3141 4436 Hac
3163 4390 3252 4437 est
3262 4401 3372 4435 cor-

1771 4463 1860 4513 dis
1889 4459 2248 4526 praeparatio,
2265 4458 2335 4509 de
2360 4469 2476 4519 qua
2494 4456 2554 4506 in
2570 4454 2924 4526 aliopsalmo
2946 4454 3188 4526 canitur:
3224 4458 3368 4505 Para-

1770 4524 1908 4593 tum
1920 4544 2017 4584 cor
2037 4541 2236 4581 meum
2262 4529 2415 4579 Deus
2435 4525 2595 4589 (Psal.
2615 4524 2778 4588 197.).
2804 4526 2886 4575 De
2919 4536 3036 4588 qua
3058 4524 3197 4577 dicit
3217 4528 3371 4591 Apo-

1773 4604 1977 4664 stolus,
1998 4602 2051 4653 Si
2076 4606 2292 4663 autem,
2318 4596 2475 4660 quod
2496 4609 2615 4647 non
2635 4595 2900 4647 videmus
2926 4608 3244 4661 speramus,
3270 4610 3371 4662 per

1698 4640 1756 4713 D
1773 4640 2504 4741 BQiEB’ti'aiui‘Eiﬁékéinus
2523 4669 2689 4735 (Rom.
2704 4666 2751 4722 8.
2753 4669 2779 4731 /
2786 4704 2797 4716 .
2828 4664 2943 4733 54
2956 4640 3188 4741 rAurem
3201 4640 3368 4718 suis;

1775 4739 2020 4809 Domini,
2050 4757 2169 4797 non
2191 4743 2514 4796 membrum
2547 4752 2901 4804 corporeum,
2926 4739 3029 4791 sed
3054 4740 3375 4794 misericor-

1774 4819 1928 4870 diam
1953 4819 2097 4881 ejus,
2123 4828 2254 4880 qua:
2284 4827 2392 4867 nos
2422 4811 2676 4873 exaudit,
2704 4811 2983 4863 debemus
3005 4812 3277 4877 accipere.

1838 4889 1924 4942 34.
1952 4887 2190 4951 thuod
2213 4885 2456 4939 estillud
2480 4882 2831 4936 desiderium
2855 4894 3192 4949 pauperum,
3219 4884 3371 4948 quod

1776 4959 2156 5013 exauditurus
2180 4962 2270 5009 est
2295 4955 2574 5008 Dominus
2606 4957 2633 5005 Ἰ
2660 4954 2776 5006 nisi
2808 4960 2876 5006 ut
2901 4954 3095 5006 veniat
3114 4954 3374 5004 Judicare

1772 5031 1981 5097 pupillo
2014 5034 2061 5079 et
2086 5029 2302 5079 humili.
2330 5027 2393 5079 Id
2426 5030 2516 5079 est
2548 5026 2651 5089 (Ea;
2673 5024 3017 5097 Augustino),
3042 5037 3161 5075 non
3192 5024 3244 5075 ei
3274 5024 3374 5097 qui

1777 5095 2163 5155 conformatur
2188 5100 2323 5151 huic
2347 5098 2555 5159 seculo,
2587 5096 2688 5147 sed
2720 5096 2818 5159 qui
2841 5096 3036 5146 omnia
3054 5095 3374 5146 contemnit

1777 5178 2005 5239 propter
2062 5174 2269 5234 Deum,
2303 5173 2361 5222 et
2395 5182 2457 5220 se
2511 5167 2805 5239 pulverem
2849 5178 2979 5217 esse
3020 5177 3088 5239 ac
3126 5165 3373 5239 cinerem

1777 5235 2056 5311 agnoscit.
2082 5242 2255 5293 Aliud
2292 5245 2384 5293 est
2404 5243 2599 5291 autem
2612 5237 2871 5311 judicare
2895 5235 3374 5311 pupillum,_aliud

1775 5308 2033 5383 judicare
2070 5312 2301 5379 pupillo.
2334 5311 2565 5362 Judicat
2596 5308 2894 5383 pupillum,
2926 5309 3097 5383 etiam
3122 5308 3220 5372 qui
3242 5319 3377 5383 conf

1780 5378 2043 5442 demnat:
2064 5378 2288 5450 judicat
2310 5387 2506 5435 autem
2531 5379 2765 5444 pupiUo,
2788 5380 2889 5442 qui
2912 5391 3013 5443 pro
3041 5378 3137 5430 illo
3165 5378 3379 5443 profert

1782 5460 2139 5513 senteniiam.
2168 5457 2269 5507 Est
2301 5466 2434 5518 ergo
2459 5450 2803 5503 desiderium
2824 5462 3159 5515 pauperum,
3190 5454 3257 5501 ut
3278 5463 3378 5502 ve-

1780 5534 1903 5585 niat
1927 5531 2059 5581 linis
2093 5525 2287 5589 seculi,
2314 5528 2371 5577 et
2403 5524 2503 5575 fiat
2519 5519 2803 5587 judicium
2826 5520 2966 5573 Dei:
2996 5524 3064 5572 ut
3101 5519 3379 5584 separatis

1774 5603 1954 5669 justis
1978 5602 2051 5655 ab
2066 5598 2279 5664 impiis,
2301 5597 2423 5662 jam
2448 5605 2566 5647 non
2579 5591 2735 5645 ultra
2749 5592 3105 5659 praevaleant
3122 5590 3262 5644 mali
3284 5602 3380 5644 no-

1845 5760 1865 5784 ο
1892 5747 2107 5800 Vitiose
2131 5747 2270 5810 erat,
2298 5741 2414 5808 qui.
2444 5738 2610 5792 Initio
2626 5737 2801 5791 etiam
2827 5736 3241 5804 subsequentis
3265 5747 3389 5790 sec-

1787 5820 1956 5874 tionis
1987 5824 2169 5871 autem
2191 5813 2547 5870 restituimus
2572 5822 2676 5878 pro
2697 5812 2797 5864 ait.
