3890 6412
613 397 720 457 687

614 525 741 566 cere
757 509 947 563 bonis.
968 509 1038 560 Et
1049 505 1176 579 hoc,
1202 507 1288 554 est
1304 499 1460 579 quod
1494 497 1783 579 sequitur:
1819 496 1881 544 Ut
1903 511 2016 544 non
2037 512 2207 561 appo-
2237 515 2293 579 Α

612 589 713 636 nat
735 583 880 633 ultra
911 577 1260 642 magniﬁcare
1287 588 1340 622 se
1369 573 1529 621 homo
1552 583 1713 633 super
1735 572 1955 618 terram.

973 687 1332 754 TITULUS
1377 682 1702 750 PSALMI
1743 681 1830 744 X.

677 821 872 871 Titulus
891 816 1074 879 psalmi
1098 809 1537 879 sequentisest,_l_n
1552 809 1718 879 ﬁnem
1740 804 1983 878 psalmus
2007 803 2202 879 Dauid.

614 869 833 935 Praisens
854 869 1110 941 persuasio
1137 869 1211 924 est
1242 875 1416 941 David,
1440 869 1501 919 id
1531 869 1621 941 est,
1655 871 1854 941 illorum
1897 869 1987 941 qui
2026 869 2076 914 in
2109 869 2204 913 ﬁde

611 933 817 1008 perfecte
840 933 1030 1008 fundati
1055 945 1192 1008 sunt,
1222 939 1311 1008 qui
1339 933 1536 1008 propter
1548 934 1805 1008 scientiam
1819 933 2200 1008 Scriptor-arum,

611 993 811 1068 {etquis
829 1006 1043 1054 viriliter
1066 993 1488 1068 resistit-utcontra
1513 997 1785 1068 haereticos,
1811 1002 1984 1068 merito
2001 993 2201 1068 dicendi

611 1056 730 1122 sunt
755 1070 924 1117 David.
952 1067 1107 1114 DaVid
1132 1065 1280 1124 (dico)
1305 1062 1748 1124 dirigentisminus
1763 1059 1992 1124 laudatos
2009 1056 2200 1124 inﬁde,

612 1119 884 1192 minusque
904 1119 1208 1177 eruditos'm
1232 1119 1520 1192 scripturis,
1555 1121 1820 1192 inﬁtiari,
1842 1120 1892 1192 id
1919 1126 2011 1192 est,
2023 1119 2085 1188 ad

611 1181 905 1246 utinstituta
925 1193 1230 1251 etpraecepta
1267 1181 1452 1234 Christi
1476 1189 1577 1230 sint
1593 1185 1669 1251 eis
1690 1183 1811 1251 linis
1828 1187 1874 1227 et
1903 1181 2203 1251 sufﬁcientia

610 1243 1061 1307 adidet‘endendam
1083 1243 1230 1298 ﬁdem
1241 1255 1412 1296 contra
1435 1247 1708 1294 haereticos.
1736 1247 1817 1290 Est
1846 1250 2008 1289 autem
2035 1243 2204 1307 inten-

612 1306 682 1369 tio
709 1321 913 1366 illorum
936 1317 1148 1366 invitare
1170 1313 1316 1373 alios,
1341 1317 1391 1357 ut
1417 1316 1564 1356 totam
1595 1308 1830 1373 ﬁduciam
1856 1319 1999 1373 suam
2024 1306 2200 1373 del'enf

613 1383 768 1431 dendi
791 1395 844 1428 se
887 1385 1056 1427 contra
1099 1369 1358 1423 haereticos
1385 1377 1570 1432 ponant
1599 1371 1650 1416 in
1695 1371 1808 1427 Deo,
1839 1369 1929 1426 qui
1953 1381 2109 1432 verus,
2129 1371 2202 1413 est

612 1446 750 1494 ﬁnis.
781 1446 982 1490 Textum
1006 1453 1122 1498 ergo
1152 1437 1333 1497 psalmi
1357 1431 1636 1481 videamus.
1670 1432 1925 1498 Adversus
1942 1431 2202 1498 haereticos

612 1493 910 1566 cavendum,
927 1504 1016 1562 qui
1044 1493 1476 1548 commemorando
1490 1503 1536 1542 et
1551 1493 2057 1566 eraggerandovitam
2077 1493 2202 1566 mul-

611 1576 774 1618 torum
798 1568 852 1614 in
864 1557 1082 1614 Ecclesia
1101 1569 1433 1622 peccatorum,
1457 1559 1604 1618 quasi
1633 1558 1765 1622 apud
1787 1557 1920 1613 ipsos
1931 1557 2054 1612 justi
2079 1557 2198 1614 sint,

613 1634 676 1680 ab
700 1632 860 1680 unius
889 1620 1122 1676 Ecclesia;
1157 1625 1332 1672 matris
1365 1620 1504 1669 utero
1533 1626 1580 1667 et
1607 1620 1847 1665 uberibus
1870 1630 1961 1663 nos
1983 1623 2202 1664 avertere

613 1701 760 1754 atque
781 1694 1074 1750 abrumpere
1096 1688 1407 1754 moliunturi
1420 1685 1723 1754 afﬁrmantes
1751 1680 1883 1754 quod
1909 1681 2040 1754 apud
2067 1681 2200 1754 ipsos

609 1743 943 1815 sit-Christus,
961 1743 1008 1798 ἐι
1030 1751 1176 1810 quasi
1204 1750 1284 1808 pie
1298 1748 1618 1815 studioseque
1643 1749 1919 1815 monentes;
1951 1747 2004 1787 ut
2021 1743 2098 1815 ad.
2116 1755 2200 1788 eos

611 1805 942 1876 transeundo;
958 1805 1372 1870 transmigremus
1397 1807 1762 1876 adﬁcbristum,
1777 1818 1926 1876 quem
1943 1805 2200 1876 seliabere

610 1867 942 1928 mentiuntur.
973 1877 1158 1923 Notum
1171 1867 1247 1920 cst
1261 1879 1426 1918 autem
1443 1870 1762 1918 Christumin
1787 1867 2062 1925 prophetia,
2083 1879 2198 1912 cum

1667 384 1934 437 RUFINO
1969 385 2432 438 PRESBYTERO
2466 384 2853 436 ASCRIPTUS
3822 383 3870 435 68

2370 501 2419 548 4.
2453 496 2720 544 Dominus
2742 496 2802 543 in
2833 494 3024 558 templo
3051 501 3232 543 sancto
3255 509 3372 558 suo,
3404 494 3695 543 Dominus
3719 493 3784 540 in
3805 508 3869 542 ea

2307 568 2448 617 sedes
2471 567 2601 630 ejus.
2625 567 2739 630 Ipsi
2763 569 2902 616 sunt
2926 567 3202 628 templum
3226 567 3342 626 Iiei,
3364 566 3426 616 in
3448 565 3680 628 quibus
3702 563 3870 615 habite

2303 640 2586 690 Dominus
2610 651 2708 702 per
2730 638 2920 688 ﬁdem.
2949 636 3112 687 Unde
3137 635 3448 701 Apostolus
3475 639 3574 697 ait,
3607 636 3870 699 Templui

2305 711 2407 761 Dei
2431 714 2695 760 sanctum
2711 713 2816 769 est,
2856 709 3009 771 quod
3043 709 3185 758 estis
3209 722 3308 760 vos
3345 708 3408 770 ιι.
3438 710 3562 757 ('Or.
3583 706 3691 766 3.).
3733 707 3812 758 Illi
3829 722 3870 759 γε

2302 793 2384 839 ro,
2411 781 2511 844 qui
2541 785 2670 844 post
2702 779 2871 830 ﬁdem
2897 779 3200 842 proﬁciunt
3228 779 3301 829 ad
3335 777 3869 841 contemplationem

2301 864 2420 901 non
2445 851 2633 901 solum
2659 851 2938 914 templum
2975 853 3129 913 sunt,
3163 850 3263 900 sed
3285 850 3458 900 etiam
3490 850 3737 899 caelum.
3769 850 3866 908 Qua:

2301 922 2566 985 designat
2590 921 2918 984 Apostolus,
2938 933 3071 971 cum
3089 921 3247 980 dicit,
3264 921 3470 970 Nostra
3485 923 3702 970 autem
3720 935 3869 967 come

2303 994 2449 1043 satio
2474 995 2532 1042 in
2557 993 2714 1042 car-lis
2746 992 3010 1051 est(l’hit.
3034 990 3122 1052 3.).
3151 993 3214 1042 In
3237 991 3349 1041 illis
3380 990 3602 1041 residet
3630 992 3870 1040 Domum

2301 1067 2574 1125 tanquam
2589 1062 2647 1112 in
2663 1062 2820 1112 caelo.
2841 1063 2924 1112 Ex
2950 1062 3162 1124 quibus
3189 1062 3371 1112 verbis
3385 1061 3748 1123 ostenditur,
3768 1074 3870 1124 quo

2300 1146 2407 1184 nec
2429 1135 2675 1196 majores
2717 1145 2818 1196 pro
2851 1132 3172 1189 minoribus
3220 1133 3434 1183 deserit
3468 1132 3792 1195 Dominus,
3815 1146 3870 1183 ne

2300 1218 2403 1269 pro
2427 1205 2745 1268 majoribus
2771 1204 3022 1255 minores
3047 1205 3384 1254 contemnit.

2363 1301 2413 1354 5.
2459 1302 2622 1354 Unde
2667 1303 2811 1353 bene
2847 1302 3130 1361 subditur,
3173 1300 3323 1351 Oculi
3357 1301 3473 1365 ejus
3514 1301 3576 1349 in
3613 1317 3868 1365 paupere:

2299 1373 2612 1436 respiciunt.
2639 1372 2702 1423 Id
2725 1379 2834 1435 est,
2872 1380 3166 1436 respectus
3189 1372 3609 1423 misericordias
3646 1385 3780 1423 suae
3803 1386 3865 1423 no

2301 1445 2576 1496 avertitur
2615 1444 2686 1494 ab
2731 1443 2964 1494 homine
3000 1456 3264 1507 paupere,
3299 1443 3397 1494 tali
3429 1444 3683 1502 scilicet,
3710 1444 3784 1494 de
3807 1458 3866 1504 qu

2301 1515 2578 1578 scriptum
2595 1518 2700 1576 est,
2719 1515 2871 1564 Beati
2897 1527 3173 1577 pauperes
3205 1515 3424 1577 spiritu,
3453 1516 3750 1576 quoniam
3775 1517 3869 1577 ips

2299 1598 2430 1636 rum
2452 1589 2540 1636 est
2559 1598 2805 1648 regnum
2821 1589 3094 1636 caelorum
3118 1586 3328 1648 (Matth.
3354 1585 3447 1645 5.).
3474 1587 3546 1635 Et
3563 1598 3698 1636 non
3715 1595 3804 1637 est
3822 1591 3870 1633 in.”

2298 1669 2447 1716 rum,
2475 1657 2522 1706 si
2541 1658 2739 1719 justus
2760 1658 3040 1708 Dominus
3064 1668 3362 1720 pauperes,
3397 1657 3494 1718 qui
3519 1657 3588 1706 in
3614 1658 3719 1708 illo
3744 1669 3869 1708 coni

2299 1726 2464 1790 dunt,
2487 1727 2782 1788 inhabitat,
2809 1731 2866 1778 et
2890 1728 3197 1790 sapientes,
3215 1728 3312 1789 qui
3335 1728 3460 1789 ejus
3478 1727 3667 1778 ﬁdem
3695 1741 3870 1779 annui

2300 1799 2470 1858 ciant,
2514 1798 2890 1849 inhabitando
2921 1799 3196 1848 illustrat:
3227 1802 3283 1848 et
3321 1810 3420 1848 eos
3459 1799 3561 1860 qui
3589 1799 3734 1849 elati
3761 1809 3870 1850 sunt

2299 1881 2400 1932 per
2426 1881 2672 1918 errorem
2695 1872 2967 1919 excaecat.
2993 1869 3272 1929 Quoniam
3303 1867 3576 1931 Palpebrae
3600 1884 3628 1915 ε-
3623 1868 3724 1931 jus
3750 1872 3869 1917 inter

610 1943 903 2012 nominibus
918 1941 1281 2012 insinuaretur,
1298 1935 1564 2012 allegorica
1580 1932 1732 2012 fit-ign},
1743 1936 1970 2012 {Palliai-1:
1984 1930 2204 2012 εξΡΡθΠα·
2229 1938 2283 2012 Β
2304 1930 2503 2012 ἆξαθαηι
2525 1939 2665 2012 filios
2691 1940 3000 2012 hominum.
3027 1939 3338 2012 Scriptura:
3357 1930 3559 1999 sacra),
3591 1930 3736 2002 quae
3760 1941 3870 1991 clau-

609 2010 738 2058 tum.
768 2002 1190 2064 Respondendum
1205 1993 1278 2046 est
1298 1993 1465 2056 itaque
1487 1996 1614 2056 istis,
1641 1999 1688 2040 et
1705 1993 1970 2040 dicendum
1997 2005 2010 2041 :

1125 2109 1527 2178 PSALMUS
1591 2107 1678 2172 Χ.

668 2252 720 2310 1.
764 2254 833 2303 In
875 2250 1112 2302 Domino
1153 2245 1364 2310 conﬁdo
1406 2262 1416 2293 :
1459 2243 1727 2308 quomodo
1781 2240 1960 2289 dicitis
2003 2237 2202 2288 animae

2304 2010 2522 2061 duntur
2542 2011 2604 2060 in
2625 2009 2781 2071 locis,
2801 2011 3136 2073 aperiuntur
3159 2023 3219 2059 in
3238 2010 3395 2069 locis,
3419 2014 3714 2072 tanquam
3732 2012 3870 2076 palpe

2301 2080 2424 2133 bras
2449 2086 2588 2132 sunt
2609 2083 2711 2133 Dei
2734 2097 2746 2133 :
2787 2095 2920 2145 quae
2954 2083 3304 2146 interrogant
3327 2082 3436 2144 (Ea:
3464 2084 3823 2149 Augustine),
3843 2088 3870 2135 li

2301 2157 2409 2216 est,
2432 2154 2678 2216 probant
2701 2154 2846 2205 ﬁlios
2882 2154 3198 2213 hominum,
3243 2159 3436 2204 utrum
3468 2154 3794 2218 fatigentur
3819 2171 3870 2208 re

2298 2236 2430 2275 rum
2459 2226 2828 2287 obscuritate,
2841 2237 2919 2276 an
2943 2229 3349 2276 exerceantur:
3378 2230 3578 2277 utrum
3629 2227 3870 2280 inﬂentiu

2298 2308 2491 2348 rerum
2524 2298 2864 2360 cognitione,
2893 2309 2970 2348 an
2993 2299 3422 2349 conﬁrmentur.

600 2341 746 2388 mw,
780 2322 1138 2386 Transmigra
1159 2320 1220 2368 in
1237 2322 1474 2368 montem
1494 2315 1631 2364 sicut
1643 2316 1862 2388 passer?
1875 2316 1960 2364 Ac
1983 2312 2039 2388 si
2054 2310 2205 2361 dice-

600 2403 689 2452 ret
707 2383 892 2448 :'Cum
904 2383 1131 2446 tantum
1153 2395 1412 2442 montem
1435 2388 1645 2438 habeat
1661 2386 1854 2437 anima
1868 2396 2015 2443 mea,
2028 2383 2086 2433 in
2101 2398 2201 2442 quo

597 2471 874 2522 ﬁduciam
897 2477 1064 2518 suam
1097 2467 1290 2528 ponat,
1319 2466 1384 2512 ut
1407 2463 1498 2510 est
1520 2459 1783 2509 Christus
1808 2471 1820 2506 :
1849 2467 1966 2520 qua
1985 2454 2202 2505 ratione

597 2541 812 2601 dicitis,
834 2543 903 2590 ut
921 2537 996 2589 ad
1023 2535 1201 2592 alium
1240 2535 1499 2584 montem
1539 2532 1793 2581 transeat
1826 2531 1977 2601 Sicut
2005 2537 2200 2601 passer

599 2611 763 2676 (Psal.
789 2597 930 2672 67.).
949 2609 1007 2659 id
1029 2611 1139 2667 est,
1167 2605 1642 2676 tanquamgcauta
1665 2606 1723 2651 et
1745 2600 1984 2676 astutal?
2002 2597 2199 2676 linum

597 2667 857 2734 montem
879 2667 1066 2738 teneo,
1090 2677 1150 2727 in
1173 2688 1288 2738 quo
1317 2673 1561 2724 conﬁdo.
1595 2671 1892 2732 Quomodo
1906 2667 2114 2730 dicitis,
2133 2672 2201 2718 ut

595 2753 672 2804 ad
685 2765 792 2805 vos
817 2757 1126 2810 transeam,
1145 2753 1420 2808 tanquam
1444 2741 1612 2793 inulti
1638 2744 1754 2792 sint
1767 2741 2012 2791 Christi?
2027 2741 2196 2810 Autsi

2362 2393 2413 2449 6.
2439 2397 2510 2447 Et
2554 2396 2663 2447 hoc
2699 2396 3062 2448 manifestius
3093 2396 3247 2456 dicit,
3271 2409 3402 2446 cum
3419 2396 3737 2462 subjungit
3757 2414 3769 2450 :
3791 2400 3870 2448 Du-

2298 2467 2484 2514 minus
2507 2468 2800 2530 interrogat
2836 2469 3047 2530 justum
3070 2474 3115 2516 et
3160 2467 3412 2531 impium.
3450 2467 3514 2518 Id
3546 2474 3666 2530 est,
3703 2473 3870 2534 probat

2296 2537 2516 2589 bonum
2549 2543 2606 2590 et
2629 2543 2863 2590 malum.
2879 2541 2988 2590 Sed
3015 2540 3166 2602 quod
3179 2539 3372 2601 justus
3388 2543 3494 2600 est,
3509 2539 3696 2592 habet
3709 2555 3743 2591 a
3757 2545 3870 2592 Dee:

2297 2611 2450 2672 quod
2475 2623 2609 2662 vero
2632 2610 2866 2674 impius,
2884 2624 2919 2662 a
2943 2612 3271 2674 semetipso.
3299 2612 3603 2671 Quomodo
3638 2618 3664 2662 P
3698 2614 3870 2676 iniqui-

2297 2683 2470 2732 tatem
2493 2683 2798 2746 diligendo,
2814 2689 2869 2733 et
2894 2683 2975 2732 sic
3000 2683 3375 2744 semetipsum
3403 2682 3762 2735 odiend0.Et
3787 2686 3869 2734 hoc

2296 2755 2402 2814 est,
2420 2753 2576 2815 quod
2608 2754 2766 2804 dicit:
2809 2754 2911 2811 Qui
2932 2760 3111 2801 autem
3292 2754 3467 2816 diligit
3519 2756 3868 2818 iniquitatem,

593 2838 702 2878 vos
715 2827 950 2874 montes
974 2833 1102 2872 esse
1116 2809 1314 2869 dicitis
1338 2828 1437 2880 per
1462 2815 1808 2878 superbiam,
1835 2809 2198 2875 oportetqui—

594 2896 726 2946 dem
754 2907 885 2946 esse
896 2902 1191 2957 passerem
1206 2899 1532 2952 pennarum
1547 2886 1857 2957 virtutibus
1869 2887 1926 2932 et
1939 2883 2196 2944 praeceptis

590 2968 714 3019 Dei.
744 2966 854 3018 Sed
876 2956 944 3016 ea
975 2964 1101 3027 ipsa
1142 2959 1446 3024 prohibent
1471 2957 1658 3008 volare
1679 2957 1742 3006 in
1767 2956 1909 3005 istos
1943 2957 2192 3015 montes,

589 3039 720 3090 etin
735 3035 998 3102 superbis
1013 3032 1350 3085 hominibus
1375 3041 1539 3092 spem
1563 3028 1856 3079 collocare.
1885 3027 2088 3102 liabeo
2103 3027 2196 3071 do-

588 3123 748 3162 mum
774 3097 871 3161 ubi
885 3107 1264 3170 requiescam,
1280 3103 1415 3166 quia
1437 3103 1500 3151 in
1521 3102 1766 3151 Domino
1778 3097 2024 3170 conﬁdo,
2046 3097 2190 3146 Nam

588 3186 647 3234 et
678 3193 878 3246 passer
899 3168 1120 3232 invenit
1145 3177 1256 3228 sibi
1287 3179 1526 3226 domum
1558 3173 1717 3246 (Ps-ut.
1745 3171 1884 3246 ea):
1913 3168 2190 3246 etractus

587 3239 699 3304 est.
711 3253 996 3303 Dominus
1033 3248 1322 3310 refugium
1345 3244 1578 3309 pauperi
1608 3241 1774 3306 (Psat.
1801 3242 1893 3303 9.).
1919 3239 2188 3310 Dicamus

587 3335 726 3384 ergo
759 3325 880 3374 tota
893 3320 1119 3382 ﬁducia,
1144 3307 1218 3368 ne
1237 3307 1372 3367 cum
1395 3307 1688 3366 Christum
1705 3312 2024 3384 quaerimus
2033 3307 2185 3372 apud
2215 3307 2263 3381 ρ

587 3383 913 3456 Ιιὼιιθιίοοε,
955 3391 1328 3444 amittamus:
1377 3387 1443 3434 In
1487 3387 1720 3434 Domino
1745 3383 1982 3456 conﬁdo.
2011 3383 2185 3432 Doce-

585 3477 719 3517 mur
739 3477 876 3528 ergo
904 3455 998 3514 his
1033 3460 1225 3516 verbis
1253 3461 1522 3512 versatas
1555 3455 1958 3508 haereticorum
1980 3464 2182 3505 cavere

589 3536 927 3588 sententias.

649 3607 702 3660 2.
749 3605 910 3658 Unde
953 3607 1013 3656 et
1062 3602 1331 3654 subditur
1371 3615 1386 3648 :

589 3677 704 3745 55
727 3677 1076 3727 intenderunt
1097 3687 1308 3724 arcum.
1327 3671 1389 3722 ld
1411 3675 1520 3745 est,
1551 3674 1811 3745 sanctam
1835 3670 2182 3732 Scripturam

589 3741 712 3801 suis
729 3749 1014 3800 erroribus
1037 3750 1096 3798 et
1125 3745 1249 3796 suis
1274 3743 1545 3795 sensibus
1567 3741 2014 3805 applicaverunt.
2041 3745 2181 3802 Quae

587 3821 880 3886 Scriptura
921 3823 1077 3870 recte
1125 3829 1295 3868 arcus
1325 3815 1560 3866 dicitur:
1589 3815 1724 3877 quia
1768 3815 2016 3886 sicutex
2042 3825 2181 3866 arcu

589 3884 1180 3955 exit—sagittaferiens,
1199 3889 1279 3939 ita
1295 3887 1366 3938 de
1392 3886 1682 3950 Scriptura
1706 3884 1962 3949 procedit
1979 3895 2182 3934 senten-

583 3963 664 4016 tia
677 3975 777 4015 cor
790 3961 1134 4027 percutiens.
1158 3959 1503 4008 Paraverunl
1525 3961 1747 4020 sagittas
1755 3970 1882 4005 suas
1897 3957 1958 4003 in
1979 3957 2182 4018 phare-

585 4040 690 4084 tra.
715 4035 780 4085 1d
803 4039 910 4096 est,
933 4034 1278 4096 aptaverunt
1297 4028 1612 4081 sententias
1629 4040 1768 4078 suas
1785 4031 2098 4078 venenatas
2119 4029 2182 4079 in

583 4106 712 4170 ipsa
734 4109 938 4156 sancta
961 4103 1272 4166 Scriptura,
1293 4111 1426 4162 qua:
1440 4100 1520 4150 ita
1540 4099 1602 4148 in
1627 4111 1689 4170 se
1713 4098 1970 4170 continet
1983 4109 2182 4146 senten-

589 4169 717 4240 tias,
736 4175 1026 4238 quomodo
1051 4174 1319 4236 pharetra
1335 4172 1598 4234 sagittas:
1625 4169 1698 4220 ad
1718 4169 1827 4220 hoc
1851 4169 2069 4220 scilicet
2092 4183 2184 4234 pa-

584 4249 879 4308 raverunt,
916 4244 977 4294 Ut
996 4244 1246 4306 sagittent
1287 4243 1349 4290 in
1372 4241 1590 4290 obscuro
1613 4245 1776 4288 rectos
1790 4240 1962 4290 corde.
1985 4240 2047 4290 1d
2071 4245 2180 4304 est,

586 4321 653 4368 ut
673 4322 862 4369 rectos
881 4317 994 4366 ﬁde
1019 4313 1344 4378 percutiant
1364 4314 1426 4362 in
1448 4311 1711 4362 obscuris
1737 4311 2060 4362 sententiis.
2082 4311 2183 4362 Vel

584 4389 648 4438 in
671 4387 910 4448 obscuro,
933 4386 992 4438 id
1016 4391 1122 4449 est,
1149 4387 1211 4436 in
1233 4387 1340 4435 hoc
1357 4382 1513 4446 quod
1536 4395 1716 4434 sacra)
1741 4385 2050 4447 Scripturee
2075 4383 2182 4434 mi-

584 4473 698 4512 nus
732 4471 972 4524 capaces
997 4460 1151 4520 sunt,
1177 4458 1233 4507 et
1256 4458 1408 4519 quod
1449 4455 1511 4505 in
1543 4454 1655 4505 lide
1699 4455 1891 4506 minus
1937 4455 2178 4506 fundati.

584 4533 920 4585 Obscuritas
941 4531 1093 4582 enim
1118 4528 1306 4580 cordis
1343 4531 1435 4579 est
1470 4527 1810 4590 ignorantia.
1837 4529 1907 4578 Et
1952 4529 2085 4590 quia
2107 4529 2180 4578 ab

583 4603 713 4656 istis
757 4604 869 4656 tale
893 4603 1215 4667 periculum
1252 4600 1482 4664 eminet,
1507 4599 1817 4650 dicendum
1845 4602 1950 4659 est,
1984 4599 2047 4647 1η
2074 4600 2183 4648 Do-

583 4675 739 4724 mino
781 4674 1013 4735 conﬁdo.
1057 4673 1128 4724 Et
1147 4672 1278 4724 ideo
1307 4671 1700 4723 necessarium
1727 4675 1836 4732 est,
1862 4683 1895 4722 ο
1919 4671 2178 4729 Domine,

1433 3598 1704 3658 Quoniam
1746 3612 1852 3646 ecce
1888 3603 2182 3662 peccatores

2295 2823 2408 2870 odit
2430 2824 2681 2872 animum
2707 2840 2885 2875 suam.
2908 2829 3030 2885 Quo
3055 2837 3253 2876 contra
3280 2825 3375 2876 ille
3399 2829 3687 2880 veraciter
3711 2842 3866 2880 seuie-

2295 2895 2510 2960 tipsum
2533 2896 2738 2960 diligit,
2765 2897 2866 2958 qui
2890 2902 3194 2960 peccatum
3217 2897 3354 2948 odit.

2358 2993 2407 3046 7.
2454 2994 2607 3043 Pluet
2650 3009 2809 3057 super
2848 3002 3141 3059 peccatores
3199 2995 3430 3059 laqueos.
3489 2997 3714 3050 Eadem
3756 2998 3862 3048 Scri-

2292 3069 2589 3130 pturaruin
2614 3067 2826 3118 inlusio
2856 3081 2956 3131 pro
2992 3081 3098 3119 suo
3121 3071 3404 3131 cujusque
3427 3073 3660 3132 merito,
3687 3076 3742 3121 et
3763 3084 3862 3134 pec-

2293 3139 2463 3188 catori
2488 3140 2684 3201 pluvia
2721 3140 3074 3202 laqueorum,
3111 3141 3344 3202 etjusto
3387 3139 3583 3204 pluvia
3611 3143 3860 3192 ubertatis

2289 3214 2396 3260 est.
2425 3212 2566 3260 Cum
2591 3212 2745 3261 enim
2769 3211 2917 3261 male
2935 3211 3290 3274 intelligitur,
3324 3212 3468 3274 pluit
3493 3226 3677 3277 super
3691 3226 3857 3277 pecca-

2289 3285 2442 3332 tores
2458 3283 2738 3333 Dominus
2752 3283 3017 3344 laqueos:
3046 3295 3176 3332 cum
3203 3288 3395 3333 autem
3420 3285 3589 3347 bene,
3620 3285 3859 3336 fecundat

2291 3359 2520 3416 pectora
2554 3357 2797 3417 piorum,
2821 3358 2991 3417 atque
3029 3353 3302 3404 ﬁdelium.
3352 3356 3562 3406 Eadem
3609 3370 3748 3422 ergo
3775 3356 3859 3418 (Er

2279 3426 2603 3488 Augustino)
2639 3425 2788 3475 bona
2811 3431 2868 3476 et
2899 3426 3060 3476 benis
3084 3431 3342 3489 prosunt,
3370 3432 3427 3478 et
3450 3427 3627 3478 malis
3652 3433 3855 3480 obsunt.

2283 3496 2443 3548 Unde
2470 3498 2681 3547 l'aulus
2705 3497 2863 3547 dicit.
2894 3496 3036 3546 Aliis
3061 3510 3265 3547 sumus
3288 3499 3426 3548 odor
3448 3501 3660 3552 mortis
3676 3501 3735 3552 in
3757 3513 3856 3548 mor-

2283 3571 2420 3631 tem,
2449 3569 2574 3618 aliis
2599 3568 2738 3619 odor
2763 3569 2896 3620 vita:
2923 3569 2986 3618 in
3011 3568 3187 3619 vitam
3212 3567 3279 3631 ('2.
3309 3569 3431 3621 Cor.
3456 3569 3550 3633 2.).

2344 3665 2394 3719 8.
2419 3667 2585 3729 Ignis,
2623 3667 2876 3730 sulphur,
2909 3672 2955 3714 et
2975 3665 3200 3730 spiritus
3221 3667 3602 3730 procellarum.
3641 3685 3767 3736 pars
3791 3684 3853 3717 cu-

2281 3739 2399 3795 licis
2443 3754 2648 3788 eorum.
2683 3739 2822 3790 Huic
2859 3750 3030 3801 paena
3073 3742 3180 3800 est,
3225 3743 3398 3802 atque
3435 3741 3639 3792 exitus
3689 3751 3849 3793 eorum

2286 3812 2390 3876 (Ea:
2411 3810 2756 3873 Augustino),
2782 3822 2884 3872 per
2905 3823 3050 3872 quos
3074 3809 3506 3873 blasphematur
3528 3824 3747 3865 nomen
3768 3817 3851 3866 Do-

2281 3881 2442 3946 mini,
2465 3889 2528 3933 ut
2537 3884 2694 3945 prius
2710 3883 2842 3944 igne
2857 3882 3186 3945 cupiditatis
3214 3895 3313 3933 vas
3323 3888 3531 3946 tentur,
3552 3883 3760 3938 deinde
3776 3889 3846 3938 [ω-

2281 3960 2402 4006 tore
2425 3967 2663 4018 operum
2689 3955 2856 4016 quasi
2874 3953 3148 4018 sulphure
3159 3957 3608 4019 occupentur,ad
3630 3962 3847 4018 ultimum,

2282 4039 2413 4078 cum
2431 4028 2728 4090 spiritibus
2745 4026 3010 4090 malignis
3026 4029 3085 4077 in
3102 4032 3320 4078 aeterno
3333 4027 3467 4090 igne
3491 4034 3849 4080 comburantur.

2281 4099 2352 4148 Et
2371 4099 2499 4149 haec
2514 4103 2604 4148 est
2625 4101 2758 4162 pars
2783 4100 2994 4158 ealicis,
3017 4098 3075 4148 id
3099 4103 3207 4160 est,
3235 4099 3624 4151 tribulationis
3652 4114 3845 4153 eorum:

2281 4173 2347 4220 ut
2370 4171 2520 4220 sicut
2537 4169 2677 4232 justi
2700 4172 2760 4220 in
2780 4175 3002 4234 partem
3021 4183 3187 4220 suam
3213 4170 3490 4232 recipiunt
3515 4173 3701 4224 vitam
3723 4181 3845 4225 aeter-

2280 4253 2446 4290 nam:
2479 4241 2559 4290 ita
2583 4241 2741 4304 impii
2765 4254 2865 4304 pro
2889 4247 3048 4304 parte
3072 4254 3178 4292 sua
3203 4241 3476 4304 recipiunt
3499 4243 3841 4293 damnationem

2280 4315 2626 4375 perpetuam.
2653 4312 2896 4362 Calicem
2918 4318 3113 4362 autem
3143 4317 3439 4376 propterea
3459 4319 3603 4376 puto
3630 4315 3843 4379 appella-

2282 4387 2428 4445 tum,
2445 4396 2518 4434 ne
2552 4383 2686 4446 quid
2706 4390 2914 4447 praeter
2937 4384 3174 4434 modum
3199 4389 3371 4446 atque
3405 4397 3756 4446 mensuram,
3781 4383 3840 4434 vel

2280 4453 2492 4518 inipsis
2511 4460 2874 4518 peccatorum
2893 4455 3183 4520 suppliCiis
3199 4469 3298 4520 per
3308 4453 3562 4507 divinam
3580 4457 3840 4522 providen-

2283 4527 2420 4578 tiam
2447 4527 2569 4578 lieri
2601 4529 2960 4579 arbitremur.
2999 4532 3065 4578 ut
3107 4529 3234 4579 ideo
3280 4532 3555 4591 tanquam
3598 4533 3838 4582 rationein

2281 4599 2547 4659 reddens,
2601 4611 2777 4662 quare
2809 4599 2867 4650 id
2891 4602 3009 4660 tlat,
3036 4600 3162 4663 subj
3175 4599 3334 4664 ungit
3359 4614 3371 4650 :
3399 4601 3675 4658 Quoniam
3696 4604 3838 4666 jttslul

2281 4669 2566 4734 Dominus,
2594 4677 2642 4720 et
2679 4672 2921 4734 justitias
2944 4671 3153 4720 dilexit.
3195 4673 3320 4722 Non
3344 4671 3559 4722 frustra
3582 4673 3838 4737 pluraliter

587 4747 650 4794 ut
687 4743 750 4794 in
793 4747 850 4796 te
883 4728 1232 4806 'conﬁdatur,
1283 4746 1343 4794 et
1383 4741 1458 4792 ad
1501 4745 1670 4792 tuum
1691 4728 1972 4798 auxilium
1993 4728 2182 4794 recur-F
2203 4728 2260 4801 D
2281 4741 2474 4804 posuit
2486 4728 2746 4804 jus-titius.
2773 4745 2838 4793 In
2870 4743 3066 4794 multis
3089 4743 3244 4794 enim
3262 4743 3457 4806 justis,
3483 4728 3654 4807 quasi
3676 4745 3836 4797 multa

584 4815 1039 4948 #algybuoniam,
1083 4899 1202 4948 qua
1241 4882 1526 4948 per/“scisti,
1549 4883 1947 4934 destruwcrunt.
1981 4885 2045 4936 Id
2069 4890 2180 4948 est,

582 4955 780 5020 ﬁdem,
797 4967 932 5020 qum
948 4955 1216 5019 quamvis
1225 4967 1342 5006 una
1364 4955 1458 5018 sit,
1476 4959 1669 5006 tamen
1685 4956 1754 5007 de
1765 4956 2010 5009 diversis
2027 4959 2182 5005 habe-

581 5034 701 5082 tur:
730 5034 796 5082 ut
819 5030 891 5080 de
914 5028 1292 5090 humanitate,
1319 5033 1375 5079 et
1398 5027 1716 5093 divinitate,
1744 5033 1800 5080 et
1829 5029 1900 5079 de
1923 5029 2179 5091 praeteri-

583 5101 674 5164 tis,
701 5106 760 5153 et
791 5099 1198 5166 praesentibus,
1238 5104 1297 5151 et
1337 5099 1576 5151 futuris:
1619 5105 1677 5151 et
1715 5102 1844 5151 ideo
1889 5099 2178 5162 pluraliter

580 5173 938 5236 enunciatur,
969 5173 1106 5236 quia
1133 5171 1204 5223 de
1229 5172 1491 5236 pluribus
1526 5173 1770 5222 constat.
1797 5174 1978 5232 Quam
2003 5171 2175 5221 tidem

577 5238 882 5310 perfecisti,
925 5244 984 5295 id
1027 5248 1134 5308 est,
1184 5243 1490 5309 perfectam
1513 5249 1570 5295 et
1600 5244 1885 5306 integram
1907 5242 2173 5293 cordibus

575 5317 834 5369 ﬁdelium
857 5317 1039 5380 gratia
1068 5319 1168 5368 tua
1187 5317 1468 5380 inspirati,
1493 5322 1550 5367 et
1573 5314 1833 5366 doctrina
1853 5315 2131 5364 intonasti
2157 5333 2167 5364 :

575 5389 974 5450 destmerunt,
992 5394 1275 5452 quantum
1285 5390 1346 5440 in
1357 5389 1500 5452 ipsis
1512 5387 1634 5447 fuit,
1651 5388 2168 5447 etdenegaverunt.

573 5461 716 5513 Haec
737 5462 1039 5513 conversio
1056 5465 1282 5526 propter
1303 5462 1733 5511 attestationem
1761 5459 1908 5507 facta
1929 5462 2034 5508 est.
2065 5459 2170 5510 Ta-

571 5531 648 5583 lia
658 5532 842 5584 facere
856 5533 1263 5584 machinantur
1274 5533 1624 5596 peccatores,
1637 5529 1821 5576 Justus
1839 5535 2020 5576 autem
2034 5529 2169 5592 quid

567 5604 692 5669 fecit
713 5607 738 5657 ii
759 5605 822 5656 Id
847 5611 954 5670 est,
975 5607 1282 5666 Dominus,
1317 5601 1416 5664 qui
1439 5605 1742 5662 utramque
1773 5605 1992 5664 partem
2008 5603 2166 5664 juste

567 5677 705 5740 agit,
726 5676 1023 5730 nihilmali
1033 5673 1378 5728 dimittendo
1401 5671 1772 5736 impunitum,
1789 5672 1933 5723 nihil
1946 5675 2066 5722 boni
2082 5677 2166 5723 in-

566 5754 1018 5812 remuneratum,
1049 5748 1189 5814 quid
1211 5747 1379 5801 fecit?
1406 5748 1480 5799 Et
1501 5747 1627 5798 haec
1651 5745 2022 5812 interrogatio
2045 5760 2164 5799 non

563 5818 632 5872 ﬁt
643 5833 718 5873 ex
741 5821 1078 5887 ignorantia,
1096 5821 1199 5873 sed
1221 5825 1290 5874 ut
1310 5820 2160 5885 doceaturinﬁrmorumimpe-

559 5891 717 5944 rltia.
747 5894 1032 5946 Dominus
1055 5893 1205 5958 fecit,
1235 5893 1395 5958 quod
1417 5905 1592 5947 suum
1631 5897 1790 5948 erat:
1820 5894 1974 5946 unde
2013 5895 2162 5948 facta

553 5961 1008 6027 interrogatione
1023 5965 1422 6029 respondetur.

2274 4812 2521 4874 justitiaa
2534 4813 2802 4865 videntur
2823 4827 2972 4876 esse,
2997 4827 3130 4865 cum
3147 4817 3221 4866 sit
3236 4828 3353 4866 una
3374 4816 3494 4875 Dei,
3513 4819 3686 4881 cujus
3700 4827 3835 4865 omne

2277 4885 2708 4948 participantur.
2721 4887 3026 4950 Propterea
3040 4900 3241 4938 rursus
3253 4887 3327 4937 ad
3348 4886 3790 4950 singularitatem
3801 4899 3834 4932 se

2277 4955 2468 5020 refert,
2491 4958 2750 5020 dicendo,
2774 4957 3107 5022 xEquilutcm
3131 4959 3265 5006 vidit
3288 4960 3461 5006 vultus
3485 4958 3621 5022 ejus.
3663 4961 3744 5012 Sic
3772 4959 3834 5008 est

2275 5027 2335 5077 in
2361 5040 2422 5077 se
2441 5028 2638 5090 justus
2659 5030 2958 5092 Dominus,
2983 5035 3046 5080 ut
3069 5030 3129 5080 in
3144 5031 3310 5080 nobis
3327 5031 3730 5093 suasjustitias
3745 5032 3832 5076 dili-

2275 5105 2389 5161 gat.
2419 5102 2612 5160 Qualis
2635 5101 2756 5163 ipse
2779 5107 2886 5163 est,
2914 5101 3057 5152 tales
3078 5115 3185 5152 nos
3209 5115 3408 5152 omnes
3421 5115 3550 5152 esse
3565 5101 3828 5154 desiderat.

2276 5170 2435 5220 Unde
2460 5185 2566 5221 nos
2601 5178 2871 5224 admonet
2892 5174 3112 5223 dicens:
3143 5176 3337 5224 Estote
3363 5175 3566 5234 sancti,
3595 5175 3826 5239 quoniam

2273 5253 2379 5304 ego
2406 5255 2534 5292 sum
2566 5252 2822 5295 sanctus.
2843 5250 3015 5296 Serva
3026 5248 3330 5309 justitiam,
3345 5251 3402 5296 et
3416 5247 3527 5296 eris
3543 5247 3741 5297 similis
3753 5247 3827 5292 Do-

2273 5316 2448 5376 mino,
2471 5320 2528 5364 et
2545 5316 2742 5378 diliget
2768 5321 2819 5366 te
2838 5317 3080 5379 justum,
3107 5319 3385 5368 Dominus
3404 5318 3622 5380 justus.
3646 5312 3824 5380 Quodsi

2265 5385 2551 5447 justitiam
2574 5387 2837 5450 negligis,
2864 5402 2980 5440 non
3005 5396 3195 5440 tamen
3221 5393 3538 5452 impunitus
3561 5392 3686 5441 eris.
3716 5390 3824 5438 Nam

2271 5457 2543 5519 sequitur,
2569 5459 2902 5521 {Equilulcm
2931 5461 3061 5508 vidit
3087 5463 3260 5509 vultus
3282 5463 3410 5524 ejus.
3439 5462 3581 5511 Etin
3601 5459 3822 5518 bonis,et

2265 5527 2325 5578 in
2353 5533 2520 5579 malis
2547 5531 2703 5581 videt
2725 5533 3060 5594 aequitatem
3091 5535 3364 5584 severitas
3392 5534 3588 5585 vultus
3612 5534 3723 5584 Dei.
3743 5529 3817 5580 Est

2264 5603 2460 5651 autem
2489 5602 2753 5665 atquitas,
2791 5609 2851 5654 tit
2895 5607 3044 5655 bona
3067 5606 3250 5670 bonis,
3297 5610 3353 5656 et
3376 5605 3528 5656 mala
3577 5601 3816 5670 retribuat

2263 5671 2449 5722 malis.
2475 5675 2734 5736 .iﬂquitas
2763 5679 2866 5738 est,
2893 5681 2957 5726 ut
2993 5677 3156 5728 factis
3179 5667 3353 5740 digna
3374 5677 3666 5741 rependat.
3689 5667 3813 5735 Quod

2261 5754 2398 5807 ergo
2419 5744 2515 5806 ait,
2538 5747 2724 5796 Justus
2756 5748 3042 5812 Dominus,
3067 5755 3112 5798 et
3134 5749 3375 5814 justitias
3399 5750 3590 5799 dilexit
3617 5761 3633 5804 ;
3660 5748 3723 5800 ad
3747 5755 3812 5814 rt“

2261 5817 2354 5895 cte
2375 5816 2609 5895 vivendi
2622 5819 2878 5895 pertinet
2899 5813 3194 5895 ordinem:
3222 5822 3379 5888 quod
3401 5821 3530 5887 subj
3542 5821 3715 5888 ungit,

2259 5890 2518 5953 quitatem
2542 5894 2676 5943 vidit
2697 5895 2873 5944 vultus
2900 5893 3032 5962 ejus,
3055 5897 3130 5950 ad
3157 5900 3441 5964 cujusque
3464 5896 3648 5962 operis
3668 5890 3807 5960 Ρετιί·

2257 5968 2360 6017 net
2390 5969 2929 6022 remunerationem.
