3890 6394
9 367 130 423 689

376 479 750 543 TlTULUS
807 475 1134 542 PSALMI
1174 475 1295 538 XI.

85 608 137 654 t.
170 605 294 652 Ideo
319 605 456 652 tituli
480 608 846 664 prmponuntur
868 603 1096 663 psalmis,
1122 602 1359 661 quoniam
1395 601 1449 648 in
1476 601 1636 649 titulis

14 668 337 730 ostenditur,
374 669 494 726 quid
521 669 572 714 in
601 673 730 730 textu
755 667 1060 726 psalmorum
1091 665 1422 730 contineatur.
1439 665 1637 730 Titulus

15 731 189 786 hujus
205 725 496 788 psalmiest,
517 731 576 778 In
590 725 860 792 ﬁne-mpm
877 732 1064 775 octava
1082 727 1258 774 Psalm
1271 741 1330 773 us
1346 725 1638 792 David.lste

15 793 264 849 psalmus
299 797 374 838 est
425 793 592 842 David,
638 793 688 838 id
723 790 812 853 est,
852 791 1072 848 perfectis
1095 793 1276 837 animm
1308 791 1553 836 tendentis
1581 790 1636 836 in

17 857 205 910 tinem,
245 854 299 899 id
334 859 425 912 est,
460 857 512 901 in
548 854 818 910 Christum,
857 859 903 900 et
939 854 988 900 in
1025 855 1115 900 hoc
1148 854 1338 912 psalmo
1367 853 1561 910 agentis
1593 857 1638 899 et

13 918 241 968 orantis.
281 931 380 978 pro
405 921 605 974 octava,
629 919 760 976 quod
793 916 1094 973 intelligitur
1117 929 1205 974 pro
1229 921 1408 961 aeterno
1433 915 1633 978 saeculo,

15 979 165 1036 quod
196 977 311 1037 post
336 979 429 1025 hoc
455 986 646 1039 tempus
669 979 816 1039 (quod
843 984 1027 1036 septem
1042 979 1218 1024 diebus
1243 977 1474 1035 volvitur)
1500 977 1638 1023 dabi-

18 1047 107 1086 tur
125 1041 342 1088 sanctis.
375 1043 550 1099 Agitur
571 1047 733 1088 autem
760 1041 810 1087 in
835 1043 927 1087 hoc
951 1041 1144 1098 psalmo
1169 1041 1230 1086 de
1255 1045 1535 1086 sanctorum
1549 1041 1638 1086 de-

17 1103 183 1159 fectu,
219 1108 269 1149 et
291 1104 632 1163 diminutione
658 1104 899 1156 veritatis,
924 1103 984 1148 de
1011 1104 1230 1149 adventu
1257 1103 1436 1148 Christi
1455 1108 1498 1148 et
1513 1101 1637 1148 clari

15 1169 143 1210 tata)
169 1165 368 1212 divinae
391 1167 709 1226 eloquentia-3,
737 1169 796 1213 de
819 1167 978 1212 salute
997 1167 1244 1222 justorum
1265 1169 1310 1210 et
1336 1165 1539 1210 interitu
1552 1179 1635 1211 re-

17 1229 332 1285 proborum.
361 1231 452 1275 Iste
471 1243 587 1288 ergo
611 1229 690 1275 vir
718 1233 920 1276 sanctus
945 1228 1122 1274 videns
1145 1228 1391 1274 mundum
1416 1227 1634 1285 positum

16 1293 89 1354 in
108 1290 431 1354 malignitate
465 1291 525 1354 (ι.
558 1290 718 1338 Joan.
753 1289 842 1350 5.),
868 1296 914 1336 et
939 1304 1030 1336 nos
1060 1291 1113 1337 in
1140 1289 1312 1354 multis
1345 1289 1637 1354 constitutos

17 1353 276 1410 miseriis,
306 1353 514 1400 formam
541 1354 719 1400 orandi
744 1354 887 1400 nobis
913 1366 1186 1411 pr0ponere
1210 1353 1444 1398 intendit:
1463 1357 1638 1410 quate-

18 1428 128 1460 nus
171 1427 272 1460 suo
317 1417 561 1476 exemplo,
607 1417 680 1462 sic
710 1429 797 1474 per
822 1416 1112 1473 temporalia
1136 1421 1472 1477 transeamus,
1497 1414 1634 1462 utad

18 1482 277 1524 mternam
307 1479 458 1525 vitam
482 1479 843 1537 pertingamus.
870 1479 948 1524 Ait
966 1491 1082 1537 ergo
1105 1491 1118 1526 :

551 1580 952 1646 PSALMUS
1008 1581 1128 1644 XI.

112 1703 236 1773 57
275 1705 327 1760 2.
369 1706 593 1756 Salvum
624 1722 708 1755 me
729 1707 834 1770 fac,
871 1707 1116 1766 Domine,
1151 1707 1418 1769 quoniam
1449 1707 1634 1771 defecit

15 1782 273 1840 sanctus,
291 1780 555 1842 quoniam
571 1779 856 1828 diminutae
865 1784 990 1826 sunt
1007 1779 1248 1826 veritates
1268 1794 1303 1826 a
1316 1778 1448 1842 filiis
1465 1779 1634 1828 homi-

1040 367 1116 416 IN
1149 363 1473 418 PSALMOS
1501 362 1710 416 LXXV
1742 362 2321 420 COMMENTARIUS.

3225 368 3334 427 690

1655 475 1713 550 Α
1729 486 1944 550 junxit,
1988 487 2201 538 Ponam
2251 489 2312 537 in
2343 488 2594 549 salutari,
2617 488 2944 554 ﬁducialiter
2963 504 3128 556 agam
3169 488 3234 540 in
3255 504 3333 544 eo.

1735 561 1860 610 Non
1889 559 2026 610 dicit
2059 560 2197 622 quid
2231 563 2482 624 poneret.
2522 560 2632 613 Sed
2666 561 2804 624 quia
2829 561 2892 610 in
2913 561 3145 611 salutari
3167 561 3332 624 dixit,

1731 629 1790 680 id
1833 634 1939 688 est,
1974 630 2031 681 in
2072 631 2296 682 Christo
2322 627 2664 695 (secundum
2685 632 2848 696 illud,
2880 633 3024 693 Quia
3065 632 3337 685 viderunt

1734 701 1885 752 oculi
1919 701 2032 752 mei
2065 703 2318 754 salutare
2346 706 2513 755 tuum
2554 703 2700 767 (Luc.
2735 702 2854 766 Ἡ),
2891 702 3006 769 58
3046 703 3174 754 ideo
3193 703 3335 756 illud

1733 772 2073 836 intelligitur
2095 775 2152 823 in
2183 787 2251 824 eo
2273 775 2586 838 possuisse,
2615 773 2769 838 quod
2793 774 2866 824 ad
2889 774 3181 826 miseriam
3205 775 3332 826 ino-

1732 857 1872 908 pum
1895 844 2282 906 auferendam,
2309 848 2366 896 et
2389 846 2666 907 gemitum
2691 859 3006 910 pauperum
3033 846 3334 898 consolan-

1733 914 1870 966 dum
1905 916 2170 980 pertinet.
2197 917 2263 966 In
2279 929 2346 967 eo
2369 917 2542 967 etiam
2570 917 2911 981 fiducialiter
2933 917 3066 980 egit,
3084 917 3256 978 juxta
3267 915 3334 968 i1-

1731 986 1831 1037 lud
1855 988 1918 1037 in
1941 987 2250 1049 Evangelio
2289 1001 2302 1037 :
2339 991 2473 1038 Erat
2505 988 2656 1039 enim
2691 987 2904 1040 docens
2927 1001 3026 1039 eos
3049 992 3332 1050 tanquam

1735 1062 2076 1122 potestatem
2103 1058 2322 1109 habens
2341 1059 2548 1122 (Matth.
2575 1058 2665 1120 7.),
2690 1071 2808 1110 non
2837 1059 2988 1110 sicut
3008 1059 3212 1110 scribae
3236 1071 3333 1110 eo-

1733 1141 1864 1180 rum
1905 1130 2090 1193 (Marc.
2119 1129 2210 1193 1.).
2243 1132 2325 1181 De
2347 1129 2514 1192 cujus
2535 1131 2823 1193 potestate
2846 1129 3042 1180 Daniel
3069 1129 3150 1181 sic
3171 1129 3332 1181 locu-

1734 1203 1832 1250 tus
1856 1206 1961 1264 est,
1989 1201 2266 1252 Videbam
2300 1201 2524 1265 (inquit)
2559 1201 2620 1252 in
2651 1200 2785 1252 visu
2807 1199 3013 1263 noctis,
3037 1205 3096 1252 et
3117 1214 3247 1252 ecce
3271 1201 3333 1252 in

1734 1272 1990 1324 nubibus
2012 1272 2139 1324 caeli
2168 1273 2322 1324 illius
2343 1272 2598 1324 hominis
2624 1271 2903 1323 veniebat.
2927 1273 2997 1322 Et
3027 1271 3136 1335 ipsi
3161 1272 3332 1324 datus

1735 1347 1825 1394 est
1847 1343 2220 1408 principatus,
2257 1344 2312 1395 et
2333 1345 2534 1408 honor,
2560 1347 2619 1394 et
2641 1355 2906 1405 regnum,
2933 1347 2990 1394 et
3013 1355 3215 1394 omnes
3239 1356 3334 1406 po-

1733 1413 1871 1477 puli,
1898 1415 2100 1472 tribus,
2121 1419 2180 1467 et
2208 1415 2424 1479 linguae
2448 1414 2702 1466 servient
2723 1413 2794 1466 ei.
2816 1415 2886 1466 Et
2899 1418 3158 1479 potestas
3181 1414 3328 1478 ejus,

1734 1488 1993 1550 potestas
2031 1489 2264 1544 mterna,
2305 1499 2438 1550 quae
2478 1497 2598 1537 non
2627 1485 2954 1537 auferetur:
2994 1488 3054 1536 et
3089 1497 3333 1550 regnum

1737 1557 1866 1620 ejus
1890 1557 2043 1620 quod
2067 1571 2186 1609 non
2215 1562 2609 1622 corrumpetur
2643 1557 2804 1620 (Dan.
2832 1555 2921 1619 7.).

1797 1627 1848 1680 7.
1884 1629 1966 1680 De
2011 1630 2180 1692 cujus
2218 1628 2347 1680 luce
2391 1629 2736 1692 eloquentia
2780 1627 3157 1690 subjunctum
3193 1631 3283 1678 est
3316 1640 3330 1678 :

1734 1698 1972 1764 Eloquia
1993 1699 2236 1760 Domini,
2253 1700 2467 1763 eloquia
2482 1704 2629 1748 casta
2646 1713 2660 1749 :
2677 1703 2964 1762 argentum
2981 1697 3106 1760 igne
3121 1697 3335 1745 exami-

1731 1777 1944 1827 natum,
1979 1770 2267 1834 probalum
2304 1777 2470 1828 terrae,
2514 1775 2814 1834 purgatum
2841 1767 3126 1832 septulum.
3165 1767 3335 1820 Casta

19 1863 171 1896 num
207 1837 312 1899 Ad
331 1850 470 1900 illud
505 1854 738 1912 tempus
764 1850 990 1900 videtur
1013 1837 1348 1914 prospicere,
1375 1863 1488 1912 quo
1511 1863 1628 1901 non

1741 1841 1897 1914 dicit,
1917 1842 2020 1914 (Ea;
2043 1842 2365 1914 Augustino)
2397 1841 2520 1892 sine
2547 1841 2906 1914 corruptione
2930 1837 3331 1914 simulationis.

20 1921 154 1968 erat
179 1917 302 1970 dux
334 1932 524 1983 neque
547 1921 821 1984 propheta
838 1921 895 1971 in
919 1920 1095 1971 Israel
1123 1937 1134 1968 :
1161 1924 1218 1970 et
1235 1920 1630 1983 unusquisque

22 1989 193 2050 quod
227 1991 448 2041 bonum
472 1997 593 2042 erat
623 1991 680 2042 in
703 1991 884 2042 oculis
914 1991 1052 2050 suis,
1081 1991 1323 2042 faciebat
1349 1991 1506 2054 (Dm.
1539 1991 1632 2054 9.).

23 2060 199 2110 Unde
231 2061 295 2112 in
317 2062 464 2114 Osee
489 2063 694 2113 dicitur
719 2077 732 2113 :
767 2063 983 2112 Diebus
1007 2060 1206 2112 multis
1231 2061 1514 2113 sedebunt
1537 2063 1639 2114 filii

19 2131 207 2182 Israel
255 2135 380 2184 sine
416 2147 568 2196 rege,
600 2135 719 2184 sine
743 2134 1014 2197 principe,
1035 2134 1160 2184 sine
1189 2134 1484 2197 sacriﬁcio,
1511 2135 1635 2187 sine

19 2202 218 2263 altari,
251 2205 378 2256 sine
403 2205 740 2266 sacerdotio,
768 2207 892 2256 sine
918 2205 1479 2256 manifestationibus
1495 2205 1634 2268 (Osee

22 2273 126 2337 3-).
158 2276 326 2334 Quod
371 2282 567 2328 autem
608 2278 705 2338 ait,
739 2278 1036 2326 Diminutae
1070 2283 1199 2325 sunt
1222 2278 1490 2327 veritates:
1519 2291 1635 2330 non

19 2344 162 2396 ideo
173 2346 256 2398 ait
281 2348 390 2410 (Ec
412 2349 753 2411 Augustino),
769 2348 923 2412 quod
950 2347 1224 2398 veritates
1237 2347 1480 2399 diversae
1497 2349 1656 2412 sint”

22 2417 314 2478 quoniam
334 2421 541 2468 veritas
559 2431 676 2469 una
691 2418 1288 2482 est,quaillustrantur
1301 2419 1391 2468 ani
1402 2431 1510 2470 mm
1523 2433 1634 2468 san-

19 2488 159 2538 ctae.
190 2488 300 2539 Sed
325 2490 599 2552 quoniam
616 2488 815 2542 multae
833 2493 971 2540 sunt
991 2489 1218 2550 animae,
1245 2489 1306 2540 in
1326 2489 1633 2553 ipsismul-

22 2562 106 2608 tae
141 2559 418 2611 veritates
443 2561 554 2612 dici
579 2566 828 2626 possunt
863 2575 874 2610 :
909 2561 1058 2611 sicut
1079 2561 1152 2611 ab
1173 2573 1288 2611 uno
1319 2559 1458 2612 facie
1483 2561 1632 2613 mul-

19 2632 106 2680 tae
132 2629 195 2680 in
221 2632 471 2694 speculis
496 2633 776 2696 imagines
800 2635 1092 2696 apparent.

91 2700 145 2755 3.
172 2703 283 2754 Ubi
307 2708 499 2756 autem
517 2705 708 2756 deficit
732 2705 962 2763 veritas,
991 2703 1066 2754 ibi
1081 2715 1320 2754 necesse
1343 2707 1434 2755 est
1455 2705 1634 2756 abun-

21 2771 130 2823 det
169 2775 416 2826 vanitas.
471 2777 633 2827 Unde
675 2779 732 2827 et
768 2776 1028 2838 sequitur
1065 2792 1075 2822 :
1127 2775 1283 2823 Vana
1321 2775 1481 2824 locuti
1504 2781 1632 2825 sunt

21 2845 412 2908 unusquisque
429 2848 502 2896 ad
521 2848 839 2911 proximum
855 2860 1042 2896 suum:
1063 2845 1209 2894 labia
1225 2845 1423 2906 dolosa,
1435 2848 1497 2896 in
1514 2863 1630 2897 cor-

22 2915 88 2963 de
115 2921 161 2963 et
197 2917 352 2965 corde
381 2917 540 2968 locuti
555 2925 698 2971 sunt.
725 2918 1057 2970 Proximum
1081 2917 1188 2977 (Ex
1211 2917 1404 2980 eodem)
1429 2934 1626 2968 omnem

20 2986 326 3038 hominem
351 2992 574 3052 oportet
597 2990 862 3052 intelligi,
895 2991 1030 3051 quia
1053 3001 1224 3040 nemo
1248 2991 1334 3038 est
1356 3002 1485 3039 cum
1513 3003 1628 3053 quo

19 3059 104 3108 sit
141 3060 499 3122 operandum
531 3061 766 3112 malum.
794 3062 862 3112 Et
883 3059 1109 3111 dilectio
1142 3059 1388 3123 proximi
1407 3062 1628 3112 malum

19 3141 147 3178 non
189 3135 459 3192 operatur
505 3131 672 3196 (Rom.
720 3131 826 3190 13).
873 3131 1034 3192 Quod
1073 3130 1161 3181 his
1199 3131 1294 3190 ait,
1319 3130 1382 3178 in
1405 3132 1560 3180 corde
1581 3136 1626 3180 et

1741 1911 1903 1963 Multi
1932 1912 2086 1962 enim
2127 1911 2446 1974 praedicant
2490 1911 2790 1962 veritatem
2831 1923 2952 1961 non
2989 1913 3164 1971 caste,
3197 1910 3336 1974 quia

1737 1983 1994 2036 vendunt
2021 1982 2177 2034 illam
2201 1983 2378 2047 pretio
2407 1982 2884 2034 commoditatum
2915 1981 3094 2043 hujus
3113 1981 3331 2034 saeculi.

1733 2057 1816 2107 De
1828 2055 2040 2106 talibus
2056 2054 2194 2106 dicit
2211 2053 2814 2118 Apostolus,quoniam
2832 2052 3121 2104 Christum
3135 2068 3337 2102 annun-

1734 2127 1950 2178 ciarent
1971 2139 2088 2176 non
2123 2130 2279 2176 caste
2325 2126 2547 2190 (Philip.
2571 2125 2666 2186 1.).
2704 2126 2854 2175 Bene
2877 2125 3072 2176 autem
3095 2127 3333 2189 argento

1731 2197 1865 2259 igne
1888 2196 2218 2248 examinato
2241 2199 2662 2259 comparantur,
2677 2195 2814 2258 quia
2847 2194 2996 2246 sicut
3024 2200 3333 2259 argentum

1732 2269 2096 2319 examinatur
2119 2269 2268 2330 igne,
2284 2272 2350 2318 ut
2372 2279 2581 2328 purum
2611 2270 2669 2317 et
2693 2265 2909 2316 clarum
2927 2265 3028 2316 sit:
3063 2267 3143 2317 ita
3165 2267 3334 2318 nimi-

1731 2351 1861 2390 rum
1887 2339 1942 2388 di
1950 2339 2085 2389 vina
2099 2337 2327 2400 eloquia
2349 2337 2480 2399 igne
2509 2336 2701 2388 Sancti
2727 2337 2873 2388 Sunt
2887 2335 3124 2399 spiritus
3138 2339 3332 2385 exami-

1730 2413 1882 2462 nata.
1899 2409 2064 2461 Unde
2086 2409 2209 2471 ipse
2232 2408 2510 2459 Dominus
2534 2407 2630 2468 ait,
2653 2408 2843 2458 Verba
2868 2419 3000 2470 qum
3029 2419 3134 2468 ego
3153 2409 3331 2468 loquor

1729 2481 1912 2540 vobis,
1961 2479 2197 2544 spiritus
2244 2484 2302 2530 et
2345 2479 2464 2530 vita
2521 2480 2657 2528 sunt
2715 2477 2894 2542 (Joan.
2927 2475 3020 2540 6.).
3060 2479 3129 2528 Et
3177 2477 3331 2529 idem

1730 2551 2036 2602 Psalmista
2057 2549 2190 2600 alibi
2205 2549 2367 2608 dixit,
2385 2549 2634 2611 Ignitum
2656 2547 2948 2611 eloquium
2973 2550 3139 2598 tuum
3153 2547 3330 2600 vehe-

1729 2624 1950 2672 menter
1994 2621 2154 2682 (Psat.
2213 2620 2377 2682 118.).
2420 2621 2593 2670 Recte
2615 2623 2809 2670 autem
2835 2619 3140 2679 probatum
3160 2621 3331 2672 terrm

1729 2692 1974 2744 dicitur:
1998 2692 2132 2754 quia
2150 2691 2410 2743 divinum
2439 2690 2733 2754 eloquium
2758 2702 2792 2741 a
2814 2689 3084 2741 fidelibus
3111 2694 3331 2744 sancta

1728 2764 1998 2816 Ecclesia
2018 2769 2240 2815 rectum
2264 2767 2323 2815 et
2345 2775 2549 2814 verum
2573 2775 2695 2814 esse
2721 2763 3141 2825 comprobatur.
3167 2761 3330 2823 Quod

1727 2838 2035 2899 purgatum
2074 2839 2164 2886 est
2207 2835 2551 2898 septuplum,
2613 2845 2714 2896 per
2763 2833 3023 2884 timorem
3060 2831 3178 2894 Dei,
3229 2845 3332 2896 per

1723 2906 1992 2970 pietatem
2005 2946 2018 2961 .
2028 2922 2114 2966 per
2125 2905 2438 2964 scientiam,
2454 2920 2540 2966 per
2549 2903 3052 2964 fortitudinem,per
3059 2904 3327 2952 consilium

1723 2990 1824 3041 per
1859 2977 2233 3040 intellectum,
2263 2989 2364 3040 per
2397 2975 2736 3038 sapientiam
2768 2973 2911 3036 (Isai.
2945 2973 3070 3036 ‘11.).
3097 2975 3327 3038 Septem

1687 3101 1702 3114 ,
1726 3051 1865 3098 sunt
1885 3048 2056 3099 etiam
2083 3045 2456 3098 beatitudinis
2479 3045 2712 3108 gradus.
2733 3057 2881 3107 quos
2903 3043 2961 3094 in
2983 3043 3182 3096 eodem
3211 3056 3330 3096 ser-

1726 3131 1896 3169 mone
1919 3131 2091 3181 quem
2124 3117 2328 3168 habuit
2355 3117 2416 3168 in
2457 3121 2670 3178 monte,
2695 3114 2976 3166 Dominus
3000 3115 3326 3177 exequitur.

20 3185 594 3276 cordefdupleaéor
651 3185 956 3276 δίεηίθεῖῖι·
1006 3203 1088 3252 Ex
1126 3201 1218 3252 his
1254 3185 1390 3276 ένξξο
1437 3203 1625 3255 verbis
1655 3201 1704 3276 C
1729 3191 1885 3276 E9???
1911 3201 2185 3276 Palmm?
2214 3185 3325 3276 sp.i‘ii.“3;..BEa.“.Ti§?.§’feﬂ':i.‘}3‘ifﬁt?§'

20 3271 380 3333 ostenditur,
411 3273 557 3324 ﬁlios
579 3274 879 3324 hominum
906 3273 987 3324 ita
1009 3281 1138 3323 esse
1161 3285 1195 3322 a
1219 3272 1458 3324 veritate
1481 3275 1628 3322 dimi-

18 3355 105 3392 nu
114 3347 225 3399 tos,
245 3348 311 3394 ut
327 3345 562 3396 vanitati
579 3350 636 3396 et
657 3345 868 3408 duplici
886 3343 1117 3394 falsitati
1133 3343 1431 3395 studerent
1447 3344 1634 3396 deser-

20 3415 167 3465 vire.
183 3415 363 3478 Cujus
387 3417 658 3467 vanitatis
670 3415 1081 3478 dispersionem
1107 3417 1163 3465 et
1178 3413 1630 3468 destructionem

24 3499 130 3550 per
162 3485 480 3537 adventum
513 3487 722 3538 Christi
762 3487 1034 3546 futuram,
1067 3485 1280 3537 orando
1314 3489 1370 3537 et
1391 3488 1630 3552 prophe-

22 3555 210 3607 tando
234 3556 558 3621 denunciat,
583 3571 713 3608 cum
733 3557 1068 3622 subjungit:

90 3627 145 3680 4.
195 3629 485 3694 Dispcrdat
528 3629 795 3677 Dominus
845 3629 1102 3676 universa
1157 3626 1303 3676 labia
1351 3629 1552 3689 dolosa,
1583 3634 1630 3680 et

24 3701 285 3763 linguam
308 3701 740 3764 magniloquam.
761 3699 1041 3751 Universa
1063 3699 1200 3750 dicit
1215 3700 1322 3760 (Ea:
1333 3702 1638 3766 eodem),ne

23 3773 164 3836 quis
214 3782 274 3823 se
325 3775 629 3836 exceptum
679 3776 886 3835 putet:
932 3771 1084 3821 sicut
1109 3769 1188 3821 ait
1211 3773 1539 3834 Apostolus,
1563 3776 1628 3825 In

25 3857 265 3896 omnem
285 3845 540 3895 animam
555 3843 845 3908 operantis
861 3843 1078 3894 malum
1095 3842 1263 3904 (Rom.
1287 3841 1321 3896 2
1333 3881 1343 3892 .
1355 3845 1388 3906 ).
1408 3844 1628 3910 Lingua

23 3915 408 3980 magniloqua
452 3921 542 3968 est
574 3917 772 3980 lingua
816 3913 932 3965 alta
981 3919 1038 3964 et
1087 3915 1333 3977 superba
1364 3915 1626 3978 loquens.

23 4000 172 4049 Haec
219 4000 413 4047 autem
458 3997 632 4048 verba
664 3998 1001 4060 competunt
1047 3995 1328 4059 superbis,
1371 4009 1502 4059 quae
1535 4010 1627 4050 se-

25 4073 316 4132 quuntur,

87 4147 140 4191 .5.
167 4140 273 4198 Qui
296 4139 568 4190 dixerunt.
597 4139 869 4204 Linguam
892 4143 1132 4188 nostram
1154 4139 1627 4201 magniﬁcaibmus

23 4211 206 4263 Labia
227 4217 415 4260 nostra
437 4227 472 4259 a
495 4211 646 4260 nobis
675 4215 800 4259 sunt
825 4227 840 4259 :
864 4211 984 4274 quis
1017 4214 1194 4258 uoster
1216 4209 1484 4260 Dominus
1505 4219 1575 4262 est
1609 4229 1622 4266 :

25 4286 156 4334 Hoc
204 4283 424 4346 superbi
450 4283 665 4333 habent
696 4281 1006 4346 proprium,
1038 4284 1104 4332 ut
1126 4281 1472 4344 inquantum
1495 4298 1622 4348 pos-

24 4356 189 4413 sunt,
217 4353 431 4406 domini
453 4354 632 4405 videri
647 4356 946 4418 appetant:
973 4352 1292 4404 dominium
1320 4357 1624 4419 magistra-

27 4434 129 4478 tus
149 4438 319 4488 super
344 4437 405 4476 se
422 4425 766 4488 despiciant:
793 4424 1079 4488 mignifice
1103 4422 1411 4486 loquantur
1441 4441 1454 4476 :
1479 4429 1624 4487 quic-

27 4497 172 4562 quid
217 4510 286 4547 ex
321 4509 425 4547 suo
457 4511 631 4548 sensu
657 4498 971 4557 traxerunt,
995 4509 1067 4546 ex
1095 4498 1316 4546 tumore
1341 4498 1624 4560 superbia

25 4568 201 4634 quasi
225 4581 296 4619 ex
317 4568 533 4619 ratione
547 4568 869 4618 defendant.
884 4566 1212 4618 Cavendum
1227 4569 1312 4616 est
1327 4580 1460 4628 ergo
1479 4566 1626 4618 nobis

25 4618 246 4691 vitium
284 4618 647 4701 loquacitatis
693 4643 749 4690 et
782 4638 1085 4702 superbiae,
1126 4641 1183 4686 et
1209 4649 1280 4688 ne
1304 4618 1557 4702 hianuaa
1590 4652 1624 4691 a
1645 4618 1702 4692 D

26 4711 202 4764 nobis
228 4711 583 4774 proferimus,
606 4711 852 4762 velimus
878 4709 1236 4772 pertinaciter
1259 4721 1620 4771 permanere:

27 4797 106 4835 ne
134 4781 302 4845 (quod
332 4783 498 4844 absit)
525 4795 596 4834 ex
627 4794 823 4833 eorum
849 4793 1090 4830 numero
1115 4779 1317 4840 simus,
1345 4792 1492 4843 quos
1516 4796 1626 4841 pro-

25 4861 160 4920 pter
183 4853 515 4917 hujusmodi
539 4855 674 4905 vitia
706 4851 1036 4916 disperdidit
1059 4851 1354 4912 Dominus,
1389 4854 1630 4912 Superbia

25 4927 188 4978 enim
213 4924 604 4976 confusionem
629 4925 819 4984 habet,
849 4923 998 4973 sicut
1009 4923 1323 4974 econtrario
1337 4925 1627 4974 humilitas:

27 4995 460 5048 exaltationem.
495 4997 780 5058 Scriptum
799 4996 887 5045 est
909 4993 1375 5054 enim,Quoniam
1402 4995 1630 5053 superbis

28 5068 251 5120 resistit
272 5069 446 5130 Deus,
469 5067 782 5118 humilibus
817 5069 1009 5116 autem
1041 5063 1140 5115 dat
1165 5064 1404 5128 gratiam
1433 5063 1626 5128 (Jacob.

31 5141 127 5204 4.).
180 5138 340 5192 Unde
383 5152 538 5192 nunc
582 5151 654 5190 ex
689 5149 934 5202 persona
973 5135 1074 5188 Dei
1097 5135 1278 5187 Patris
1303 5135 1630 5199 subjectum

32 5218 127 5264 est
156 5225 170 5262 :

88 5284 152 5338 ’6.
187 5283 412 5346 Propter
443 5281 722 5330 miseriam
758 5281 1005 5344 inopum,
1039 5282 1084 5327 et
1127 5278 1388 5340 gemitum
1421 5291 1632 5340 paupe-

33 5370 163 5406 rum
187 5368 336 5402 nunc
354 5367 641 5415 amurgam,
667 5352 794 5400 dicit
823 5350 1107 5400 Dominus.
1134 5351 1260 5412 Ipse
1294 5348 1398 5410 (Ea:
1437 5348 1632 5410 Augu-

35 5428 195 5488 ςιὶηο)
226 5424 551 5476 misericors
577 5426 742 5476 Pater
764 5427 992 5486 propter
1013 5421 1212 5484 inopes
1241 5424 1298 5470 et
1331 5431 1630 5483 pauperes,

34 5501 87 5551 id
136 5502 244 5560 est,
267 5495 460 5558 inOpia
497 5500 553 5546 et
586 5497 914 5560 paupertate
941 5495 1220 5544 bonorum
1250 5489 1631 5560 spiritualium

32 5573 288 5636 egentes,
335 5566 542 5618 Filium
593 5559 764 5617 suum
804 5565 1074 5630 dignatus
1103 5567 1191 5636 est
1213 5562 1455 5636 mittere.
1493 5559 1632 5636 Inde

31 5633 230 5694 autem
250 5638 448 5702 incipit
466 5651 654 5690 sermo
669 5639 796 5700 ejus
819 5636 972 5700 apud
998 5635 1335 5687 Metthmum
1353 5633 1410 5682 in
1433 5635 1631 5682 monte

38 5724 173 5765 cum
204 5709 360 5770 dicit,
393 5709 548 5760 Beati
572 5721 851 5774 pauperes
876 5707 1096 5771 spiritu,
1115 5703 1630 5774 quoniamipsorum

33 5788 124 5836 est
149 5794 390 5846 regnum
411 5771 915 5844 cmloruthatth.
961 5777 1048 5842 5.).
1076 5776 1239 5828 Unde
1271 5778 1507 5826 secutus
1531 5771 1634 5824 ad-

1731 3261 1888 3312 Beati
1911 3260 2007 3324 qui
2033 3259 2296 3311 esuriunt
2318 3259 2375 3310 et
2391 3258 2595 3309 sitiunt
2613 3257 2918 3320 justitiam,
2935 3257 3091 3307 Beati
3115 3256 3330 3308 miseri-

1729 3333 1949 3394 cordes,
1975 3331 2135 3382 Beati
2159 3329 2377 3382 mundo
2401 3329 2594 3385 corde,
2617 3329 2774 3380 Beati
2795 3327 3016 3392 pacifici
3044 3327 3252 3391 (Matth.
3271 3324 3326 3380 5.

1729 3405 1854 3454 Luc.
1888 3403 1978 3466 6.).
2009 3405 2092 3454 De
2117 3402 2328 3464 quibus
2358 3405 2579 3464 septem
2621 3397 2925 3451 sententiis
2949 3403 3138 3450 totum
3160 3397 3324 3450 illum

1727 3486 2053 3526 sermonem
2102 3472 2388 3538 prolixum
2423 3471 2768 3535 productum
2795 3481 2924 3522 esse
2947 3467 3327 3520 animadverti

1726 3550 1934 3612 potest.
1959 3547 2106 3596 Nam
2129 3547 2350 3603 octava,
2367 3541 2699 3594 ubidictum
2715 3543 2824 3602 est,
2842 3539 3000 3591 Beati
3020 3539 3120 3602 qui
3134 3550 3328 3612 perse-

1727 3609 2013 3669 cutionem
2033 3615 2330 3680 patiuntur
2355 3617 2582 3678 propter
2599 3612 2902 3677 justitiam,
2924 3612 3115 3675 ipsum
3131 3609 3326 3674 ignem

1725 3687 2030 3752 signiﬁcat,
2072 3697 2188 3748 quo
2233 3684 2672 3750 septempliciter
2699 3683 2972 3748 probatur
2997 3685 3324 3752 argentum.

1726 3750 1873 3821 Quid
1909 3760 2101 3808 autem
2135 3755 2424 3807 adventus
2461 3754 2669 3806 Christi
2701 3766 2836 3805 cum
2861 3752 3187 3804 examinato
3207 3750 3326 3804 elo-

1724 3830 1858 3894 quio
1893 3826 2208 3892 perfecerit,
2234 3824 2576 3886 ostenditur,
2609 3837 2744 3876 cum
2769 3823 3122 3894 subintertur
3152 3837 3167 3874 :

1785 3899 1836 3954 8.
1881 3899 1958 3948 Tu
2007 3897 2256 3957 Domine,
2304 3896 2536 3946 servabis
2577 3910 2706 3954 nos,
2753 3899 2800 3943 et
2847 3893 3106 3942 custodias
3145 3907 3247 3942 nos
3289 3907 3325 3942 α

1723 3971 2063 4036 generatione
2085 3969 2186 4017 hac
2209 3968 2272 4016 in
2292 3973 2570 4018 aeternum.
2596 3967 2643 4017 A
2667 3963 3034 4028 generatione
3049 3962 3159 4014 hac
3170 3977 3324 4036 prava

1722 4031 1778 4093 et
1801 4052 2073 4106 perversa
2095 4052 2204 4090 nos
2229 4038 2532 4096 custodies,
2547 4049 2622 4088 ne
2645 4036 2763 4087 vita
2779 4047 2975 4086 eorum
2995 4031 3324 4106 etmoribus

1723 4101 2184 4175 corrumpamur:
2208 4113 2267 4160 et
2291 4107 2550 4160 servabis
2567 4119 2625 4158 1n
2648 4109 2949 4164 aeternum,
2967 4107 3033 4155 ut
3055 4107 3246 4175 tecum
3261 4101 3324 4154 in

1722 4174 2062 4250 perpetuum
2091 4181 2356 4232 laatemur
2393 4194 2406 4230 :
2435 4178 2530 4230 hic
2553 4191 2662 4230 nos
2685 4176 2982 4250 custodias
3002 4175 3112 4250 (Ea:
3131 4174 3325 4250 Augu-

1721 4242 1902 4320 itino),
1944 4260 2219 4317 tanquam
2263 4252 2463 4315 inopes
2500 4254 2559 4302 et
2600 4261 2913 4320 pauperes;
2948 4247 3026 4320 ibi
3063 4242 3324 4320 servabis

1724 4316 2000 4388 tanquam
2023 4316 2326 4387 opulentos
2350 4325 2407 4373 et
2427 4321 2657 4373 divites.
2681 4321 2824 4371 Haec
2847 4317 2920 4370 ad
2945 4317 3158 4369 electos
3173 4316 3324 4365 verba

1719 4399 1946 4448 tantum
1961 4394 2264 4458 pertinent.
2282 4395 2427 4445 Nam
2440 4391 2510 4444 de
2534 4390 2790 4456 reprobis
2814 4390 3192 4458 subjunctum
3215 4389 3324 4458 est,

1785 4467 1835 4521 9.
1862 4467 1927 4515 In
1952 4456 2181 4514 circuitu
2220 4465 2380 4526 impii
2409 4463 2691 4512 ambulant
2716 4481 2728 4519 ;
2754 4459 3050 4510 secundum
3085 4456 3326 4506 altitudi-

1722 4553 1848 4586 nem
1875 4541 2028 4585 tuam
2055 4534 2428 4598 multiplicasti
2454 4533 2594 4596 ﬁlios
2621 4532 2929 4581 hominum.
2955 4531 3108 4580 Bene
3130 4527 3192 4578 in
3214 4526 3326 4578 cir-

1731 4608 1891 4660 cuitu
1914 4606 2071 4670 impii
2093 4605 2386 4657 ambulare
2409 4603 2709 4655 dicuntur:
2738 4601 2875 4666 quia
2895 4599 2958 4651 in
2973 4599 3324 4670 temporalium

1733 4691 1921 4731 rerum
1945 4669 2254 4742 cupiditate
2277 4679 2558 4737 rotantur,
2585 4685 2716 4738 qum
2745 4676 2966 4736 septem
2991 4669 3210 4742 dierum
3231 4681 3326 4722 re-

1723 4751 1904 4816 petito
1927 4741 2184 4812 cireuitu,
2222 4751 2493 4810 tanquam
2510 4749 2637 4798 rota
2651 4743 2907 4797 volvitur
2932 4757 2945 4794 :
2972 4745 3030 4794 et
3052 4741 3181 4793 ideo
3203 4752 3325 4794 non

1727 4815 2070 4887 perveniunt
2087 4820 2148 4871 in
2170 4823 2458 4880 octavum,
2483 4817 2542 4869 id
2567 4821 2674 4876 est,
2688 4815 2749 4868 in
2773 4821 3190 4887 mternum,pro
3209 4823 3324 4876 quo

1725 4885 1836 4944 iste
1863 4891 2125 4942 Psalmus
2154 4889 2478 4942 intitulatus
2503 4892 2612 4940 est.
2637 4889 2722 4938 Ita
2744 4890 2801 4938 et
2823 4885 2977 4950 apud
3010 4887 3322 4934 Salomonem

1727 4963 1960 5014 dicitur:
1981 4960 2292 5012 ventilator
2306 4964 2397 5012 est
2419 4959 2574 5012 enim
2597 4971 2700 5011 rex
2723 4957 2972 5022 sapiens,
2994 4955 3318 5018 impiorum;

1729 5031 2068 5084 etimmittet
2092 5031 2204 5082 illis
2228 5035 2412 5082 rotam
2428 5029 2730 5082 malorum.
2752 5030 2854 5080 Est
2877 5029 2936 5078 et
2957 5027 3018 5076 in
3040 5026 3324 5087 tempora-

1727 5103 1879 5154 libus
1921 5101 2336 5164 multiplicatio,
2383 5113 2515 5164 qum
2548 5099 2756 5152 avertit
2797 5109 2832 5148 a
2872 5105 2891 5125 ·
2919 5093 3173 5164 hopitate
3199 5091 3320 5143 Dei.

1727 5173 1892 5226 Unde
1906 5159 2115 5236 corpus
2132 5172 2286 5234 quod
2301 5159 2681 5234 corrumpitur
2694 5159 3322 5236 aggravatssanimam

1729 5249 1786 5298 et
1813 5230 2076 5308 deprimit
2099 5230 2672 5294 terrenainhabitatio
2696 5230 2936 5290 sensum
2958 5230 3144 5308 multa
3165 5230 3324 5296 cogi-

1729 5303 1944 5368 tantem
1971 5314 2118 5382 (Sap.
2135 5311 2229 5374 9.).
2265 5311 2720 5382 Multiplicantur
2735 5313 2934 5382 autem
2947 5303 3324 5382 jus-tisecuni-

1728 5387 1866 5438 dum
1899 5373 2261 5434 altitudinem
2305 5373 2450 5443 Dei,‘
2463 5378 2694 5444 quando
2723 5378 2862 5430 eunt
2901 5375 2972 5428 de
3005 5373 3220 5427 virtute
3261 5373 3324 5422 in

1729 5458 2004 5510 virtutem
2029 5451 2188 5518 (Psal.
2223 5451 2348 5515 83.).

2059 5564 2425 5630 TlTULUS
2471 5561 2796 5629 PSALMI
2837 5558 2989 5624 XII.

1797 5711 1840 5756 1.
1875 5707 2071 5754 Titulus
2107 5705 2262 5762 hujus
2284 5701 2465 5762 psalmi
2484 5705 2573 5759 est,
2597 5698 2660 5770 In
2684 5699 2848 5762 ﬁnem
2847 5693 3112 5808 dpsalmus
3126 5687 3322 5742 David.

1797 5771 1996 5808 mainlns
2039 5766 2177 5808 dicit.
2214 5765 2349 5808 Finis
2385 5764 2510 5808 legis
2548 5764 2790 5808 Christus.
2816 5774 2846 5808 ο.
2909 5760 3156 5808 iustitiam
3183 5753 3322 5803 omni

1730 5753 1996 5830 Apostolus
2039 5753 2194 5822 dicit:
2213 5753 2349 5812 Finis
2385 5764 2510 5823 legis
2548 5753 2790 5824 Christus,
2816 5753 2884 5808 ad
2908 5757 3156 5819 justitiam
3183 5753 3325 5803 omni

107 5933 125 5953 ·
160 5917 414 5972 Rescribi
440 5917 636 5969 malim
661 5915 838 5980 juxta
851 5915 1152 5980 vulgatum
1187 5910 1591 5977 Augustinum,
1625 5907 1691 5960 ab
1713 5907 1936 5956 unitate.
