3890 6422
530 414 631 470 691

1598 406 1865 460 RUFINO
1896 401 2360 457 PRESBYTERO
2396 400 2773 452 ASCRIPTUS

3725 397 3828 451 692

524 526 748 577 credenti
765 524 934 589 (Rom.
958 524 1070 589 170.).
1095 522 1174 569 Illi
1190 521 1459 589 credimus,
1476 516 2113 589 quandoincipimusvia-m
2138 516 2194 589 Α
2220 512 2328 589 sibi
2352 511 2602 589 potuerit
2628 523 2725 589 per
2740 515 3038 589 peccatum
3058 509 3351 589 subjicere.
3369 507 3667 589 Gaudebit
3678 509 3829 589 enim

526 580 935 647 bonamin'gredi.
972 580 1139 643 Ipsum
1163 584 1469 647 videbimus,
1497 581 2032 647 cumipervenerimus.
2059 580 2115 624 Et

526 653 760 710 ideoipse
771 644 887 696 finis
910 650 1133 695 Psalmus
1152 645 1928 710 constitutusestadlaudandum
1948 644 2117 710 Deum.

529 716 584 762 Et
604 705 724 773 quia
747 713 799 758 in
825 712 906 757 his
929 709 1159 755 versibus
1180 708 1415 773 psallitur
1446 709 1542 753 Deo
1567 719 1578 754 :
1606 707 1845 773 ideoﬂnon
1874 705 2123 750 immerito

529 768 807 835 appellatur
834 773 1076 831 psalmus,
1106 775 1263 816 textus
1310 771 1464 835 hujus
1496 770 1676 835 operis.
1712 768 1935 835 Psalmus
1955 772 2121 835 autem

529 829 746 887 ei'motu
779 829 1049 893 digitorum
1075 837 1121 878 et
1143 832 1471 878 consonantia
1495 832 1632 877 vocis
1664 832 1849 876 solebat
1877 829 1981 875 fieri
2008 830 2123 893 Per-

530 890 988 955 cutiebatchordas,
1014 895 1273 941 resonabat
1296 907 1562 955 organum,
1579 897 1625 939 et
1648 906 1761 955 cum
1788 904 1972 947 organo
1993 890 2123 955 pari:

531 967 602 1009 ter
623 962 729 1020 ipse
755 960 902 1005 verba
927 952 1153 1003 cantabat
1175 956 1239 1016 (1.
1268 952 1452 1004 Parat.
1476 953 1589 1015 15.).
1616 956 1714 1020 Hoc
1727 952 2120 1020 significatquod

531 1025 583 1071 in
612 1013 757 1069 nobis
780 1032 1054 1067 consonare
1090 1013 1270 1064 debent
1298 1020 1427 1065 bona
1451 1013 1687 1076 operatio,
1716 1020 1761 1061 et
1786 1016 2022 1061 laudatio.
2050 1013 2120 1076 Ad

530 1088 623 1132 hoc
647 1098 739 1130 nos
763 1084 988 1129 hortatur
1004 1081 1111 1140 ipse
1133 1081 1377 1138 psalmus,
1405 1075 1496 1137 qui
1512 1078 1807 1125 inscribitur
1832 1079 2005 1134 David,
2034 1075 2124 1140 qui

530 1159 795 1207 personam
831 1148 960 1190 tenet
988 1138 1221 1207 Ecclesia;
1264 1143 1345 1207 vel
1374 1144 1737 1207 cujuscumque
1762 1142 1988 1199 perfectze
2010 1138 2126 1183 ani-

531 1204 641 1256 mai.
667 1208 823 1267 Igitur
844 1207 923 1252 vir
938 1210 1139 1252 sanctus
1156 1205 1372 1251 intendit
1388 1204 1440 1250 in
1462 1205 1567 1267 hoc,
1586 1205 1783 1267 psalmo
1807 1217 1898 1248 nos
1918 1214 2128 1267 commo-

532 1284 670 1329 nere,
694 1265 753 1317 ut
771 1270 929 1326 hujus
944 1268 1086 1314 exilii
1109 1268 1239 1312 mala
1261 1280 1354 1313 suo
1378 1266 1626 1324 exemplo,
1652 1266 1888 1329 continue
1907 1265 2121 1329 deplore:

532 1346 665 1388 mus,
691 1335 737 1378 et
759 1332 821 1377 ad
838 1332 1084 1377 visionem
1111 1330 1321 1375 caelestis
1339 1329 1511 1385 gloriae
1535 1329 1766 1374 ardenter
1804 1328 2127 1373 anhelamus-

532 1400 578 1443 et
609 1406 828 1453 oremus,
853 1406 915 1440 ne
944 1394 999 1439 in
1029 1391 1279 1437 mortifera
1309 1395 1507 1448 peccata
1535 1403 1843 1453 corruamus,
1870 1393 1915 1435 et
1940 1402 2001 1434 ne
2025 1388 2128 1431 dia-

536 1458 648 1504 bolo
672 1452 833 1513 nobis’,
858 1454 1136 1500 insultandi
1162 1454 1471 1498 occasionem
1501 1453 1677 1498 demus
1702 1467 1712 1497 :
1740 1452 1867 1497 etde
1892 1453 1981 1496 hac
2006 1462 2129 1495 con-

534 1519 731 1575 stantia,
766 1530 867 1563 non
891 1516 1054 1567 nobis,
1080 1516 1164 1561 sed
1186 1516 1279 1561 Deo
1304 1515 1486 1571 gratias
1510 1516 1796 1560 referamus.
1825 1515 1879 1559 In
1901 1515 1997 1558 line
2009 1525 2129 1575 quo-

531 1593 630 1640 que
652 1574 868 1626 ostendit
886 1592 938 1624 se
976 1578 1028 1623 in
1054 1578 1262 1623 Domino
1282 1578 1427 1623 corde
1449 1578 1691 1636 exultare,
1729 1580 1775 1621 et
1807 1574 2128 1640 eiglaudaudo

533 1638 581 1690 et
603 1643 729 1689 bene
748 1640 969 1688 vivendo
992 1644 1193 1687 cantare
1223 1648 1270 1685 et
1288 1640 1518 1698 psallere.
1552 1641 1667 1687 Orat
1689 1652 1806 1697 ergo
1829 1638 1901 1684 sic
1926 1650 1938 1686 :

1038 1769 1439 1834 PSALMUS
1468 1769 1623 1833 XII.

597 1895 650 1951 2.
685 1893 1651 1959 Usquequo,Domine,obliviscerisme
1666 1894 1723 1942 in
1736 1895 1923 1956 ﬁnem?
1940 1908 2133 1956 usque-
2159 1882 2215 1956 B

537 1982 644 2033 quo
672 1967 869 2016 avertis
893 1966 1087 2029 faciem
1112 1970 1263 2013 tuam
1288 1981 1323 2013 a
1342 1980 1425 2013 me
1449 1969 1473 2017 .9
1496 1965 1653 2015 Sicut
1676 1966 1779 2028 (Ea:
1800 1965 2126 2027 Augustino)

538 2051 657 2091 non
678 2036 1035 2089 obliviscitur
1062 2037 1237 2098 Deus,
1273 2036 1355 2087 sic
1378 2049 1484 2087 nec
1513 2036 1715 2086 faciem
1742 2048 1905 2086 suam
1935 2038 2128 2086 avertit.

539 2109 649 2162 Sed
672 2122 827 2169 more
843 2113 1040 2159 nostro
1065 2108 1383 2170 Sscriptura
1396 2107 1664 2170 loquitur.
1693 2108 1865 2167 Quasi
1890 2120 1995 2157 nos
2012 2108 2135 2155 obli-

538 2181 781 2234 viscitur
822 2181 999 2242 Deus,
1039 2191 1170 2229 cum
1204 2178 1263 2228 in
1296 2178 1407 2228 hac
1436 2178 1886 2242 peregrinatione
1904 2178 2003 2228 diu
2027 2189 2134 2226 nos

538 2250 814 2317 permittit
832 2250 1105 2301 laborare.
1132 2249 1305 2309 Quasi
1328 2249 1529 2300 faciem
1560 2262 1724 2300 suam
1749 2249 1974 2308 avertit,
2003 2259 2136 2298 cum

537 2336 573 2376 a
594 2323 762 2376 nobis
785 2321 1309 2373 manifestationem
1324 2333 1458 2385 suae
1476 2321 1714 2371 visionis
1732 2320 2052 2372 abscondit.
2072 2320 2138 2369 In

538 2395 630 2447 his
646 2406 780 2457 ergo
814 2393 1006 2445 verbis
1029 2392 1145 2443 duo
1170 2391 1337 2443 nobis
1365 2392 1738 2443 insinuantur
1760 2403 1969 2453 genera
1992 2402 2141 2441 com-

538 2464 883 2531 punctionis.
918 2465 1129 2525 Unum,
1156 2474 1269 2524 quo
1307 2462 1516 2513 deﬂere
1541 2462 1822 2513 debemus
1844 2461 2140 2512 miseriam

538 2536 600 2588 in
632 2547 748 2599 qua
769 2546 993 2585 sumus.
1013 2532 1200 2592 Aliud,
1215 2545 1329 2595 quo
1353 2533 1630 2584 debemus
1649 2532 1833 2583 ﬂendo
1854 2532 2141 2595 suspirare

540 2605 615 2658 ad
638 2604 887 2657 caelestis
913 2602 1114 2668 patriae
1146 2601 1404 2666 gloriam,
1429 2603 1489 2653 in
1514 2615 1626 2666 qua
1647 2616 1766 2653 non
1793 2616 2015 2653 sumus.

606 2674 663 2730 3.
687 2674 816 2726 Alia
830 2686 1052 2737 quoque
1061 2674 1520 2737 compunctionis
1530 2686 1739 2737 genera
1752 2674 2146 2725 demonstran-

546 2750 659 2808 tur,
694 2758 827 2797 cum
863 2744 1261 2809 subjungitur:
1306 2744 1565 2803 Quandiu
1598 2759 1803 2809 ponam
1828 2745 2060 2795 consilia
2084 2746 2146 2793 in

546 2817 744 2867 anima
781 2831 920 2877 mea,
967 2814 1204 2865 dolorem
1243 2815 1306 2863 in
1347 2815 1502 2864 corde
1550 2830 1665 2864 meo
1703 2831 1801 2879 per
1824 2816 2005 2864 diem?
2046 2816 2148 2865 Per

547 2888 708 2946 diem,
734 2885 1225 2939 continuationem
1244 2885 1549 2948 signiﬁcat.
1568 2885 2014 2937 Consilioautem
2030 2899 2148 2937 non

548 2972 691 3024 opus
707 2963 814 3022 est,
842 2958 955 3009 nisi
989 2959 1048 3009 in
1081 2957 1360 3009 adversis.
1402 2958 1717 3009 Consilium
1753 2958 1812 3009 in
1834 2959 2027 3009 anima
2049 2970 2151 3021 per

549 3030 699 3081 diem
723 3042 949 3093 ponere,
976 3033 1066 3080 est
1078 3029 1483 3092 suggestiones
1508 3031 1806 3093 etpeccata
1818 3029 2030 3093 quibus
2047 3044 2151 3077 cor-

550 3101 833 3166 rumpitur
865 3101 1077 3163 anima,
1104 3100 1345 3152 sollicite
1370 3102 1425 3151 et
1449 3100 1718 3152 continue
1742 3100 2056 3164 praevidere
2081 3107 2151 3148 at-

550 3185 661 3236 que
685 3184 909 3225 cavere.
936 3172 1246 3223 Consilium
1257 3172 1319 3223 in
1339 3171 1533 3223 anima
1559 3184 1664 3223 sua
1686 3173 1953 3235 ponebat,
1974 3172 2065 3233 qui
2081 3174 2156 3220 di-

550 3243 757 3295 debat:
792 3245 858 3294 In
895 3243 1066 3294 corde
1088 3256 1218 3295 meo
1255 3243 1534 3299 abscondi
1557 3243 1782 3305 eloquia
1805 3247 1921 3302 tua,
1945 3247 2011 3293 ut
2039 3255 2153 3294 non

626 3324 786 3364 ccem
814 3313 916 3363 tibi
940 3314 1108 3376 (Psal.
1136 3310 1300 3374 118.).
1329 3313 1592 3364 Dolorem
1618 3326 1753 3364 vero
1779 3313 1837 3364 in
1858 3313 2028 3363 corde
2054 3326 2155 3376 per

594 3375 708 3426 iem
729 3375 1057 3427 habere'est
1080 3375 1151 3427 de
1177 3376 1512 3439 perpetratis
1548 3376 1718 3426 malis
1744 3376 2016 3427 continuo
2046 3375 2152 3427 do-

553 3445 671 3498 lore
716 3458 814 3497 cor
850 3446 1089 3497 afﬁcere.
1136 3444 1372 3509 Oportet
1414 3458 1569 3509 ergo,
1614 3450 1681 3497 ut
1709 3446 1769 3496 in
1812 3446 1922 3497 hoc
1954 3451 2153 3497 nostro

556 3514 795 3567 consilio
811 3520 867 3567 et
879 3516 1071 3568 dolore
1088 3514 1432 3580 plangamus
1450 3516 1752 3579 praaterita,
1777 3521 1834 3568 et
1846 3528 2154 3568 caveamus

554 3591 769 3643 futura.
811 3587 919 3639 Sed
963 3587 1098 3650 quia
1141 3586 1269 3638 hinc
1307 3587 1479 3638 nobis
1523 3586 1848 3639 colluctatio
1874 3588 2155 3641 adversus

561 3656 878 3723 spiritualia
899 3658 1173 3722 nequitia
1200 3658 1412 3723 (Ephes.
1441 3657 1509 3723 6.)
1533 3672 1546 3709 :
1566 3664 1624 3710 et
1639 3672 1844 3723 corpus
1857 3661 2012 3723 quod
2037 3673 2155 3712 cor-

559 3728 864 3793 rummtur;
911 3733 1189 3793 aggravet
1212 3729 1467 3781 animam
1504 3744 1518 3780 :
1547 3735 1604 3782 et
1636 3731 1903 3794 deprimit
1933 3736 2159 3783 terrena

560 3799 900 3851 inhabitatio
918 3813 1153 3851 sensum
1178 3800 1362 3852 multa
1387 3801 1733 3864 cogitantem
1754 3803 1899 3866 (Sap.
1927 3802 2025 3865 9.):
2050 3802 2158 3854 hos

560 3870 825 3922 inimicos
837 3872 1033 3923 anima
1064 3871 1301 3923 intuens
1326 3876 1383 3923 et
1406 3884 1645 3936 gemens
1672 3874 1987 3937 subjungit.

623 3942 675 3997 4.
706 3943 988 4008 Usquequo
1018 3943 1347 3993 exaltabitur
1379 3944 1640 3994 inimicus
1672 3960 1822 3994 meus
1852 3960 2015 4009 super
2040 3947 2162 3996 me?

564 4013 796 4066 Totiens
823 4015 1108 4067 exaltatur
1125 4027 1297 4079 super
1311 4028 1419 4066 nos
1448 4015 1737 4079 inimicus,
1756 4015 2024 4079 quotiens
2041 4028 2165 4079 pec-

564 4097 691 4137 care
702 4086 1117 4138 convincimur.
1136 4086 1287 4137 Dicit
1302 4086 1633 4151 Apostolus,
1670 4084 1723 4153 6
1734 4085 1782 4153 ο
1791 4087 1969 4139 Video
1992 4087 2164 4138 aliam

563 4155 749 4220 legem
774 4157 834 4209 in
869 4157 1146 4210 membris
1167 4158 1333 4220 meis,
1360 4161 1778 4221 repugnantem
1812 4158 1924 4219 legi
1953 4158 2164 4209 mentis

564 4237 732 4291 mem,
746 4229 804 4279 et
819 4228 1109 4290 captivum
1122 4240 1211 4278 me
1223 4228 1529 4279 ducentem
1544 4229 1603 4279 in
1619 4228 1743 4290 lege
1767 4228 2004 4291 peccati,
2032 4240 2165 4291 quae

564 4297 736 4348 estin
772 4298 1047 4350 membris
1076 4298 1223 4350 meis
1262 4298 1429 4360 (Rom.
1468 4298 1537 4361 7.)
1570 4298 1737 4350 :hazc
1770 4299 1843 4349 ad
1868 4299 2168 4350 exaltatio-

563 4380 698 4419 nem
724 4368 1009 4432 pertinent
1032 4368 1262 4421 inimici.
1290 4369 1453 4420 Unde
1477 4369 1631 4420 idem
1654 4381 1894 4431 gemens
1919 4373 2164 4430 adjungil,

2218 584 2483 648 princeps
2506 584 2886 646 tenebrarum,
2906 582 3030 631 siin
3048 582 3216 632 nobis
3233 581 3477 644 potuerit
3492 581 3831 644 perturbare

2220 653 2579 705 rectitudinis
2604 657 2843 702 statum.
2869 652 3030 703 Unde
3055 660 3111 702 et
3137 651 3440 713 subjungit
3467 668 3477 697 :

2268 725 2335 787 ¹7.
2381 724 2485 782 Qui
2538 724 2797 771 lribulant
2834 738 2934 781 me,
2972 722 3285 771 exultabant
3318 722 3363 770 si
3407 726 3593 769 motus
3642 718 3826 782 fuero:

2221 811 2312 859 ego
2337 801 2517 843 autem
2540 796 2597 841 in
2624 795 3001 843 miseriCOrdia
3031 800 3125 841 tua
3147 795 3376 856 speravi.
3422 792 3515 843 Ad
3541 792 3658 843 hoc
3681 792 3833 841 enim

2222 878 2330 917 nos
2354 864 2649 926 tribulant,
2677 866 2747 916 ad
2772 866 2881 916 hoc
2905 865 3225 915 innumeris
3246 863 3838 914 tribulationibust‘re-

2223 940 2464 1001 quenter
2485 936 2825 999 inquietant,
2851 941 2973 987 uta
2996 937 3151 986 statu
3185 935 3548 986 rectitudinis
3573 946 3687 984 nos
3716 934 3837 982 suis

2225 1008 2721 1074 pertubationibus
2747 1011 3077 1059 amoveant.
3097 1009 3159 1057 In
3176 1006 3255 1057 hu
3258 1006 3516 1070 jusmodi
3533 1018 3678 1068 ergo
3696 1005 3841 1067 peri-

2225 1080 2369 1132 culis
2393 1079 2708 1133 constituti.
2727 1092 2834 1129 nec
2859 1078 3137 1129 debemus
3158 1078 3479 1141 desperare,
3495 1089 3603 1126 nec
3630 1088 3840 1126 rursus

2225 1152 2298 1203 de
2321 1150 2535 1202 nostris
2562 1150 2782 1201 viribus
2807 1162 3175 1213 praesumere.
3197 1149 3303 1199 Sed
3326 1152 3445 1200 tota
3472 1161 3610 1211 spes
3634 1153 3842 1197 nostra

2224 1224 2285 1274 in
2317 1223 2501 1287 ipsius
2545 1220 2769 1283 figenda
2796 1224 2885 1272 est
2916 1220 3325 1282 misericordia,
3369 1220 3468 1283 qui
3500 1220 3703 1283 potest
3733 1230 3842 1268 nos

2226 1299 2284 1346 et
2302 1292 2740 1355 illuminare,ne
2772 1305 3028 1344 erremus
3057 1303 3071 1346 :
3101 1296 3157 1343 et
3177 1291 3460 1351 roborare,
3501 1294 3570 1341 ut
3591 1288 3842 1340 ﬁrmiter

2226 1368 2467 1416 stemus.

2288 1435 2340 1489 8.
2368 1439 2435 1486 Et
2459 1435 2592 1498 quia
2629 1446 2763 1497 spes
2786 1434 2847 1483 in
2870 1434 2987 1484 Deo
3031 1432 3291 1484 laetitiam
3323 1431 3515 1483 cordis
3559 1435 3834 1495 generat,

2226 1511 2381 1558 recte
2407 1507 2698 1557 snbditur:
2738 1505 3019 1553 Exultabit
3051 1519 3142 1553 cor
3166 1518 3341 1552 meum
3363 1504 3423 1550 in.
3444 1502 3691 1551 salutari
3720 1509 3839 1551 tuo:

2227 1577 2451 1627 cantabo
2476 1577 2839 1638 Domino,qui
2868 1575 3005 1623 bona
3030 1575 3213 1623 tribuit
3230 1575 3387 1633 mihi,
3405 1580 3451 1622 et
3474 1573 3729 1637 psallam
3758 1588 3840 1619 no-

2228 1650 2371 1697 mini
2412 1649 2629 1698 Domini
2656 1647 2927 1697 altissimi.
2960 1646 3091 1697 Tria
3113 1646 3203 1696 hic
3226 1646 3394 1696 nobis
3417 1644 3805 1695 commendat
3830 1660 3841 1691 :

2228 1720 2453 1771 exultat
2476 1718 2669 1769 corde:
2700 1722 2897 1769 cantat
2920 1730 3095 1769 voce:
3117 1716 3311 1780 psallit
3330 1728 3519 1779 opere.
3542 1716 3626 1765 Ex
3645 1716 3842 1774 quibus

2230 1791 2425 1842 verbis
2438 1790 2604 1841 nobis
2623 1790 2881 1840 innuitur
2894 1788 3159 1852 perfectio
3175 1787 3608 1839 divinaalaudis.
3629 1788 3689 1835 Si
3707 1788 3839 1834 enim

2233 1862 2544 1913 Dominum
2578 1862 2762 1911 Deum
2792 1865 3058 1911 nostrum
3088 1872 3225 1922 pure
3250 1862 3309 1909 et
3329 1858 3577 1921 perfecte
3601 1857 3842 1908 laudare

2236 1932 2521 1996 cupimus,
2552 1936 2739 1982 totum
2764 1931 2920 1994 quod
2942 1931 3003 1981 in
3034 1931 3201 1981 nobis
3225 1934 3333 1989 est,
3353 1928 3426 1979 ad
3450 1930 3581 1991 ejus
3604 1927 3840 1978 laudem

2228 2005 2434 2057 referre
2446 2004 2745 2065 debemus,
2766 2005 2831 2053 ut
2854 2007 3064 2053 cuncta
3092 2008 3291 2051 nostra
3316 2000 3375 2049 in
3401 2002 3528 2062 ejus
3552 1998 3742 2049 laude
3765 2011 3843 2049 re-

2232 2079 2441 2127 sonent
2464 2090 2477 2125 :
2500 2075 2713 2125 scilicet
2737 2075 2873 2135 vita,
2900 2073 3112 2135 lingua,
3130 2072 3482 2123 conscientia
3508 2086 3520 2121 :
3546 2075 3681 2121 tum
3713 2071 3843 2133 quia

2232 2160 2332 2210 per
2361 2146 2609 2195 salutare
2640 2157 2830 2204 suum,
2874 2144 2931 2195 id
2968 2149 3076 2201 est,
3109 2143 3417 2202 Christum,
3448 2154 3559 2192 nos
3610 2141 3844 2192 salvat:

2235 2222 2359 2269 tum
2383 2218 2519 2279 quia
2543 2216 2709 2267 nobis
2736 2217 2880 2265 bona
2904 2214 3237 2278 temporalia
3252 2218 3308 2264 et
3331 2212 3847 2276 spiritualiainces-

2238 2294 2429 2339 santer
2458 2292 2720 2350 praestat:
2750 2290 2870 2336 tum
2916 2287 3050 2349 quia
3092 2297 3304 2336 nomen
3338 2284 3463 2347 ejus
3497 2288 3590 2334 est
3625 2282 3843 2334 altissi-

2236 2371 2419 2410 mum.
2447 2359 2588 2419 Quia
2618 2358 2773 2408 enim
2816 2357 3077 2407 altiorem
3122 2361 3179 2406 et
3212 2354 3506 2405 meliorem
3534 2356 3846 2404 Dominum

2236 2430 2493 2481 invenire
2534 2442 2651 2479 non
2700 2440 3035 2492 possumus,
3076 2428 3305 2489 justum
3356 2431 3465 2485 est,
3510 2430 3579 2476 ut
3636 2425 3845 2487 inejus

2237 2502 2423 2563 laude,
2450 2513 2664 2563 amore,
2690 2500 2923 2551 servitio
2946 2510 3402 2563 perseveremus.
3483 2557 3491 2562 ⁷

2560 2632 2925 2697 TITULUS
2965 2631 3286 2696 PSALMI
3329 2630 3517 2693 XIII.

2317 2776 2359 2821 1,
2396 2770 2577 2816 Psalmi
2602 2770 2756 2827 hujus
2780 2769 2955 2816 titulus
2977 2773 3049 2814 est
3072 2769 3204 2814 idem
3221 2766 3308 2825 qui
3328 2767 3583 2825 superius.
3617 2768 3738 2826 Agit
3763 2781 3845 2812 au-

2248 2840 2343 2881 tem
2368 2834 2426 2879 de
2449 2845 2613 2879 errore
2636 2833 2886 2891 Gentium,
2917 2836 2963 2877 et
2995 2832 3054 2876 de
3085 2831 3375 2877 inﬁdelitate
3405 2830 3743 2891 Judazorum.
3764 2831 3841 2888 qui

2250 2897 2514 2944 Dominum
2536 2896 2787 2941 Christum
2806 2889 2957 2939 Deum
2974 2907 3078 2939 esse
3102 2897 3407 2951 negaverunt
3432 2891 3621 2951 (Joan.
3653 2889 3779 2951 19.):
3807 2900 3843 2936 et

2248 2960 2360 3007 ideo
2397 2958 2493 3015 ipsi
2538 2970 2625 3015 per
2660 2970 2875 3002 errorem
2901 2961 2948 3002 et
2982 2969 3177 3002 morum
3208 2956 3495 3013 pravitatem
3523 2957 3773 3013 corrupti.
3806 2964 3842 2999 et

2249 3030 2456 3076 inutiles
2480 3028 2613 3085 facti,
2650 3028 2776 3073 alios
2804 3040 3004 3085 quoque
3036 3040 3203 3073 secum
3351 3038 3681 3083 corrumpere
3706 3034 3841 3083 atque

2250 3102 2312 3147 ad
2336 3112 2549 3145 errorem
2569 3112 2715 3144 suum
2733 3099 2978 3144 adducere
3010 3098 3169 3143 conati
3197 3104 3330 3146 sunt.
3357 3096 3558 3155 Quibus
3581 3110 3614 3141 a
3640 3098 3840 3142 Domino

2254 3162 2545 3221 reprobatis,
2572 3161 2625 3205 in
2658 3161 3115 3217 generationejusta
3134 3161 3351 3205 habitare
3365 3172 3415 3203 se
3428 3159 3683 3219 perhibet,
3709 3166 3840 3217 atque

2254 3227 2314 3273 de
2343 3226 2460 3270 Sion
2478 3223 2667 3269 mittere
2685 3224 2907 3282 Salutare
2938 3236 3106 3282 suum,
3126 3227 3177 3267 ut
3210 3222 3401 3280 plebem
3419 3234 3565 3267 suam
3594 3235 3694 3267 con
3706 3230 3839 3266 vertat

2180 3291 2225 3364 C
2251 3302 2280 3364 ει
2303 3286 2619 3364 captivitate:
2647 3292 2697 3331 ut
2734 3279 2796 3364 in,
2825 3299 2881 3331 eo
2904 3279 3102 3364 exultet
3120 3279 3266 3330 Jacob
3295 3283 3566 3364 etAIzet‘etu‘r
3592 3285 3769 3364 Israel.
3800 3286 3842 3328 Et

2254 3349 2831 3405 htecitleonobisscripta
2856 3352 2988 3407 sunt,
3029 3351 3083 3393 ut
3106 3360 3275 3392 eorum
3294 3347 3610 3392 attendentes
3637 3348 3842 3392 damna-

2248 3414 2453 3472 tionem,
2500 3417 2544 3456 ot
2571 3412 2790 3456 ﬁdelium
2818 3411 3026 3455 salutem
3052 3423 3064 3457 :
3092 3410 3205 3455 illos
3233 3412 3476 3472 caventes,
3502 3412 3551 3472 et
3578 3409 3711 3454 istos
3737 3410 3844 3454 imi-

2250 3471 2819 3532 tantes,permaneamus
2854 3472 2907 3517 in
2935 3473 3030 3518 [ide
3065 3471 3261 3517 Domini
3284 3473 3414 3527 Jesu,
3452 3471 3543 3529 qui
3577 3479 3657 3516 est
3682 3473 3843 3516 finise:

2250 3550 2437 3583 merces
2480 3540 2673 3581 nostra:
2716 3535 2777 3580 ad
2823 3547 2970 3592 quem
3015 3547 3129 3580 cum
3175 3534 3477 3594 venerimus,
3517 3532 3846 3591 Spiritualiter

2252 3599 2367 3645 facti
2384 3598 2531 3643 Jacob
2556 3602 2704 3655 atque
2736 3597 2902 3650 Israel,
2941 3595 2992 3641 iu
3016 3610 3072 3642 eo
3096 3596 3305 3654 perfecte
3350 3595 3715 3654 gaudebimus.
3748 3597 3844 3641 Haec

2253 3666 2324 3707 est
2366 3660 2548 3718 psalmi
2582 3662 2733 3718 hujus
2762 3658 2992 3720 intentio,
3015 3662 3164 3717 atque
3190 3659 3399 3706 utilitas.
3425 3657 3631 3705 Materia
3656 3662 3735 3704 est
3756 3660 3845 3717 ipse

2254 3722 2522 3781 insipiens.

2735 3806 3135 3871 PSALMUS
3176 3806 3362 3870 XIII.

2319 3941 2369 3996 2.
2417 3942 2571 3991 Dixit
2624 3941 2889 4005 insipiens
2926 3942 2988 3990 in
3032 3941 3188 3990 corde
3229 3956 3344 4001 suo,
3401 3941 3527 3990 Non
3575 3946 3655 3989 est
3708 3941 3845 3989 Deus.

2259 4014 2499 4066 Gentilis
2523 4014 2769 4077 populus
2787 4018 2978 4077 potest
2993 4013 3253 4076 intelligi,
3278 4012 3451 4075 quiin
3476 4017 3760 4063 tantuma
3776 4026 3848 4058 na-

2263 4085 2429 4137 turali
2450 4085 2575 4147 lege
2600 4098 2775 4147 quam
2804 4090 3101 4148 acceperat
3129 4084 3393 4148 desipuit,
3427 4083 3585 4145 quod
3608 4083 3805 4147 ipsum
3825 4093 3850 4129 εί

2262 4169 2375 4219 quo
2399 4160 2628 4207 creatus
2658 4159 2749 4207 est
2772 4156 3082 4207 Dominum
3105 4168 3235 4207 esse
3258 4169 3373 4206 non
3406 4154 3671 4205 credidit.
3710 4152 3847 4206 Unde

2263 4227 2574 4291 Apostolus
2596 4226 2677 4277 ait
2711 4240 2722 4276 :
2760 4228 3129 4278 Mutaverunt
3153 4226 3389 4289 gloriam
3413 4224 3848 4288 incorruptibilis

2262 4298 2366 4349 Dei
2388 4298 2446 4347 in
2468 4298 2779 4360 imaginem
2796 4298 3178 4361 corruptibilis
3194 4297 3440 4347 hominis
3456 4301 3511 4347 et
3529 4295 3847 4347 volucrum.

2263 4372 2320 4420 et
2338 4368 2867 4433 quadrupedum,et
2911 4370 3263 4432 serpentium
3298 4369 3466 4429 (Rom.
3508 4367 3601 4428 1.).
3628 4368 3849 4430 Propter

562 4439 764 4491 Infelix
788 4453 892 4504 ego
908 4440 1100 4504 homo,
1116 4440 1247 4503 quis
1270 4451 1365 4490 me
1388 4440 1654 4491 liberabit
1676 4440 1746 4489 de
1773 4453 2000 4504 corpore
2023 4453 2170 4491 mor-
2266 4440 2420 4504 quod
2446 4445 2502 4489 et
2529 4439 2872 4490 tradiditeos
2886 4441 3107 4491 Deusin
3129 4440 3426 4504 passiones
3443 4438 3849 4500 ignominiaeui

564 4508 639 4561 tis
661 4510 839 4575 hujus
864 4515 887 4561 Ρ
912 4512 1019 4563 Sed
1066 4512 1206 4574 quid
1255 4511 1514 4575 sequitur
1536 4514 1560 4561 P
1599 4511 1790 4563 Gratia
1823 4512 1925 4563 Dei
1949 4525 2049 4576 per
2070 4513 2168 4563 Je-

563 4593 697 4633 sum
722 4582 1011 4633 Christum
1038 4582 1295 4645 (Ibidem).

2266 4510 2628 4562 contumeliis
2642 4511 2933 4562 atllccrent
2948 4524 3183 4575 corpora
3196 4512 3370 4562 suain
3383 4509 3742 4574 semetipsis.
3761 4514 3851 4565 Qui-

2258 4584 2371 4634 bus
2386 4582 2579 4632 verbis
2595 4583 2945 4634 concordant
2962 4584 3134 4635 verba
3147 4595 3275 4646 quae
3293 4586 3618 4644 sequuntur
3642 4599 3655 4629 :
3678 4583 3851 4632 Corru-

625 4649 678 4704 5.
705 4652 866 4745 11ch
878 4654 1121 4745 gratiam
1142 4654 1406 4745 implorat
1436 4654 1563 4713 iste,
1590 4665 1720 4745 curm
1744 4653 1880 4735 dicit
1898 4669 1909 4705 :
1927 4654 2154 4745 Respice,
2187 4672 2244 4745 D
2264 4654 2342 4717 pli
2358 4658 2501 4733 sunt,
2512 4659 2564 4745 ft
2581 4653 2963 4745 abomlinabites
2990 4656 3121 4717 facti
3150 4661 3275 4703 sunt
3292 4656 3347 4702 in
3378 4654 3572 4745 studiis
3589 4654 3847 4745 misum

564 4727 610 4771 et
632 4724 836 4772 exaudi
878 4739 979 4783 me,
1013 4725 1243 4774 Domine
1286 4726 1426 4774 Deus
1446 4739 1612 4775 meus.
1636 4726 1871 4788 Respice,
1888 4771 1898 4778 ,
1918 4726 2161 4777 refertur

569 4792 674 4856 (Ea:
700 4794 1021 4859 Augustino)
1064 4796 1137 4846 ad
1174 4796 1233 4847 id
1259 4797 1413 4859 quod
1450 4796 1677 4847 dictum
1707 4801 1814 4858 est,
1852 4798 2166 4860 Usquequo

565 4865 779 4916 avertis
810 4866 1009 4917 faciem
1046 4871 1200 4918 tuam
1230 4880 1264 4918 a
1297 4881 1388 4919 me
1411 4871 1437 4919 ?
1464 4869 1708 4927 Exaudi,
1743 4869 1987 4920 refertur
2010 4869 2083 4919 ad
2107 4868 2165 4920 id

566 4936 721 4999 quod
732 4936 952 4988 dictum
966 4942 1074 5002 est,
1090 4939 1398 5003 Usquequo
1415 4938 1774 4992 Oblivisceris
1792 4952 1884 4991 me
1898 4940 1957 4990 in
1974 4942 2124 4988 tinem
2138 4942 2165 4991 ‘l

567 5007 635 5058 Et
667 5007 814 5060 bene
837 5007 936 5070 ait,
949 5009 1181 5059 Domine
1204 5010 1342 5059 Deus
1367 5025 1532 5060 meus.
1559 5010 1808 5073 Domine,
1835 5010 1892 5061 id
1916 5014 2022 5072 est,
2049 5008 2166 5062 Sal-

565 5084 731 5133 vator
762 5094 774 5130 :
800 5080 961 5143 Deus,
986 5081 1045 5132 id
1078 5086 1185 5144 est,
1212 5083 1441 5135 Creator
1464 5084 1744 5145 omnium,
1772 5083 1913 5132 Deus
1941 5095 2043 5146 per
2062 5094 2165 5147 po-

566 5152 803 5204 tentiam
835 5167 1019 5204 :meus
1043 5159 1239 5205 autem
1272 5168 1373 5219 per
1403 5155 1663 5219 gratiam.

627 5222 677 5277 6.
702 5224 864 5276 Unde
890 5229 946 5276 et
969 5225 1239 5277 subditur
1265 5240 1277 5276 :
1301 5225 1561 5275 Itlumina
1584 5225 1760 5274 oculos
1780 5239 1937 5283 meos,
1962 5240 2028 5273 ne
2052 5239 2163 5274 un-

563 5309 733 5358 quam
755 5294 1091 5347 obdormiam
1113 5297 1176 5346 in
1196 5301 1364 5346 morte
1394 5310 1407 5346 :
1434 5297 1723 5360 nequando
1748 5296 1889 5344 dicat
1905 5297 2164 5346 inimicus

564 5379 729 5427 meus,
776 5366 1047 5417 Praevalui
1088 5368 1344 5417 adversus
1369 5381 1511 5416 eum.
1545 5368 1701 5417 Deus
1727 5372 1816 5417 est
1838 5366 1941 5418 lux
1976 5368 2164 5419 cordis

562 5436 764 5499 nostri,
793 5442 1095 5502 peccatum
1127 5450 1286 5489 mors
1308 5438 1538 5489 animae.
1566 5437 1729 5488 Unde
1751 5437 2028 5501 scriptum
2054 5443 2159 5502 est,

563 5508 773 5559 Anima
785 5521 917 5572 quae
940 5509 1261 5574 peccaverit
1278 5508 1404 5573 ipsa
1433 5507 1724 5559 morietur.
1746 5510 1834 5558 Ab
1846 5509 1953 5559 hoc
1980 5513 2163 5557 Somno

562 5578 764 5632 mortis
788 5580 1002 5632 excitat
1024 5579 1359 5644 Apostolus,
1379 5580 1594 5641 dicens,
1614 5579 1905 5643 Evigilate,
1918 5580 2079 5643 justi,
2104 5586 2164 5633 et

562 5649 735 5702 nolite
755 5663 994 5715 peccare
1043 5650 1111 5713 (1.
1155 5652 1275 5701 Cor.
1312 5649 1439 5714 15.).
1467 5649 1761 5701 Orandum
1783 5663 1917 5713 ergo
1945 5656 2035 5702 est
2058 5663 2163 5703 no-

563 5718 671 5783 bis,
698 5726 763 5772 ut
791 5721 864 5771 ab
888 5720 1001 5784 illo,
1039 5720 1138 5784 qui
1175 5726 1263 5773 est
1285 5721 1387 5772 lux
1412 5732 1561 5779 vera,
1598 5719 1989 5773 illuminentur
2012 5720 2161 5772 oculi

562 5791 744 5842 nostri
764 5791 973 5855 cordis,
996 5804 1070 5843 ne
1096 5803 1357 5855 unquam
1390 5791 1452 5842 in
1474 5795 1655 5842 morte
1679 5792 1897 5855 peccati
1930 5805 2035 5856 per
2065 5805 2160 5845 ne-

563 5859 898 5925 gligentiam
919 5861 1293 5914 dormiamus:
1310 5875 1383 5914 ne
1397 5862 1628 5927 quando
1639 5862 1805 5915 nobis
1820 5862 2057 5916 insultet
2071 5867 2161 5913 ho-

566 5930 678 5984 stis
702 5932 998 5997 antiquus,
1024 5938 1084 5987 et
1106 5932 1259 5987 dicat
1281 5945 1344 5987 se
1365 5934 1534 5988 nobis
1564 5934 1956 5999 pravaluisse,
1980 5935 2161 5989 sinos

2265 4730 2335 4772 est
2361 4724 2455 4787 qui
2506 4724 2674 4785 faciat
2718 4725 2936 4783 bonum,
2970 4740 3082 4773 non
3122 4732 3191 4773 est
3224 4740 3389 4788 usque
3412 4725 3483 4773 ad
3508 4739 3713 4774 unum.
3742 4726 3850 4774 Cor-

2264 4796 2415 4859 rupti
2438 4800 2578 4845 sunt
2598 4796 2657 4845 in
2691 4796 2845 4846 vitiis
2869 4800 2927 4847 et
2942 4799 3211 4860 peccatis,
3237 4800 3292 4848 et
3315 4794 3740 4848 abominabiles
3758 4798 3847 4843 facta

2266 4869 2420 4927 sunt,
2449 4866 2728 4918 mutando
2740 4868 3062 4919 naturalem
3078 4880 3249 4919 usum
3264 4868 3322 4919 in
3337 4880 3466 4918 eum
3484 4878 3661 4918 usum
3682 4868 3779 4930 qui
3795 4870 3847 4913 esi

2264 4942 2460 4989 contra
2493 4941 2757 4989 naturam
2784 4938 2975 5003 (Ibid).
2996 4941 3061 4989 Et
3095 4940 3240 4990 bene
3264 4939 3403 4990 vitia
3422 4951 3621 4990 eorum
3648 4943 3713 4988 et
3735 4949 3847 5001 pec-

2264 5014 2392 5060 cata
2426 5012 2589 5060 vocat
2602 5009 2813 5072 studia,
2829 5010 2961 5072 quia
2983 5023 3101 5062 non
3116 5024 3189 5062 ex
3212 5010 3549 5074 ignorantia.
3562 5013 3670 5061 aut
3685 5023 3758 5061 ex
3776 5010 3846 5058 in—

2264 5080 2533 5132 ﬁrmitate
2552 5085 2795 5144 tantum,
2812 5082 2910 5132 sed
2928 5083 3100 5145 (quod
3125 5083 3360 5146 gravius
3377 5084 3482 5144 est)
3495 5094 3569 5132 ex
3590 5082 3781 5132 studio
3801 5083 3844 5129 et

2263 5163 2334 5202 ex
2357 5152 2654 5203 voluntate
2679 5165 2745 5203 ea
2768 5154 3181 5216 perpetrabant.
3209 5156 3293 5204 Ex
3316 5154 3405 5205 his
3438 5165 3557 5203 non
3590 5157 3683 5204 est
3708 5161 3839 5203 unus

2263 5223 2363 5285 qui
2385 5222 2556 5273 faciat
2572 5224 2803 5285 bonum,
2823 5224 2921 5285 qui
2937 5224 3142 5275 nolunt
3158 5225 3384 5275 credere
3405 5224 3463 5274 in
3478 5236 3663 5274 unum
3680 5226 3840 5274 Deum

2262 5294 2432 5355 (Rom.
2459 5294 2548 5357 1.).
2564 5295 2841 5354 Quoniam
2856 5296 3078 5357 absque
3103 5296 3213 5346 fide
3240 5296 3605 5358 impOsswue
3629 5301 3721 5345 est
3743 5294 3840 5355 pl-l-

2262 5378 2388 5415 cere
2427 5367 2546 5416 Deo
2599 5364 2757 5416 Hebr.
2786 5366 2912 5428 11.).
2945 5366 3107 5418 Unde
3130 5368 3255 5431 ipsa
3279 5368 3503 5418 Veritas
3531 5366 3695 5416 dicit:
3729 5366 3836 5415 Sine

2263 5449 2352 5486 me
2366 5436 2442 5486 nil
2470 5436 2711 5500 potestis
2738 5436 2917 5487 facere
2953 5438 3123 5501 (.loan.
3156 5438 3283 5496 15.).
3308 5438 3448 5498 Quia
3472 5438 3633 5501 prius
3661 5447 3817 5500 pecca

2262 5512 2471 5559 verunt
2492 5508 2551 5559 in
2582 5508 2769 5568 corde,
2806 5509 2932 5559 ideo
2978 5509 3346 5572 postmodum
3384 5512 3763 5572 peccaverunt
3789 5506 3835 5553 in

2261 5591 2448 5642 opere,
2478 5583 2536 5630 et
2559 5593 2630 5629 ex
2651 5580 2852 5631 merito
2869 5580 3075 5631 erroris
3092 5581 3274 5644 puniti
3289 5586 3425 5631 sunt
3442 5592 3616 5644 paena
3632 5589 3835 5637 L‘Ol‘i‘llp'

2264 5650 2448 5701 tionis.
2465 5651 2757 5702 Servanda
2778 5654 2867 5702 est
2887 5652 3077 5714 itaque
3094 5653 3250 5702 omni
3271 5652 3535 5703 custodia
3556 5666 3719 5703 mens
3738 5662 3828 5695 nos-

2260 5725 2363 5779 tra,
2389 5735 2462 5772 ne
2485 5733 2518 5772 a
2547 5723 2803 5784 quolibet
2826 5724 2964 5775 vitio
2988 5729 3387 5788 corrumpatur
3411 5743 3421 5771 :
3452 5725 3723 5786 quoniam
3741 5728 3830 5769 ante

2260 5792 2363 5843 Dei
2396 5793 2592 5844 oculos
2617 5807 2983 5858 nequaquam
3006 5795 3574 5847 vacuaetransvolant
3599 5796 3830 5855 cogitatio-

2259 5876 2364 5915 nes
2380 5868 2617 5916 nostraa.
2638 5868 2803 5918 Intus
2831 5866 2990 5918 videt
3014 5866 3162 5930 quod
3190 5866 3325 5918 foris
3353 5868 3544 5930 punit:
3570 5866 3829 5918 occultam

2260 5934 2527 5989 videlicet
2538 5936 2774 6003 culpam
2796 5938 3056 6002 sequitur
3074 5941 3270 6004 aperta
3279 5937 3591 6004 percussio,
3605 5943 3670 5991 ut
3688 5934 3831 5988 malis
