3890 6426
37 381 144 435 693

1034 380 1108 430 ΙΝ
1164 377 1488 431 PSALMOS
1542 376 1751 429 LXXV
1819 378 2393 439 COMMENTARIUS.

3244 377 3349 434 694

37 493 439 566 exterioribus
466 472 695 545 interna
715 491 1046 566 puniantur,
1072 494 1131 543 et
1152 503 1248 543 cor
1268 489 1494 556 publice
1526 502 1649 542 cor-
1672 492 1728 566 Α
1755 491 1946 566 sciunt
1968 494 2105 557 quid
2136 496 2354 549 faciunt
2374 490 2518 559 (Luc.
2543 492 2672 559 23.).
2698 493 2808 548 Sed
2830 490 3352 566 cognoscentinju-

37 570 194 628 ruat,
223 565 382 629 quod
405 565 651 618 latenter
672 565 963 629 peccabat.

98 637 153 693 3.
194 639 293 688 Ad
318 638 555 689 Judaos
576 642 769 687 autem
794 636 1062 687 videntur
1085 634 1385 697 pertinere,
1405 645 1536 697 qua
1562 645 1653 685 se-

37 712 331 771 quuntur.
348 709 444 758 Ait
466 709 620 759 enim
643 722 654 757 :
682 708 947 756 Dominus
970 706 1031 754 de
1046 706 1189 767 ccclo,
1204 706 1479 769 prospexit
1495 721 1655 769 super

37 781 186 842 ﬁlios
218 780 533 841 hominum,
566 784 622 826 ut
655 779 827 826 videat
852 778 898 825 si
922 782 993 826 est
1016 777 1334 839 intelligens,
1361 781 1456 825 aut
1478 776 1655 840 requi-

38 867 168 899 rens
188 852 382 900 Deum.
408 852 588 914 Super
601 850 837 900 Judaos
851 848 954 911 (Ea:
969 848 1292 910 Augustino)
1309 851 1498 912 potest
1512 850 1654 895 intel-

39 923 158 985 ligi,
188 928 260 972 ut
282 921 617 972 honoratius
640 934 738 971 eos
763 919 971 970 dixerit
991 919 1139 969 ﬁlios
1168 919 1467 969 hominum
1490 931 1654 982 prop-

38 999 129 1045 ter
146 992 378 1043 cultum
404 993 523 1055 Dei,
543 992 615 1043 ad
639 991 1017 1043 diﬁerentiam
1040 989 1357 1053 gentilium,
1373 990 1472 1052 qui
1489 1001 1653 1053 prop-

41 1071 129 1116 ter
152 1063 383 1115 cultum
414 1063 686 1127 lapidum,
713 1061 966 1125 corrupti
996 1066 1053 1113 et
1076 1060 1490 1112 abominabiles
1518 1059 1653 1111 facti

38 1140 199 1187 sunt.
222 1134 508 1198 Prospicit
530 1146 664 1197 ergo
688 1133 970 1183 Dominus
997 1145 1170 1197 super
1189 1131 1336 1182 ﬁlios
1352 1131 1653 1183 hominum

38 1219 142 1270 per
165 1204 399 1255 animas
424 1209 654 1255 sanctas
682 1216 837 1266 suas,
866 1204 1019 1267 quod
1045 1203 1330 1266 signiﬁcat
1344 1203 1472 1267 hoc,
1498 1202 1651 1266 quod

38 1279 138 1337 ait,
184 1277 254 1324 de
288 1276 411 1325 coelo
448 1281 509 1324 ut
532 1276 724 1339 videat,
750 1275 917 1337 idest,
944 1274 1125 1326 videri
1149 1274 1334 1338 faciat,
1363 1274 1411 1325 si
1435 1278 1525 1326 est
1547 1274 1652 1324 ali-

39 1349 173 1411 quis
208 1349 401 1398 Deum
436 1347 763 1410 intelligens
799 1346 988 1397 corde.
1013 1350 1114 1397 aut
1139 1346 1438 1408 requirens
1465 1358 1651 1409 opere.

41 1419 147 1471 V’el
164 1432 275 1483 per
291 1418 438 1469 ﬁlios
462 1419 762 1469 hominum
786 1429 1100 1481 possumus
1123 1417 1441 1467 imitatores
1462 1428 1657 1468 carna-

41 1492 185 1542 lium
210 1490 533 1553 intelligere
560 1490 768 1553 (Ephes.
798 1488 889 1551 6.),
907 1489 1056 1539 sicut
1080 1488 1399 1539 econtrario
1410 1489 1654 1539 imitato-

42 1576 136 1613 res
160 1562 273 1613 Dei
295 1561 396 1611 ﬁlii
412 1561 513 1611 Dei
526 1564 951 1623 nuncupantur.
967 1562 1072 1611 Per
1089 1560 1281 1622 justos
1301 1559 1455 1610 enim
1470 1558 1657 1610 homi-

42 1647 149 1685 nes
174 1632 458 1697 prospicit
481 1633 636 1682 Deus
659 1635 1007 1695 peccatores,
1046 1634 1103 1681 et
1125 1643 1221 1693 per
1252 1631 1437 1681 bonos
1461 1629 1655 1681 redar-

45 1706 172 1769 guit
198 1703 404 1765 malos,
448 1707 507 1754 et
539 1715 639 1767 per
677 1706 1010 1753 sanctorum
1036 1701 1235 1763 vitam,
1261 1705 1318 1751 et
1333 1700 1653 1752 doctrinam

42 1776 181 1826 facit
214 1775 581 1826 innotescere
614 1785 926 1837 pravorum
957 1784 1205 1823 errorem
1227 1776 1398 1835 atque
1420 1771 1652 1835 injusti-

46 1848 215 1898 tiam:
245 1846 320 1896 de
342 1845 556 1908 quibus
580 1844 855 1908 nequitia
881 1843 1150 1894 subditur
1173 1858 1186 1893 :

124 1916 179 1985 6
190 1916 241 1983 2
260 1917 311 1970 4.
321 1917 513 1966 Omnes
529 1916 949 1974 declinaverunt,
962 1914 1127 1963 simul
1145 1912 1359 1962 inutiles
1368 1912 1498 1976 facti
1508 1918 1651 1963 sunt:

44 2006 150 2038 non
170 1994 242 2037 est
259 1989 361 2052 qui
376 1987 547 2050 faciat
562 1987 897 2051 bonum,non
909 1990 980 2034 est
994 1985 1242 2049 usquead
1256 1999 1450 2036 unum.
1464 1988 1569 2033 Non
1587 1990 1661 2033 est

48 2059 515 2124 intelligendum,
541 2058 619 2109 ita
643 2070 843 2108 omnes
867 2056 1206 2120 declinasse,
1233 2059 1299 2106 ut
1322 2056 1383 2106 in
1405 2055 1661 2107 humano

47 2145 258 2195 genere
283 2143 405 2182 non
437 2133 591 2181 esset
614 2129 706 2180 vel
728 2142 882 2179 unus
907 2128 1006 2190 qui
1029 2129 1248 2177 bonum
1272 2131 1499 2190 ageret:
1525 2139 1661 2178 cum

51 2202 221 2267 paulo
247 2206 385 2266 post
403 2201 575 2263 dicat,
592 2201 870 2250 Dominus
894 2199 955 2249 in
978 2198 1350 2261 generatione
1367 2198 1528 2260 justa
1550 2202 1656 2249 est.

50 2275 154 2325 Sed
178 2286 386 2326 eorum
413 2270 693 2335 videlicet,
711 2271 808 2335 qui
825 2275 964 2321 sunt
984 2270 1300 2321 imitatores
1323 2269 1654 2330 carnalium,

48 2358 296 2408 quorum
313 2347 585 2406 corrupta
606 2346 697 2393 est
718 2342 840 2393 vita
855 2345 914 2393 et
937 2340 1312 2400 continentia,
1324 2353 1443 2391 non
1458 2345 1548 2391 est
1564 2340 1660 2391 ali-

51 2417 177 2480 quis
192 2416 293 2480 qui
316 2415 489 2465 faciat
501 2415 735 2465 bonum.
753 2412 1018 2475 Quandiu
1034 2412 1187 2463 enim
1200 2412 1371 2462 homo
1388 2414 1554 2461 malus
1564 2419 1630 2460 est
1641 2448 1654 2473 ,

55 2489 268 2537 bonum
294 2487 479 2537 facere
494 2496 610 2535 non
624 2489 830 2548 potest.
846 2486 1137 2544 Quantum
1150 2486 1344 2533 autem
1355 2494 1389 2533 a
1400 2482 1495 2534 via
1510 2482 1659 2532 veri-

56 2558 182 2608 tatis
207 2555 648 2619 declinaverint,
668 2558 842 2607 verba
859 2567 991 2618 qua
1009 2558 1350 2616 sequuntur,
1368 2556 1655 2615 ostendunt,

56 2629 266 2680 Dicitur
296 2628 457 2679 enim
487 2642 501 2675 :
531 2627 849 2690 Sepulcrum
880 2630 1068 2690 patens
1101 2629 1172 2673 est
1201 2629 1389 2688 guttur
1422 2639 1609 2672 eorum
1639 2638 1654 2671 :

55 2700 253 2762 linguis
275 2699 394 2747 suis
429 2697 602 2747 dolose
625 2698 871 2762 agebant,
896 2711 1161 2745 venenum
1179 2696 1435 2759 aspidum
1454 2694 1550 2743 sub
1574 2695 1657 2745 ld-

56 2771 147 2818 biis
165 2784 377 2819 eorum.
407 2769 557 2820 Bene
572 2769 786 2831 patenti
800 2767 1060 2832 sepulcro
1072 2769 1500 2829 comparantur:
1521 2766 1659 2828 quia

56 2842 197 2892 sicut
222 2840 557 2905 sepulcrum
583 2843 755 2903 patet,
782 2844 846 2891 ut
860 2844 1081 2889 mortua
1092 2837 1375 2888 cadavera
1390 2837 1653 2901 recipiat:

58 2914 128 2963 ita
150 2912 231 2963 illi
256 2913 578 2971 inhiabant,
592 2916 657 2962 ut
670 2910 959 2974 simplices
975 2909 1199 2961 animas
1217 2909 1325 2959 sibi
1336 2911 1655 2972 attraherent,

59 2989 224 3047 atque
250 2997 356 3048 per
378 2996 628 3035 errorem
654 2982 938 3033 extinctas
965 2982 1074 3031 sibi
1098 2981 1541 3043 incorporarent.
1560 2981 1657 3032 Be-

64 3068 127 3106 ne
156 3060 357 3107 autem
390 3060 697 3118 postquam
734 3053 897 3113 dixit,
926 3052 1146 3116 linguis,
1176 3050 1396 3102 addidit
1417 3051 1564 3099 suis:
1590 3056 1657 3102 ut

62 3126 409 3189 signiﬁcaret
430 3126 616 3176 malis.
637 3123 767 3175 Mali
791 3123 942 3175 enim
963 3122 1146 3173 malas
1170 3121 1397 3185 linguas
1420 3122 1653 3173 habent.

62 3197 211 3247 Tunc
255 3196 446 3247 Judai
491 3196 704 3258 linguis
750 3194 870 3244 suis
904 3193 1101 3244 dolose
1132 3197 1390 3256 egerunt,
1425 3192 1656 3254 quando

64 3268 368 3318 Dominum
407 3267 923 3329 interrogaverunt,
961 3268 1157 3315 utrum
1190 3263 1383 3314 liceret
1415 3275 1655 3314 censum

63 3339 193 3401 dari,
218 3339 436 3391 Casari
464 3350 668 3390 annon
694 3337 900 3400 (Matth.
925 3334 1051 3397 22.).
1069 3334 1275 3385 Dolum
1299 3333 1533 3397 quidem
1556 3334 1658 3385 ha-

65 3411 266 3462 bebant
288 3411 352 3462 in
368 3423 481 3471 ore,
516 3409 618 3461 sed
640 3408 874 3460 malitia
898 3419 1185 3458 venenum
1207 3405 1575 3457 occultabant
1596 3406 1656 3456 in

64 3482 259 3533 corde:
288 3488 360 3533 ut
385 3482 434 3532 si
458 3482 692 3544 diceret,
718 3478 875 3529 Licet
907 3492 920 3528 :
952 3478 1148 3529 statim
1183 3490 1314 3527 eum
1344 3477 1655 3540 redargue-

69 3557 183 3603 rent
212 3554 283 3605 de
307 3553 454 3616 lege,
476 3553 537 3603 in
562 3563 676 3617 qua
697 3550 1045 3614 pracipitur,
1063 3553 1127 3599 ut
1152 3548 1258 3599 soli
1283 3548 1523 3599 Domino
1541 3561 1655 3599 ser«

70 3625 244 3675 viatur
285 3626 456 3687 (Deut.
483 3622 570 3685 6.).
603 3624 852 3673 Rursum
878 3621 927 3671 si
950 3620 1181 3682 diceret,
1204 3621 1332 3670 Non
1355 3618 1487 3670 licet
1510 3633 1523 3669 :
1552 3618 1655 3669 ad-

70 3693 349 3747 duxerant
372 3694 748 3757 Herodianos,
775 3692 873 3755 qui
897 3704 1027 3742 eum
1045 3690 1242 3741 statim
1264 3690 1659 3753 apprehende«

70 3770 201 3829 rent,
215 3771 272 3818 et
295 3765 490 3829 regale
506 3765 781 3815 tributum
795 3762 1194 3825 prohibentem
1210 3760 1660 3811 condemnarent

69 3837 262 3897 (Matth.
282 3837 417 3901 ‘22.).
433 3840 606 3888 Recte
629 3840 825 3887 autem
837 3833 1022 3897 aspidi
1033 3834 1454 3896 comparantur,
1466 3834 1586 3891 quia
1595 3834 1658 3879 si-

68 3913 156 3959 cut
177 3911 338 3973 aspis
362 3910 594 3960 obturat
608 3920 807 3960 aurem
829 3917 994 3957 suam
1008 3904 1080 3955 ad
1097 3916 1295 3955 vocem
1311 3902 1657 3953 incantantis

68 3980 217 4037 (Psal.
244 3981 378 4044 57.),
401 3981 482 4032 ita
503 3980 613 4044 ipsi
638 3979 987 4030 obturabant
1008 3987 1179 4042 aures
1203 3986 1339 4025 suas
1364 3973 1437 4024 ad
1456 3986 1658 4025 vocem

68 4052 485 4113 praedicationis
529 4054 657 4114 (Act.
704 4050 795 4112 6.).
834 4049 1078 4107 Quorum
1119 4061 1175 4095 os
1212 4044 1582 4114 maledictione
1613 4048 1661 4092 et

68 4124 431 4174 amaritudine
450 4113 674 4187 plenum
695 4127 765 4170 est
785 4139 797 4171 :
816 4120 1002 4168 veloces
1022 4117 1176 4181 pedes
1197 4130 1365 4165 eoum
1392 4116 1465 4164 ad
1493 4113 1666 4179 effun-

69 4193 294 4245 dendum
318 4195 664 4259 sanguinem.
695 4189 1093 4244 Maledictione
1116 4200 1181 4239 os
1206 4199 1407 4238 eorum
1426 4186 1661 4259 plenum

69 4264 184 4330 fuit,
206 4257 438 4330 quando
451 4266 740 4329 dixerunt,
758 4264 961 4314 Nonne
976 4261 1123 4311 bene
1137 4258 1505 4330 dicimusﬁnos
1528 4257 1662 4330 quia

72 4326 452 4391 Samaritanus
473 4350 536 4389 es
562 4341 642 4400 tu,
666 4326 1112 4387 et’Damonium
1135 4331 1315 4381 habes
1342 4329 1518 4393 (Joan.
1552 4326 1621 4389 8.)
1637 4330 1663 4378 7

74 4409 464 4461 Amaritudine
494 4419 727 4472 quoque
754 4403 952 4468 repleti
978 4402 1227 4463 fuerunt,
1245 4400 1665 4472 cumdiiterunt

75 4477 139 4527 ad
168 4480 430 4532 Pilatum.
456 4469 735 4540 Cruciﬁge
759 4488 913 4527 eum.
940 4475 1092 4525 Reus
1116 4476 1207 4523 est
1222 4471 1424 4521 mortis
1448 4469 1659 4532 (Matth.

74 4545 151 4601 27.
194 4550 463 4605 Marc.15.
509 4552 633 4600 Luc.
674 4547 760 4602 23.
796 4547 965 4597 Joan.
1003 4545 1125 4607 19.).
1162 4542 1400 4595 Veloces
1429 4541 1665 4592 fuerunt

77 4621 239 4681 pedes
267 4635 469 4676 eorum
510 4622 582 4674 ad
607 4618 1011 4672 attendendum
1036 4615 1397 4679 sanguinem,
1424 4611 1657 4676 quando

78 4703 199 4743 eum
227 4700 392 4747 extra
423 4694 719 4746 civitatem
744 4691 1033 4742 duxerunt
1052 4690 1107 4739 et
1129 4686 1476 4739 occiderunt.
1495 4683 1659 4735 Unde

79 4767 293 4817 contriti
307 4771 444 4818 sunt
465 4767 537 4816 ab
562 4762 826 4824 immicis,
841 4766 898 4813 et
921 4760 993 4811 ad
1017 4758 1403 4811 infelicitatem
1425 4755 1666 4819 captivi-

81 4835 205 4885 tatis
223 4836 502 4901 perducti.
529 4838 598 4887 Et
624 4835 752 4886 ideo
778 4832 1043 4884 subditur
1066 4844 1078 4880 :
1125 4828 1386 4880 Contritio
1407 4833 1453 4876 et
1476 4826 1660 4901 infeli-f

80 4905 199 4955 citas
225 4897 289 4958 in
313 4910 415 4958 viis
434 4923 638 4968 eorum,
652 4913 697 4956 et
729 4907 875 4954 viam
895 4903 1046 4968 pacis
1068 4917 1181 4951 non
1204 4903 1578 4962 cognoverunt.
1606 4897 1662 4947 Si

81 4977 221 5029 enim
236 4981 973 5046 cognovissent,nunquam
986 4974 1293 5046 Dominum
1302 4970 1496 5046 gloria
1506 4970 1666 5046 cruci-

84 5039 338 5104 ﬁxissent
385 5052 452 5116 (1.
498 5052 618 5102 Cor.
657 5048 748 5112 2.).
788 5048 916 5098 Νοη
940 5051 1011 5094 est
1034 5046 1198 5094 timor
1223 5043 1320 5116 Dei
1342 5046 1467 5116 ante
1488 5039 1665 5088 oculos

82 5130 275 5171 eorum.
315 5112 455 5176 Hac
498 5122 607 5173 fuit
644 5131 854 5172 caussa
886 5116 1112 5168 duritia
1157 5114 1346 5165 cordis
1388 5112 1665 5176 ipsorum,

84 5190 207 5249 (mia
232 5194 544 5246 Dominum
577 5205 698 5243 non
728 5191 1061 5247 timuerunt,
1085 5186 1213 5237 ideo
1236 5183 1668 5236 obduraverunt

86 5263 245 5316 corda
266 5267 339 5318 ad
373 5265 743 5325 credendum,
764 5266 821 5314 et
842 5261 1033 5314 evenit
1062 5259 1142 5310 eis
1161 5258 1333 5321 juxta
1355 5256 1509 5319 quod
1531 5252 1668 5325 scri-

87 5334 235 5391 Dtum
278 5343 383 5401 est,
424 5337 529 5399 Qui
567 5324 760 5387 autem
802 5332 1014 5385 mentis
1039 5334 1129 5381 est
1151 5329 1333 5401 dura,
1357 5329 1587 5377 corruet
1608 5324 1669 5375 in

86 5404 288 5459 malum
338 5399 511 5471 (Prov.
556 5406 692 5469 28.).
719 5407 939 5457 Horum
961 5401 1241 5453 malitiam
1262 5399 1519 5462 increpat
1543 5408 1671 5461 pro-

91 5472 261 5543 pheta,
287 5492 416 5531 cum
442 5478 755 5543 subjungit.

224 5538 415 5600 Nonne
438 5566 527 5615 cog
538 5538 745 5599 nasccnl
764 5559 948 5597 omnes
973 5543 1069 5609 qui
1085 5543 1382 5608 cperantur
1403 5538 1673 5615 iniquita-

91 5616 199 5680 tem,
236 5624 331 5685 qui
366 5609 623 5672 devorant
654 5618 849 5683 plebem
880 5630 1055 5665 meam
1092 5614 1228 5663 sicut
1263 5626 1435 5685 escam
1458 5609 1674 5685 panis?

94 5680 415 5757 lflesciebant
427 5693 565 5757 quid
582 5680 982 5751 faciebant,qui
1000 5686 1303 5757 Dominum
1316 5680 1673 5757 occidebant.

95 5754 241 5813 Unde
268 5764 387 5828 ipse
413 5752 585 5816 orans
609 5763 688 5814 ait
724 5777 736 5813 :
773 5763 952 5821 Pater,
990 5758 1227 5822 ignosce
1249 5754 1381 5817 illis,
1416 5752 1553 5817 quia
1573 5763 1677 5802 ne-

1684 4639 1741 4713 D

1752 563 1917 627 dicio,
1956 566 2188 627 quando
2233 568 2511 620 videbunt
2539 567 2599 618 in
2628 578 2801 629 quem
2832 566 3202 629 pupugerunt
3227 562 3352 626 (Za-

1751 636 1901 684 char.
1939 636 2064 699 12.).
2101 639 2336 698 Quando
2374 638 2735 703 conspicient
2767 640 3048 699 martyres
3087 639 3349 693 sanctos,

1752 719 1899 769 quos
1930 709 2262 760 occiderunt
2277 711 2454 773 (Apoc.
2470 710 2566 771 1.),
2587 721 2733 772 quos
2746 712 3023 769 tanquam
3039 706 3231 756 cibum
3251 717 3352 769 pa~

1750 779 1843 829 nis
1877 778 2152 832 devorare
2187 781 2610 843 describuntur,
2643 784 2709 830 ut
2732 779 2960 830 illorum
2983 777 3226 828 aﬁ‘ectus
3250 776 3352 828 de-

1751 855 2000 901 notetur.
2042 852 2341 911 Quomodo
2365 853 2519 903 enim
2543 852 2729 903 dulcis
2754 855 2845 901 est
2867 848 3033 913 panis
3062 848 3136 900 ad
3161 859 3354 899 come-

1752 920 2023 984 dendum,
2061 923 2141 974 ita
2176 922 2359 975 dulcis
2380 928 2501 975 erat
2520 923 2630 973 illis
2651 920 2973 987 persecutio
2992 920 3347 970 Sanctorum.

1751 992 1915 1044 Unde
1930 1005 2046 1043 non
2068 994 2437 1057 manducare,
2464 994 2566 1045 sed
2591 994 2867 1046 devorare
2888 990 3161 1054 descripti
3177 993 3345 1053 sunt;

1733 1067 1816 1115 ut
1848 1063 1907 1113 in
1944 1064 2052 1115 hoc
2097 1064 2433 1128 designetur
2465 1077 2667 1117 eorum
2700 1076 2820 1115 non
2844 1063 3037 1115 solum
3056 1061 3350 1123 voluntas,

1753 1134 1855 1187 sed
1885 1134 2059 1185 etiam
2083 1136 2354 1187 aviditas.

1815 1206 1867 1260 6.
1901 1207 2203 1256 Dominum
2238 1223 2350 1257 non
2380 1208 2786 1266 invocaverunt,
2816 1204 2929 1254 illic
2950 1204 3354 1268 trepidaverunt

1753 1278 1960 1338 timore,
1985 1278 2203 1327 ubinon
2228 1284 2341 1328 erat
2360 1280 2540 1329 timor.
2566 1277 2713 1339 Quid
2737 1276 2947 1328 mirum
2969 1275 3017 1326 si
3043 1273 3355 1343 63illitre-

1752 1349 2112 1412 pidaverunt,
2139 1351 2238 1413 qui
2261 1350 2573 1402 Dominum
2603 1361 2719 1401 non
2743 1348 3162 1400 invocaverunt
3181 1348 3352 1408 (Rom.

1754 1420 1861 1483 10.)
1884 1420 2058 1482 ?Quis
2084 1435 2324 1473 securus
2351 1422 2474 1473 sine
2498 1420 2784 1473 Domino?
2807 1419 3095 1470 Dixerunt
3110 1418 3283 1480 enim,
3297 1418 3357 1471 Si

1754 1491 2097 1543 dimittimus
2126 1505 2262 1543 eum
2299 1493 2398 1551 sic,
2433 1503 2632 1544 omnes
2657 1490 2894 1542 credent
2915 1490 2973 1541 in
2997 1502 3151 1551 eum,
3175 1494 3233 1542 et
3255 1502 3357 1541 ve-

1754 1562 1915 1614 nient
1937 1564 2196 1627 Romani,
2232 1568 2289 1614 et
2312 1562 2512 1615 tollent
2540 1562 2712 1613 nobis
2737 1566 2792 1613 et
2814 1561 3006 1611 locum
3039 1565 3096 1611 et
3119 1564 3355 1624 gentem

1754 1634 1935 1696 (Joan.
1962 1633 2088 1696 11.).
2121 1635 2463 1686 Timuerunt
2484 1645 2727 1697 regnum
2748 1636 3045 1683 terrenum
3072 1632 3353 1695 amittere,

1753 1705 1853 1756 ubi
1880 1718 1996 1756 non
2020 1710 2141 1756 erat
2164 1707 2360 1757 timor:
2386 1710 2443 1757 et
2462 1705 2788 1756 amiserunt
2802 1715 3046 1766 regnum
3059 1702 3355 1765 calorum,

1754 1776 1908 1839 quod
1933 1776 2133 1829 timere
2157 1777 2495 1829 debuerant.
2521 1777 2592 1826 Et
2605 1775 2719 1826 hoc
2746 1774 2818 1825 de
2842 1774 3114 1825 omnibus
3136 1775 3359 1837 tempo-

1677 1860 1731 1934 B
1757 1847 1972 1929 ralibus
1997 1849 2317 1934 commodis
2344 1847 2911 1934 intelligendumjest,
2923 1857 3171 1908 quorum
3193 1844 3360 1895 amis-

1761 1920 1984 1971 sionem
2016 1920 2156 1971 dum
2196 1920 2402 1971 timent
2427 1918 2714 1979 homines,
2740 1916 2813 1968 ad
2837 1921 3057 1969 aterna
3078 1928 3198 1967 non
3221 1927 3353 1978 per-

1760 1990 2020 2043 veniunt.
2047 1992 2168 2042 Hoc
2192 1992 2365 2043 etiam
2387 2003 2504 2041 non
2529 1989 2879 2053 cognoscent
2900 1999 3102 2039 omnes
3127 1987 3222 2050 qui
3235 1997 3361 2051 ope-

1759 2067 1959 2114 rantur
1980 2062 2364 2125 iniquitatem,
2391 2061 2547 2125 quod
2574 2060 2856 2123 sequitur.

1822 2133 1874 2187 7.
1915 2134 2188 2192 Quoniam
2210 2134 2478 2183 Dominus
2501 2133 2562 2181 in
2582 2130 2925 2195 generatione
2935 2129 3086 2194 justa
3108 2132 3198 2177 est.
3234 2127 3360 2180 Non

1758 2203 1960 2267 utique
1980 2205 2040 2254 in
2062 2216 2256 2268 prava.
2271 2206 2454 2265 Quare
2468 2215 2587 2254 non
2604 2202 2661 2252 in
2684 2200 2797 2253 illis
2820 2199 3096 2250 Dominus
3110 2201 3137 2249 τ
3152 2201 3263 2258 subj
3270 2212 3361 2247 un-

1757 2275 1840 2338 git
1865 2287 2101 2325 causam
2128 2293 2138 2323 :
2171 2274 2477 2325 Consilium
2500 2272 2682 2336 inopis
2704 2270 3027 2332 confudistis
3051 2285 3068 2329 ;
3091 2268 3359 2333 quoniam

1754 2345 2025 2394 Dominus
2046 2360 2161 2409 spes
2185 2345 2296 2408 ejus
2311 2348 2399 2395 est.
2414 2342 2656 2394 Dixistis
2680 2341 2853 2402 enim,
2879 2339 3124 2391 Conﬁdit
3137 2339 3196 2389 in
3217 2340 3356 2403 Deo,

1755 2416 1957 2467 liberet
1979 2429 2134 2467 nunc
2158 2429 2290 2468 eum
2318 2416 2365 2467 si
2395 2414 2535 2467 vult.
2556 2410 3247 2465 Contemsistishumilem
3259 2409 3360 2460 ad-

1758 2493 1996 2540 ventum
2041 2487 2165 2538 Filii
2194 2487 2314 2545 Dei,
2364 2486 2499 2549 quia
2517 2486 2581 2537 in
2604 2497 2670 2537 eo
2693 2496 2812 2535 non
2833 2482 3065 2534 vidistis
3089 2493 3360 2545 pompam

1756 2558 1955 2609 seculi.
1981 2558 2126 2620 Quia
2151 2558 2408 2621 speravit
2433 2557 2495 2608 in
2518 2558 2657 2619 Deo,
2688 2556 2996 2619 despectus
3018 2556 3107 2604 est
3136 2564 3171 2602 a
3194 2551 3360 2603 vobis

1755 2630 1969 2693 quibus
2008 2634 2232 2681 terrena
2262 2628 2450 2691 magis
2482 2627 2728 2691 placent,
2763 2637 2938 2688 quam
2962 2622 3232 2693 calestia.

1814 2699 1865 2753 8.
1901 2700 2031 2759 Quis
2078 2699 2218 2749 babit
2247 2714 2314 2748 ea:
2339 2699 2475 2749 Sion
2496 2698 2734 2747 salutare
2753 2695 2951 2747 Israel?
2989 2692 3358 2755 Subauditur,

1751 2771 1864 2822 nisi
1890 2771 2002 2833 ille,
2025 2771 2195 2835 cujus
2208 2770 2591 2822 humilitatem
2614 2766 3008 2819 contemsistis
3020 2769 3044 2816 Ρ
3065 2767 3195 2829 Ipse
3206 2763 3361 2815 enim

1752 2842 1814 2893 in
1850 2841 2107 2894 claritate
2145 2846 2427 2894 venturus
2460 2845 2549 2893 est
2585 2839 2659 2891 ad
2687 2838 2973 2902 judicium
3007 2836 3279 2888 vivorum
3303 2838 3362 2886 et

1752 2916 2136 2971 mortuorum,
2162 2923 2522 2975 regnumque
2533 2911 2847 2975 justorum,
2872 2912 2940 2959 ut
2961 2905 3358 2975 quoniamisto

1753 2983 1959 3036 humili
1981 2974 2249 3036 adventui
2259 2983 2414 3034 facta
2437 2974 2543 3033 est
2561 2980 2794 3032 cacitas
2818 2991 2893 3030 ex
2916 2981 3078 3040 parte
3099 2976 3159 3027 in
3181 2974 3357 3027 Israel

1754 3060 1821 3106 ut
1835 3055 2129 3119 plenitudo
2142 3054 2400 3118 gentium
2424 3054 2689 3104 intraret:
2711 3049 2804 3101 illo
2821 3048 2930 3100 alio
2953 3047 3071 3109 ﬁat,
3097 3046 3248 3119 quod
3267 3058 3355 3119 se-

1755 3115 1964 3189 quitur,
2005 3131 2061 3176 et
2095 3115 2176 3176 sic
2199 3124 2389 3175 omnis
2420 3123 2594 3175 Israel
2620 3121 2818 3174 salvus
2840 3120 3002 3170 ﬁeret
3029 3119 3198 3181 (Rom.
3224 3115 3352 3178 11.).

1756 3207 1773 3226 ·
1785 3201 1890 3248 Pro
1901 3197 2121 3248 Judais
2134 3196 2286 3247 enim
2300 3193 2612 3259 Apostolus
2624 3192 2798 3243 etiam
2809 3189 2950 3242 illud
2960 3189 3128 3240 Isaia
3141 3190 3356 3259 testimo-

1753 3269 1915 3319 nium
1940 3267 2174 3330 accepit,
2200 3279 2314 3329 quo
2339 3256 2558 3316 dictum
2582 3265 2713 3315 est?
2743 3261 2949 3313 Veniet
2974 3272 3047 3311 ex
3072 3259 3207 3311 Sion
3231 3256 3355 3321 qui,

1755 3342 1973 3391 avertat
2001 3339 2351 3402 impietatem
2375 3337 2448 3387 ab
2474 3334 2652 3386 Jacob
2678 3334 2799 3395 (Isa.
2819 3330 2945 3395 59.).
2959 3330 3108 3382 Huic
3128 3340 3358 3380 concor-

1754 3410 1871 3474 dat,
1904 3409 2057 3473 quod
2082 3409 2289 3462 dicitur
2311 3422 2324 3458 :

1816 3472 1868 3535 9.
1896 3472 2023 3540 Quis
2043 3481 2189 3531 dabit
2217 3494 2283 3528 ea:
2310 3479 2443 3529 Sion
2470 3477 2709 3527 salutare
2741 3472 2947 3524 Israel?
2981 3485 3106 3521 cum
3138 3484 3357 3519 conver-

1756 3554 1876 3604 terit
1910 3555 2050 3603 Deus
2080 3551 2442 3616 captivitatem
2473 3548 2638 3613 plebis
2661 3561 2786 3604 sua,
2817 3543 3079 3594 exultabit
3102 3541 3284 3605 Jacob,
3309 3545 3356 3590 et

1755 3624 2020 3673 laetabitur
2041 3623 2223 3673 Israel.
2255 3624 2357 3673 Per
2367 3620 2545 3672 Jacob
2558 3618 2939 3681 designantur
2948 3617 3277 3679 pugnantes
3294 3617 3354 3663 et

1752 3696 2101 3747 reluctantes
2124 3695 2323 3745 contra
2335 3692 2494 3743 vitia.
2508 3690 2686 3741 Jacob
2709 3688 2864 3740 enim
2885 3683 3359 3750 supplantatorin-

1756 3770 2113 3830 terpretatur.
2140 3767 2245 3816 Per
2265 3762 2441 3815 Israel
2464 3774 2603 3813 vero
2620 3758 3024 3822 intelliguntur
3033 3755 3130 3830 illi,
3143 3758 3234 3815 qui
3249 3758 3358 3815 post

1756 3829 2013 3903 pugnam
2036 3835 2309 3886 vitiorum
2330 3845 2519 3903 usque
2530 3831 2602 3882 ad
2617 3829 3057 3903 contemplandum
3065 3829 3229 3903 Deum
3237 3838 3358 3885 pro-

1755 3896 2015 3959 iecérunt
2032 3921 2046 3954 :
2060 3906 2338 3967 Quoniam
2351 3902 2544 3960 Israel,
2562 3903 2731 3951 Deum
2746 3899 2949 3957 videns,
2967 3896 3362 3967 dicitur.0uan-

1758 3980 1857 4030 diu
1880 3965 2108 4041 corpus,
2134 3975 2286 4038 quod
2310 3972 2712 4035 corrumpitur,
2724 3972 3005 4041 aggravat
3017 3965 3362 4041 _anima_1_n.et

1758 4035 2283 4101 terrena-inhabitio
2319 4043 2591 4108 deprimit
2625 4051 2868 4092 sensum
2887 4037 3071 4089 multa
3096 4035 3356 4099 cogitan-

1761 4126 1877 4173 tem
1901 4120 2049 4183 (Sap.
2075 4118 2165 4182 9.),
2192 4118 2251 4169 in
2266 4115 2591 4180 captivitate
2613 4124 2834 4164 sumus.
2850 4110 2960 4183 Sed
2973 4120 3106 4183 cum
3123 4118 3360 4183 conver-

1762 4177 1915 4244 terit'
1937 4177 2091 4242 Deus
2130 4177 2524 4253 captivitatem
2573 4188 2832 4236 nostram
2880 4179 3050 4246 (quod
3073 4183 3212 4253 tunc
3241 4177 3359 4253 ﬁet,

1762 4262 1994 4328 quando
2011 4251 2375 4324 corruptibile
2398 4257 2507 4309 hoc
2527 4254 2778 4328 induerit
2788 4251 3362 4328 incorru_ptior_i_em,et

1761 4318 1999 4386 mortale
2013 4333 2124 4384 hoc
2138 4318 2388 4383 induerit
2403 4327 2895 4381 immortalitatem
2915 4322 2963 4388 [1
2976 4319 3146 4375 .Cor.1
3157 4318 3231 4383 5.]
3242 4326 3363 4368 tunc

1761 4406 1870 4458 erit
1883 4403 2160 4456 exultatio
2172 4403 2232 4453 in
2243 4413 2476 4466 corpore
2488 4399 2617 4451 etin
2628 4397 2835 4459 animo,
2847 4394 2938 4466 his
2951 4392 3050 4456 qui
3065 4392 3252 4466 fuerint
3265 4390 3364 4466 spi-

1761 4475 2039 4528 ritualiter
2064 4476 2095 4526 J
2101 4474 2263 4533 acob,
2286 4460 2468 4530 id'est,
2483 4470 2582 4532 qui
2597 4467 2737 4520 vitia
2754 4460 3267 4533 supplantaverint.
3293 4460 3365 4533 Et

1762 4547 1869 4598 erit
1883 4545 2085 4599 latitia
2098 4544 2158 4595 in
2170 4531 2364 4594 mente
2380 4531 2595 4602 his,qui
2608 4537 2817 4589 fuerint
2831 4531 3199 4599 spiritualiter
3212 4532 3362 4579 Israel

1766 4618 1864 4681 qui
1878 4618 1939 4669 in
1954 4628 2147 4668 amore
2163 4619 2221 4666 et
2233 4609 2715 4674 contemplatione
2732 4604 3051 4681 divinitatis
3063 4604 3359 4681 exarserint,

1765 4672 1849 4740 Ibi
1884 4688 2115 4741 ﬁnietur
2144 4687 2437 4752 justorum
2471 4672 2652 4742 labor,
2692 4677 3017 4752 perﬁcietur
3049 4686 3228 4752 amor.
3276 4672 3362 4724 Ibi

1763 4761 1951 4812 activa
1972 4761 2031 4812 et
2052 4746 2496 4820 contemplativa
2521 4752 2640 4804 vita
2671 4748 2882 4815 gaudio
2911 4746 3250 4820 aeternitatis
3275 4756 3366 4796 re-

1759 4830 2172 4883 munerabitur.
2190 4828 2273 4880 Ibi
2289 4819 2718 4891 proﬁcientium
2740 4824 2800 4873 et
2821 4819 3203 4885 perfectorum
3224 4828 3368 4870 mer-

1761 4916 1857 4955 ces
1893 4902 2243 4966 sempiterna
2263 4893 2811 4961 recompensabitur.

2088 4993 2455 5061 TITULUS
2501 4988 2831 5058 PSALMI
2871 4986 3035 5052 XIV

1825 5110 2040 5163 Quartus
2051 5107 2276 5154 decimus
2293 5105 2518 5152 Psalmus
2537 5092 3148 5163 praseribitur,P_s_almus
3169 5089 3366 5163 David,

1764 5153 1929 5220 David
1934 5153 2111 5216 autem
2137 5172 2303 5215 noster
2327 5153 2556 5213 Christus
2580 5167 2668 5221 est,
2695 5165 2749 5208 ut
2770 5153 2900 5218 sape
2920 5158 3163 5221 diximus.
3182 5153 3369 5221 Deinde

1765 5216 1981 5293 legimus
2006 5232 2059 5277 in
2092 5230 2278 5287 Exodo,
2297 5228 2418 5293 quia
2440 5216 2916 5293 quartadecimadie
2938 5230 3104 5293 agnus
3133 5216 3369 5293 immolas
3444 5273 3460 5287 .

1770 5277 2424 5356 tuitiqiuando_luna_'piena
2445 5277 2519 5334 est
2550 5282 2757 5356 (Exoda
2774 5282 2866 5356 12..)
2889 5297 2901 5341 ;
2929 5277 3161 5356 quando—
3163 5277 3362 5356 (δί-1111111

1769 5341 1902 5405 deest
1919 5341 1978 5404 de
2001 5354 2212 5401 lumine.
2243 5341 2499 5405 Quendam
2524 5341 2639 5406 ergo
2662 5346 2789 5393 lucis
2804 5341 3188 5406 plenitudidem,
3211 5351 3370 5406 quan-

1770 5401 2094 5468 .bfe'atam
2110 5401 2379 5461 satietatem
2407 5411 2551 5457 nobis
2575 5401 2824 5468 signiﬁcat
2846 5407 2937 5452 iste
2952 5403 3196 5463 psalmus,
3220 5401 3370 5459 cujus

1773 5488 1887 5558 64
1940 5488 2149 5536 intentio
2178 5490 2249 5533 est
2289 5483 2435 5530 nobis
2476 5480 2733 5558 ostendere
2764 5476 2953 5558 regiam
2978 5474 3131 5558 viam,
3158 5486 3259 5558 qua
3281 5484 3369 5558 per

1776 5542 2106 5612 (7131mm
2132 5555 2360 5603 militiam
2387 5552 2648 5598 tendamus
2672 5550 2734 5595 ad
2751 5545 2980 5612 patriam.
3005 5545 3088 5592 Ait
3110 5546 3281 5612 autem
3304 5542 3370 5612 de

1775 5603 2271 5687 perfectis—mandatis
2293 5615 2530 5687 justitia,
2561 5603 3125 5687 quibus—ups—doeet‘ad

1774 5665 2146 5747 Boééé'i‘dtéaire
2174 5665 2385 5747 (Matth,
2410 5665 2534 5747 19:);
2554 5665 2740 5747 quibus
2761 5672 2909 5747 etiam
2925 5665 3373 5747 minora_adjupgit

1776 5730 1997 5797 {iiiis};
2008 5761 2059 5793 se
2084 5730 2352 5791 inﬁrmitas
2375 5730 2698 5786 inch'o’anlum
2714 5745 2967 5782 excercere
2989 5736 3137 5791 atque
3147 5730 3212 5778 ad
3229 5730 3373 5776 altio-

153 5901 168 5921 ³
196 5898 376 5953 Antea
398 5901 607 5954 vitiose
642 5902 763 5951 erat
798 5907 914 5947 uno
947 5894 1122 5946 verbo
1149 5888 1468 5951 Providens,
1505 5884 1660 5951 quod
1682 5882 1984 5937 emendare
2019 5880 2126 5931 Pro
2158 5875 2361 5929 Judaeis
2383 5886 2457 5927 ex
2494 5866 2813 5937 Augustino
2834 5878 2954 5921 non
2980 5862 3373 5920 dubitavimus
