3890 6384
516 336 622 393 695

1569 329 1835 387 RUFINO
1867 324 2332 380 PRESBYTERO
2366 322 2754 379 ASCRIPTUS

3835 75 3843 177 ἲ

3703 298 3846 386 696)

521 453 788 501 retundere
829 453 998 514 possit.
1035 453 1128 501 Sed
1150 455 1255 512 jam
1288 451 1413 512 quid
1456 451 1692 510 propheta
1735 445 1886 503 dicat,
1933 442 2105 486 audia-
2129 439 2184 511 Α
2209 437 2340 514 licet
2382 449 2596 514 pauper
2639 435 2948 514 sia-tamen
3177 422 3793 514 glpritipgtihsnicufntff
3845 428 3847 450 ⁵

517 527 672 564 mus:

997 634 1400 699 PSALMUS
1445 635 1628 699 XIV.

585 768 635 823 1.
656 768 883 818 Domine
898 767 1020 830 quis
1041 767 1303 816 habitabit
1314 768 1374 816 in
1393 767 1733 817 tabernaculo
1751 773 1840 816 tuo
1852 770 1981 818 ?aul
1993 766 2117 830 quis

525 841 806 904 requiescet
819 839 878 887 in
896 844 1076 887 monte
1089 845 1272 888 sancto
1291 843 1416 891 tuo?
1435 841 1559 891 Non
1581 840 1809 903 priusin
1835 841 2045 899 monte,
2071 843 2118 885 et

524 915 723 976 postea
756 909 817 961 in
843 909 1232 962 tabernaculo:
1261 911 1362 961 sed
1386 911 1544 974 prius
1557 911 1617 961 in
1651 909 2036 970 tabernaculo,
2061 913 2121 959 et

529 985 726 1046 postea
739 981 800 1031 in
816 985 1028 1032 monte.
1043 981 1504 1033 Tabernaculum
1516 994 1633 1032 non
1649 986 1736 1031 est
1749 981 1911 1030 firma
1921 981 2117 1039 domus,

528 1064 648 1104 non
661 1052 835 1103 habet
851 1051 1321 1103 fundamentum:
1343 1051 1470 1102 belli
1490 1065 1581 1102 res
1602 1057 1704 1113 est,
1737 1051 1850 1102 huc
1873 1051 2124 1112 illucque

530 1127 810 1186 mutatur,
822 1125 880 1174 et
894 1136 1026 1174 cum
1045 1124 1487 1188 transmigrante
1501 1125 1722 1186 migrat.
1740 1122 2030 1184 Signiﬁcat
2047 1125 2128 1169 Eo-

531 1193 765 1246 clesiam
781 1195 1085 1258 praesentis
1109 1195 1304 1246 seculi.
1326 1197 1452 1245 Non
1473 1195 1624 1245 enim
1659 1192 1752 1245 hic
1775 1207 2126 1254 pormanemus

531 1265 862 1317 habitantes
893 1265 1069 1326 (Hebr.
1111 1264 1238 1328 13.),
1287 1265 1388 1316 sed
1407 1265 1518 1316 alio
1555 1264 1853 1328 migraturi
1898 1275 2124 1313 sumus.

534 1338 764 1388 Montes
773 1340 966 1387 autem
983 1337 1147 1386 ﬁrma
1159 1337 1376 1387 habent.
1387 1334 1995 1387 fundamenta.Montis
2011 1349 2128 1392 ergo

535 1407 770 1459 nomine
795 1405 1051 1458 soliditas
1072 1407 1267 1470 patria}
1284 1407 1494 1458 futura).
1509 1407 1864 1470 designatur.
1885 1407 2127 1462 Quoniam

539 1491 674 1542 ergo
700 1478 770 1530 de
794 1479 1175 1530 tabernaculis
1199 1479 1270 1530 ad
1301 1482 1560 1530 montem
1583 1477 1883 1542 migraturi
1904 1489 2127 1535 sumus,

536 1547 813 1600 debemus
825 1549 1060 1612 discere,
1083 1550 1182 1612 qui
1207 1555 1342 1601 sunt
1352 1550 1468 1612 isti,
1484 1549 1580 1612 qui
1599 1548 1897 1612 migraturi
1916 1551 2051 1598 sunt
2076 1549 2129 1594 in

536 1624 795 1672 montem
808 1623 1076 1671 sanctum
1091 1621 1207 1672 Dei.
1234 1621 1550 1672 Audiamus
1562 1620 1772 1682 itaque,
1791 1620 2133 1680 interrogan-

538 1691 583 1743 ti
607 1691 924 1756 prophetas,
949 1691 1088 1754 quid
1113 1692 1356 1755 Spiritus
1373 1694 1620 1742 Sanctus
1650 1689 2008 1754 respondeat.

602 1760 654 1815 2.
675 1761 779 1819 Qui
803 1762 1110 1823 ingreditur
1135 1762 1362 1825 (inquit)
1396 1763 1512 1810 sine
1549 1761 1784 1818 macula,
1809 1766 1854 1809 et
1879 1763 2139 1824 operatur

535 1831 828 1896 justitiam.
855 1832 964 1894 Qui
997 1833 1332 1896 ingreditur,
1357 1833 1418 1883 in
1449 1832 1544 1884 via
1573 1837 1680 1883 est.
1713 1833 1840 1882 Non
1870 1831 2014 1881 dixit
2037 1831 2138 1893 qui

543 1889 896 1966 pervenitad
919 1889 1094 1954 finem
1109 1906 1232 1954 sine
1261 1889 1520 1954 macula:
1538 1903 1637 1953 sed
1660 1902 1957 1966 quiadhuc
1972 1902 2031 1951 in
2054 1889 2141 1948 iti-
2161 1889 2216 1964 B

544 1984 681 2023 nere
693 1976 800 2033 est,
826 1975 884 2023 et
905 1973 1193 2024 maculam
1226 1987 1341 2024 non
1375 1974 1564 2024 habet.
1590 1973 1786 2024 Dicere
1807 1973 2014 2035 aliquis
2039 1984 2140 2036 po-

549 2047 697 2095 terat
722 2058 734 2093 :
764 2044 888 2094 Non
934 2043 1117 2094 habeo
1142 2043 1442 2105 maculam,
1470 2057 1586 2095 non
1609 2043 1715 2094 feci
1750 2043 1986 2094 malum.
2015 2044 2140 2093 Non

551 2113 762 2164 suﬂlcit
796 2113 963 2164 nobis
1009 2113 1228 2165 malum
1277 2127 1396 2167 non
1447 2113 1648 2176 facere,
1695 2114 1807 2164 nisi
1840 2113 2141 2164 fecerimus

549 2187 608 2236 et
651 2185 884 2234 bonum.
931 2183 1040 2236 Sed
1085 2185 1216 2248 quis
1269 2187 1458 2249 potest
1522 2197 1651 2236 esse
1694 2185 1818 2235 sine
1850 2182 2077 2234 macula
2118 2186 2145 2234 Ψ

553 2256 696 2306 Cum
725 2255 1032 2318 Apostolus
1057 2255 1225 2306 dicat.
1251 2258 1317 2306 In
1338 2255 1536 2307 multis
1571 2255 1917 2306 attendimus
1943 2266 2145 2305 omnes

554 2323 746 2389 (Jacob.
773 2324 863 2388 3.).
890 2327 976 2387 Et,
1004 2325 1060 2376 Si
1075 2325 1408 2388 dixerimus,
1427 2326 1564 2389 quia
1587 2331 1883 2390 peccatum
1906 2338 2023 2376 non
2044 2325 2148 2376 ha-

553 2397 776 2450 bemus.
796 2397 1070 2460 nosipsos
1099 2397 1452 2461 seducimus,
1473 2402 1529 2448 et
1550 2397 1762 2448 veritas
1783 2397 1844 2447 in
1867 2396 2148 2447 nobisnon

553 2470 645 2519 est
670 2465 738 2530 (1.
763 2466 932 2518 Joan.
958 2467 1043 2531 1.).
1070 2468 1178 2519 Sed
1207 2468 1362 2532 apud
1391 2467 1820 2518 misericordem
1845 2467 2154 2518 Dominum

556 2537 678 2588 sine
695 2537 921 2588 macula
941 2539 1256 2601 reputatur,
1283 2538 1374 2590 cui
1382 2539 1505 2601 jam
1529 2537 1693 2601 culpa
1711 2551 1808 2602 per
1831 2537 2152 2588 delectatio-

555 2619 690 2658 nem
711 2620 831 2658 non
854 2607 1200 2659 dominatur.
1226 2608 1386 2659 Unde
1423 2608 1575 2658 idem
1600 2607 1894 2672 propheta,
1921 2621 2056 2658 cum
2078 2607 2152 2657 ab

559 2676 800 2730 occultis
823 2682 882 2730 et
903 2679 976 2729 ab
1000 2678 1202 2730 alienis
1226 2679 1451 2730 delictis
1473 2679 1743 2730 mundari
1767 2678 2156 2740 exoraret,ad-

555 2747 774 2812 junxit:
806 2749 862 2800 Si
877 2749 989 2800 mei
1013 2761 1132 2800 non
1152 2750 1365 2801 fuerint
1382 2759 1399 2778 ⁸
1415 2749 1713 2812 dominati,
1741 2754 1878 2800 tunc
1904 2751 2155 2799 immacu-

561 2819 716 2871 latus
733 2831 827 2870 ero
845 2819 1003 2883 (Psal.
1025 2818 1149 2884 18.).
1177 2821 1402 2872 Primus
1421 2833 1554 2884 ergo
1571 2821 1869 2884 ingressus
1893 2820 1966 2870 ad
1985 2820 2156 2883 justi-

565 2890 703 2942 tiam
728 2894 840 2952 est,
863 2891 1301 2944 immaculatum
1323 2905 1384 2943 se
1399 2892 1690 2943 custodire
1708 2905 1742 2943 a
1757 2897 2018 2956 peccato:
2037 2907 2160 2952 prae-

563 2961 756 3013 ventio
767 2967 960 3014 autem
973 2964 1286 3028 perfectum
1302 2976 1431 3015 esse
1443 2963 1503 3015 in
1517 2963 2030 3014 bono.Studeamus
2041 2979 2158 3024 ergo

563 3031 789 3096 ingredi
820 3034 945 3086 sine
973 3035 1198 3086 macula
1219 3038 1456 3099 peccati,
1500 3040 1672 3098 atque
1697 3047 1962 3086 exercere
1987 3048 2160 3098 opera

558 3105 824 3169 justitim.
853 3107 884 3157 J
891 3107 1002 3157 usti
1013 3107 1090 3158 tia
1110 3119 1228 3159 non
1251 3108 1413 3158 novit
1437 3111 1672 3171 patrem,
1698 3119 1815 3158 non
1839 3107 2004 3157 novit
2036 3119 2160 3159 ma-

569 3178 741 3226 trem:
762 3177 1056 3228 veritatem
1076 3177 1254 3240 novit,
1275 3189 1582 3242 personam
1597 3190 1714 3228 non
1729 3177 1953 3241 accipit,
1975 3179 2158 3230 Deum

567 3245 843 3298 imitatur.

630 3315 682 3371 3.
701 3316 1022 3368 Audiamus
1037 3330 1209 3382 opera
1235 3317 1497 3382 justitim,
1528 3329 1662 3380 quae
1683 3323 2028 3381 sequuntur:
2055 3322 2159 3380 Qui

571 3385 1097 3451 loquiturveritatem
1122 3389 1184 3437 in
1206 3389 1360 3438 corde
1383 3404 1498 3439 suo.
1533 3389 1696 3439 Multi
1727 3387 2046 3450 loquuntur
2069 3407 2164 3446 ve-

570 3458 798 3510 ritatem
821 3459 882 3510 in
903 3459 1088 3516 labiis.
1113 3473 1231 3511 non
1253 3459 1314 3511 in
1337 3461 1505 3512 corde
1533 3461 1663 3522 :qui
1690 3460 1955 3512 videntur
1988 3479 2162 3514 verum

571 3529 780 3594 dicere,
807 3529 908 3580 sed
933 3543 1030 3582 cor
1048 3544 1250 3582 eorum
1273 3531 1438 3582 labiis
1461 3544 1578 3582 non
1591 3537 1886 3583 consonat.
1910 3537 2161 3596 Tanquam

575 3600 678 3664 (Ea:
700 3601 1018 3663 Augustino)
1038 3602 1087 3652 si
1102 3601 1309 3665 aliquis
1321 3601 1514 3652 dolose
1531 3603 1796 3654 ostendat
1811 3604 1982 3667 viam,
2001 3609 2165 3657 sciens

573 3672 714 3722 inea
731 3683 860 3722 esse
875 3671 1143 3732 latrones,
1169 3678 1227 3724 et
1255 3673 1422 3735 dicat,
1451 3673 1505 3724 Si
1528 3673 1635 3724 hac
1659 3674 1811 3736 ieris,
1839 3680 2000 3727 tutus
2019 3679 2117 3726 eris
2138 3694 2168 3728 α

576 3741 920 3805 latronibus,
945 3747 1004 3794 et
1026 3743 1336 3808 contingat,
1358 3746 1568 3796 utvere
1585 3746 2166 3798 noninvenianturla-

574 3815 770 3865 trones
787 3827 800 3864 :
820 3827 1021 3866 verum
1035 3815 1130 3870 ille
1145 3815 1418 3878 loquutus
1435 3821 1542 3875 est,
1561 3816 1662 3867 sed
1677 3830 1793 3868 non
1809 3818 1869 3869 in
1892 3822 2037 3867 corde
2054 3835 2164 3872 suo.

575 3885 746 3936 Aliud
767 3885 922 3937 enim
943 3887 1199 3950 putabat,
1227 3887 1284 3938 et
1316 3887 1580 3938 nesciens
1603 3901 1805 3939 verum
1831 3889 1994 3940 dixit.
2022 3891 2168 3953 Ergo

575 3969 778 4022 parum
815 3959 924 4016 est.
954 3970 1158 4009 verum
1185 3957 1360 4021 loqui,
1380 3958 1490 4009 nisi
1521 3959 1691 4010 etiam
1707 3959 1766 4009 in
1789 3958 1960 4010 corde
1980 3959 2059 4010 ita
2075 3961 2166 4012 sit.

575 4029 681 4088 Qui
697 4043 810 4078 non
831 4028 935 4092 egit
945 4029 1129 4078 dolum
1145 4030 1207 4077 in
1223 4029 1416 4093 lingua
1429 4046 1549 4078 sua.
1570 4031 1791 4094 Lingua
1801 4030 1990 4093 agitur
2002 4033 2168 4094 dolus,

577 4112 713 4151 cum
735 4099 891 4150 aliud
916 4113 1011 4152 ore
1037 4100 1340 4164 profertur,
1366 4101 1519 4153 aliud
1543 4101 1712 4152 corde
1737 4101 1964 4164 tegitur.
1992 4102 2167 4149 Dolum

575 4169 637 4221 in
657 4170 857 4234 lingua
875 4183 993 4221 non
1015 4171 1150 4234 agit,
1167 4172 1266 4234 qui
1281 4171 1358 4234 id,
1379 4172 1532 4234 quod
1545 4176 1737 4222 mente
1761 4170 2028 4221 tractavit
2052 4184 2171 4222 ser-

576 4253 749 4292 mone
772 4240 1024 4305 protulit.
1043 4242 1149 4292 Nec
1171 4243 1293 4306 fecit
1313 4243 1571 4306 proximo
1599 4256 1694 4290 suo
1719 4241 1948 4291 malum.
1975 4242 2172 4293 Proxi-

576 4324 760 4376 mum,
791 4325 1022 4364 omnem
1061 4313 1354 4365 hominem
1387 4312 1701 4373 intelligere
1724 4311 2000 4363 debemus
2029 4313 2172 4375 (Luc.

581 4381 707 4444 10.):
723 4387 780 4433 et
793 4381 922 4434 ideo
935 4383 1212 4448 scriptum
1229 4387 1340 4442 est,
1369 4379 1482 4449 65
1511 4381 1672 4442 Quod
1697 4381 1800 4432 tibi
1818 4395 1935 4432 non
1958 4382 2044 4432 vis
2071 4383 2172 4434 fie-

576 4453 644 4516 ri,
689 4453 815 4504 aliis
858 4466 932 4505 ne
977 4454 1174 4505 feceris
1210 4452 1378 4516 (Tob.
1405 4452 1493 4515 4.)
1525 4469 1534 4499 :
1570 4457 1638 4502 ut
1659 4452 1872 4504 nemini
1898 4453 2172 4505 faciamus

576 4523 814 4585 malum.
849 4525 1003 4589 quod
1030 4525 1226 4586 utique
1257 4523 1424 4574 nobis
1445 4522 1518 4574 ab
1542 4521 1734 4586 aliquo
1759 4523 1876 4574 fleri
1900 4525 2172 4577 nolumus

577 4595 723 4659 (Luc.
751 4595 840 4658 6.).
867 4596 934 4643 Et
955 4594 1310 4658 opprobrium
1337 4609 1452 4642 non
1485 4595 1682 4657 accepit
1705 4595 1958 4644 adversus
1979 4597 2174 4660 proxi-

2213 493 2540 570 Auguslino)
2566 493 2858 569 superiora
2880 501 3166 566 pertinent
3195 497 3265 548 ad
3288 495 3596 570 perfectos,
3629 493 3705 570 ita
3722 505 3794 548 ea.

2213 565 2347 642 quas
2369 565 2532 629 nunc,
2549 565 2810 628 dicturus
2833 565 2942 634 est,
2967 571 3254 636 pertinent
3285 566 3359 642 ad
3383 565 3745 642 incipientes.

2279 650 2329 704 5.
2356 651 2460 708 Qui
2468 649 2626 711 jurat
2656 645 2909 711 proximo
2933 635 3047 703 suo,
3074 647 3119 690 et
3144 655 3253 688 non
3285 637 3496 700 decipit,
3533 635 3634 698 qui
3655 649 3798 711 pecu-

2217 723 2540 770 niamsuam
2569 735 2678 767 non
2700 717 2842 764 dedit
2865 715 2936 764 ad
2962 726 3205 769 usuram,
3230 715 3274 757 et
3302 719 3798 768 munerasuperm-

2219 797 2458 841 nocentes
2489 805 2598 838 non
2629 787 2842 850 accepit.
2866 785 3113 836 Omnino
3137 780 3458 844 nonjurare
3485 779 3797 850 perfectorum

2221 865 2306 913 est
2327 862 2532 924 (Matth.
2555 859 2642 918 5.).
2671 847 2974 909 Fallaciam
2998 864 3200 904 cavere
3225 851 3284 900 in
3302 852 3655 924 j_uratnento2
3679 849 3731 924 et
3761 847 3803 895 si

2223 917 2340 984 non
2361 938 2452 982 est
2475 917 2724 994 perfecta
2751 927 3057 987 virtus,est
3081 928 3276 974 tamen
3291 917 3804 994 aliquisprofectus

2223 991 2512 1070 pertinens
2535 1001 2608 1052 ad
2642 999 2996 1063 incipientes.
3025 994 3292 1070 Similiter
3321 991 3626 1070 pecuniam
3651 1000 3805 1070 suam
3835 1000 3852 1012 ·

2225 1057 2343 1127 non
2364 1075 2498 1124 dare
2521 1071 2593 1123 ad
2613 1057 2866 1129 usuram,
2892 1079 3011 1118 non
3033 1069 3122 1116 est
3143 1075 3353 1126 magna
3379 1062 3586 1119 virtus,
3608 1057 3714 1108 sed
3740 1063 3808 1108 ta-

2227 1159 2362 1198 men
2385 1143 2672 1196 inchoatio
2710 1139 2940 1192 virtutis
2965 1139 3067 1188 est.
3090 1137 3230 1187 Nam
3250 1135 3298 1184 si
3323 1131 3698 1196 perfectiesse
3723 1141 3813 1198 vo-

2226 1197 2440 1276 lumus,
2481 1213 2675 1266 omnia
2709 1213 2906 1262 nostra
2935 1207 3126 1272 largiri
3147 1206 3424 1256 debemus
3452 1201 3663 1276 (Matth.
3699 1197 3815 1259 19.).

2229 1275 2448 1341 Rursus
2468 1301 2479 1336 :
2502 1287 2629 1336 Non
2644 1287 3044 1344 estmagnum,
3069 1289 3307 1328 munera
3333 1285 3506 1338 super
3525 1275 3818 1344 innocentes

2228 1374 2348 1412 non
2367 1357 2798 1420 accipere;nam
2828 1341 3124 1408 debemus,
3147 1348 3194 1398 si
3213 1356 3542 1420 possumus,
3579 1345 3634 1393 et
3657 1341 3822 1420 inno-

2231 1435 2426 1482 centes
2445 1415 2700 1478 liberare.
2728 1423 2873 1485 Quid
2899 1425 3161 1491 estergo,
3195 1416 3349 1491 quod
3380 1415 3824 1491 SanctuSMSpiri:

2233 1506 2328 1552 tus
2354 1498 2601 1562 perfecta
2623 1484 2910 1552 mandata,
2935 1490 3107 1541 etiam
3131 1484 3682 1562 minimaadjungit,
3719 1484 3826 1560 nisi

2235 1554 2386 1634 quod
2411 1569 2470 1619 in
2492 1569 2599 1618 hoc
2617 1566 2841 1616 intirma
2852 1567 3050 1634 nostra
3066 1556 3508 1634 misericorditer
3529 1554 3727 1604 fovere
3744 1554 3829 1601 in-

2236 1629 2454 1694 tendit?
2477 1640 2552 1690 Ut
2567 1636 2832 1688 videlicet
2855 1637 2901 1684 si
2919 1633 3108 1684 adhuc
3133 1630 3204 1680 ad
3225 1629 3469 1691 perfecta
3484 1637 3602 1676 non
3625 1637 3827 1687 possu-

2235 1727 2368 1765 mus
2387 1711 2689 1773 attingere,
2709 1705 2799 1758 vel
2819 1717 2990 1768 parva
3006 1706 3516 1773 proutpossumus,
3535 1697 3830 1773 studeamus

2237 1794 2518 1836 exercere.
2540 1768 2601 1831 Si
2626 1768 2779 1829 enim
2803 1789 2904 1840 pro
2921 1787 3090 1839 posse
3106 1775 3304 1822 nostro
3320 1785 3348 1816 a
3364 1770 3533 1829 parvis
3557 1768 3621 1814 ad
3639 1768 3830 1840 majora

2239 1855 2546 1914 tendimus,
2566 1856 2623 1902 et
2640 1849 2775 1900 siad
2804 1837 2870 1898 ea
2894 1837 3213 1910 pertingere
3232 1840 3447 1915 statim,
3472 1849 3610 1900 qna).
3633 1837 3834 1915 deside-

2245 1938 2456 1982 ramus,
2474 1911 2588 1974 non
2611 1931 2944 1985 possumus:
2967 1929 3084 1967 non
3097 1920 3286 1965 tamen
3297 1911 3498 1985 deesse
3511 1911 3718 1985 poterit
3731 1920 3834 1952 mer

2239 2013 2336 2050 ces
2349 1979 2760 2048 laborantibus.
2779 1989 2939 2040 Unde
2951 1991 3009 2038 et
3022 1984 3302 2047 sequitur:
3319 1981 3422 2040 Qui
3433 1981 3565 2042 facit
3580 1979 3708 2036 haec,
3723 1991 3830 2023 non

2238 2065 2602 2120 movebiturin
2613 2070 2891 2110 aeternum.
2910 2059 2971 2110 Id
2987 2062 3076 2108 est
3100 2056 3202 2120 (Ea:
3217 2052 3559 2116 Augustino),
3577 2051 3838 2110 perveniet

2240 2141 2312 2192 ad
2350 2139 2444 2190 illa
2476 2136 2712 2198 majora,
2737 2133 2799 2184 in
2823 2131 3033 2194 quibus
3057 2133 3146 2180 est
3187 2135 3397 2189 magna
3414 2129 3466 2174 et
3485 2122 3841 2172 inconcussa

2244 2209 2544 2263 stabilitas.

2563 2287 2928 2355 TITULUS
2988 2281 3302 2350 PSALMI
3361 2279 3512 2344 XV.

2311 2403 2603 2462 Antiquitus
2645 2399 2829 2446 solebat
2855 2396 2977 2462 fieri,
3003 2390 3365 2462 quodq-nando
3388 2387 3580 2462 aliquis
3599 2385 3666 2462 de
3687 2385 3843 2462 hoste

2248 2452 2339 2518 suo
2360 2452 2667 2522 triumphum
2695 2462 2925 2522 habebat,
2946 2454 3449 2522 faciehatsibiarcum
3473 2452 3732 2522 construi,
3758 2452 3845 2518 qui

2251 2512 2570 2586 triumphalis
2607 2525 2888 2586 dicebatur:
2911 2512 2969 2566 in
2995 2532 3093 2586 quo
3118 2515 3485 2586 describebatur
3505 2512 3847 2586 illa_victoria

2499 2587 2589 2658 i5.)
2617 2588 2751 2658 Unde
2776 2584 2795 2611 ¹³
2838 2573 3087 2658 Auras‘i‘cte
3115 2581 3169 2626 in
3203 2591 3320 2658 arcu

2251 2635 2618 2705 ὶὶἑυέὸᾝωὶιυίη
2643 2650 2893 2704 sculptum
2926 2646 3148 2700 habetur,
3185 2642 3247 2706 ob
3267 2640 3466 2706 signum
3491 2635 3716 2706 victoria:

2253 2700 2395 2767 saris.
2447 2713 2686 2761 Similiter
2721 2700 2847 2755 Deus
2891 2709 3029 2754 Pater
3052 2718 3136 2761 per
3175 2703 3432 2748 victoriam
3467 2700 3849 2767 passionisjam

2255 2761 2446 2828 devicto
2488 2774 2706 2824 diabolo,
2751 2770 2896 2830 quasi
2929 2767 3472 2831 triumphaicmarcum
3504 2761 3564 2806 de
3597 2761 3853 2831 acquisita

2255 2823 2524 2898 sithivregno
2549 2823 2708 2898 totius;
2727 2823 2923 2889 m'undi,
2953 2823 3303 2898 titulumcrupi
3325 2826 3442 2898 fecit
3464 2823 3673 2898 apponi,
3702 2823 3852 2898 JESALP

2255 2883 2566 2952 ᾗλέῇιῖἓκυε
2581 2883 2970 2946 Βεχᾶυυιιεοιιὺω
2989 2889 3195 2954 (Matth.
3219 2891 3298 2940 27.
3315 2887 3483 2935 Marc.
3509 2888 3588 2934 15.
3612 2883 3745 2931 Luc.
3771 2885 3850 2930 23.

2326 2966 2550 3016 an.19).
3269 3010 3301 3016 _
3378 3009 3388 3016 .
3545 3008 3555 3016 .
3633 3005 3706 3016 ,η
3795 3003 3843 3016 ..

2257 2964 2583 3084 Joiiigrrigiio
2606 3020 2740 3084 tituli
2761 3019 2914 3084 hujus
2937 3016 3118 3084 psalmi
3141 3018 3228 3084 est,
3263 3009 3519 3084 Emimus
3536 3003 3838 3084 ipsi

2260 3073 3052 3150 Ideo(EmAugust_ino)laddidit
3077 3077 3189 3150 ipsi,
3215 3075 3337 3134 quia
3353 3073 3850 3150 ripiseyiiexﬁnost‘eri‘n

2257 3129 2888 3210 hove-(psalmoloquitur'iu
2922 3129 3246 3210 susceptione
3259 3129 3486 3210 per-somn
3505 3136 3770 3210 humanis,
3791 3129 3855 3210 de.

2375 3195 2560 3259 titulus
2582 3195 2763 3275 regalis
2797 3211 3010 3275 tempore
3058 3195 3305 3275 passionis
3336 3195 3856 3275 inscriptlustfm—icuit

2261 3258 2612 3338 {till—eminuit).
2636 3258 2869 3318 ‘lntvntio
2897 3258 3010 3324 ejus
3042 3258 3112 3311 est
3137 3277 3228 3310 nos
3252 3263 3464 3308 invitare
3505 3258 3566 3330 ad
3594 3269 3746 3302 suum
3772 3267 3856 3299 re-

2186 3301 2236 3377 Ο
2263 3353 2432 3377 annm-
2461 3337 2592 3377 mind
2617 3333 2764 3377 nobis
2783 3330 3149 3377 acquisivitper
3173 3338 3312 3371 suam
3339 3324 3718 3375 humanitatem,
3746 3329 3856 3376 pas-

2262 3321 2433 3400 gnum,
2461 3321 2592 3396 quod
2617 3333 2764 3400 nobis
2783 3321 3319 3400 acquisivit‘perosuam‘
3339 3321 3718 3400 humanitatem,
3746 3329 3860 3376 pas-

2262 3386 2932 3459 sionem,'resurrectionem,
2961 3392 3093 3436 unde
3123 3389 3204 3435 hic
3222 3387 3404 3447 agitur.
3432 3386 3510 3431 Ait
3531 3394 3648 3441 ergo
3679 3395 3692 3426 :

2665 3495 2780 3567 66
2838 3483 3236 3550 PSALMUS
3295 3480 3448 3545 XV.

2327 3603 2379 3657 1.
2407 3601 2667 3652 Conserva
2691 3611 2790 3657 me,
2814 3591 3336 3656 Domine,quonia-m
3361 3585 3572 3652 speravi
3587 3583 3648 3632 in
3660 3587 3722 3663 te.
3748 3583 3858 3630 Nor

2265 3679 2386 3728 erat
2411 3671 2464 3723 ei
2494 3668 2901 3726 necessarium,
2922 3663 3076 3728 quod
3094 3675 3192 3728 pro
3217 3673 3278 3712 se
3293 3662 3480 3710 oraret
3505 3667 3668 3734 :nam
3690 3662 3751 3734 1n
3767 3665 3859 3734 eo.

2267 3724 2420 3810 quod
2433 3745 2586 3792 Deus
2600 3742 2737 3796 erat,
2755 3724 3369 3810 conslervareiseipsum
3381 3731 3624 3810 poterat;
3638 3724 3746 3776 Sed
3760 3725 3865 3810 sic:

2266 3797 2332 3868 ut
2359 3812 2643 3866 incarnari
2688 3809 2848 3860 venit
2893 3820 2996 3872 pro
3024 3807 3212 3864 nobis,
3246 3803 3336 3878 ita
3362 3802 3488 3864 pius
3511 3797 3868 3878 Redemptor

2266 3899 2424 3940 orare
2441 3885 2712 3948 dignatus
2722 3885 2810 3932 est
2823 3893 2922 3944 pro
2942 3878 3074 3930 nobi
3084 3891 3128 3934 s,
3144 3875 3562 3948 transfiguratus
3575 3880 3680 3920 nos
3697 3875 3752 3914 in
3767 3880 3870 3948 sua

2267 3941 2534 4023 persona?
2563 3954 2697 4018 quia
2729 3941 2912 4006 unum
2949 3962 3156 4023 corpus
3205 3946 3325 3997 ﬂeri
3369 3941 3566 4023 voluit,
3591 3947 3873 4023 cum—suit

2268 4014 2538 4080 Ecclesia.
2558 4014 2662 4075 Pro
2680 4020 3106 4074 infirmantibus
3126 4031 3260 4082 ergo
3280 4014 3553 4067 membris
3565 4014 3706 4072 suis,
3727 4019 3870 4070 qua:

2269 4098 2643 4151 transformat
2666 4097 2722 4145 in
2747 4107 2827 4154 se,
2853 4091 2993 4143 dicit
3017 4108 3027 4139 :
3059 4091 3321 4140 Conserva
3335 4101 3435 4145 me,
3453 4083 3700 4140 Domine,
3719 4093 3871 4143 quo-

2269 4172 2426 4218 niam
2448 4168 2658 4232 speravi
2675 4166 2736 4214 in
2752 4172 2814 4214 te.
2832 4165 2948 4214 Nos
2964 4162 3118 4214 enim
3134 4159 3231 4222 qui
3243 4159 3372 4232 puri
3384 4156 3871 4232 hominessumus,

2269 4247 2325 4294 et
2340 4253 2440 4305 per
2452 4222 2750 4302 peccatum
2769 4235 2990 4299 perditi,
3007 4222 3334 4305 conservari
3349 4242 3384 4280 a
3399 4226 3638 4305 Domipo
3651 4222 3877 4286 indige-

2270 4298 2419 4364 mus.
2451 4298 2579 4374 ipse
2603 4308 2754 4358 enim
2771 4298 2868 4356 est
2892 4318 3025 4369 spes
3049 4308 3263 4374 nostra,
3290 4301 3412 4365 ipse
3435 4302 3524 4374 est
3547 4298 3704 4347 Deus
3728 4307 3874 4374 nos-

2272 4388 2372 4434 ter.
2403 4369 2518 4432 No's
2553 4379 2880 4441 indigemus
2925 4377 3052 4438 ejus
3078 4373 3308 4436 auxilio,
3354 4383 3472 4422 non
3499 4369 3619 4432 ipse
3644 4370 3870 4418 nostro.

2277 4453 2437 4506 Unde
2463 4455 2744 4514 sequutus
2767 4447 3037 4509 adjunxit
3061 4461 3072 4496 :

2334 4524 2387 4578 ‘2.
2411 4509 2820 4583 Dixi-Domino,
2841 4519 2980 4568 Deus
2997 4521 3292 4574 meusestu,
3310 4512 3575 4579 quoniam
3597 4509 3869 4583 bonorum

2274 4610 2519 4644 meorum
2567 4608 2677 4642 non
2721 4579 2849 4654 eges.
2881 4589 3043 4650 Quod
3067 4599 3086 4618 °
3137 4587 3294 4651 prius
3336 4588 3497 4636 Pater
3527 4579 3630 4647 per
3656 4579 3870 4632 Filium

578 4656 694 4715 inos
715 4656 856 4717 suos.
874 4656 1118 4717 Grandis
1133 4677 1225 4714 res
1235 4662 1460 4716 dicitur.
1476 4656 1804 4728 Nunquam,
1822 4656 2022 4728 inquit.
2041 4667 2153 4720 vici

2277 4680 2450 4718 suum
2473 4678 2582 4718 nos
2604 4663 2862 4723 redemit,
2890 4661 3015 4734 sola
3033 4660 3305 4734 charitate
3323 4659 3436 4734 hoc
3460 4656 3608 4719 fecit,
3632 4666 3754 4734 non
3777 4663 3872 4702 ne-

577 4749 692 4788 nus
715 4737 1113 4788 murmuratus
1136 4739 1226 4784 est
1239 4739 1437 4786 contra
1451 4736 1734 4799 eum(Tob.
1752 4736 1840 4800 4.).
1862 4739 2171 4802 Nunquam

581 4807 809 4860 invenlt
818 4806 1070 4867 aliquam
1089 4816 1219 4855 occa
1228 4804 1447 4856 sionem
1458 4805 1794 4858 detrahendi
1809 4809 1879 4860 ei.
1896 4810 2033 4862 Haec
2055 4811 2174 4861 vir-

582 4882 677 4931 tus
699 4876 929 4930 excedit
956 4875 1268 4927 humanam
1299 4877 1716 4929 conditionem:
1741 4881 1840 4931 Dei
1863 4881 2042 4943 gratia
2066 4887 2172 4934 est.

643 4948 694 5002 4.
735 4947 819 4996 Ad
855 4946 1097 4996 nihilum
1120 4947 1374 4996 deductus
1395 4954 1464 4996 est
1488 4949 1550 4997 in
1573 4956 1850 5014 conspectu
1877 4952 1990 5015 ejus
2013 4953 2174 5002 mali-

579 5032 738 5084 gnus.
764 5019 835 5069 Et
859 5017 907 5068 si
929 5020 1241 5082 Imperator
1265 5023 1372 5082 est,
1409 5023 1466 5070 et
1489 5020 1536 5071 si
1571 5021 1880 5073 Praefectus
1908 5027 2024 5082 est;
2049 5029 2108 5075 et
2125 5023 2174 5075 si

582 5089 898 5153 Episcopus
921 5093 1028 5149 est,
1054 5093 1112 5140 et
1142 5090 1189 5140 si
1217 5091 1518 5153 Presbyter
1535 5097 1622 5142 est
1648 5093 1723 5151 (in
1748 5093 2002 5146 Ecclesia
2018 5094 2174 5145 enim

583 5159 713 5212 istae
726 5161 864 5211 sunt
885 5159 1234 5224 dignitates).
1261 5159 1588 5225 quicunque
1613 5163 1799 5213 malus
1824 5169 1928 5223 est,
1955 5165 2015 5215 in
2037 5177 2176 5216 con-

584 5235 786 5296 spectu
811 5231 998 5282 Sancti
1024 5244 1126 5296 pro
1152 5231 1331 5282 nihilo
1357 5236 1735 5296 computatur.
1762 5236 1830 5286 Et
1861 5236 2052 5286 statim
2081 5249 2176 5286 se—

584 5303 780 5368 quitur
795 5317 810 5352 :
825 5301 1082 5351 Timentes
1100 5308 1280 5352 autem
1303 5303 1500 5352 Domin
1510 5321 1599 5353 um
1617 5305 1896 5369 glori/teat.
1918 5309 2033 5357 Iste
2051 5318 2178 5357 san-

583 5379 713 5426 ctus
743 5373 840 5437 qui
859 5373 1176 5438 ingreditur
1199 5373 1322 5425 sine
1344 5375 1584 5438 macula,
1612 5377 1710 5440 qui
1729 5380 1990 5440 potentes
2013 5377 2176 5437 despi-

582 5444 678 5508 cit,
699 5445 834 5508 quia
855 5443 992 5496 mali
1027 5447 1189 5496 sunt:
1236 5445 1284 5497 si
1309 5459 1484 5511 quem
1507 5447 1714 5499 viderit
1747 5445 1943 5498 timere
1967 5449 2173 5512 Deum,

645 5589 831 5642 ‘Satis
873 5587 1182 5641 manifesto
1223 5589 1414 5642 innuit
1441 5601 1503 5640 se
1537 5590 1754 5640 Auctor
1776 5587 1983 5650 legisse
2007 5589 2176 5640 domi-

583 5665 736 5718 nata,
772 5660 940 5720 idest,
965 5660 1169 5712 delicta
1196 5679 1206 5710 :
1236 5673 1369 5724 quas
1393 5665 1562 5710 vetus
1587 5664 1642 5709 et
1665 5659 1853 5710 verior
1875 5664 1965 5710 est
1986 5659 2172 5714 lectio.

646 5731 669 5760 δ
698 5731 923 5795 Recole,
961 5744 1094 5796 quae
1123 5733 1183 5784 in
1207 5729 1544 5782 Praefatione
1571 5728 1643 5781 ad
1667 5729 2176 5784 internoscendum

588 5804 768 5869 hujus
791 5801 1532 5863 CommentariiAuctorem,
1546 5813 1620 5852 ex
1639 5800 1748 5854 hoc
1759 5801 2062 5856 etiamloco
2085 5816 2176 5857 ar-

587 5877 867 5942 gumenta
879 5872 1525 5939 depromsimus.Neque
1531 5872 1686 5927 enim
1696 5872 2175 5939 dubitamus,quin

2276 4739 2562 4790 cessitate.
2591 4735 2843 4786 Perfecta
2862 4733 3013 4784 enim
3047 4733 3172 4795 ejus
3196 4730 3390 4793 gloria,
3417 4741 3520 4780 nec
3544 4725 3742 4790 augeri
3767 4737 3874 4788 po-

2275 4814 2406 4871 test,
2431 4823 2536 4860 nec
2551 4807 2751 4859 minui.
2766 4805 2928 4858 Unde
2940 4804 3123 4868 magis
3139 4803 3416 4854 debemus
3430 4801 3694 4848 Dominum
3714 4799 3870 4871 Deum

2273 4867 2556 4938 nostrum,
2581 4884 2640 4930 et
2655 4890 2753 4929 ore
2783 4876 3058 4936 confiteri,
3084 4879 3140 4926 et
3163 4872 3332 4925 corde
3355 4871 3600 4932 credere,
3619 4867 3870 4932 atquein

2273 4952 2398 5016 ipso
2425 4963 2670 5015 sperare,
2696 4951 2752 5000 et
2774 4950 2848 4999 ab
2881 4949 3006 5012 ipso
3033 4946 3280 4998 salutem
3303 4955 3576 5016 qumrere,
3597 4940 3699 5016 qui
3716 4940 3871 5016 bona

2275 5010 2508 5084 quidem
2531 5026 2728 5071 nostra
2751 5032 2867 5070 non
2890 5010 3116 5082 quaerit,
3140 5017 3256 5067 imo
3280 5027 3388 5066 sua
3408 5013 3573 5065 nobis
3607 5010 3866 5075 largitur.

2274 5093 2436 5146 Unde
2460 5095 2518 5142 et
2545 5091 2845 5142 subditur:

2338 5163 2389 5218 3.
2410 5164 2638 5221 Sanctis,
2670 5163 2766 5225 qui
2788 5166 2914 5210 sunt
2942 5161 3002 5208 in
3027 5165 3168 5208 terra
3193 5159 3328 5222 ejus,
3363 5155 3868 5218 miriﬁcavitomnes

2275 5235 2568 5284 voluntates
2594 5249 2736 5281 meas
2761 5235 2815 5282 in
2844 5234 2934 5288 eis.
2961 5231 3183 5283 Sanctis
3209 5231 3319 5292 {Em
3337 5227 3661 5291 Augustino)
3686 5225 3785 5288 qui
3809 5225 3869 5274 in

2277 5311 2424 5358 terra
2449 5305 2768 5356 viventium
2799 5317 2957 5368 spem
2983 5315 3148 5354 suam
3172 5307 3494 5365 posuerunt,
3521 5297 3750 5349 civibus
3775 5308 3867 5358 pa-

2274 5378 2401 5428 triai
2419 5375 2692 5438 ccelestis,
2705 5387 2953 5439 quorum
2970 5373 3325 5426 conversatio
3339 5369 3645 5436 spiritualis
3658 5381 3756 5432 per
3764 5380 3867 5418 an-

2276 5447 2507 5498 choram
2531 5447 2652 5511 spei
2677 5447 2736 5497 in
2759 5447 2854 5498 illa
2871 5445 3051 5510 patria
3077 5445 3290 5508 ﬂgitur,
3317 5455 3449 5506 quae
3465 5445 3616 5493 recte
3637 5441 3718 5488 Dei
3737 5444 3866 5486 terra

2273 5589 2400 5642 hzec
2417 5589 2652 5639 Arausio
2668 5589 2871 5640 civitas
2890 5589 2981 5650 sit,
3000 5599 3130 5651 qua;
3148 5587 3206 5638 et
3226 5583 3591 5642 Aurasiensis,
3609 5588 3665 5634 et
3681 5583 3867 5632 Arau-

2273 5663 2508 5711 sicorum
2525 5664 2612 5711 est
2627 5661 2779 5712 dicta
2798 5677 2809 5712 :
2823 5671 3138 5722 numquam
3153 5658 3305 5720 alibi,
3323 5656 3478 5720 quod
3492 5655 3672 5707 sciam
3683 5655 3724 5704 A
3735 5671 3870 5703 rau-

2273 5734 2403 5782 siea.
2421 5733 2586 5784 Nunc
2619 5733 2830 5798 Orange
2851 5730 3185 5796 appellatur,
3211 5729 3365 5793 quod
3388 5738 3557 5780 nemo
3575 5725 3782 5779 nescit.

2339 5815 2358 5835 °
2376 5807 2646 5858 Fortasse
2667 5806 2796 5872 pius
2817 5800 3248 5858 rescribendum
3265 5805 3369 5854 est.
