3890 6404
67 398 178 453 697

1082 404 1155 454 ΙΝ
1194 403 1517 455 PSALMOS
1550 403 1758 454 LXXV
1792 402 2377 458 COMMENTARIUS.

3262 402 3365 460 698

66 511 426 591 nominatur,
451 513 718 591 quamvis
758 513 819 591 in
840 512 933 565 his
966 515 1323 591 terriscarue
1350 520 1664 591 versentur.
1688 527 1749 591 Α
1776 514 1873 591 qui
1896 517 1967 567 ad
1992 518 2201 591 gaudia.
2226 517 2540 591 spiritualia
2560 517 2960 591 inardescunt:
2985 518 3080 591 isti
3098 520 3370 591 proculdu-

66 581 173 632 His
199 585 420 633 sanctis
452 583 628 633 miras
670 582 800 635 fecit
832 597 1033 635 omnes
1058 586 1384 637 voluntates
1406 598 1583 647 meas,
1610 586 1667 636 in

67 658 352 715 provectu
385 666 582 704 eorum
610 663 628 682 ·
663 656 760 717 qui
795 658 1114 717 senserunt,
1162 657 1258 719 qui
1294 658 1374 706 eis
1401 656 1674 720 profuerit

65 728 123 773 et
145 723 484 774 humanitas
499 737 642 775 meas
663 726 996 787 divinitatis,
1016 730 1079 777 ut
1094 740 1365 787 morerer,
1402 733 1460 777 et
1475 726 1674 777 divini-

67 798 158 843 tas
184 793 589 856 humanitatis,
607 799 672 844 ut
696 809 1052 859 resurgerem
1080 800 1148 847 Et
1165 798 1498 859 notandum,
1518 796 1671 859 quod

68 871 385 928 postquam
413 865 510 928 ait,
539 867 848 929 Mirificavit
866 869 1160 916 voluntates
1186 884 1344 928 meas,
1372 871 1596 928 protinus
1609 870 1669 915 ad

62 936 283 999 jungit,
308 937 367 984 in
396 938 492 986 eis:
519 949 588 987 ex
615 938 822 1000 quibus
847 940 1038 989 verbis
1064 939 1446 1001 colligendum
1461 942 1562 999 est,
1592 942 1672 988 ita

65 1006 404 1057 voluntates
429 1021 565 1057 suas
583 1009 795 1059 sanctis
810 1009 983 1059 miras
1001 1009 1344 1073 ostendisse,
1360 1014 1423 1059 ut
1438 1009 1669 1059 easdem

65 1079 125 1128 in
151 1078 298 1141 ipsis
325 1079 533 1131 taceret
562 1082 1121 1143 permanere.Neque
1146 1082 1303 1132 enim
1336 1082 1523 1131 sancti
1541 1094 1669 1131 esse

63 1149 418 1212 potuissent,
446 1151 493 1200 si
516 1152 588 1201 ab
618 1152 745 1213 ejus
771 1153 1169 1203 voluntatibus
1194 1152 1441 1215 cognitis
1457 1152 1671 1203 discre-

64 1225 329 1283 passent.
368 1222 527 1282 Quod
564 1222 706 1271 satis
739 1222 1034 1275 evidenter
1056 1236 1131 1275 ex
1154 1224 1347 1275 verbis
1372 1223 1670 1286 sequenti-

65 1292 180 1341 bus
205 1297 462 1354 apparet,
488 1292 699 1354 quibus
722 1293 930 1343 dicitur
960 1309 972 1343 :

127 1360 179 1413 4.
208 1362 579 1426 Muttiplicatw
604 1369 730 1411 sunt
754 1364 1097 1424 infirmitates
1126 1378 1344 1414 eorum:
1368 1369 1550 1427 postea
1578 1379 1669 1412 ac-

64 1431 448 1483 ceteraverunt.
482 1435 705 1494 Quanto
739 1434 891 1484 enim
936 1439 1093 1497 patet
1142 1434 1333 1485 divina
1378 1434 1666 1496 voluntas,

66 1506 233 1552 tanto
246 1502 617 1566 multiplicius
641 1508 876 1567 apparet
894 1504 1147 1555 humana
1162 1505 1480 1555 inﬁrmitas.
1518 1508 1583 1552 Ex
1598 1520 1671 1553 re-

61 1572 202 1633 gula
213 1574 369 1624 enim
388 1588 651 1638 supernae
662 1576 906 1637 justitiae
927 1576 1375 1639 deprehenditur
1395 1576 1665 1627 fortitudo

67 1645 372 1706 pravitatis
392 1651 622 1697 nostrae.
649 1648 795 1697 Hinc
819 1650 925 1707 est,
949 1647 1105 1709 quod
1130 1648 1315 1697 sancti
1335 1648 1666 1710 viriquanto

66 1715 345 1766 subtilius
370 1717 561 1767 divina
577 1718 912 1781 percipiunt,
932 1722 1092 1768 tanto
1104 1718 1418 1768 districtius
1436 1718 1660 1781 propria

66 1792 305 1848 peccata
328 1787 609 1851 plangunt
628 1804 639 1838 :
659 1794 831 1851 atque
850 1801 921 1838 ex
934 1793 1200 1851 percepto
1214 1801 1463 1852 superno
1478 1791 1669 1835 lumine

1776 587 1868 637 bio
1892 588 2149 651 prmelari
2171 592 2323 639 sunt.
2351 588 2515 639 Unde
2538 601 2692 639 nunc
2713 588 2793 639 ait
2817 603 2829 638 :
2852 588 3068 638 Etenim
3090 589 3368 638 haereditas

1776 673 1890 706 mea
1913 660 2177 722 praclara
2200 666 2271 707 est
2294 660 2453 711 mihi.
2480 662 2550 710 Et
2574 661 2719 710 bene
2743 659 2839 718 ait,
2869 660 3029 711 Mihi.
3058 662 3183 710 Non
3214 660 3370 712 enim

1770 727 1879 778 illis
1904 732 1990 778 est
2016 729 2287 793 praeclara
2311 730 2436 780 llch
2460 729 2772 793 spiritualis
2802 730 3129 792 haereditas,
3154 732 3367 792 quibus

1769 810 1885 847 non
1912 802 2000 848 est
2029 800 2271 861 cognita.
2309 799 2365 849 Si
2387 799 2541 850 enim
2565 802 2978 862 cognoscerent
3000 798 3165 857 hanc,
3192 812 3369 861 quam

1770 869 2034 933 diligunt,
2059 871 2376 921 claritatem
2403 886 2414 920 :
2452 870 2657 921 falsam
2688 883 2803 921 non
2833 874 3109 920 amarent.
3143 871 3367 921 Gratias

1770 953 1904 1002 ergo
1928 940 2170 992 Domino
2188 941 2395 991 debent
2412 954 2578 1004 agere
2591 941 2667 1004 hi,
2686 941 2785 1003 qui
2808 941 2987 1004 ipsius
3000 939 3152 990 dono
3168 940 3368 993 valent

1770 1011 2082 1061 invisibilia
2112 1011 2425 1075 intelligere
2459 1028 2471 1061 :
2498 1017 2555 1062 et
2579 1012 2704 1062 ideo
2735 1016 2865 1074 apte
2889 1010 3261 1074 subjungitur
3286 1026 3298 1061 :

1832 1081 1881 1134 7.
1924 1082 2243 1130 Benedicam
2290 1083 2722 1145 Dominum,qui
2747 1082 2931 1129 tribuit
2954 1082 3096 1130 mihi
3129 1080 3366 1129 intellec-

1770 1157 1905 1202 tum.
1942 1152 2104 1213 Quod
2142 1154 2241 1214 ait,
2280 1154 2440 1215 Mihi,
2475 1153 2785 1215 intelligere
2807 1153 3085 1203 debemus
3110 1152 3369 1202 membra

1770 1235 1890 1281 sua,
1921 1235 2054 1285 quae
2078 1221 2158 1274 illi
2181 1224 2490 1287 conjuncta
2516 1227 2653 1274 sunt
2674 1225 2735 1273 in
2752 1223 2966 1273 unitate
2979 1222 3250 1285 corporis.
3266 1224 3367 1269 Hoc

1768 1293 1919 1355 quod
1944 1295 2251 1345 Dominum
2276 1307 2391 1345 non
2414 1298 2821 1357 cognoverunt,
2847 1292 3002 1356 quod
3025 1291 3367 1355 contemptis

1770 1366 2197 1428 temporalibus,
2234 1366 2550 1430 spiritualia
2571 1365 2995 1425 intellexerunt,
3027 1375 3145 1414 non
3169 1374 3367 1413 eorum

1768 1435 1951 1486 virtus
1997 1435 2121 1494 fuit,
2162 1436 2261 1487 sed
2299 1437 2514 1487 donum
2540 1438 2657 1487 Dei.
2687 1434 2849 1487 Unde
2874 1446 3007 1484 cum
3031 1433 3244 1484 diceret
3268 1434 3369 1484 Pe-

1766 1507 1889 1555 trus
1917 1520 1929 1554 :
1956 1507 2042 1556 Tu
2063 1518 2124 1555 es
2145 1506 2405 1557 Christus
2436 1506 2611 1556 Filius
2636 1505 2735 1556 Dei
2763 1504 2877 1556 vivi
2901 1503 3110 1564 (Matth.
3136 1500 3266 1564 16.),
3292 1514 3367 1553 ne

1765 1576 1920 1627 hunc
1945 1575 2295 1627 intellectum
2324 1575 2437 1644 68
2474 1577 2581 1627 sibi
2615 1576 2964 1629 attribueret.
2993 1573 3186 1624 statim
3207 1570 3368 1644 audi-

1764 1647 1847 1699 vit
1873 1663 1884 1697 :
1912 1651 2121 1699 Beatus
2144 1661 2207 1699 es
2232 1643 2427 1699 Simon
2443 1650 2733 1711 Bar-Jona,
2759 1646 2892 1710 quia
2907 1657 3038 1697 caro
3054 1648 3109 1695 et
3126 1643 3365 1707 sanguis

1764 1730 1880 1770 non
1905 1720 2309 1771 revelaverunt
2334 1720 2562 1781 tibi,sed
2588 1721 2752 1769 Pater
2769 1730 2950 1777 meus,
2965 1714 3241 1779 quiestin
3257 1725 3366 1764 caa-

1766 1789 1836 1840 lis
1862 1790 2118 1853 (Ibidem).
2142 1791 2275 1841 Ideo
2299 1791 2576 1854 propheta
2598 1789 2729 1839 alibi
2753 1786 3023 1852 postulat,
3042 1785 3257 1847 dicens,
3285 1785 3369 1854 Da

66 1860 451 1948 cpgnoascunt,
484 1858 624 1948 qruid'
662 1858 722 1908 in
748 1858 953 1948 seipsis
977 1858 1223 1948 debeant
1243 1859 1546 1948 emendare
1573 1874 1585 1908 :
1612 1863 1669 1909 et
1694 1874 1748 1948 Β
1959 1853 2334 1948 intellectum,
2367 1853 2424 1943 et
2452 1860 2755 1943 scrutabor
2786 1859 2972 1948 legem
3006 1860 3165 1907 tuam
3197 1853 3363 1948 (facit.

65 1927 195 1977 ideo
243 1927 470 1992 dicitur,
504 1930 689 1977 Postea
712 1928 1148 1978 acceleraverunt.
1173 1930 1332 1981 Unde
1364 1930 1517 1981 enim
1542 1942 1672 1993 pro-

68 1998 251 2061 priam
279 2004 638 2061 cognoscunt
660 1999 1070 2062 infirmitatem,
1098 2000 1229 2051 inde
1247 2002 1417 2051 citius
1436 2001 1674 2050 festinant

69 2070 141 2120 ad
166 2070 439 2121 salutem.
458 2073 528 2120 Et
550 2070 955 2133 quiainﬂrmos
969 2074 1026 2121 et
1044 2076 1371 2134 peccatores
1385 2070 1675 2121 humiliter

70 2154 130 2191 se
152 2141 663 2202 conﬂtentur,ideo
700 2155 760 2192 se
784 2154 819 2193 a
847 2142 1065 2193 cmlesti
1088 2143 1307 2193 medico
1339 2142 1529 2193 sanari
1546 2155 1675 2206 pro-

69 2210 371 2263 merentur
398 2228 409 2262 :
436 2218 734 2276 propterea
754 2212 822 2262 ad
825 2213 1096 2274 junctum
1115 2218 1204 2264 est
1222 2230 1233 2264 ε
1249 2214 1377 2263 Νοη
1393 2229 1675 2276 congrega-

68 2283 129 2331 bo
154 2284 529 2333 conventicula
552 2299 737 2331 eorum
763 2284 824 2331 de
848 2300 943 2331 san
953 2284 1236 2347 guinibus;
1262 2300 1355 2333 nec
1370 2300 1673 2333 memorem

69 2356 363 2403 nominum
376 2369 561 2403 eorum
578 2370 669 2415 per
685 2354 831 2402 labia
849 2356 1136 2415 mea.Quid
1154 2356 1500 2419 sanguinum
1518 2356 1676 2403 nomi-

68 2438 157 2486 ne,
177 2426 294 2476 nisi
308 2431 541 2489 peccata
554 2426 892 2488 signantur?
912 2426 1072 2477 Unde
1088 2426 1362 2490 scriptum
1380 2432 1475 2475 est:
1491 2429 1612 2473 Caro
1629 2438 1675 2479 et

69 2493 183 2563 67
206 2497 451 2561 sanguis
468 2509 712 2559 regnum
732 2497 957 2548 Deinon
975 2500 1299 2557 possidebunt
1318 2496 1385 2561 (1.
1409 2498 1526 2546 Cor.
1547 2494 1672 2557 15.).

70 2570 138 2617 Et
177 2570 327 2620 bene
356 2569 452 2629 ait,
478 2568 847 2616 conventicula
871 2584 882 2618 :
910 2570 1037 2618 Non
1060 2569 1211 2618 enim
1234 2581 1454 2629 omnes,
1473 2567 1572 2629 qui
1602 2568 1677 2617 vi-

75 2640 167 2689 tiis
193 2640 518 2702 subjacent,
547 2651 722 2689 unam
743 2638 804 2688 in
828 2639 1076 2703 peccatis
1096 2640 1445 2690 voluntatem
1462 2638 1677 2688 habent

73 2722 207 2760 nam
239 2710 339 2760 alii
359 2710 711 2760 conveniunt
739 2709 811 2760 ad
837 2711 1111 2773 rapinam,
1139 2710 1233 2760 alii
1255 2711 1325 2760 ad
1351 2711 1685 2767 avaritiam;

74 2780 167 2831 alii
185 2781 264 2832 ad
288 2780 788 2831 luxuriam.aliiad
802 2780 1143 2843 superbiam.
1171 2780 1333 2841 Quod
1355 2785 1492 2831 sunt
1503 2780 1676 2830 varie-

76 2858 224 2903 tates
254 2853 548 2913 vitiorum,
582 2856 667 2903 tot
701 2856 837 2902 sunt
860 2852 1225 2903 diversitates
1251 2851 1677 2903 conventiculo-

76 2936 225 2973 rum.
255 2923 366 2974 Sed
384 2923 513 2986 pius
538 2923 818 2973 Dominus
843 2924 1242 2974 conventicula
1257 2936 1455 2974 eorum
1469 2924 1538 2974 de
1554 2935 1677 2973 san-

48 2994 51 2999 ’
78 2996 357 3057 guinibus
370 3007 484 3044 non
495 2996 820 3058 congregat,
836 2995 968 3057 quia
985 3007 1299 3045 conversos
1314 2995 1385 3045 ad
1403 2995 1677 3058 paeniten-

58 3068 215 3119 stiam
243 3067 307 3116 in
326 3064 541 3128 judicio
560 3069 935 3116 nonaccusat.
952 3068 1093 3128 Quae
1112 3069 1247 3116 sunt
1261 3069 1453 3117 autem
1472 3069 1677 3114 nomina

78 3150 303 3199 eorum,
322 3149 565 3201 quorum
578 3150 695 3187 non
712 3149 931 3188 memor
946 3138 1071 3197 erit,
1091 3138 1204 3189 nisi
1217 3151 1281 3188 ea
1298 3138 1549 3197 nomina,
1562 3154 1677 3198 quae

82 3208 376 3272 peccando
418 3208 525 3258 sibi
557 3208 990 3271 acquisierunt‘?
1014 3209 1119 3269 Qui
1143 3210 1297 3260 enim
1331 3209 1674 3259 adulterium

82 3284 391 3345 perpetrat,
429 3292 549 3330 non
589 3280 873 3330 immerito
912 3279 1135 3330 adulter
1173 3280 1379 3330 dicitur
1403 3281 1498 3343 qui
1524 3280 1668 3344 rapia-

80 3365 235 3416 nam,
253 3356 473 3415 raptor;
504 3351 603 3413 qui
637 3351 972 3414 perjurium,
1000 3351 1310 3413 perjurius;
1345 3352 1442 3413 qui
1479 3364 1679 3415 super-

82 3426 254 3483 biam,
285 3423 588 3485 superbus.
626 3424 764 3473 Haec
803 3422 1038 3473 nomina
1060 3435 1177 3473 non
1201 3422 1603 3486 reminiscitur,
1631 3422 1680 3472 si

80 3495 270 3559 culpas
303 3506 405 3558 pro
438 3494 652 3557 quibus
678 3496 817 3544 sunt
838 3493 1091 3556 nomina,
1118 3493 1491 3556 corrigantur.
1520 3494 1680 3545 Unde

81 3567 361 3631 scriptum
388 3568 477 3615 est
494 3580 506 3614 :
526 3564 910 3615 Dissimulans
929 3566 1159 3627 peccata
1174 3564 1473 3615 hominum
1486 3570 1683 3624 propter

55 3636 484 3701 .paanitentiam
509 3637 657 3699 (Sap.
702 3635 792 3698 1.).
832 3635 977 3685 Hinc
1015 3636 1328 3699 Apostolus
1358 3636 1466 3686 ait:
1495 3636 1550 3687 Si
1574 3648 1681 3686 nos

58 3710 238 3772 ,ipsos
275 3708 682 3772 judicaremus,
706 3719 823 3757 non
851 3707 1051 3768 utique
1070 3706 1541 3769 judicaremur(1.
1560 3708 1680 3756 Cor.

54 3780 207 3843 -11.).
252 3779 397 3840 Quia
430 3792 563 3842 ergo
598 3779 656 3829 hi
689 3778 750 3829 in
774 3777 1168 3828 haereditatem
1192 3778 1418 3828 Domini
1444 3778 1685 3829 transfe-

85 3857 311 3914 runtur,
348 3854 412 3901 ut
456 3854 513 3901 et
554 3851 678 3913 ipse
715 3850 994 3900 Dominus
1032 3849 1082 3899 si
1123 3849 1435 3901 haareditas
1469 3862 1685 3912 eorum,

85 3927 234 3975 recte
258 3921 629 3984 subjungitur
655 3936 667 3971 :

145 3994 195 4048 5.
227 3992 501 4043 Dominus
526 4008 657 4056 pars
694 3991 1020 4041 haereditatis
1050 4006 1173 4039 meae
1196 3996 1242 4039 et
1269 3992 1450 4040 colicis
1478 3992 1602 4055 mei,
1629 3997 1687 4040 tu

86 4081 134 4115 es
158 4066 257 4129 qui
283 4065 522 4113 restitues
548 4064 910 4111 hereditatem
924 4077 1101 4110 meam
1124 4063 1284 4113 mihi.
1303 4063 1689 4115 Possidebunt

86 4149 317 4189 mecum
342 4135 737 4187 hmreditatem
760 4137 954 4199 ipsum
980 4134 1307 4184 Dominum.
1342 4135 1566 4198 Eligant
1584 4137 1688 4191 (Ea:

86 4207 411 4273 Augustino)
434 4207 541 4257 sibi
557 4206 650 4258 alii
676 4212 884 4270 partes,
904 4206 1116 4269 quibus
1142 4205 1421 4267 fruantur,
1437 4212 1687 4259 terrenas

88 4286 144 4332 et
172 4279 547 4342 temporales:
575 4279 757 4342 portio
787 4280 1123 4328 Sanctorum
1150 4278 1428 4328 Dominus
1445 4283 1690 4329 estut-ter-

89 4365 217 4402 nus.
247 4352 455 4402 Bibant
474 4349 566 4401 alii
593 4350 917 4400 mortiferas
942 4349 1295 4413 voluptates:
1323 4350 1505 4414 portio
1517 4353 1690 4400 calicis

90 4426 205 4485 mei,
218 4422 502 4473 Dominus
517 4427 606 4471 est.
626 4422 701 4469 Tu
717 4422 955 4469 restitues
970 4421 1110 4468 mihi
1125 4422 1478 4469 haereditatem
1492 4436 1685 4470 meam:

90 4499 154 4545 ut
174 4496 317 4545 nota
343 4493 417 4543 sit
433 4497 490 4544 et
508 4492 617 4556 his,
639 4505 784 4555 quos
802 4491 979 4542 libero
1003 4491 1250 4553 claritas,
1272 4504 1405 4553 quae
1422 4494 1541 4543 erat
1556 4495 1688 4552 apud

94 4571 160 4625 te,
192 4565 530 4629 priusquam
545 4565 799 4615 mundus
813 4563 987 4613 fleret.
1002 4564 1299 4613 Destructa
1316 4573 1434 4613 erat
1455 4563 1689 4615 haeredi-

92 4641 177 4688 tas
202 4636 453 4696 Domini,
470 4635 699 4697 quando
717 4635 971 4686 humana
994 4637 1196 4685 natura
1216 4640 1272 4685 et
1296 4634 1450 4685 vitiis
1461 4641 1691 4696 corrupta

92 4712 145 4758 et
167 4707 442 4759 adiabolo
468 4708 771 4758 tenebatur
793 4718 1078 4771 possessa.
1099 4706 1309 4756 Missus
1323 4711 1412 4757 est
1430 4706 1691 4759 Salvator

93 4779 281 4831 deleta
301 4784 439 4830 sunt
453 4784 709 4842 peccata,
722 4779 1055 4830 restitutum
1069 4777 1407 4828 estliberum
1424 4781 1686 4826 arbitrium

92 4850 310 4911 ejectus
333 4853 423 4900 est
445 4851 711 4913 princeps
741 4850 917 4911 hujus
942 4848 1145 4899 mundi
1178 4848 1348 4905 foras,
1376 4853 1575 4899 sanata
1603 4851 1692 4899 est

92 4920 413 4983 infirmitas,
450 4920 714 4972 restitu‘a
742 4920 1068 4971 haereditas.
1109 4919 1268 4971 Unde
1302 4923 1356 4971 et
1380 4920 1645 4971 subditur
1676 4935 1688 4970 :

154 4990 204 5044 6.
226 4992 402 5041 Funes
431 4992 733 5040 ceciderunt
762 4991 905 5038 mihi
928 4992 989 5038 in
1020 4992 1295 5055 praeclaris
1320 5005 1332 5041 :
1364 4990 1555 5039 etenim
1581 4991 1690 5038 hae-

98 5063 293 5111 redilas
316 5077 433 5111 mea
456 5063 721 5126 praeclara
755 5067 827 5110 est
864 5062 1021 5111 mihi.
1058 5063 1212 5113 Sicut
1243 5074 1351 5112 nos
1376 5062 1691 5113 dividimus

98 5131 487 5184 heereditatem
510 5138 767 5185 nostram
791 5133 1044 5193 funibus,
1072 5135 1154 5184 sic
1178 5136 1329 5185 Deus
1358 5133 1484 5198 ﬁde,
1512 5146 1611 5196 spe
1637 5135 1693 5184 et

96 5206 329 5255 caritate
354 5204 549 5255 divisit
570 5205 967 5257 haereditatem
985 5218 1170 5257 suam.
1194 5208 1375 5267 Super
1400 5218 1545 5267 quos
1560 5206 1693 5253 ceci-

97 5272 302 5326 derunt
324 5275 421 5326 isti
438 5276 623 5339 funes,
642 5277 816 5340 ipsiin
840 5277 1234 5328 hmreditatem
1256 5277 1483 5327 Domini
1506 5289 1693 5339 perve-

98 5349 321 5397 nerunt.
342 5348 463 5397 Non
484 5351 673 5398 autem
692 5347 1021 5399 ceciderunt
1036 5349 1147 5399 nisi
1172 5350 1231 5398 in
1254 5348 1559 5411 praeclaris,
1574 5348 1694 5409 qui-

101 5415 203 5465 bus
227 5418 413 5480 magis
451 5418 663 5481 placuit
687 5418 939 5469 scelestis
964 5418 1208 5478 claritas,
1232 5431 1404 5482 quam
1432 5423 1652 5469 terrena
1677 5433 1688 5467 :

100 5488 420 5547 spirituales
454 5489 696 5540 virtutes
729 5490 1036 5554 plusquam
1061 5490 1400 5553 temporales
1424 5490 1690 5540 honores.

102 5557 254 5609 Multi
275 5560 334 5610 in
358 5560 465 5610 hoc
488 5562 705 5611 mundo
730 5560 943 5611 divitiis
967 5562 1448 5625 ﬂorent,potentia
1464 5561 1694 5625 preemi-

100 5635 249 5689 nent,
274 5630 588 5682 honoribus
612 5632 882 5695 gaudent,
910 5632 1087 5696 gloria
1119 5632 1413 5696 temporali
1436 5632 1683 5695 fulgent:

102 5696 306 5751 habent
330 5701 665 5763 claritatem,
682 5703 781 5753 sed
800 5716 915 5754 non
938 5708 1386 5766 permanentem.
1407 5704 1689 5764 Quiautem

102 5771 320 5824 terrena
341 5773 683 5838 despiciunt,
701 5775 800 5839 qui
816 5787 1123 5839 supernam
1139 5774 1378 5838 gloriam
1389 5778 1689 5841 appetunt,

165 5914 182 5934 ·
205 5908 374 5974 Apud
396 5911 806 5977 Augustinum,
831 5926 935 5976 quo
958 5916 1250 5961 senserunt.

1705 3238 1753 3308 C

1776 1932 1933 1996 118.).
1961 1933 2070 1983 Sed
2088 1935 2208 1995 jam
2240 1933 2536 1983 Dominica
2574 1930 2762 1995 passio
2789 1930 2959 1981 nobis
2995 1927 3370 1976 commendatur

1772 2016 1900 2053 cum
1930 2003 2226 2054 subditur:
2260 2006 2501 2067 Insuper,
2527 2008 2571 2051 et
2595 2017 2763 2065 usque
2788 2000 2859 2049 ad
2879 2003 3082 2047 noctem
3098 1997 3371 2067 increpue-

1772 2080 1904 2122 runt
1930 2090 2011 2122 me
2026 2090 2176 2122 renes
2198 2075 2322 2124 mei.
2350 2066 2591 2136 Insuper
2609 2086 2679 2123 ex
2702 2073 2809 2122 hoc
2829 2069 3164 2121 benedicam
3186 2066 3369 2117 Domi-

1771 2158 1934 2207 num,
1970 2146 2125 2209 quod
2154 2159 2322 2197 renes
2348 2146 2479 2209 mei,
2504 2145 2560 2195 id
2585 2147 2674 2195 est
2695 2142 2901 2203 Judaei,
2926 2153 2999 2192 ex
3024 2150 3268 2202 quorum
3284 2149 3367 2187 re-

1770 2216 1945 2266 nibus
1974 2222 2167 2280 patres
2200 2217 2333 2279 mei,
2357 2220 2415 2267 et
2444 2229 2516 2266 ex
2545 2226 2790 2278 quorum
2814 2223 2983 2262 carne
3008 2214 3181 2260 natus
3213 2219 3363 2280 sum,

1773 2279 2121 2350 increpando
2141 2291 2199 2338 et
2224 2285 2676 2351 blasphemando
2695 2295 2881 2345 usque
2892 2280 2965 2332 ad
2980 2284 3241 2339 mortem,
3254 2279 3365 2351 etin

1772 2349 2060 2409 infernum
2085 2359 2165 2410 ire
2189 2349 2605 2421 compulerunt.
2632 2358 2701 2407 Et
2726 2356 2871 2405 bene
2894 2353 2975 2403 ait
2996 2352 3247 2421 Insuper.
3268 2349 3369 2399 Su-

1775 2430 1954 2492 perior
1964 2430 2112 2480 enim
2131 2420 2422 2480 virtus’est
2444 2427 2754 2477 Dominum
2771 2422 3104 2475 benedicere
3113 2420 3176 2492 in
3191 2420 3367 2492 adver-

1774 2489 1873 2560 sis,
1900 2512 2073 2562 quam
2097 2500 2156 2550 in
2180 2498 2481 2563 prosperis.
2509 2500 2651 2548 Cum
2666 2498 2822 2547 Deus
2847 2495 2998 2544 dona
3015 2489 3367 2563 sualargitur

1774 2559 2122 2630 hominibus,
2143 2559 2332 2621 solent
2354 2569 2689 2620 benedicere
2712 2565 2848 2639 boni
2868 2569 2923 2615 et
2939 2562 3254 2639 mali._Qum
3271 2559 3365 2639 lla-

1774 2642 1920 2705 gella
1942 2642 2172 2701 irrOgat,
2206 2644 2569 2691 murmurant
2596 2638 2829 2701 quidem
2858 2634 2994 2686 mali
3012 2632 3113 2684 sed
3137 2629 3368 2705 benedi-

1774 2701 1914 2764 cunt
1959 2713 2111 2763 boni.
2152 2712 2239 2762 Ad
2262 2712 2371 2761 hoc
2394 2723 2528 2773 ergo
2552 2722 2658 2761 nos
2674 2709 2781 2758 iste
2804 2717 3009 2758 versus
3032 2701 3279 2773 instruit,
3305 2702 3371 2751 ut

1774 2785 2010 2847 insuper
2033 2784 2091 2834 in
2116 2783 2373 2846 ﬂagellis,
2403 2772 2959 2854 ut’perfectisimus:
2988 2772 3371 2854 utimpl‘eatur

1774 2859 1834 2908 in
1863 2844 2047 2914 nobis,
2074 2844 2229 2919 quod
2257 2856 2317 2907 in
2340 2854 2450 2906 alio
2478 2844 2697 2917 psalmo
2728 2852 3002 2913 legimus:
3029 2844 3366 2897 Benedicam

1774 2918 2168 2980 Dominum’in
2192 2927 2349 2977 omni
2385 2930 2639 2988 tempore
2664 2922 2821 2986 (Psat.
2846 2918 2970 2981 33.).

1837 2998 1885 3051 8.
1924 2999 2070 3048 Huic
2088 2997 2389 3049 sententias
2413 2993 2763 3045 concordant
2786 2991 2976 3053 verba,
2994 2997 3127 3050 qum
3141 2998 3369 3045 sequun-

1775 3072 1883 3121 tur.
1928 3070 2023 3118 Ait
2058 3069 2247 3118 enim:
2288 3066 2637 3116 Providebam
2671 3062 2969 3112 Dominum
3002 3061 3064 3108 in
3089 3059 3367 3119 conspectu

1778 3155 1890 3189 meo
1920 3154 2125 3202 semper
2147 3154 2159 3189 :
2186 3138 2449 3201 quoniam
2472 3152 2504 3185 a
2542 3134 2743 3183 dextris
2764 3138 2837 3181 est
2863 3130 3020 3191 mihi,
3052 3143 3118 3177 ne
3141 3140 3367 3202 commo-

1780 3228 1922 3261 vear.
1970 3196 2407 3266 Béatus-homo,
2453 3206 2548 3269 qui
2582 3208 3008 3278 Deumsemper
3031 3198 3291 3278 providet
3312 3196 3371 3247 in

1781 3286 2094 3346 conspectu
2120 3292 2243 3331 suo.
2268 3279 2374 3329 Hic
2397 3290 2585 3340 neque
2600 3273 2958 3349 extolliturin
2973 3273 3275 3349 prosperis,
3290 3281 3375 3315 ne-

1782 3367 1895 3417 que
1921 3344 2203 3415 frangitur
2232 3350 2292 3400 in
2316 3349 2595 3400 adversis.
2622 3350 2685 3397 In
2709 3344 2955 3406 cunctis,
2980 3353 3113 3405 quae
3129 3344 3377 3403 agimus,

1781 3439 1913 3488 qum
1936 3424 2243 3487 loquimur,
2266 3434 2397 3483 qua:
2416 3419 2756 3484 cogitamus,
2775 3417 2823 3467 si
2833 3418 3017 3467 Deum
3031 3423 3256 3488 semper
3266 3424 3379 3470 pro-

1782 3484 2069 3556 videmus,
2085 3508 2202 3545 non
2220 3492 2587 3544 offendimus.
2604 3491 2751 3539 Hinc
2769 3488 3046 3550 scriptum
3062 3487 3168 3547 est,
3184 3484 3250 3532 In
3266 3495 3380 3528 om-

1784 3570 1959 3620 nibus
1987 3567 2093 3617 viis
2127 3566 2240 3616 tuis
2264 3565 2454 3627 cogita
2481 3562 2642 3612 illum
2668 3561 2843 3621 (Prov.
2872 3558 2962 3619 3.).
2993 3557 3165 3633 Recte
3187 3556 3379 3633 autem

1783 3640 2051 3691 adextris
2075 3638 2197 3688 Filii
2222 3624 2426 3687 dicitur
2446 3646 2577 3685 esse
2600 3636 2763 3683 Pater
2789 3645 2801 3681 :
2839 3628 3110 3692 quoniam
3140 3624 3381 3687 aequalis

1784 3711 1934 3762 Patri
1958 3713 2045 3761 est
2070 3709 2264 3758 Filius.
2290 3706 2430 3757 Inde
2457 3706 2729 3756 virtutem
2750 3703 2943 3761 traxit,
2966 3703 3034 3750 ut
3061 3710 3161 3761 per
3174 3696 3381 3746 huma-

1786 3795 1921 3832 nam
1949 3781 2185 3830 lormam
2202 3779 2263 3827 in
2281 3776 2546 3839 passione
2562 3774 2787 3845 positus
2804 3767 3153 3845 commpveri
3167 3776 3381 3845 nequa-

1786 3866 1961 3917 quam
1986 3853 2196 3914 posset.
2224 3838 2389 3909 Quod
2424 3846 2472 3895 si
2495 3843 2758 3906 exemplo
2780 3840 2962 3892 nostri
2985 3838 3381 3917 Redemptoris

1787 3906 2094 3976 Dominum
2118 3920 2175 3969 in
2201 3906 2514 3981 conspectu
2536 3918 2734 3987 nostro
2752 3906 3379 3987 semperprovidemus,

1786 4002 1851 4048 ut
1884 4006 2073 4057 neque
2108 4001 2317 4048 amore,
2345 3978 2537 4050 neque
2562 3985 2763 4057 timore
2786 3982 3031 4057 alicujus
3055 3978 3143 4057 rei.
3157 3978 3230 4028 ab
3252 3978 3379 4057 ejus

1788 4048 2087 4120 voluntate
2108 4048 2505 4113 discordemus
2526 4057 2659 4108 :erit
2682 4055 2882 4116 utique
2905 4064 2938 4101 a
2961 4048 3179 4101 dextris
3192 4048 3382 4108 nobis,

1787 4151 1858 4189 ne
1880 4144 2362 4188 commoveamur.
2391 4131 2517 4193 Ipse
2542 4128 2695 4179 enim
2717 4126 2812 4200 ait,
2832 4126 2975 4174 Ecce
2995 4132 3102 4184 ego
3124 4120 3381 4200 vobiscum

1792 4221 1923 4260 sum
1962 4205 2233 4258 omnibus
2256 4192 2478 4261 diebus,
2522 4209 2708 4261 usque
2731 4194 2804 4246 ad
2828 4192 3383 4245 consummationem

1790 4279 1988 4332 saeculi
2017 4277 2221 4340 (Matth.
2247 4272 2373 4335 28.).
3094 4338 3102 4341 _
3238 4330 3269 4341 ..
3352 4329 3362 4341 .

1940 4330 2166 4413 Propter
2199 4347 2295 4395 hoc
2327 4330 2559 4393 lanatum
2600 4345 2673 4389 est
2704 4354 2795 4388 cor
2824 4350 3020 4414 meum.
3043 4338 3102 4414 et
3123 4330 3385 4414 exultavit

1793 4402 1985 4485 lingua
1998 4402 2118 4468 mea
2139 4433 2151 4468 :
2177 4419 2401 4480 insuper
2424 4420 2470 4462 et
2486 4428 2612 4485 caro
2635 4426 2755 4485 mea
2768 4407 3051 4485 requiescet
3067 4404 3126 4451 in
3138 4417 3243 4482 spe.

1786 4477 2163 4559 perlaetitiam
2188 4477 2377 4538 cordis
2406 4490 2463 4559 et
2481 4482 2888 4559 exultationem
2910 4477 3278 4559 linguainis‘i
3300 4477 3386 4559 in:-

1792 4546 1962 4617 ierior
1978 4569 2152 4625 atque
2176 4558 2425 4610 exterior
2438 4555 2637 4626 latitia
2649 4549 3113 4626 commendatur?
3128 4548 3220 4626 Qui
3234 4546 3385 4626 Deum

1792 4650 1825 4688 a
1861 4619 2080 4686 dextris
2104 4632 2297 4687 habet,
2336 4627 2516 4679 lmtari
2551 4625 2721 4675 debet
2742 4623 2901 4673 intus
2929 4620 2985 4669 in
3010 4619 3383 4676 conscientia,

1790 4708 1928 4758 foris
1953 4707 2009 4755 in
2039 4705 2249 4765 lingua.
2278 4700 2423 4750 Hinc
2446 4697 2579 4748 alibi
2602 4695 2841 4769 dicitur:
2856 4693 3103 4769 Laetetur
3115 4700 3212 4738 cor
3226 4697 3387 4769 quee-

1789 4779 2034 4830 rentium
2074 4758 2383 4825 Dominum
2418 4769 2577 4832 (Psat.
2618 4766 2780 4827 104.).
2811 4764 2975 4825 Quod
3009 4767 3204 4813 autem
3229 4758 3387 4821 dicit,

1793 4850 1861 4899 Et
1885 4863 2011 4897 caro
2035 4861 2153 4895 mea
2170 4845 2453 4909 requiescet
2464 4842 2522 4889 in
2534 4854 2647 4903 spe:
2668 4849 2876 4900 corpus
2891 4833 3251 4909 Dominieum
3263 4845 3391 4879 mor-

1791 4926 1977 4979 tuum,
2015 4924 2189 4981 atque
2214 4904 2271 4966 in
2298 4915 2560 4977 sepulcro
2576 4904 3207 4981 positum,ettertia.die
3219 4917 3390 4981 resur-

1788 4972 2113 5042 recturum.
2129 4972 2428 5051 significat.
2454 4972 2614 5044 Quod
2641 4982 2687 5032 si
2711 4994 2818 5032 nos
2843 4974 3207 5053 spiritualiter
3225 4972 3389 5022 inata-

1791 5074 1942 5124 mur,
1990 5065 2047 5112 et
2090 5045 2261 5123 caput
2284 5062 2550 5108 nostrum
2585 5066 2686 5118 per
2720 5051 3051 5124 passionem
3074 5045 3386 5124 imitamur,

1792 5119 1952 5197 spem
1973 5119 2189 5182 certam
2210 5130 2515 5189 habemus,
2534 5124 2808 5189 quoniam
2832 5119 3002 5171 simul
3025 5119 3296 5178 cumipso
3307 5124 3388 5164 re-

1792 5215 2097 5263 surgemus
2124 5201 2192 5263 (1.
2232 5201 2403 5248 Thess.
2433 5197 2523 5271 4.).
2546 5266 2579 5271 __
2854 5260 2864 5271 _
3182 5270 3206 5271 η
3309 5252 3326 5271 ,.

1854 5274 1943 5328 10.
1979 5272 2250 5331 Quoniam
2281 5284 2393 5317 non
2417 5266 2749 5327 derelinques
2764 5266 3015 5310 animam
3040 5268 3289 5331 meamm
3305 5267 3390 5301 m-

1791 5326 1944 5408 ferno
1972 5326 2102 5393 :‘nec
2133 5341 2284 5389 dabis
2312 5343 2557 5388 sanctum
2583 5326 2743 5408 tuum
2765 5332 2944 5381 videre
2965 5326 3383 5408 corruptionem.

1794 5396 1910 5468 Nec
1943 5416 2196 5466 animam
2216 5422 2404 5461 meam
2421 5410 2481 5459 in
2509 5406 2703 5458 inferis
2726 5410 3167 5467 permansuram
3201 5396 3384 5459 dabis,

1790 5500 1976 5550 neque
1990 5483 2412 5537 sanctiﬁcatum
2436 5490 2643 5543 corpus
2660 5475 2766 5537 (Ea:
2781 5474 2823 5523 A
2834 5470 3122 5552 u_gusti.no),
3142 5468 3385 5552 perq‘uocl

1792 5538 1960 5611 etalii
1984 5552 2379 5609 sanctificandi
2407 5538 2570 5624 sunt,
2593 5546 2888 5624 corrumpi
2904 5542 3255 5624 patieris._Et

1793 5630 2108 5693 dispositio,
2131 5632 2188 5679 et
2208 5625 2391 5691 gratia
2419 5618 2826 5684 omnipotentis
2850 5615 2953 5693 Dei
2968 5614 3094 5673 fuit,
3115 5616 3181 5663 ut
3193 5614 3390 5663 anima

1793 5691 2020 5761 Christi,
2071 5712 2176 5751 nec
2217 5699 2315 5749 diu
2355 5696 2413 5746 in
2446 5693 2668 5744 inferno
2690 5691 3022 5746 moraretur,
3049 5696 3157 5735 nec
3180 5692 3387 5741 corpus

1793 5775 1916 5839 ejus
1940 5772 2139 5825 tandiu
2154 5773 2310 5823 esset
2331 5768 2391 5819 in
2416 5771 2563 5818 terra
2584 5761 2869 5822 examine,
2892 5763 2960 5811 ut
2987 5765 3383 5819 corrumpere-
