3890 6400
474 412 579 469 699

1535 410 1804 464 RUFINO
1835 407 2294 462 PRESBYTERO
2327 405 2708 459 ASCRIPTUS

3673 404 3782 459 700

475 533 590 580 tur.
620 526 678 580 Si
697 525 852 578 enim
869 522 1202 600 distulisset},
1231 525 1354 600 tgta
1373 529 1574 600 nostra
1588 537 1720 590 spes
1740 524 2071 600 deperisset.
2097 525 2154 600 Α
2165 530 2324 595 juste
2335 529 2649 582 damnavit.
2663 529 2925 581 Timeant
2935 527 3095 592 ergoj
3105 525 3785 600 udices,hominum,quia

475 601 798 661 Resurgere
821 609 956 660 ergo
981 594 1105 646 sine
1129 594 1399 646 dilatione
1423 596 1620 654 voluit,
1647 601 1821 660 atque
1852 597 2072 655 ejusdem

476 683 601 722 suaa
614 667 1046 720 resurrectionis
1060 670 1238 718 testes
1255 665 1521 717 homines
1537 667 1766 731 habere,
1789 669 1938 718 sicut
1949 669 2075 714 scri-

476 745 640 806 ptum
673 741 779 802 est,
806 740 876 790 Et
895 737 1079 788 multa
1102 734 1794 806 corporasgsanctorum
1819 738 1915 802 qui
1940 737 2076 788 dor-

476 811 734 870 mierant,
751 821 885 860 cum
907 809 1031 872 ipso
1044 814 1487 860 resurrexerunt
1514 809 1692 872 (Act.1
1716 824 1730 872 ;
1748 809 1941 859 Matth.
1966 807 2072 870 27).

475 883 550 934 Ut
581 893 688 932 nos
713 879 926 930 talibus
954 879 1297 930 testimoniis
1321 880 1643 931 confirmati
1667 893 1861 932 veram
1885 893 2078 930 resur-

475 953 790 1004 rectionem
813 951 873 1002 in
895 951 1064 1002 nobis
1098 956 1217 1001 tam
1241 951 1496 1015 corporis
1519 963 1695 1014 quam
1718 953 1928 1003 animm
1957 964 2078 1001 cre-

476 1022 743 1074 deremus
769 1038 784 1071 :
811 1022 859 1072 si
904 1035 1012 1074 nos
1036 1022 1299 1072 membra
1350 1023 1479 1084 ejus
1509 1022 1713 1084 etl‘ecti,
1761 1022 1913 1074 viam
1944 1034 2076 1086 quas

475 1093 637 1144 ducit
659 1093 732 1144 ad
755 1093 999 1157 patriam
1026 1098 1339 1143 teneamus.
1374 1093 1540 1144 Unde
1566 1093 1868 1144 subditur:

538 1164 624 1220 10.
648 1165 819 1214 Notas
843 1163 985 1212 mihi
1006 1163 1175 1225 fecisti
1203 1164 1350 1212 viam
1372 1165 1489 1213 vitae
1513 1183 1523 1213 :
1551 1164 1866 1228 adimplcbis
1893 1179 1976 1212 me
1993 1162 2079 1212 lae-

477 1237 604 1288 titia
621 1251 746 1284 cum
761 1234 912 1283 vultu
942 1239 1064 1284 tuo:
1095 1233 1458 1284 delectationes
1489 1235 1546 1283 in
1567 1235 1784 1284 dextera
1803 1240 1896 1284 tua
1916 1249 2080 1298 usque

477 1309 538 1356 in
553 1309 736 1369 finem.
754 1304 1122 1369 Priusipsum
1138 1309 1309 1368 caput
1324 1305 1462 1357 vitas
1474 1305 1596 1357 vias
1614 1305 1790 1369 novit,
1804 1317 1950 1369 quas
1975 1317 2080 1356 no—

478 1378 569 1430 bis
596 1382 655 1430 et
677 1376 846 1428 factis
873 1375 1143 1434 ostendit,
1163 1381 1219 1426 et
1237 1376 1426 1428 verbis
1446 1376 1796 1440 praedicavit.
1819 1381 1938 1435 Qum
1961 1381 2081 1426 sunt

480 1449 594 1501 vise
611 1449 658 1512 ej
670 1461 759 1509 us,
777 1448 988 1510 quibus
1001 1447 1072 1497 ad
1088 1447 1264 1497 vitam
1279 1447 1590 1510 tendimus,
1604 1447 1714 1498 nisi
1728 1451 1988 1496 humilitas
2007 1463 2082 1495 ca-

480 1520 641 1583 ritas,
662 1517 951 1583 patientia,
977 1518 1318 1577 obedientia,
1345 1523 1400 1569 et
1415 1523 1642 1570 caateree
1666 1522 1931 1570 vurtutes
1947 1522 1973 1568 ει)
1993 1517 2080 1569 Ad

477 1591 585 1642 has
609 1591 734 1642 vias
757 1602 864 1641 nos
886 1589 1161 1641 admonet
1184 1590 1462 1654 propheta
1485 1590 1712 1641 dicens:
1736 1592 1934 1641 Parate
1948 1593 2080 1638 viam

420 1683 434 1694 ι
479 1660 728 1719 Domini,
765 1663 954 1712 rectas
979 1660 1146 1710 facite
1171 1661 1406 1711 semitas
1430 1661 1556 1724 ejus
1590 1661 1731 1724 (Isai.
1760 1661 1890 1722 40.).
1935 1661 2082 1712 Hinc

478 1733 607 1796 ipsa
630 1731 858 1782 Veritas
881 1730 981 1794 ait,
1006 1731 1214 1782 Venite
1237 1732 1308 1782 ad
1334 1745 1425 1783 me
1450 1744 1650 1784 omnes
1675 1732 1772 1795 qui
1789 1732 2081 1792 laboratis,

479 1808 540 1856 et
573 1802 796 1854 onerati
821 1803 984 1865 estis,
999 1806 1055 1853 et
1079 1814 1186 1865 ego
1199 1815 1304 1854 vos
1317 1803 1566 1853 reficiam
1585 1803 1795 1864 (Matth.
1812 1802 1940 1866 11.).
1959 1807 2085 1851 Bene

481 1885 618 1938 ergo
661 1873 756 1936 ait,
789 1872 1118 1936 Adimplebis
1156 1888 1237 1922 me
1273 1873 1455 1922 laetitia
1485 1889 1607 1923 cum
1644 1875 1796 1923 vultu
1821 1881 1928 1926 tuo.
1957 1877 2082 1925 Non

2174 614 2346 666 supra
2370 615 2432 652 se
2459 602 2673 652 habent
2691 601 2946 664 judicem
2963 602 3149 651 Deum
3167 613 3180 650 :
3198 599 3366 662 cujus
3380 599 3532 650 oculi
3549 600 3784 662 aquita-

2174 678 2289 723 tem
2314 673 2531 735 vident,
2571 677 2636 724 ut
2670 672 2813 723 nihil
2849 671 3199 735 impunitum
3227 675 3476 732 maneat,
3503 675 3564 722 et
3587 671 3781 734 dignis

2173 744 2348 806 digna
2378 743 2672 807 rependat.
2715 747 2784 794 Et
2820 743 2929 794 hoc
2959 742 3193 806 quidem
3229 743 3380 793 sicut
3405 742 3477 793 ad
3513 742 3782 794 timorem

2171 815 2474 878 malorum,
2486 817 2566 866 ita
2581 816 2652 865 ad
2670 814 3126 866 consolationem
3140 814 3360 864 dictum
3372 817 3460 865 est
3474 815 3779 865 bonorum:

2177 886 2326 936 sicut
2351 886 2410 936 in
2434 885 2546 937 alio
2569 885 2694 937 loco
2719 886 2949 948 dicitur,
2965 886 3103 936 Mihi
3127 885 3462 946 vindictam,
3488 891 3548 936 et
3569 898 3678 948 ego
3696 897 3788 936 re-

2177 955 2597 1017 tribuam,dicit
2623 957 2906 1008 Dominus
2933 957 3105 1019 (Deut.
3127 954 3380 1009 3‘2.Rom.
3408 955 3536 1016 12.).
3560 958 3788 1007 Debent

2176 1039 2309 1089 ergo
2323 1029 2507 1079 sancti
2523 1029 2628 1080 viri
2647 1041 2873 1091 semper
2888 1029 3219 1079 examinare
3235 1041 3332 1078 cor
3352 1041 3547 1088 suum,
3561 1031 3626 1078 ut
3639 1026 3787 1078 illud

2175 1105 2309 1148 ante
2340 1099 2537 1150 oculos
2561 1099 2662 1150 Dei
2680 1100 2931 1150 habeant
2949 1100 3271 1162 probatum,
3287 1111 3360 1150 ne
3377 1098 3468 1148 ille
3486 1099 3652 1162 cujus
3667 1113 3794 1146 ocu-

2174 1167 2214 1218 li
2239 1167 2435 1220 vident
2459 1171 2812 1233 aequitatem,
2839 1169 3013 1222 ullam
3029 1169 3087 1220 in
3104 1170 3188 1220 eis
3204 1169 3396 1220 videre
3416 1170 3598 1234 possit
3618 1184 3795 1229 repre-

2176 1238 2542 1291 hensionem:
2569 1247 2856 1303 quatenus
2878 1241 2937 1290 in
2961 1239 3326 1291 tribulatione
3337 1239 3642 1303 aliquando
3653 1241 3800 1300 posi-

2177 1310 2240 1372 ti,
2267 1309 2454 1362 dicere
2479 1324 2614 1362 cum
2640 1325 2744 1362 suo
2769 1314 2956 1376 capite
2981 1311 3206 1375 possint
3229 1310 3383 1374 quod
3410 1311 3688 1374 sequitur.

2242 1379 2291 1434 3.
2324 1382 2570 1431 Probasti
2607 1399 2697 1432 cor
2738 1398 2938 1438 meum,
2971 1387 3017 1431 et
3067 1382 3295 1431 visitasti
3346 1387 3518 1432 nocte:
3550 1383 3674 1445 igne
3706 1396 3797 1430 me

2178 1452 2532 1513 examinasti,
2561 1458 2606 1502 et
2630 1469 2739 1502 non
2773 1458 2843 1502 est
2867 1453 3087 1501 inventa
3111 1453 3168 1500 in
3200 1468 3282 1501 me
3311 1451 3592 1515 iniquitas.
3629 1455 3796 1503 Deus

2180 1523 2346 1573 Pater
2370 1524 2575 1575 Filium
2588 1524 2871 1588 probavit,
2890 1524 3122 1587 quando
3140 1524 3254 1587 pati
3271 1524 3562 1587 permisit:
3588 1523 3800 1574 visita-

2181 1593 2267 1644 vit
2290 1598 2478 1658 nocte,
2497 1596 2871 1659 quiaadjuvit
2893 1595 2954 1646 in
2979 1595 3343 1646 tribulatione
3368 1611 3381 1646 :
3404 1595 3536 1658 igne
3561 1595 3802 1659 passio-

2183 1663 2275 1713 nis
2306 1667 2679 1728 examinavit,
2699 1667 2835 1730 quia
2856 1667 2988 1717 inde
3006 1666 3078 1716 ad
3099 1667 3582 1730 incorruptionem
3602 1671 3800 1716 trans-

2184 1735 2330 1788 tulit.
2358 1741 2425 1788 Et
2452 1751 2569 1789 non
2599 1743 2689 1790 est
2728 1738 2788 1789 in
2812 1752 2879 1789 eo
2926 1738 3162 1790 inventa
3204 1738 3496 1800 iniquitas,
3543 1737 3682 1800 quia
3707 1742 3804 1799 (ut

2178 1805 2308 1868 jam
2329 1821 2503 1872 supra
2527 1810 2800 1872 diximus)
2825 1814 3126 1874 peccatum
3148 1821 3263 1859 non
3296 1808 3428 1860 fecit
3453 1809 3602 1871 (Isai.
3629 1807 3720 1861 53.
3743 1808 3799 1862 1.

2183 1875 2324 1926 Petr.
2345 1879 2441 1944 2.).
2459 1883 2574 1932 Nos
2589 1893 2818 1944 quoque
2835 1894 2868 1932 a
2880 1883 3000 1932 Deo
3017 1880 3625 1944 probamur,quotiens
3640 1881 3807 1928 tribu-

484 1945 639 1996 enim
663 1948 752 1995 est
765 1943 932 2016 ptem
956 1943 1154 2016 μεθίειῑά
1169 1957 1300 2016 cum
1323 1945 1436 2016 isto
1458 1945 1692 1996 mundo.
1720 1945 1883 1997 Unde
1909 1945 2086 2008 scrip—
2107 1940 2160 2013 B
2189 1940 2499 2002 lationibus
2516 1940 2846 2016 afﬂigimur.
2873 1940 3034 2003 Unde
3048 1951 3324 2014 scriptum
3340 1940 3462 2002 est:
3488 1951 3804 2013 Tanquam

485 2021 615 2067 tum
643 2019 750 2066 est.
777 2015 880 2066 Vm
906 2015 1070 2065 vobis
1096 2015 1194 2078 qui
1211 2014 1409 2066 ridetis
1435 2016 1850 2078 nunc(Luc.6.).
1875 2018 1998 2067 Non
2016 2022 2088 2064 est

484 2086 578 2138 hic
604 2083 985 2150 plenalsetitia
998 2097 1183 2148 neque
1196 2086 1362 2136 bonis
1373 2099 1561 2149 neque
1574 2087 1760 2138 malis.
1781 2090 1921 2138 Nam
1947 2090 2094 2134 utris-

487 2169 599 2220 que
625 2161 684 2206 et
715 2154 1004 2206 tribulatio
1021 2157 1348 2207 communis
1373 2159 1477 2208 est.
1506 2158 1696 2209 Sancti
1722 2157 1826 2208 viri
1842 2165 1888 2204 et
1903 2160 1945 2204 si
1968 2173 2094 2218 guu-

486 2227 627 2278 dent
649 2226 710 2277 in
735 2239 850 2290 spe,
886 2231 1127 2289 gemunt
1150 2227 1341 2278 adhuc
1365 2228 1424 2278 in
1450 2229 1832 2280 tribulatione.
1861 2232 1951 2277 Sed
1976 2236 2093 2276 tunc

488 2297 642 2361 pleni
667 2301 836 2348 erunt
860 2296 1076 2362 laetitia,
1097 2297 1332 2360 quando
1354 2299 1538 2350 Deum
1569 2299 1850 2350 videbunt
1863 2299 2001 2350 facie
2023 2299 2093 2349 ad

486 2369 687 2420 faciem
706 2368 776 2430 (1.
808 2368 928 2418 Cor.
956 2367 1082 2431 13.).
1117 2369 1184 2418 Et
1201 2369 1568 2419 delectationes
1593 2371 1651 2418 in
1682 2371 1896 2419 dextera
1921 2385 2092 2418 eorum

484 2454 655 2504 usque
681 2439 739 2488 in
759 2441 957 2501 ﬁnem:
980 2439 1116 2501 quia
1134 2439 1195 2490 hi
1211 2440 1361 2503 quia
1390 2439 1612 2492 dextris
1634 2443 1761 2504 ejus
1783 2445 1970 2502 erunt,
1987 2442 2096 2489 sine

484 2511 597 2563 fine
613 2510 972 2574 gaudebunt.
987 2513 1238 2572 Quorum
1257 2511 1668 2563 delectationes
1681 2505 1920 2564 eruntde
1939 2515 2098 2562 Domi-

485 2581 546 2632 ni
575 2581 816 2643 visione,
843 2581 913 2632 de
938 2581 1214 2632 societate
1230 2581 1587 2645 angelorum,
1613 2583 1687 2634 de
1709 2584 2096 2634 beataimmor-

486 2650 724 2711 talitate,
753 2651 824 2701 de
848 2655 1068 2702 interna
1091 2651 1376 2704 felicitate.
1416 2653 1766 2704 Studeamus
1795 2667 1930 2717 ergo
1961 2655 2096 2706 vitas

485 2723 614 2775 vias
637 2722 966 2784 observare,
993 2726 1282 2784 quatenus
1306 2722 1380 2773 ad
1411 2726 1632 2775 tantam
1657 2725 1918 2777 laetitiam
1941 2730 1998 2777 et
2025 2725 2097 2777 ad

487 2797 686 2845 tantas
723 2792 1137 2844 delectationes
1171 2795 1470 2846 valeamus
1499 2798 1815 2859 pervenire.

809 2907 1172 2972 TITULUS
1225 2908 1548 2974 PSALMI
1587 2910 1768 2974 XVI.

553 3027 609 3090 1._
627 3025 788 3090 Hujus
811 3024 993 3090 Psalmi
1013 3024 1293 3090 titulusest,
1317 3025 1500 3090 Oratio
1517 3026 1623 3090 ipsi
1640 3025 1834 3077 David.
1861 3028 2100 3090 Attribuif

493 3091 572 3134 tur
596 3081 1020 3146 ipsi’signiticatio
1045 3089 1217 3149 David,
1243 3081 1331 3148 qui
1355 3104 1404 3136 re
1433 3081 1550 3136 vera
1578 3104 1751 3137 manu
1780 3090 1939 3152 fortis
1963 3081 2098 3137 venit

491 3162 777 3212 expugnare
801 3163 966 3196 aereas
990 3154 1268 3209 potestates.
1289 3153 1379 3198 Sed
1407 3166 1520 3200 cum
1541 3154 1592 3200 in
1619 3154 1735 3200 aliis
1755 3167 1904 3212 quam
1931 3153 2094 3212 pluri-

491 3211 588 3275 mis
604 3212 812 3272 psalmis
834 3213 1082 3258 orationes
1122 3215 1412 3275 habeantur,
1444 3215 1628 3262 mirum
1664 3211 1880 3274 videtur,
1917 3211 2004 3262 cur
2037 3217 2090 3262 in

497 3272 593 3336 isto
617 3275 810 3332 psalmo
831 3275 992 3329 magis
1015 3289 1164 3333 quam
1193 3277 1243 3322 in
1268 3272 1540 3323 aliistalem
1569 3279 1769 3323 titulum
1786 3272 2089 3336 apposuerit.

500 3335 593 3382 Sed
622 3338 856 3394 quamvis
879 3337 966 3382 alii
999 3337 1177 3394 psalmi
1203 3339 1414 3385 breviter
1437 3341 1618 3385 mixtas
1645 3341 1696 3385 in
1727 3353 1778 3385 se
1801 3335 2092 3386 contineant

493 3398 756 3460 orationes,
783 3398 874 3444 iste
898 3403 1057 3445 tamen
1083 3413 1171 3458 per
1193 3401 1448 3458 quandam
1473 3403 1815 3448 excellentiam
1843 3404 2092 3460 principa-

494 3459 606 3506 liter
641 3460 798 3506 oratio
833 3461 1036 3518 dicitur,
1075 3463 1198 3520 quia
1231 3466 1449 3520 tempore
1473 3465 1724 3522 passionis
1747 3459 1855 3510 sure
1881 3459 2094 3511 instante

495 3523 627 3568 hanc
649 3523 924 3568 orationem
941 3524 1169 3571 Christus
1186 3526 1392 3570 Domino
1407 3539 1499 3571 suo
1515 3527 1748 3575 ca'itavit.
1770 3528 1984 3573 Intendit
2006 3541 2093 3574 au-

498 3588 591 3648 tem
622 3597 712 3630 nos
735 3585 789 3630 in
815 3585 912 3648 hoc
934 3586 1406 3646 psalmoinstruere,
1434 3589 1726 3646 utexomplo
1748 3589 1908 3648 ipsius
1927 3590 1977 3636 in
2004 3605 2092 3636 no-

495 3645 613 3692 stris
636 3646 1016 3711 necessitatibus
1032 3660 1226 3711 semper
1265 3645 1404 3695 orare
1437 3645 1742 3699 studeamus.
1769 3645 1966 3711 'Agitur
1998 3666 2094 3699 au-

501 3711 606 3783 tem
621 3708 682 3754 de
705 3706 905 3783 j‘ustitia
930 3706 1229 3783 Christi,‘del
1247 3712 1570 3783 tribulatione
1594 3706 1857 3783 passionis;
1885 3729 2010 3783 suae,
2035 3715 2096 3760 de

499 3771 878 3836 resurrectione,
918 3771 994 3836 de
1042 3771 1262 3819 satietate
1305 3777 1350 3820 et
1375 3771 1772 3823 manifestatione
1794 3777 1966 3836 glorias
1995 3771 2098 3824 cce-

505 3831 660 3880 testis.
685 3834 789 3882 Vox
815 3831 998 3882 Christi
1022 3847 1080 3881 ex
1116 3848 1328 3894 persona
1346 3849 1438 3884 sua
1465 3837 1706 3884 discentis
1729 3853 1744 3886 :

989 3956 1386 4022 PSALMUS
1429 3959 1613 4024 XVI.

567 4088 594 4142 1
608 4125 620 4140 .
650 4089 892 4149 Exaudi,
911 4090 1157 4155 Domine,
1167 4092 1443 4156 justitiam
1466 4108 1641 4142 meam
1662 4108 1674 4144 :
1692 4093 1908 4142 Intende
1924 4092 2102 4158 depre-

496 4160 762 4210 cationem
782 4177 956 4212 meam
973 4178 988 4212 :
1004 4163 1230 4213 auribus
1242 4167 1454 4230 percipe
1469 4166 1768 4214 orationem
1781 4180 1975 4224 meam,
1992 4181 2102 4214 non

497 4230 560 4279 in
578 4231 736 4282 labiis
749 4232 965 4284 dolosis.
983 4235 1258 4287 Mediator
1273 4237 1372 4287 Dei
1388 4241 1446 4287 et
1458 4236 1760 4287 hominum
1774 4238 1922 4284 homo
1941 4239 2104 4286 Chris-

499 4305 597 4354 tus
629 4305 804 4356 Jesus
829 4304 898 4366 (1.
931 4306 1064 4357 Tim.
1104 4305 1196 4372 2.),
1232 4320 1409 4370 quam
1430 4309 1648 4370 justus,
1695 4312 1752 4358 et
1779 4319 1954 4370 quam
1979 4308 2104 4360 sine

500 4381 734 4438 peccato
758 4377 946 4441 fuerit,
971 4391 1138 4430 sacra
1163 4379 1455 4444 Scriptura
1489 4381 1733 4430 testatur
1757 4394 1770 4429 :
1792 4392 1924 4442 quae
1948 4379 2104 4442 dicit,

498 4447 606 4507 Qui
630 4453 934 4511 peccatum
967 4463 1088 4501 non
1117 4450 1270 4511 fecit,
1299 4463 1406 4500 nec
1431 4449 1704 4501 inventus
1729 4455 1818 4501 est
1847 4449 2014 4502 dolus
2045 4451 2106 4504 in

497 4530 598 4570 ore
621 4520 750 4582 ejus
775 4521 926 4582 (Isai.
950 4520 1103 4575 53.1.
1128 4521 1272 4570 Pet-r.
1301 4519 1390 4582 2.).
1412 4521 2111 4585 Interdeprecationemet

498 4589 816 4643 orationem
827 4591 937 4642 hoc
947 4591 1160 4644 distare
1177 4591 1414 4656 quidam
1429 4591 1627 4643 dicunt
1640 4596 1703 4643 ut
1716 4593 2036 4656 deprecatio
2049 4597 2113 4644 sit

497 4660 570 4712 ad
593 4661 905 4713 devitanda
927 4663 1383 4727 adversa,oratio
1395 4668 1592 4713 autem
1611 4663 2106 4728 inconsequendis

2190 2033 2397 2073 aurum
2410 2023 2467 2073 in
2481 2023 2708 2074 fornace
2724 2023 2986 2087 probavit
2997 2022 3208 2073 electos
3223 2022 3505 2073 Dominus
3524 2022 3674 2086 (Sap.
3697 2021 3801 2083 3.).

2193 2093 2300 2144 Sed
2329 2093 2390 2144 in
2405 2099 2572 2144 nocte
2599 2094 2984 2144 tribulationis
2997 2106 3115 2144 non
3137 2092 3301 2145 deest
3315 2092 3496 2156 gratia
3519 2091 3805 2143 visitatio-

2191 2164 2300 2226 nis,
2321 2169 2470 2216 teste
2502 2165 2798 2229 Apostolo,
2821 2165 3033 2228 quiait,
3052 2163 3259 2215 Fidelis
3276 2169 3366 2215 est
3389 2163 3677 2226 Deus,qui
3690 2179 3804 2212 non

2193 2237 2482 2299 permittet
2506 2249 2612 2288 nos
2630 2237 2832 2287 tentati
2860 2248 3033 2300 supra
3057 2249 3232 2300 quam
3257 2236 3398 2286 ferre
3442 2247 3766 2299 possumus
3789 2251 3802 2284 :

2194 2307 2296 2357 sed
2313 2307 2479 2358 faciet
2493 2309 2662 2358 etiam
2677 2321 2747 2358 ex
2763 2307 3078 2359 tentatione
3104 2312 3442 2370 proventum
3457 2306 3522 2369 (1.
3545 2307 3667 2356 Cor.
3693 2306 3802 2368 10.)

2194 2380 2315 2429 Hoc
2350 2379 2480 2442 igne
2505 2392 2612 2430 nos
2653 2379 2962 2440 examinat,
3009 2383 3130 2429 uta
3165 2378 3407 2429 maculis
3432 2379 3804 2442 peccatorum

2193 2451 2442 2500 mundos
2465 2450 2682 2502 reddat.
2710 2451 2874 2502 Utilis
2897 2455 2988 2501 est
3008 2463 3142 2514 ergo
3160 2451 3343 2502 servis
3359 2449 3461 2500 Dei
3481 2447 3805 2511 tribulatio,

2197 2526 2317 2574 tum
2331 2523 2466 2585 quia
2478 2522 2860 2586 probanturin
2875 2521 3044 2572 corde
3062 2533 3184 2586 suo,
3206 2526 3328 2572 tum
3345 2521 3480 2584 quia
3490 2520 3808 2572 visitantur

2195 2606 2229 2645 a
2252 2597 2389 2656 Deo,
2415 2599 2537 2645 tum
2561 2595 2698 2658 quia
2722 2599 3042 2658 purgantur
3072 2607 3108 2646 a
3134 2598 3382 2658 peccato.
3422 2593 3548 2643 Non
3576 2597 3666 2654 est,
3702 2592 3803 2644 in-

2197 2666 2338 2729 quit,
2365 2665 2582 2714 inventa
2605 2667 2666 2714 in
2696 2681 2779 2714 me
2805 2666 3083 2728 iniquitas.

2260 2736 2310 2790 4,
2346 2737 2408 2785 Ut
2438 2753 2547 2785 non.
2581 2737 2840 2801 loquatur
2867 2753 2924 2785 os
2939 2751 3117 2785 meum
3133 2751 3296 2801 opera
3313 2736 3633 2788 hominum:
3669 2750 3800 2800 pro-

2196 2813 2312 2872 pter
2335 2807 2490 2857 verba
2513 2809 2782 2858 labier-um
2811 2815 3029 2858 tuorum
3061 2824 3152 2872 ego
3181 2809 3440 2857 custodivi
3463 2809 3580 2857 vias
3601 2808 3802 2860 duras.

2200 2879 2420 2941 Dignus
2437 2883 2558 2931 erat
2579 2879 2732 2944 loqui
2755 2881 3251 2942 operahominum,
3278 2879 3377 2943 qui
3391 2880 3449 2930 in
3461 2892 3521 2931 se
3544 2892 3661 2930 non
3687 2878 3806 2930 ha-

2197 2951 2370 3002 bebat
2384 2956 2676 3014 peccatum
2693 2952 2868 3013 (Joan.
2884 2950 3102 3005 8.11ebr.
3122 2949 3284 3013 7.).Et
3307 2951 3692 3014 tantojustius
3709 2953 3808 2998 de-

2199 3023 2370 3073 bebat
2381 3023 2452 3073 ab
2466 3023 2734 3074 omnibus
2745 3023 3230 3086 audiri,quojuste
3243 3035 3360 3073 non
3372 3027 3592 3085 poterat
3601 3023 3678 3072 ab
3691 3025 3806 3070 ullo

2196 3094 2553 3158 reprehendi.
2591 3093 2675 3145 Illi
2708 3106 2938 3157 quoque
2961 3094 3058 3156 qui
3084 3095 3238 3145 vices
3266 3093 3473 3144 Christi
3505 3098 3707 3144 tenent
3739 3094 3807 3144 in

2195 3165 2618 3230 praedicatione,
2638 3165 2695 3216 in
2721 3171 3003 3228 quantum
3028 3169 3292 3228 possunt,
3317 3163 3530 3215 debent
3551 3164 3809 3228 inrepre-

2193 3235 2547 3287 hensibiliter
2570 3236 2787 3288 vivere:
2810 3236 2949 3300 quia
2987 3235 3154 3286 valde
3177 3247 3364 3286 sermo
3388 3235 3636 3286 doctoris
3658 3248 3808 3286 con-

2119 3303 2167 3377 ί]
2193 3307 2523 3366 funditur,si
2539 3307 2762 3358 actione
2775 3307 3142 3370 depravatur.
3165 3306 3325 3366 Quod
3340 3306 3386 3356 si
3401 3311 3628 3369 propter
3644 3309 3808 3354 verba

2191 3378 2473 3437 labiorum
2496 3379 2598 3430 Dei
2622 3379 2793 3428 duras
2812 3379 2932 3428 vias
2947 3390 3053 3427 nos
3079 3382 3303 3441 oportet
3323 3377 3628 3436 custodire,
3658 3391 3807 3428 con-

2193 3450 2408 3501 solatur
2429 3463 2537 3500 nos
2563 3449 2846 3500 Dominus
2875 3447 3191 3512 apostolica
3211 3448 3552 3500 auctoritate
3575 3448 3805 3510 dicens,

2195 3523 2320 3572 Non
2343 3525 2483 3571 sunt
2497 3520 2798 3584 condignae
2816 3520 3112 3584 passiones
3135 3519 3311 3583 hujus
3331 3519 3600 3583 temporis
3616 3519 3692 3569 ad
3718 3519 3812 3570 fu-

2195 3598 2378 3644 turam
2393 3591 2632 3656 gloriam
2655 3604 2788 3654 quin
2823 3591 3178 3643 revelabitur
3201 3591 3260 3641 in
3303 3591 3470 3642 nobis
3502 3591 3677 3652 (Rom.
3704 3589 3804 3654 8.).

2193 3667 2378 3716 Duras
2397 3663 2519 3714 vias
2536 3662 2865 3724 custodivit,
2885 3663 2985 3726 qui
3003 3675 3189 3724 usque
3205 3661 3278 3712 ad
3305 3667 3545 3713 mortem
3557 3663 3807 3710 obediens

2197 3736 2304 3788 fuit
2320 3735 2545 3799 (Philip.
2564 3733 2656 3796 2.).
2677 3734 2956 3786 Mundum
2977 3734 3320 3797 relinquere,
3334 3745 3561 3784 carnem
3575 3735 3804 3796 domare,

2196 3811 2431 3872 peccata
2445 3805 2711 3870 lacrymis
2741 3807 2957 3870 punire,
2989 3805 3242 3857 adversa
3269 3809 3327 3856 et
3350 3816 3551 3868 aspera
3574 3809 3808 3867 propter

2196 3879 2378 3928 Deum
2403 3876 2668 3928 tolerare:
2693 3875 2853 3927 durae
2869 3874 2980 3926 viae
2996 3879 3154 3939 sunt,
3173 3887 3299 3938 qam
3325 3875 3622 3926 Dominica
3643 3873 3804 3924 labia.

2196 3947 2365 3999 nobis
2402 3947 2759 4012 praecipiunt.
2791 3946 2899 3998 Sed
2933 3947 2982 3997 si
3005 3946 3151 3998 dura
3192 3947 3328 3997 sunt
3347 3958 3479 4008 qum
3502 3946 3802 4008 jubentur,

2199 4020 2343 4072 mira
2365 4023 2503 4070 sunt
2523 4031 2653 4082 quae
2669 4018 3102 4083 promittuntur.
3121 4018 3264 4068 Nam
3287 4029 3394 4068 nec
3414 4017 3614 4068 oculus
3631 4015 3802 4076 vidit,

2198 4105 2304 4142 nec
2327 4091 2485 4142 auris
2509 4091 2751 4153 audivlt,
2791 4103 2896 4140 nec
2921 4089 2980 4139 in
3003 4103 3100 4140 cor
3123 4088 3372 4140 hominis
3395 4089 3800 4148 ascenderunt,

2202 4175 2335 4226 quae
2373 4161 2714 4226 praeparavit
2740 4158 2826 4228 7|
2861 4162 3012 4211 Deus
3042 4160 3415 4224 diligentibus
3438 4173 3498 4211 se
3524 4160 3670 4221 [Ἰδαί.
3709 4157 3802 4212 64.

2203 4233 2252 4288 1.
2276 4235 2397 4284 Cor.
2423 4231 2513 4294 2.).
2529 4233 2793 4283 Firmiter
2803 4243 2936 4295 ergo
2953 4236 3251 4282 teneamus
3268 4230 3442 4295 viam,
3459 4234 3524 4282 ut
3539 4232 3803 4291 pervenire

2202 4305 2497 4370 possimus
2516 4305 2589 4355 ad
2621 4303 2878 4368 patriam.
2905 4305 2975 4354 Et
2999 4302 3128 4353 ideo
3152 4302 3453 4354 subditur:

2265 4375 2317 4430 5.
2343 4377 2538 4439 Perfice
2559 4390 2767 4438 gressus
2797 4389 2936 4423 meos
2976 4374 3034 4424 in
3056 4374 3258 4423 semitis
3297 4374 3420 4436 tuis,
3439 4378 3496 4422 ut
3532 4388 3644 4422 non-
3676 4388 3803 4422 mo—

2205 4449 2439 4498 veantur”
2453 4446 2670 4509 vestigia
2686 4462 2824 4498 mea.
2838 4445 2983 4508 Quid
3000 4459 3099 4510 per
3122 4459 3374 4509 gressus,
3393 4444 3506 4496 nisi
3521 4445 3802 4496 bonorum

2212 4531 2446 4584 operum
2469 4520 2676 4569 actus?
2699 4517 2843 4579 Quid
2877 4531 2976 4582 per
2996 4517 3250 4578 semitas,
3285 4517 3396 4568 nisi
3419 4515 3800 4580 perfectorum

2212 4591 2615 4642 mandatorum
2633 4590 2733 4641 Dei
2749 4595 2934 4641 arctas
2947 4594 3003 4641 et
3017 4593 3296 4652 angustas
3314 4589 3574 4648 iutelligim
3584 4602 3642 4635 us
3657 4589 3767 4636 vias
3777 4591 3804 4637 ?

2211 4663 2495 4714 Perfectos
2518 4674 2757 4725 gressus
2779 4661 2837 4712 in
2863 4661 3084 4712 semitis
3101 4659 3324 4712 Domini
3341 4659 3561 4721 habuit,
3586 4659 3683 4722 qui
3699 4660 3799 4718 ait,

497 4706 2106 4798 anausim;“iisiiss;155.652.5513;“astitui-3;
2131 4706 2192 4779 D
2213 4706 2493 4785 sanas
2512 4706 2984 4797 slggs‘;a‘v;;ét
2991 4706 3446 4794 stamina-1;
3467 4706 3683 4793 autin:
3703 4706 3797 4793 ᾖ

498 4802 698 4854 multis
721 4801 880 4853 locis.
903 4803 992 4854 Sic
1012 4808 1208 4855 autem
1231 4803 1489 4865 ait,lnten
1500 4805 1561 4854 de
1585 4807 1896 4856 etAuribus
1923 4807 2102 4872 perci-

498 4889 577 4937 pe,
603 4885 670 4924 ac
698 4873 746 4924 si
769 4873 1010 4926 diceret:
1045 4876 1194 4938 Cape
1211 4875 1364 4938 quod
1375 4875 1558 4941 audis,
1574 4878 1754 4930 retine
1767 4879 2102 4942 quodintel-

499 4943 650 5017 ligis.
678 4944 988 5017 Prmtendit
1021 4959 1154 5010 ergo
1183 4946 1467 5017 justitiam
1493 4949 1682 5012 operis
1713 4954 1770 5001 et
1790 4949 2102 5013 puritatem

500 5015 706 5078 cordis,
725 5021 789 5068 ut
804 5016 861 5067 in
873 5028 1040 5082 prece
1053 5021 1109 5069 et
1121 5015 1376 5070 oratione
1393 5019 1564 5082 digne
1577 5020 1920 5072 exaudiatur
1937 5032 1972 5070 a
1996 5021 2102 5071 Pa-

503 5089 602 5138 tre.
637 5084 746 5156 70
776 5087 874 5140 Ille
916 5091 1062 5142 bene
1097 5095 1240 5153 orat,
1277 5091 1374 5154 qui
1405 5091 1578 5143 talem
1622 5092 1694 5143 ad
1737 5091 2019 5143 orandum
2041 5104 2103 5143 se

503 5164 804 5224 praeparat,
823 5161 960 5211 utin
982 5161 1234 5212 oratione
1249 5163 1534 5226 justitiam
1559 5176 1723 5214 suam
1748 5163 2104 5226 praetendere

503 5229 707 5293 valeat,
731 5230 938 5282 etnihil
959 5231 1233 5295 nisiquod
1247 5233 1406 5298 juste
1418 5233 1830 5285 conferendum
1847 5237 1952 5294 est,
1967 5249 2106 5282 orare

507 5306 920 5366 prmsumat,et
943 5316 1061 5354 non
1087 5303 1274 5355 solum
1298 5317 1400 5368 pro
1423 5316 1528 5355 sua
1552 5306 1609 5354 et
1631 5303 1963 5364 amicorum,
2000 5317 2104 5355 ve-

501 5385 628 5424 rum
652 5373 828 5424 etiam
865 5374 1224 5426 inimicorum
1246 5375 1489 5426 utilitate
1524 5387 1682 5425 orare
1705 5373 1951 5426 studeat.
1973 5375 2106 5425 Ideo

501 5443 642 5494 dicit
658 5457 719 5496 se
744 5457 906 5498 orare
931 5459 1047 5498 non
1072 5447 1130 5498 in
1155 5447 1323 5499 labiis
1341 5445 1574 5497 dolosis.
1595 5445 1768 5496 Labia
1785 5445 1935 5496 enim
1953 5445 2108 5497 dolo-

505 5527 571 5565 sa
593 5519 811 5580 essent,
834 5517 965 5569 siab
987 5518 1304 5570 intentione
1326 5515 1424 5568 vel
1447 5515 1718 5578 aequitate
1731 5517 2107 5568 verbadiscor-

505 5586 724 5640 darent.
752 5589 826 5638 De
850 5589 1000 5640 vultu
1033 5595 1124 5639 tuo
1157 5587 1435 5652 judicium
1473 5601 1652 5635 meum
1677 5588 1897 5650 prodeat
1925 5603 1936 5638 :
1967 5589 2107 5638 oculi

501 5658 582 5706 tui
600 5659 816 5710 videant
840 5663 1129 5725 aequitates.
1151 5661 1368 5710 Purum
1383 5659 1686 5724 cognoscit
1702 5672 1796 5710 cor
1812 5673 2000 5718 suum,
2018 5663 2104 5719 qui

498 5727 780 5789 judicium
799 5744 970 5783 suum
987 5730 1208 5782 confert
1221 5730 1293 5782 ad
1315 5733 1511 5782 Deum.
1533 5730 1824 5782 Christum
1844 5735 2104 5780 Dominum

503 5800 716 5852 scimus
739 5816 774 5854 a
791 5804 1005 5866 judaeis
1023 5804 1233 5867 injuste
1250 5816 1378 5854 esse
1389 5804 1735 5866 judicatum.
1762 5803 1870 5854 Sed
1889 5803 1948 5853 in
1973 5805 2102 5867 ipso

505 5880 620 5932 quo
632 5873 786 5923 mani
794 5873 1371 5937 festejudicaverunt,
1391 5875 1502 5938 ipsi
1515 5873 1736 5926 occulte
1745 5876 1955 5934 judicati
1969 5881 2103 5923 sunt.

507 5939 587 5991 De
612 5941 780 5994 vultu
790 5941 893 5993 Dei
904 5943 1186 6003 judicium
1200 5944 1424 6008 prodiit,
1437 5957 1552 6008 quo
1562 5944 2108 6009 injustejudicantes

2203 4805 2380 4868 Cujus
2403 4817 2522 4856 non
2547 4807 2682 4856 sunt
2699 4807 2856 4856 mota
2893 4803 3150 4867 vestigia,
3183 4803 3321 4866 quia
3340 4814 3376 4854 a
3400 4801 3653 4854 veritatis
3681 4813 3798 4852 non

2202 4875 2439 4928 recessit
2461 4875 2580 4927 via:
2615 4875 2768 4926 unde
2809 4875 2934 4940 ipse
2970 4875 3066 4935 ait,
3099 4877 3166 4924 In
3187 4873 3278 4924 his
3305 4886 3436 4936 quae
3478 4872 3658 4923 Patris
3682 4876 3794 4923 mei

2205 4952 2339 4998 sunt
2359 4951 2581 5012 oportet
2597 4959 2828 4998 meesse
2854 4948 3002 5009 (Luc.
3023 4944 3074 5000 2.
3112 4945 3272 4996 Joan.
3295 4943 3345 4998 8.
3365 4945 3553 4995 Matth.
3585 4943 3710 5006 ‘24.).
3731 4947 3801 4995 Et

2203 5031 2310 5070 nos
2334 5017 2615 5082 perfectos
2631 5029 2866 5082 gressus
2882 5019 2940 5068 in
2957 5017 3178 5068 semitis
3191 5015 3420 5068 Domini
3430 5015 3732 5076 habemus,
3751 5015 3798 5066 si

2205 5090 2286 5140 sic
2307 5088 2554 5154 perfecta
2574 5101 2705 5152 quis
2719 5089 2977 5153 praecipit
2995 5086 3396 5151 adimplemus,
3413 5088 3477 5137 ut
3498 5086 3557 5137 in
3582 5085 3797 5138 eisdem

2203 5159 2524 5212 immobiles
2547 5173 2905 5211 maneamus.
2933 5161 3128 5222 Neque
3140 5158 3294 5210 enim
3319 5157 3532 5209 sutIicit
3555 5157 3801 5221 perfecta

2204 5244 2390 5296 agere,
2437 5230 2548 5282 nisi
2591 5230 2887 5293 contingat
2915 5230 2974 5281 in
3008 5230 3148 5295 ipsis
3179 5230 3419 5280 firmiter
3451 5240 3798 5290 permanere.

2206 5302 2490 5354 Perfectos
2513 5315 2750 5366 gressus
2767 5302 3018 5353 habebat
3037 5301 3262 5363 Paulus,
3282 5313 3414 5352 cum
3431 5299 3660 5361 diceret,
3694 5301 3801 5350 Bo-

2206 5387 2348 5425 num
2359 5379 2649 5426 certamen
2665 5373 2898 5436 certavi,
2917 5386 3062 5437 opus
3079 5371 3497 5432 consummavi,
3516 5370 3685 5422 fidem
3701 5385 3799 5418 ser-

2206 5448 2337 5498 vavi
2355 5443 2420 5507 (2.
2445 5446 2575 5493 Tim.
2591 5447 2676 5506 4.).
2692 5445 2878 5495 Firma
2896 5444 3138 5508 vestigia
3153 5444 3370 5504 habuit,
3397 5455 3529 5493 cum
3541 5443 3637 5501 ait,
3658 5441 3794 5503 Quis

2205 5529 2312 5567 nos
2337 5516 2617 5580 seperabit
2635 5529 2668 5566 a
2691 5517 2924 5568 caritate
2955 5516 3090 5566 Dei?
3121 5514 3434 5566 Tribulatio
3451 5517 3474 5563 .°
3505 5517 3595 5566 An
3617 5525 3798 5577 augu-

2207 5587 2315 5638 stia
2329 5592 2351 5636 ?
2375 5591 2464 5638 An
2489 5587 2704 5638 fames?
2719 5589 2808 5638 An
2828 5587 3096 5639 nuditas?
3116 5590 3203 5637 An
3219 5585 3573 5650 periculum?
3589 5588 3675 5636 An
3687 5585 3797 5648 gla-

2207 5658 2376 5710 dius?
2413 5659 2638 5708 Scimus
2681 5658 2814 5722 quia
2848 5671 3034 5721 neque
3058 5657 3350 5719 instantia,
3376 5669 3565 5720 neque
3592 5656 3793 5712 futura,

2208 5743 2393 5793 neque
2433 5730 2548 5781 ulla
2577 5735 2830 5781 creatura
2852 5730 3057 5793 poterit
3080 5743 3188 5779 nos
3215 5741 3476 5792 separare
3500 5741 3534 5778 a
3567 5728 3795 5778 curitite

2209 5801 2310 5852 Dei
2336 5813 2467 5864 qum
2505 5807 2564 5853 et
2597 5802 2655 5852 in
2687 5801 2908 5852 Christo
2946 5803 3083 5851 Jesu
3118 5801 3291 5862 (Rom.
3323 5799 3422 5861 8.).
3452 5799 3506 5850 Si
3533 5797 3672 5860 quid
3693 5810 3794 5848 au-

2209 5877 2325 5924 tem
2351 5873 2486 5923 boni
2515 5873 2574 5923 in
2609 5873 2776 5924 nobis
2799 5872 3095 5931 habemus,
3132 5870 3271 5921 illud
3310 5873 3445 5930 Deo,
3471 5867 3795 5922 nonnobis,

2209 5943 2537 5996 adscribere
2562 5944 2860 6004 debemus,
2887 5944 2988 6007 qui
3012 5943 3227 6007 petenti
3253 5955 3314 5993 se
3341 5941 3582 5992 libenter
3606 5940 3797 5991 tribuit
