3890 6408
63 431 188 485 701
1111 437 1184 486 ΙΝ
1223 436 1544 487 PSALMOS
1579 437 1784 488 LXXV
1819 440 2392 490 COMMENTARIUS.
3295 395 3399 487 7112

54 546 140 626 (1.
182 547 319 626 ρον.
354 545 626 626 4.j,_sicttt
648 546 774 626 ipsa
797 545 1020 626 Veritas
1044 547 1344 626 aitzPetite
1369 553 1425 600 et
1445 549 1689 612 accipie-
1710 553 1766 626 Α
1798 565 1940 610 eum,
1968 552 2117 614 eripe
2144 551 2395 600 animam
2431 565 2602 599 meam
2641 550 2705 600 ab
2739 549 2929 615 impio,
2957 549 3228 626 frameam
3252 549 3402 626 tua‘m

61 618 144 666 tis
176 617 368 680 (Jnan.
398 616 522 677 '16.).
561 617 722 667 Unde
747 630 899 666 nunc
931 618 1124 667 subdit
1152 631 1163 666 :
1710 616 1766 626 ’⁸
1793 623 1859 670 ab
1886 623 2124 671 inimicis
2151 637 2348 670 manus
2380 629 2493 672 tum.
2527 624 2790 684 Exsurge,
2815 634 2988 684 quem
3019 619 3262 671 dormire
3299 616 3402 680 (Eae

124 690 182 741 6.
233 690 348 748 Ego
387 689 635 745 clama-vi,
673 690 938 751 quoniam.
981 689 1252 736 cm‘audisti
1287 705 1382 750 me,
1417 691 1547 738 Deus
1574 707 1585 740 :
1611 691 1697 738 in-
1795 695 2117 754 Augustino)
2138 694 2503 756 arbitrantur,
2529 699 2585 744 et
2609 694 2942 755 iniquitates
2969 691 3400 742 hominumnon

60 761 234 807 vlim;
263 775 451 807 aurem
477 766 624 807 ιριίιιη
659 760 813 818 mihi,
840 767 884 806 et
911 761 1113 807 exaudi
1141 761 1294 808 verba
1324 777 1456 810 mea.
1477 762 1698 812 Clamor
1795 779 2019 815 curare:
2049 770 2179 814 ante
2199 775 2213 792 '
2238 770 2570 816 exerceatur
2583 765 2812 825 malitia,
2832 763 3117 814 uttactum
3143 759 3399 812 vindicta

57 832 141 881 ad
176 832 498 882 Dominum
525 833 895 881 cstnostrum
917 831 1289 881 desiderium.
1317 833 1552 891 Quando
1569 835 1696 896 plus
1797 836 2128 898 praeveniat.
2159 835 2259 885 Vel
2285 849 2414 886 eum
2442 837 2716 898 poinilum
2733 834 3064 898 praevenire,
3084 836 3174 882 cst
3195 844 3391 890 poenam

64 903 343 965 quisque
368 902 672 959 desiderat,
703 903 858 951 tanto
883 902 1128 963 amplius
1160 902 1387 952 clamat.
1430 904 1535 953 Sed
1562 916 1696 966 qua)
1798 907 1929 956 mali
1956 913 2088 956 ante
2106 908 2164 956 in
2189 907 2380 969 ipsum
2399 920 2571 969 quam
2590 908 2646 956 in
2663 907 2838 957 alium
2858 909 3202 964 retorquere.
3221 903 3399 951 Juxta

60 978 163 1023 est
181 974 370 1033 auris,
390 984 565 1035 quam
588 971 823 1022 inclinat
840 975 990 1022 Deus
1007 973 1172 1023 nobis
1191 975 1578 1036 peccantibus,
1600 978 1694 1023 nisi
1797 977 1951 1040 quod
1975 979 2253 1040 scriptum
2278 982 2379 1034 cst,
2405 978 2606 1028 Omnis
2632 979 2729 1040 qui
2756 981 2967 1041 peccat,
2993 986 3109 1024 non
3137 973 3198 1022 in
3221 971 3396 1041 alium

70 1045 487 1096 misericordia
509 1043 855 1107 ipsius‘PNisi
884 1044 1037 1094 enim
1063 1043 1156 1094 ille
1179 1045 1482 1096 inclinetur
1497 1047 1566 1096 ad
1595 1047 1698 1096 mi-
1799 1039 1956 1112 prius
1995 1039 2192 1112 peccat
2227 1062 2401 1111 quam
2436 1049 2492 1098 in
2529 1039 2900 1112 semetipsum
2937 1045 3142 1106 (Et-etes.
3170 1043 3260 1103 6.).
3293 1039 3399 1090 Vel

69 1116 602 1176 sericordiam,nos
622 1128 736 1164 non
750 1115 1022 1175 erigimur
1039 1115 1109 1164 ad
1130 1116 1430 1178 justitiam.
1454 1117 1560 1167 Sed
1575 1120 1696 1176 quid

69 1193 170 1237 est
199 1187 365 1249 quod
386 1188 506 1250 jam
534 1200 594 1235 sc
621 1185 963 1235 exauditum
981 1185 1133 1248 dicit,
1154 1192 1208 1236 et
1236 1187 1698 1238 adhuccxaudiri

70 1260 273 1308 verba
299 1271 406 1308 sua
417 1257 660 1320 quaerit?
676 1257 786 1308 Sed
814 1256 1055 1307 fortasse
1073 1257 1144 1307 ad
1162 1259 1375 1319 aliquid
1393 1264 1512 1308 erat
1526 1271 1700 1309 exau—

71 1331 274 1390 ditus,
307 1334 365 1380 et
388 1330 458 1380 ad
485 1328 701 1391 aliquid
726 1341 839 1378 non
861 1334 996 1379 erat.
1028 1330 1348 1380 Exauditus
1374 1335 1495 1380 erat
1521 1331 1579 1381 in
1615 1345 1693 1390 se,

69 1401 496 1452 exaudiendus
521 1400 579 1450 in
609 1400 900 1450 membris.

140 1473 197 1525 7.
241 1473 329 1522 Ad
359 1473 465 1522 hoc
490 1471 774 1534 pertinent
799 1471 971 1520 Verba
997 1483 1129 1533 quae
1155 1474 1475 1534 sequuntur
1501 1488 1512 1523 :
1538 1473 1700 1520 Miri-

66 1547 183 1605 [ῖςιι
213 1542 619 1591 misericordias
650 1548 770 1590 tuas
790 1543 914 1605 :qui
939 1543 1254 1603 salinis-faris
1279 1544 1615 1606 spcruntcsin
1636 1550 1696 1596 te.

74 1617 279 1664 Deum
305 1613 726 1663 misericordias
754 1626 890 1663 suas
919 1613 1234 1671 mirificare,
1270 1618 1359 1663 est
1384 1627 1454 1664 ex
1482 1614 1699 1675 injusto

67 1689 316 1749 justum
333 1686 532 1735 facere.
552 1685 689 1746 Quis
704 1697 819 1733 non
836 1685 1070 1734 miretur
1083 1685 1501 1735 misericordias
1516 1686 1702 1736 Domi-

73 1759 133 1807 ni
165 1759 229 1806 in
257 1758 497 1818 latrone,
524 1756 580 1804 in
609 1754 798 1815 Paulo,
826 1755 882 1804 in
908 1755 1217 1816 peccatrice
1243 1756 1497 1818 muliere,
1526 1756 1582 1805 iu
1601 1770 1698 1818 pu-

79 1827 361 1877 blicano?
385 1827 526 1876 Cum
553 1837 652 1888 pro
679 1837 869 1874 amore
897 1825 1018 1885 Dei,
1045 1838 1111 1875 ca
1139 1837 1271 1888 quae
1313 1826 1511 1876 mundi
1546 1829 1698 1889 sunt,

80 1898 341 1960 despicit
365 1910 592 1948 avarus.
610 1895 680 1945 ad
705 1895 1087 1946 humilitatem
1113 1897 1470 1948 convertitur
1499 1911 1700 1960 supcr-

81 1971 222 2030 bus,
267 1970 338 2019 ad
378 1968 883 2019 mansuetudinem
919 1968 1244 2030 iracundus,
1281 1969 1351 2018 ad
1377 1969 1698 2020 castitatem

79 2041 466 2096 luxuriosus,
519 2052 710 2090 nonne
744 2039 1160 2088 misericordias
1206 2053 1340 2089 suas
1378 2039 1705 2090 mirificavit

79 2115 287 2161 Deus?
311 2114 452 2160 Cum
479 2109 848 2173 desperantes
872 2110 944 2159 ad
978 2123 1138 2173 spem
1164 2111 1400 2166 reducit.
1418 2125 1547 2161 cum
1575 2125 1704 2174 pec-

79 2183 292 2243 catori,
313 2183 410 2245 qui
432 2186 678 2232 aeternas
699 2193 898 2244 pmnas
920 2183 1248 2243 promeruit,
1270 2186 1486 2233 aeterna
1500 2185 1703 2243 pra-mia

81 2255 313 2314 tribuit,
341 2267 532 2303 nonne
559 2255 711 2303 Deus
738 2252 1162 2303 misericordias
1189 2266 1324 2303 suas
1343 2255 1516 2304 miras
1536 2254 1706 2303 facit?

81 2327 256 2377 Unde
291 2325 550 2388 protinus
577 2324 664 2386 adj
678 2324 840 2386 ungit
865 2339 876 2374 :

147 2395 202 2450 8.
243 2398 292 2444 Α
313 2396 647 2443 resitentibns
665 2396 888 2442 demtcra:
913 2401 1013 2442 (uec
1037 2396 1240 2444 custodi
1267 2411 1345 2443 me
1363 2396 1703 2460 utpujnllam

83 2468 252 2516 oeuli.
289 2467 507 2530 Pupilla
531 2467 897 2516 oculidicitur
913 2467 1194 2529 Christus,
1219 2469 1352 2529 quia
1365 2474 1419 2518 et
1437 2469 1704 2519 omnibus

84 2539 284 2588 carior
301 2544 409 2600 est,
429 2543 484 2589 et
502 2539 698 2588 lumen
717 2551 829 2600 quo
849 2551 1048 2588 omnes
1062 2537 1473 2588 illuminantur.
1504 2543 1608 2598 Ipse
1635 2547 1706 2587 est

86 2615 145 2661 et
167 2610 420 2660 dextera
447 2609 561 2670 Dei,
589 2609 725 2671 quia
749 2609 990 2671 asqualis
1014 2610 1284 2672 estPatri,
1313 2615 1368 2660 et
1395 2611 1585 2660 omnia
1608 2623 1704 2674 per

84 2682 294 2742 ipsum
319 2681 469 2730 facta
494 2681 821 2741 sunt(Joanv.
848 2679 1111 2741 1.1.1().).
1134 2682 1384 2731 Possunt
1408 2681 1583 2731 etiam
1607 2695 1704 2744 per

88 2753 402 2804 dexteram
454 2755 511 2803 et
554 2751 828 2815 pupillam
875 2751 1113 2814 intelligi
1157 2751 1348 2814 electi,
1409 2753 1542 2814 quia
1608 2766 1706 2816 per

90 2837 193 2874 eos
248 2823 419 2873 fortia
463 2827 727 2885 operatur
772 2825 942 2883 Deus,
981 2828 1038 2872 et
1077 2823 1184 2885 ipsi
1219 2823 1480 2873 suntlnx
1507 2825 1706 2874 mundi

88 2895 316 2954 (Matth.
332 2893 420 2956 5.).
440 2895 791 2944 Rcsistcntes
814 2899 951 2943 sunt
965 2894 1224 2945 infideles
1237 2900 1292 2944 et
1308 2901 1705 2957 persecutores

92 2968 291 3028 Rogat
330 2978 463 3029 ergo
503 2965 677 3015 Filius
716 2966 960 3027 Patrem,
988 2971 1052 3016 ut
1084 2977 1118 3015 a
1157 2966 1263 3016 sibi
1302 2967 1705 3018 resistentibus

94 3050 232 3087 eum
285 3036 554 3087 defendat
599 3049 671 3086 ne
717 3037 1001 3099 justitiam
1057 3037 1341 3099 injustitia
1371 3042 1610 3101 premat,
1635 3052 1706 3089 ne

90 3108 411 3159 infidelitas
467 3108 637 3158 fidem
715 3113 1058 3170 corrumpat.
1125 3109 1214 3158 Sic
1272 3121 1378 3159 nos
1444 3110 1705 3173 exemplo

93 3179 283 3230 nostri
329 3179 527 3242 capitis
577 3179 884 3229 Dominum
928 3177 1037 3245 72
1087 3193 1246 3231 orare
1290 3181 1587 3243 debemus,
1637 3193 1700 3237 ut

99 3263 206 3300 nos
233 3251 544 3314 custodiat,
559 3264 629 3300 ne
655 3250 1123 3314 quaimpugnans
1147 3250 1702 3315 adversitasfrangat

1727 1917 1779 1990 B

1808 1133 1942 1171 eum
1960 1120 2240 1170 Dominus
2259 1134 2376 1183 prie
2388 1120 2560 1182 venit,
2579 1121 2854 1182 quiaante
2868 1117 3134 1168 ultimum
3148 1113 3398 1173 judicium

1799 1204 1934 1242 eum
1967 1191 2143 1241 etiam
2180 1190 2566 1253 tcmporalitcr
2590 1189 2888 1254 judicavit.
2926 1186 3104 1251 Ejecit
3127 1185 3277 1236 enim
3302 1194 3400 1232 eos

1799 1262 1867 1312 de
1895 1267 2040 1312 terra
2072 1275 2197 1318 sua.
2233 1263 2386 1313 unde
2423 1263 2518 1324 ait,
2547 1265 2614 1312 Et
2639 1261 2944 1324 supplanta
2969 1271 3117 1310 eum.
3151 1259 3229 1306 De
3257 1259 3402 1305 terra

1801 1332 1954 1385 enim
1979 1332 2074 1383 illa
2097 1333 2241 1383 lacte
2255 1337 2312 1384 et
2330 1333 2495 1383 melle
2521 1337 2808 1395 manante,
2826 1332 2884 1381 in
2907 1343 3020 1394 qua
3047 1328 3403 1392 plantaverat

1799 1417 1896 1454 eos
1921 1406 2096 1463 Deus,
2116 1405 2382 1454 eradicati
2411 1408 2563 1454 sunt.
2587 1404 2857 1453 Animam
2881 1406 3075 1453 autem
3100 1397 3307 1448 Christi
3330 1396 3400 1445 ab

1800 1476 1973 1538 impio
1999 1475 2206 1537 pOpulo
2243 1475 2464 1537 eripuit,
2491 1475 2724 1536 quando
2743 1488 2776 1524 a
2801 1472 3042 1524 mortuis
3063 1483 3193 1520 eum
3219 1467 3398 1518 susci«

1803 1547 1959 1596 tavit.
1999 1548 2172 1607 Cujus
2195 1546 2385 1596 anima
2403 1546 2616 1596 framea
2643 1546 2742 1595 Dei
2771 1545 2948 1595 Patris
2974 1542 3284 1603 fuit,quam
3309 1551 3404 1589 as-

1802 1617 2009 1668 sumsit
2034 1631 2259 1674 manus,
2281 1617 2446 1679 idest,
2475 1617 2659 1668 virtus
2689 1617 2813 1677 ejus
2847 1620 3085 1666 interna:
3113 1616 3177 1660 ut
3207 1621 3305 1673 per
3321 1609 3401 1670 ip-

1801 1702 1926 1739 sam
1956 1701 2131 1749 regna
2153 1688 2459 1738 debellaret
2482 1687 2818 1750 iniquitatis,
2842 1691 2896 1736 et
2912 1687 3104 1748 justos
3121 1681 3402 1732 divideret

1800 1762 1872 1811 ab
1896 1761 2108 1822 impiis.
2138 1760 2386 1819 Domine,
2406 1774 2438 1808 α
2459 1759 2651 1822 paucis
2669 1759 2729 1806 de
2758 1765 2900 1806 terra
2917 1755 3092 1804 divide
3117 1769 3199 1801 eos
3217 1753 3273 1799 in.
3291 1752 3402 1822 vita

1799 1821 2001 1882 conuii.
2030 1832 2303 1894 Disperge
2339 1844 2438 1881 cos
2460 1821 2564 1893 per
2591 1832 2790 1882 orbem
2817 1835 3094 1880 terrarum
3115 1826 3176 1876 in
3202 1825 3310 1874 iSt‘I
3328 1821 3406 1873 vi-

1811 1908 1882 1962 ta,
1905 1917 2077 1965 quam
2114 1903 2294 1953 solam
2322 1916 2487 1952 suam
2515 1905 2693 1952 vitam
2715 1905 2940 1965 putant,
2965 1899 3101 1962 quia
3130 1902 3405 1948 mternam

1808 1975 2152 2037 despiciunt.
2173 1975 2399 2025 Etbene
2423 1973 2518 2034 ait,
2544 1974 2586 2022 Α
2615 1973 2804 2036 paucis
2829 1987 2840 2022 :
2869 1970 3142 2034 quoniam
3168 1968 3405 2014 Judaicus

1805 2046 2046 2110 populus
2094 2046 2280 2096 minor
2312 2049 2402 2095 est
2431 2057 2690 2104 numero,
2718 2056 2892 2106 quam
2920 2041 3110 2092 omnis
3138 2038 3402 2110 populus.

1805 2106 1983 2178 Cujus
2007 2117 2283 2166 malitiam
2306 2115 2495 2165 adhuc
2519 2114 2924 2176 ostendit,cum
2942 2112 3068 2174 subj
3081 2108 3331 2172 ungit,Et
3345 2106 3406 2153 de

1804 2187 2125 2235 absconditis
2151 2187 2256 2234 tuis
2277 2185 2600 2248 adimpletus
2624 2192 2694 2233 est
2725 2191 2902 2232 venter
2927 2196 3131 2231 eorum.
3161 2182 3287 2230 Non
3313 2190 3405 2227 so-

1804 2259 1924 2308 lum
1943 2258 2054 2308 ista
2080 2271 2250 2320 pcena
2279 2261 2661 2318 consequetur
2681 2268 2781 2306 cos
2808 2253 3072 2308 visibilis,
3103 2251 3204 2302 sed
3231 2250 3403 2299 etiam

1808 2327 1918 2396 73
1947 2332 2011 2379 de
2037 2329 2305 2393 peccatis.
2326 2340 2457 2383 qua)
2480 2332 2755 2390 tanquam
2773 2327 3026 2376 tenebra:
3040 2320 3405 2396 abscondun-

1807 2391 1912 2463 ᾗιῆ
1939 2413 1972 2450 a
2001 2391 2216 2450 lumine
2235 2399 2489 2450 veritatis
2519 2402 2659 2461 tua),
2688 2396 2997 2458 adimpleta
3020 2397 3110 2445 est
3134 2391 3407 2463 memoria

1803 2461 2017 2527 eorum,
2048 2477 2114 2521 ut
2137 2471 2560 2522 obliviscantur
2594 2472 2797 2520 Deum.
2827 2466 3074 2516 Saturati
3104 2468 3228 2511 sunt
3249 2461 3404 2524 ﬁliis;

1805 2543 2208 2593 satisfecerunt
2239 2541 2556 2592 desideriis.
2578 2541 2641 2588 Et
2667 2540 2987 2587 dimiserunt
3006 2535 3264 2598 reliquias
3279 2547 3406 2580 suas

1801 2615 2051 2677 parvulis
2083 2614 2232 2661 suis:
2261 2612 2536 2672 dicentes,
2570 2611 2810 2674 Sanguis
2844 2610 2972 2672 ejus
3010 2618 3180 2670 super
3208 2617 3315 2655 nos
3349 2607 3406 2654 et

1805 2699 1977 2747 super
2003 2684 2147 2734 filios
2168 2687 2398 2734 nostros
2426 2683 2631 2744 (.ilatth.
2660 2681 2787 2744 “27.).

1872 2746 1952 2808 14.
1989 2756 2101 2818 Ego
2124 2761 2301 2803 autem
2334 2755 2389 2802 in
2415 2754 2634 2816 justitia
2656 2750 2921 2816 apparebo
2955 2746 3258 2813 conspectui
3282 2750 3394 2818 tuo.

1804 2828 1920 2890 Ego
1946 2815 2174 2890 quiille
2214 2815 2536 2888 Augustino)
2570 2815 2702 2875 non,
2724 2815 2961 2887 apparui
2986 2821 3087 2880 eis,
3115 2819 3212 2890 qui
3236 2815 3405 2868 corde

1803 2889 2031 2948 sordido
2057 2898 2424 2949 ettencbroso
2441 2897 2625 2946 lucem
2640 2893 2937 2958 sapientiai
2952 2897 3070 2942 tuas
3090 2889 3279 2940 videre
3300 2901 3400 2958 non

1803 2974 2065 3033 possunt,
2103 2970 2387 3032 apparebo
2406 2968 2463 3016 in
2487 2957 2725 3029 justitia’
2743 2971 2860 3024 tua,
2885 2963 3061 3021 idest,
3084 2960 3258 3033 justis
3287 2957 3401 3008 tuis

1802 3031 2224 3090 inanifcstabor.
2269 3038 2517 3088 Satiabor
2548 3052 2669 3085 cum
2717 3034 3033 3098 apparuerit
3069 3031 3248 3095 gloria
3285 3033 3395 3077 tua.

1804 3113 1946 3161 Cum
1975 3111 2054 3160 illi
2078 3109 2269 3160 satiati
2305 3110 2420 3159 sint
2444 3097 2810 3158 immunditia
2833 3117 2954 3162 sua,
2981 3105 3045 3153 ut
3067 3114 3157 3152 me
3191 3097 3400 3150 intelli-

1800 3196 1931 3244 gere
1965 3196 2082 3232 non
2106 3185 2358 3244 possent.
2379 3183 2495 3243 Ego
2515 3179 2763 3229 satiabor
2787 3172 3257 3238 cumapparuerit
3277 3169 3395 3244 glo-

1801 3240 1883 3304 iiia
1907 3257 2019 3308 tua,
2047 3240 2786 3315 in-hisquimeintelligunt.
2809 3247 2891 3296 Ad
2908 3247 3014 3296 hoc
3040 3257 3174 3307 ergo
3194 3240 3393 3292 tendat

95 3336 167 3372 ne
187 3336 309 3385 qua
327 3324 397 3373 ob
409 3323 568 3373 vians
595 3323 834 3373 tantatio
853 3323 1245 3405 seducat,qu‘ee
1261 3335 1365 3372 nos
1384 3325 1455 3372 ab
1471 3324 1576 3372 alis
1593 3341 1696 3383 pro-
1725 3331 1774 3405 Ο
1808 3331 2003 3376 nostra
2019 3324 2214 3383 oratio,
2241 3328 2492 3384 nostraaq
2503 3335 2570 3401 ue
2595 3319 2920 3405 devotionis
2936 3315 3404 3405 affectns,.nos‘tra

96 3394 366 3443 lectionis
394 3406 514 3444 sua:
539 3394 854 3444 subtrahat.
892 3393 1024 3443 Ideo
1056 3393 1348 3442 subditur:
1371 3394 1478 3442 Sub
1509 3395 1698 3442 umbra

94 3466 322 3513 alarum
358 3472 580 3513 [iturum
606 3470 817 3529 protege
845 3481 940 3524 me,
972 3481 1005 3512 a
1029 3465 1166 3526 facie
1194 3467 1489 3529 inmiorum
1513 3467 1608 3529 qui
1629 3482 1708 3516 me

97 3538 420 3599 (lfﬂllﬂ‘ltlll.
449 3537 686 3587 Dilectio
714 3536 816 3586 Dei
838 3541 893 3587 ct
920 3536 1183 3600 proximi,
1213 3550 1432 3588 novum
1454 3542 1510 3587 et
1537 3545 1706 3589 vetus

96 3610 559 3659 Testamei'itum.
579 3608 829 3670 Justitia,
863 3609 1087 3669 caritas,
1115 3611 1170 3658 et
1199 3613 1422 3659 cmteraa
1445 3610 1704 3672 virtutes,

96 3681 202 3733 alie
228 3681 336 3731 Dei
363 3685 518 3742 sunt,
542 3681 750 3743 quibus
770 3685 986 3730 sanctae
1003 3681 1212 3731 anima)
1229 3681 1300 3730 ad
1323 3681 1500 3731 Deum
1519 3681 1707 3732 volare

100 3753 514 3815 possunt.lsta3
542 3751 864 3814 spirituales
890 3751 997 3802 8.1213
1022 3756 1078 3802 et
1103 3753 1174 3802 ab
1201 3755 1349 3802 aestu
1373 3752 1710 3813 refrigerant

101 3824 398 3887 vitiorum,
436 3827 492 3873 ct
525 3823 834 3874 afﬂictione
873 3827 1195 3886 temperant
1219 3823 1544 3885 impiorum.
1577 3823 1709 3873 Istis

98 3894 204 3945 alis
251 3895 538 3945 Dominus
573 3895 834 3945 Christus
858 3907 990 3945 cum
1015 3896 1087 3944 ab
1111 3894 1301 3957 impiis
1325 3894 1546 3945 Judaeis
1570 3896 1710 3944 affli-

103 3972 357 4029 geretur,
386 3971 680 4029 protectus
703 3971 792 4016 est
818 3981 829 4016 :
857 3965 926 4016 de
948 3966 1160 4028 quibus
1177 3965 1365 4015 adhuc
1389 3967 1708 4029 subjungit.

163 4040 215 4092 9.
257 4038 482 4086 Inimici
510 4039 613 4086 mei
640 4037 1592 4086 anima-iamcumrircunulcztm'unt:
1613 4038 1706 4085 udi

103 4126 221 4172 pem
271 4125 436 4157 suum
479 4110 869 4169 concluserunt,
916 4125 970 4157 os
1006 4124 1191 4155 eorum
1229 4109 1512 4170 loquutum
1536 4114 1604 4156 cst
1629 4124 1712 4156 su-

107 4183 371 4244 perbiai-ii.
388 4183 526 4233 Hrec
552 4183 611 4232 in
629 4182 898 4245 passione
917 4180 1121 4230 Christi
1140 4179 1286 4229 facta
1299 4185 1452 4230 sunt.
1468 4181 1714 4230 Circum-

108 4253 393 4304 dederunt
421 4253 607 4304 Judaei
641 4253 892 4304 animam
926 4251 1150 4308 Christi,
1196 4251 1372 4301 vitam
1406 4251 1561 4302 enim
1585 4251 1712 4314 ejus

110 4326 346 4386 perdere
373 4324 640 4375 volebant
663 4323 1231 4387 (Joa-n.'10.).Adipem
1259 4336 1426 4373 suum
1451 4326 1716 4372 concluse-

109 4399 239 4447 runt
259 4397 365 4458 (Ea:
389 4397 730 4458 Augustino),
757 4395 925 4457 idest,
943 4394 1355 4445 abundantiam
1375 4407 1498 4445 suae
1516 4407 1716 4457 super-

112 4467 220 4521 bia:
265 4471 414 4518 intra
459 4481 520 4518 se
553 4467 935 4517 detinuerunt.
967 4467 1043 4515 Os
1068 4477 1266 4516 eorum
1291 4465 1600 4527 loliuutum
1625 4469 1716 4516 est

113 4541 470 4604 superbiam,
529 4551 661 4588 cum
721 4538 1021 4598 dixerunt,
1068 4539 1192 4588 Ave
1237 4549 1339 4588 rex
1380 4536 1716 4588 Judaeorum

114 4611 323 4671 (ΜαιιΙι.
351 4610 478 4670 227.),
505 4614 561 4660 et
595 4614 804 4661 caetera
826 4609 973 4660 talia.

173 4682 258 4737 10.
299 4682 643 4744 Projicienles
672 4697 766 4741 me,
788 4696 936 4728 nunc
961 4680 1425 4728 circumdederunt
1445 4694 1540 4727 me.
1565 4681 1714 4730 Ante

114 4754 480 4804 crediderunt
507 4755 832 4808 venturum,
853 4753 1073 4802 sicutin
1099 4751 1404 4814 Scripturis
1431 4750 1716 4813 suislege-

115 4829 248 4876 runt
273 4839 284 4873 :
313 4838 487 4887 nunc,
523 4838 652 4874 cum
671 4823 827 4874 venit
851 4823 1158 4886 adimplere
1180 4822 1331 4885 quod
1359 4822 1714 4885 promiserat,

115 4905 244 4946 cum
271 4895 549 4947 deberent
591 4908 718 4945 eum
755 4896 1060 4957 suscipere,
1094 4895 1328 4944 adorare
1358 4894 1717 4956 projecerunt

117 4972 278 5018 extra
303 4974 507 5029 castra,
532 4972 590 5018 et
619 4967 1042 5018 crucifixerunt.
1069 4966 1252 5014 Oculos
1276 4982 1396 5013 suos
1415 4970 1716 5014 statuerunt

121 5036 387 5086 declinare
430 5039 486 5086 in
524 5044 740 5086 terram.
779 5037 920 5097 Quia
950 5050 1082 5087 cum
1117 5050 1229 5088 non
1260 5040 1461 5101 Deum,
1488 5037 1586 5088 sed
1618 5050 1716 5100 pu-

123 5119 246 5160 rum
277 5110 570 5160 hominem
595 5109 1014 5161 existimarunt.

183 5180 268 5235 11.
306 5182 660 5245 Susceperunt
695 5197 776 5229 me
810 5181 943 5228 sicut
980 5181 1054 5228 leo
1085 5185 1315 5242 paratus
1348 5180 1421 5228 ad
1454 5180 1713 5243 prwdam.

123 5250 542 5316 Compai'abilcs
570 5253 648 5302 illi
671 5252 840 5314 leoni,
858 5252 928 5302 de
950 5264 1063 5314 quo
1091 5251 1366 5314 scriptum
1393 5253 1495 5308 est,
1513 5251 1723 5300 Adver-

125 5324 305 5374 sarius
323 5329 518 5375 vester
540 5324 824 5386 diabolus,
856 5327 1128 5386 tanquam
1152 5322 1238 5373 lco
1255 5323 1471 5384 circuit,
1487 5337 1718 5383 qnicrcns

122 5405 290 5453 quem
339 5395 576 5446 devoret
626 5395 692 5458 (1.
752 5396 891 5444 Pctr.
938 5393 1028 5457 5.).
1082 5394 1148 5442 Et
1196 5395 1330 5442 sicut
1376 5394 1584 5442 catulus
1616 5393 1719 5440 Ico-

129 5465 207 5512 nis
259 5466 510 5516 habitans
545 5468 604 5515 in
649 5465 868 5516 abditis.
917 5465 1152 5515 Catulus
1204 5465 1386 5516 leonis
1444 5470 1497 5514 et
1547 5465 1717 5522 filius,

123 5541 207 5584 est
233 5538 321 5588 ille
347 5539 610 5602 populus,
640 5539 729 5588 cui
755 5537 973 5587 dictum
1001 5542 1105 5596 est,
1134 5540 1296 5589 Pater
1319 5540 1507 5587 vester
1523 5535 1719 5585 diabo-

125 5604 207 5655 ius
237 5614 343 5670 est,
375 5609 442 5671 (1.
469 5609 783 5671 Jm‘in.3.8.).
805 5612 870 5659 Et
892 5608 1399 5666 bene,aitliubitans
1421 5607 1717 5656 inubdilis:

126 5680 391 5736 quoniam
419 5681 516 5744 qui
541 5681 687 5731 male
705 5680 841 5742 agit,
862 5681 983 5730 odit
1000 5679 1205 5729 lucem.
1223 5682 1355 5730 Post
1371 5684 1584 5731 tantum
1605 5691 1723 5737 per-

128 5752 472 5804 sccutiox‘iein
500 5758 735 5803 secutus
759 5752 1026 5814 adiunxit
1053 5768 1062 5798 :

194 5819 272 5875 1‘2.
297 5824 562 5886 Exsurge,
612 5824 855 5883 Domine,
899 5821 1132 5886 praeveni
1176 5837 1316 5880 cum,
1354 5821 1718 5885 clsvpplanta

202 5973 216 5990 ‘
252 5966 418 6029 Apud
444 5967 852 6031 Augustinum,
874 5970 1210 6016 excalceantur.

1742 4700 1849 4771 Dii

1809 3410 1998 3460 opera,
2045 3400 2260 3446 nostrae
2307 3393 2596 3456 patientiae
2641 3390 2926 3452 exercitia,
2966 3390 3030 3438 ut
3066 3385 3247 3460 gloria
3291 3385 3404 3460 Do-

1805 3456 1943 3518 mini
1971 3456 2214 3518 saturari
2240 3465 2555 3516 valeamus.
2581 3465 2660 3514 Sit
2685 3463 2851 3513 nobis
2875 3463 3072 3510 noster
3098 3456 3407 3508 Redemtor

1804 3540 1863 3589 in
1888 3537 2232 3602 exemplum,
2258 3536 2330 3587 ad
2356 3535 2655 3597 orandum,
2682 3533 2754 3585 ad
2778 3529 3154 3602 operantium,
3191 3527 3264 3578 ad
3305 3537 3407 3590 pa-

1810 3599 2074 3661 tiendum
2102 3623 2114 3659 :
2139 3613 2199 3660 et
2223 3608 2296 3658 sit
2331 3607 2501 3659 etiam
2536 3618 2731 3657 comes
2752 3603 2824 3655 ad
2855 3599 3248 3667 gaudendum.

2105 3722 2474 3786 TITULUS
2519 3719 2846 3785 PSALMI
2893 3715 3106 3780 XVII.

1872 3864 1916 3909 1.
1953 3860 2213 3922 Sequenda
2233 3858 2412 3922 Psalmi
2440 3857 2614 3922 titulus
2633 3852 2916 3922 talisestJn
2933 3853 3099 3922 finem
3114 3862 3280 3922 puero
3299 3846 3408 3922 ρρτ

1812 3922 1971 3980 mini,
2000 3912 2302 3993 ipsi‘David
2319 3933 2434 3990 quae
2461 3917 2663 3992 locutus
2682 3920 2757 3993 rest
2783 3912 3192 3993 meinpmerba
3211 3912 3408 3993 caﬁntic'i

1813 3986 1842 4032 h
1855 3969 1994 4044 aius,
2016 3969 2074 4031 in
2093 3983 2175 4031 die
2192 3999 2221 4045 ί]
2234 3997 2303 4030 ua
2313 3969 2509 4045 eripuit
2533 3993 2654 4045 cum
2672 3977 2953 4026 Domimus
2969 3969 3227 4045 (terna-nu
3255 3969 3409 4045 εει)ρὶξ

1810 4054 1853 4094 et
1873 4034 1935 4094 de
1952 4034 2123 4094 nia-nu
2140 4034 2262 4093 ornn
2277 4045 2290 4091 i
2299 4061 2329 4091 u.
2339 4034 2460 4090 m'in
2471 4043 2488 4088 i
2496 4043 2758 4108 micorum
2773 4052 3016 4108 suorum.
3036 4034 3197 4108 Verba
3209 4034 3410 4108 cantici

1813 4110 1994 4167 hujus,
2035 4111 2084 4156 id
2119 4115 2207 4168 est,
2234 4110 2385 4154 verba
2409 4105 2746 4170 significantia
2777 4099 3250 4170 _lalcm__nialeriain,
3275 4096 3409 4142 unde

1815 4163 2096 4219 habendum
2128 4163 2205 4216 est
2223 4163 2490 4229 canticum,
2522 4169 2570 4214 id
2597 4175 2684 4225 est,
2713 4164 2992 4229 spiritualis
3009 4163 3406 4229 delectatio,un

1814 4238 1864 4281 in
1893 4250 2005 4281 vera
2028 4239 2216 4280 contem
2228 4233 2439 4293 platione
2459 4219 2685 4287 lialietur,
2708 4219 3406 4295 suntutiribuondaDavid,‘id

1813 4305 1881 4344 est
1906 4312 2079 4344 manu
2103 4285 2248 4358 forti,
2276 4296 2468 4343 Christo
2493 4308 2645 4358 puero
2673 4285 2865 4358 Domini
2893 4285 3410 4358 propter-simpliciter

1816 4366 1909 4407 tein
1958 4367 2003 4406 et
2034 4350 2316 4419 puritatem.
2369 4350 2519 4404 David
2556 4357 2690 4407 (lico,
2729 4354 2899 4399 ﬁdeles
2937 4364 3052 4419 suos
3085 4350 3318 4419 dirigenti
3354 4350 3406 4419 in

1816 4425 1982 4482 tinem,
2004 4410 2051 4468 id
2076 4428 2164 4480 est,
2193 4423 2244 4468 in
2276 4433 2527 4467 summum
2553 4420 2770 4482 bonum;
2791 4410 3410 4482 quuiverba.loquutusest

1817 4470 2023 4530 Domino
2049 4470 2176 4530 Patri
2204 4495 2257 4531 1n
2283 4490 2463 4529 interna
2487 4495 2576 4526 sua
2599 4470 2863 4543 locutione.
2891 4470 3410 4543 Canticidic‘ogiabiti

1815 4547 1874 4593 in
1906 4547 2005 4605 die,
2036 4547 2081 4592 id
2110 4550 2199 4605 est,
2226 4545 2278 4592 in
2304 4544 2694 4591 consideratione
2713 4540 2811 4605 diei
2840 4540 3408 4605 resurrectionisipsms,

1815 4611 1893 4656 vel
1934 4598 2332 4656 consideratione
2369 4605 2603 4662 temporis
2628 4599 2980 4667 plenitudinis,
3006 4611 3110 4667 qua
3129 4598 3407 4667 humanum

1825 4685 1978 4729 genus
2022 4685 2107 4729 per
2154 4659 2558 4715 resurrectionem
2596 4659 2778 4729 Christi
2806 4677 2834 4708 ο.
2865 4666 3004 4729 nocte
3029 4659 3337 4729 infidelitatis
3367 4659 3415 4729 et

1826 4720 2140 4792 iunci-aliine,
2168 4738 2212 4778 et
2239 4737 2568 4790 [itECCﬂiOI‘Uln,
2590 4729 2651 4774 ad
2668 4728 2841 4792 lucem
2871 4724 3107 4792 scientiae,
3135 4726 3181 4768 et
3207 4720 3342 4792 fidei,
3367 4723 3413 4764 et

1819 4783 2062 4842 virtutum
2097 4783 2347 4841 esiturum
2393 4798 2480 4839 est.
2520 4783 2622 4846 Qua
2653 4791 2732 4836 die
2757 4786 3152 4845 resurrectionis,
3181 4783 3257 4829 vel
3285 4786 3412 4826 tem-

1818 4860 1950 4917 poris
1972 4859 2322 4917 plenitudinis,
2349 4854 2548 4915 eripuit
2573 4867 2694 4900 cum
2725 4847 3080 4917 Dominusﬂde
3105 4858 3278 4917 manu
3295 4856 3414 4917 orn.-

1818 4906 1985 4966 iiiuni
2010 4906 2362 4966 inimicorum
2382 4906 2608 4964 suorum
2632 4920 2677 4962 et
2701 4913 2763 4961 de
2786 4927 2960 4960 manu
2987 4909 3143 4983 sant,
3163 4906 3416 4983 id.est,.de

1817 4990 2052 5041 potestate
2074 4984 2378 5039 .ludaeorum,
2409 4986 2454 5026 et
2480 4981 2609 5037 regis
2634 4991 2806 5041 eorum
2839 4988 2986 5041 quem
3014 4974 3112 5041 sibi
3132 4974 3229 5041 ipsi
3255 4974 3415 5041 petie-

1818 5034 1950 5093 runt.
1979 5049 2096 5092 Nam
2124 5048 2252 5092 sicut
2277 5034 2429 5090 David
2462 5034 2630 5088 manu
2658 5039 2830 5099 fortis,
2849 5034 2912 5105 ita
2931 5037 3049 5105 sani.
3068 5034 3412 5105 petitionum:-

1819 5110 1998 5167 prelari
2031 5110 2235 5157 dicitur.
2264 5109 2523 5153 Diratcrm
2550 5096 2847 5167 Christuset
2870 5098 3103 5156 Ecclesia,
3123 5096 3263 5141 idest
3282 5096 3411 5138 totus

1815 5161 2057 5230 Christus,
2082 5173 2226 5229 caput
2250 5174 2296 5216 ct
2328 5181 2510 5227 corpus
2532 5166 2700 5225 (Rom.
2741 5161 2852 5224 12.).

2282 5277 2688 5344 PSALMUS
2731 5273 2943 5338 XVII.

1880 5395 1926 5440 2.
1969 5388 2208 5449 Diligam
2244 5393 2306 5448 te,
2336 5387 2491 5445 Deus,
2523 5381 2782 5444 fortitudo
2812 5394 2967 5429 mea:
3015 5375 3281 5426 Dominus
3306 5375 3404 5436 ﬁr-

1822 5477 1907 5508 ma
1917 5466 2152 5507 mentum
2167 5472 2282 5506 mcu
2295 5473 2360 5517 In,
2381 5462 2424 5504 et
2443 5455 2714 5517 refugium
2732 5468 2907 5500 meum
2925 5455 2968 5499 ct
2985 5449 3236 5498 liberator
3249 5459 3410 5494 meus.

1820 5535 1956 5584 Haec
1970 5537 2056 5583 est
2073 5542 2282 5592 magna
2299 5540 2519 5585 caussa,
2536 5537 2650 5589 qua
2664 5522 3092 5592 diligendusest
3107 5520 3278 5592 Deus;
3293 5517 3413 5576 quia

1820 5605 1940 5669 ipse
1965 5609 2049 5654 est
2074 5589 2343 5653 fortitudo
2374 5604 2584 5649 nostra.
2618 5596 2832 5647 Caritas
2847 5593 2947 5644 Dei
2971 5591 3179 5669 ditiusa
3203 5589 3260 5638 in
3288 5599 3414 5669 cor-

1819 5662 1989 5726 dibus
2006 5674 2219 5726 nostris
2240 5685 2335 5736 per
2351 5670 2622 5735 Spiritum
2641 5663 3024 5728 sanctum,qui
3041 5662 3312 5736 datusest
3330 5674 3416 5706 no-

1818 5749 1904 5798 bis
1933 5749 2097 5808 (Hom.
2125 5744 2193 5806 ὅ.)
2225 5731 2404 5794 {facit
2425 5755 2534 5794 nos
2558 5741 2732 5792 fortes
2757 5738 2829 5789 ad
2855 5733 3149 5789 toleranda
3167 5731 3414 5812 adversa

1821 5801 2039 5883 mundi,
2053 5824 2107 5870 et
2122 5801 2588 5880 adexpugnanda
2601 5812 2738 5866 vitia
2748 5815 2804 5864 et
2817 5811 3169 5862 tentamenta
3181 5801 3410 5865 diaboli,
