3890 6398
458 383 565 439 703

1519 376 1786 428 RUFINO
1821 374 2283 428 PRESBYTERO
2312 374 2694 427 ASCRIPTUS

3648 373 3750 428 704

461 495 537 547 ad
561 489 880 545 exercenda
892 490 1045 562 bona
1056 487 1387 562 spiritualia,
1405 487 1476 539 ad
1490 488 1913 562 contemnenda
1926 491 2056 536 bona
2083 489 2136 562 Α
2160 488 2257 547 ait,
2300 488 2370 562 Et
2413 488 2619 536 clamor
2637 501 2806 562 picus
2849 485 2909 534 in
2931 488 3207 562 conspectu
3230 484 3344 562 ejus
3367 503 3417 562 ε.Δ
3435 483 3522 562 ibi
3542 484 3755 562 quippe

460 574 706 619 terrena.
732 561 1083 627 Propterhoc
1108 560 1278 610 etiam
1296 559 1619 622 diligendus
1641 564 1729 609 est
1754 560 2052 617 Dominus,

465 637 604 701 quia
626 636 749 698 ipse
766 638 852 683 est
875 633 1307 681 firmamentum
1322 634 1604 693 nostrum,
1622 630 1679 679 in
1697 642 1810 691 quo
1828 630 2057 679 firmum

462 700 905 759 fundamentum
920 702 1224 763 habemus,
1239 714 1311 751 ne
1326 700 1514 751 ventis
1540 702 1918 751 tentationum
1942 713 2054 751 mo-

466 790 703 831 veamur
728 790 739 824 :
756 781 813 824 et
825 772 1129 835 refugium,
1148 773 1217 822 ad
1246 785 1417 835 quem
1434 772 1775 835 refugimus,
1793 785 1864 821 ne
1889 772 1949 821 in
1967 775 2057 820 hac

466 847 699 900 miseria
724 856 1052 907 pereamus:
1080 848 1135 893 et
1151 842 1437 903 liberator,
1462 848 1528 892 ut
1551 843 1621 893 de
1645 843 1921 892 servitute
1942 843 2057 890 dia-

465 918 579 970 boli
603 921 661 969 et
681 914 898 979 peccati
940 926 1040 978 per
1073 926 1208 965 eum
1251 913 1489 975 liberati,
1514 913 1589 963 ad
1612 926 1805 964 veram
1828 914 2060 963 liberta-

464 995 581 1041 tem
602 987 922 1038 veniamus.

548 1057 660 1126 74
689 1057 740 1111 3.
764 1059 905 1107 Deus
938 1072 1085 1106 meus
1100 1058 1321 1121 adjutor
1334 1072 1499 1119 meus,
1514 1061 1560 1105 el
1596 1056 1816 1120 sperabo
1841 1057 1902 1105 in
1919 1071 2058 1106 cum.

465 1132 595 1180 Devs
616 1145 779 1192 meus,
806 1129 942 1192 quia
963 1142 1056 1179 me
1076 1130 1291 1179 creavit
1315 1141 1386 1179 ex
1410 1128 1613 1178 nihilo.
1648 1128 1897 1189 Adjutor,
1930 1127 2063 1190 quia

465 1214 557 1251 me
594 1200 835 1263 adjuvat
864 1200 923 1249 in
947 1212 1114 1263 opere
1139 1200 1312 1249 bono:
1340 1202 1397 1249 et
1429 1198 1554 1248 ideo
1581 1199 1802 1260 sperabo
1826 1200 1885 1245 in
1920 1213 2060 1261 eum,

467 1284 569 1335 per
593 1284 766 1333 quem
787 1270 1123 1321 salvaborin
1147 1269 1356 1320 futuro.
1372 1271 1494 1320 Hoc
1516 1269 1855 1320 distatinter
1877 1271 2063 1320 Deum

469 1346 527 1394 et
550 1342 884 1406 Dominum,
900 1342 1054 1404 quod
1070 1344 1225 1392 Deus
1240 1353 1453 1392 nomen
1469 1345 1559 1391 est
1581 1344 1823 1403 natura,
1839 1344 1892 1391 et
1907 1344 2067 1388 Domi-

467 1428 580 1465 nus
607 1426 823 1464 nomen
839 1416 928 1463 est
952 1413 1139 1463 ofllcii.
1166 1412 1309 1462 Illud
1340 1413 1586 1476 pertinet
1604 1413 1675 1462 ad
1690 1417 1993 1470 majestatem
2020 1417 2067 1459 et

468 1484 832 1548 dignitatem,
860 1496 991 1546 quae
1011 1484 1134 1546 ipse
1159 1485 1247 1533 est
1271 1498 1282 1532 :
1309 1483 1417 1533 hoc
1441 1484 1689 1546 pertinet
1707 1484 1779 1533 ad
1812 1489 2068 1546 potesta-

468 1560 585 1605 tem
608 1556 662 1604 et
684 1554 1000 1604 dominium
1027 1553 1182 1617 quod
1205 1554 1265 1603 in
1285 1553 1459 1605 nobis
1489 1559 1735 1605 exercet.
1768 1554 1849 1604 Ibi
1875 1560 2068 1604 osten-

469 1626 626 1675 ditur
646 1625 813 1674 nobis
839 1625 977 1687 quid
1008 1637 1292 1688 amemus,
1324 1625 1415 1674 hic
1469 1630 1663 1675 autem
1702 1625 1841 1687 quid
1867 1625 2068 1675 timea-

468 1709 625 1747 mus.
650 1700 714 1747 In
738 1700 982 1758 utroque
1012 1695 1149 1758 quid
1193 1695 1514 1759 credamus,
1569 1696 1705 1758 quid
1750 1709 2063 1758 speremus,

471 1768 609 1830 quid
633 1780 911 1818 amemus.
937 1766 1079 1817 Etin
1103 1766 1285 1830 primo
1313 1779 1483 1816 versu
1506 1767 1942 1817 commendatur
1964 1780 2071 1817 no-

472 1838 562 1889 bis
591 1838 797 1888 caritas
828 1842 884 1888 et
907 1837 1077 1887 fides:
1127 1838 1186 1886 in
1218 1838 1469 1887 secundo
1497 1850 1636 1888 vero
1682 1850 1831 1901 spes.
1860 1839 1925 1886 Et
1948 1851 2066 1889 non

471 1909 760 1960 immerito
780 1909 983 1959 caritas
1000 1909 1198 1971 prima,
1218 1909 1356 1970 quia
1376 1911 1501 1971 ipsa
1520 1913 1607 1958 est
1629 1909 1909 1959 virtutum
1932 1910 2070 1971 regi-

473 1992 567 2038 na,
599 1980 724 2043 ipsa
747 1979 1072 2030 estinitium
1090 1978 1634 2039 bonorum,etradix
1648 1979 1945 2029 virtutum.
1964 1981 2073 2031 Sed

476 2062 609 2113 quas
635 2056 974 2113 sequuntur,
1001 2055 1056 2100 et
1081 2062 1212 2112 quae
1250 2062 1356 2099 nos
1387 2049 1644 2100 excitant
1664 2050 1733 2099 ad
1761 2050 2073 2101 amandum

475 2121 680 2183 Deum,
706 2121 1041 2172 audiamus:
1070 2120 1339 2168 Protector
1374 2134 1542 2181 meus,
1586 2125 1631 2167 et
1679 2136 1849 2168 cornu
1885 2122 2075 2169 salutis

477 2206 620 2251 meae,
646 2196 689 2240 et
713 2197 982 2256 susceptor
1014 2205 1181 2239 meus.
1202 2191 1450 2253 Protegit
1473 2190 1624 2240 enim
1641 2204 1748 2241 nos
1764 2204 1796 2241 a
1820 2194 2003 2249 malis,
2030 2198 2074 2240 et

476 2262 624 2313 sicut
648 2275 825 2313 cornu
859 2261 1092 2323 eminet,
1120 2261 1199 2310 ita
1234 2260 1358 2323 ipse
1390 2261 1651 2312 eminens
1676 2266 1873 2313 nostra
1898 2262 2073 2324 salus,

480 2336 753 2395 tanquam
770 2332 1028 2382 infirmos
1041 2329 1300 2380 medicus
1312 2331 1384 2381 ad
1402 2334 1744 2390 sanandum,
1757 2345 1861 2383 nos
1880 2347 2077 2383 susce-

476 2403 580 2466 pit.
605 2403 767 2454 Unde
796 2403 919 2466 ipse
962 2400 1140 2452 Filius
1167 2402 1316 2453 bono
1339 2403 1554 2465 pastori
1584 2416 1753 2454 ovem
1788 2405 2075 2455 inﬁrmam

480 2474 793 2538 reportanti
820 2476 1184 2536 comparatus
1210 2478 1298 2523 est
1322 2474 1466 2536 (Luc.
1496 2473 1598 2535 15.)
1625 2489 1636 2523 :
1663 2480 1721 2527 et
1743 2476 1888 2526 ideo.

540 2545 590 2598 4.
621 2539 881 2593 Laudans
908 2544 1162 2592 invocabo
1192 2544 1510 2607 Dominum,
1532 2550 1576 2593 et
1594 2545 1661 2593 ab
1686 2547 1926 2595 inimicis
1948 2548 2078 2595 meis

479 2614 659 2663 salvus
689 2628 777 2661 ero
809 2616 952 2664 Ecce
976 2615 1192 2675 quanta
1218 2613 1433 2664 utilitas
1457 2616 1688 2666 laudare
1718 2618 1914 2667 Deum.
1944 2618 1999 2668 Si
2023 2623 2080 2668 et

479 2685 540 2735 in
569 2685 855 2747 prosperis
878 2689 937 2734 et
959 2683 1019 2734 in
1052 2684 1310 2734 adversis
1337 2686 1515 2735 Deum
1542 2691 1660 2737 toto
1685 2688 1853 2738 corde
1875 2688 2078 2739 lauda-

481 2755 653 2817 veris,
680 2753 875 2804 nullus
913 2756 1121 2817 poterit
1138 2756 1238 2805 tibi
1257 2769 1460 2806 nocere
1498 2757 1785 2809 inimicus.
1810 2761 1890 2809 De
1915 2765 2000 2810 tot
2022 2764 2080 2810 et

482 2825 659 2877 tantis
684 2825 851 2875 bonis
868 2837 1000 2887 quae
1025 2826 1274 2889 quotidie
1295 2828 1575 2890 benignus
1592 2830 1872 2881 Dominus
1895 2833 2081 2879 confert

481 2896 670 2957 nobis,
696 2908 814 2947 non
836 2896 1119 2948 habemus
1144 2898 1283 2960 quid
1308 2900 1615 2962 rependere
1641 2905 1948 2964 possimus,
1968 2902 2081 2953 nisi

482 2967 733 3018 laudem.
763 2969 1068 3019 Geminum
1105 2973 1297 3021 autem
1339 2971 1558 3023 donum
1602 2974 1819 3024 confert
1864 2974 2079 3024 homini

483 3038 736 3089 laudatio
760 3039 859 3089 Dei
883 3054 895 3089 :
924 3044 1045 3090 tum
1070 3040 1203 3103 quia
1218 3041 1278 3091 in
1306 3040 1474 3094 laude
1492 3043 1741 3094 hominis
1760 3046 1910 3095 Deus
1926 3048 2080 3092 hono-

483 3114 657 3168 ratur,
677 3115 801 3161 tum
840 3112 973 3173 quia
1009 3112 1188 3175 ipsius
1211 3115 1414 3165 merito
1439 3115 1626 3165 laudis
1650 3116 1823 3167 homo
1847 3129 1880 3166 a
1912 3117 2081 3167 malis

481 3181 775 3233 liberatur.
792 3183 955 3233 Unde
972 3184 1094 3247 ipse
1112 3185 1394 3236 Dominus
1410 3186 1470 3236 in
1493 3187 1837 3249 aliopsalmo
1860 3202 1970 3238 nos
1982 3188 2082 3237 ad-

2158 558 2439 609 orandum
2464 562 2568 619 est,
2595 559 2693 608 ubi
2710 556 2936 608 videtur
2952 558 3124 606 Deus.
3143 555 3275 606 Ideo
3287 554 3569 605 diciturin
3588 558 3754 603 Evan-

2156 630 2321 694 gelio,
2349 631 2435 679 Tu
2458 634 2651 679 autem
2679 641 2812 679 cum
2846 628 3118 688 oraveris,
3148 626 3296 676 intra
3328 627 3389 676 in
3422 626 3751 676 cubiculum

2158 706 2342 760 tuum,
2361 703 2419 751 et
2437 701 2631 750 clauso
2643 700 2789 750 ostio
2803 712 2900 749 ora
2912 701 3133 748 Patrem
3161 702 3323 747 tuum
3341 698 3400 747 in
3424 699 3749 746 abscondito:

2157 778 2213 823 et
2239 774 2401 823 Pater
2448 777 2584 821 tuus
2619 771 2716 832 qui
2757 770 2914 819 videt
2946 771 3002 818 in
3039 768 3397 830 abscondito,
3426 768 3629 818 reddet
3654 768 3756 817 tibi

2161 845 2367 905 (Matth.
2398 842 2485 904 6.).
2510 843 2599 893 Sic
2624 842 2815 903 itaque
2849 840 3124 890 debemus
3161 840 3424 896 clamare,
3453 844 3519 889 ut
3543 838 3760 889 clamo-

2158 928 2280 965 rem
2314 916 2578 963 nostrum
2607 912 2797 961 videat
2828 913 3122 965 Dominus,
3154 914 3325 972 atque
3351 910 3410 959 in
3433 921 3604 959 aures
3629 922 3759 971 ejus

2158 986 2428 1035 introeat:
2446 983 2544 1044 qui
2567 984 2763 1044 utique
2779 981 2992 1032 clamor
3012 995 3125 1031 non
3144 986 3253 1030 tam
3272 981 3428 1029 vocis
3446 983 3553 1042 est,
3581 993 3761 1041 quam

2162 1056 2367 1106 cordis.
2387 1054 2547 1105 Unde
2561 1055 2738 1116 Moysi
2755 1052 3128 1112 dicitur,Quid
3143 1052 3357 1102 Clamas
3368 1051 3439 1100 ad
3453 1064 3549 1101 me
3562 1051 3759 1111 (Exod.

2169 1126 2310 1187 1.1.)?
2335 1125 2537 1175 Mentis
2560 1128 2775 1174 nostrae
2810 1123 3156 1173 desiderium
3182 1122 3392 1172 clamor
3414 1126 3503 1171 est
3530 1122 3593 1172 in
3617 1133 3764 1172 con-

2167 1200 2365 1261 spectu
2392 1197 2508 1246 Dei.
2538 1196 2646 1248 Sed
2671 1195 2807 1258 quid
2832 1194 3037 1245 deinde
3056 1197 3346 1257 sequatur,
3365 1193 3696 1244 audiamus.

2226 1269 2274 1321 8.
2320 1269 2594 1317 Commota
2640 1271 2711 1313 est
2755 1270 2799 1315 et
2844 1264 3124 1312 contremit
3166 1271 3347 1313 terra:
3393 1264 3767 1325 fundamenta

2164 1341 2435 1388 montium
2455 1336 2769 1386 conturbata
2802 1342 2946 1395 sunt,
2972 1340 3015 1383 ct
3039 1341 3302 1383 commota
3324 1340 3467 1397 sunt,
3496 1335 3769 1397 quoniam

2124 1444 2125 1447 η
2166 1411 2341 1459 iratus
2365 1415 2435 1457 est
2458 1410 2547 1459 eis.
2576 1408 2630 1459 Si
2652 1408 2760 1458 hoc
2779 1408 2949 1470 juxta
2971 1406 3194 1456 literam
3223 1406 3560 1468 accipimus,
3588 1418 3770 1469 passo

2165 1482 2410 1531 Domino
2434 1485 2601 1530 terra:
2625 1482 2819 1528 motus
2844 1490 3093 1540 magnus
3106 1476 3291 1526 factus
3317 1480 3423 1539 est,
3444 1482 3501 1527 et
3536 1489 3641 1527 suo
3658 1488 3771 1526 au-

2168 1553 2309 1603 ctori
2337 1551 2735 1602 testimonium
2760 1550 3043 1600 dederunt
3068 1548 3242 1598 etiam
3259 1548 3383 1611 ipsa
3404 1547 3778 1599 insensibilia

2169 1624 2450 1674 elementa
2476 1622 2682 1683 (Matth.
2710 1619 2839 1681 27.).
2878 1620 2931 1670 Si
2956 1624 3146 1669 autem
3177 1632 3276 1682 per
3309 1622 3514 1670 terram
3539 1623 3778 1670 terrena

2170 1693 2481 1743 carnalium
2500 1692 2688 1752 corda,
2707 1694 2762 1741 et
2786 1704 2883 1754 per
2908 1690 3279 1740 fundamenta
3296 1692 3600 1752 montium,
3619 1692 3699 1750 pri
3710 1705 3779 1737 n-

2171 1765 2326 1827 cipes
2352 1763 2722 1826 intelligimus
2748 1761 3085 1825 populorum
3106 1779 3116 1808 :
3138 1762 3271 1823 quia
3287 1762 3549 1812 videlicet
3564 1762 3626 1812 in
3642 1765 3779 1821 ipsis

2174 1836 2551 1885 firmabantur
2566 1834 2776 1891 caeteri,
2804 1838 3076 1895 tanquam
3096 1832 3154 1883 in
3180 1832 3589 1884 fundamentis.
3609 1838 3781 1896 post-

2176 1919 2352 1969 quam
2378 1906 2824 1969 prmdicantibus
2872 1904 3159 1965 Apostolis
3182 1904 3323 1954 iram
3369 1918 3429 1954 se
3455 1905 3782 1955 incurrisse

2174 1976 2582 2040 omnipotentis
2608 1976 2706 2025 Dei
2733 1979 3125 2038 cognoverunt
3150 1976 3282 2036 (Act.
3310 1974 3400 2036 3.),
3427 1980 3482 2025 et
3506 1989 3577 2026 ex
3613 1976 3779 2039 quod

2174 2049 2379 2099 Filium
2417 2049 2542 2109 ejus
2568 2047 2993 2101 crucifixerunt.
3030 2047 3347 2096 conturbati
3382 2052 3440 2097 et
3478 2047 3781 2097 conterriti

2174 2124 2406 2183 propter
2417 2119 2662 2179 culpam,
2681 2118 2872 2167 statim
2888 2118 3155 2167 commoti
3170 2118 3386 2167 suntad
3400 2121 3777 2177 pmnitentiam.

2177 2191 2282 2252 Qui
2310 2193 2471 2239 Petro
2488 2202 2584 2239 eos
2602 2190 2946 2251 increpante,
2968 2192 3241 2249 tanquam
3259 2190 3531 2239 commoti
3549 2189 3782 2241 dixisse

2176 2262 2517 2317 referuntur,
2548 2260 2666 2308 Viri
2712 2260 2931 2320 fratres,
2981 2259 3119 2321 quid
3166 2260 3437 2310 faciemus
3474 2260 3604 2321 (Act.
3648 2258 3722 2322 2.)
3754 2263 3782 2309 Ἰ

2178 2333 2398 2394 Quibus
2423 2331 2618 2381 datum
2647 2336 2734 2381 est
2753 2331 3076 2393 consilium,
3108 2334 3173 2380 ut
3200 2343 3299 2393 per
3324 2331 3783 2393 regenerationis

2176 2404 2469 2454 lavacrum
2495 2403 2889 2453 remissionem
2926 2403 3238 2464 reciperent
3263 2407 3641 2465 peccatorum.

2240 2474 2289 2528 9.
2324 2476 2403 2524 De
2437 2475 2647 2537 quibus
2686 2474 2875 2523 adhuc
2902 2473 3179 2533 subditur,
3215 2474 3460 2521 Ascendit
3485 2474 3676 2535 fumus
3714 2474 3779 2522 in

2180 2547 2265 2593 ira
2292 2545 2423 2608 ejus,
2446 2552 2489 2592 et
2512 2545 2652 2606 ignis
2673 2560 2706 2591 α
2721 2544 2859 2607 facie
2880 2543 2995 2605 ejus
3011 2545 3213 2592 cacat-sit
3234 2559 3245 2592 :
3273 2544 3521 2592 carbones
3535 2546 3783 2593 succensi

2178 2624 2303 2666 sunt
2326 2618 2390 2665 ab
2424 2632 2498 2666 eo.
2519 2616 2660 2677 Quid
2685 2616 2855 2665 facies
2876 2618 3023 2676 eius,
3052 2616 3160 2665 nisi
3185 2616 3446 2666 notitiam
3469 2620 3495 2666 ?
3518 2616 3665 2676 Quid
3691 2618 3782 2667 fu-

2179 2702 2312 2741 mus
2338 2689 2435 2750 qui
2458 2688 2741 2751 lacrymas
2766 2690 2995 2746 excitat,
3014 2685 3513 2749 nisilacrymosam
3529 2692 3787 2748 poeniten-

2181 2762 2320 2810 tium
2340 2772 2462 2809 com
2474 2759 2835 2831 punctionem
2849 2758 3450 2831 designat‘tTimentes
3464 2761 3603 2810 iram
3618 2762 3787 2820 lacry-
3838 2817 3850 2831 ι

2180 2832 2291 2882 mis
2309 2831 2587 2892 laverunt,
2609 2830 2940 2892 culpam.1§t
2971 2828 3120 2878 unde
3145 2830 3326 2879 Deum
3356 2843 3455 2892 per
3477 2830 3649 2881 fidem
3676 2845 3787 2883 no-

2181 2907 2408 2960 verunt,
2435 2901 2568 2950 inde
2593 2905 2825 2962 accepto
2852 2899 3054 2962 spiritu
3077 2899 3135 2948 in
3153 2900 3279 2961 ejus
3303 2913 3495 2951 amore
3520 2902 3789 2953 suaviter

2180 2977 2464 3025 asserunt.
2492 2974 2560 3021 Et
2593 2973 2664 3021 ab
2691 2984 2755 3021 eo
2782 2971 3041 3020 succensi
3067 2976 3220 3030 sunt,
3243 2975 3307 3021 ut
3329 2973 3597 3022 ardentes
3622 2974 3789 3023 exis-

2182 3047 2323 3103 tant,
2351 3044 2446 3106 qui
2464 3043 2620 3106 prius
2639 3046 2965 3106 peccatores
2991 3041 3049 3091 in
3067 3055 3232 3091 carne
3250 3046 3519 3106 tanquam
3536 3048 3786 3091 carbones

2181 3116 2236 3166 in
2263 3116 2447 3165 cinere
2474 3114 2974 3177 mortuijacebant.
2990 3114 3073 3162 Ex
3092 3113 3183 3163 his
3195 3126 3329 3174 ergo
3351 3116 3540 3165 verbis
3558 3117 3783 3163 instrui-

2186 3199 2333 3244 mur,
2349 3186 2483 3248 quia
2498 3184 3109 3247 percompunctionem
3132 3185 3278 3246 ignis
3296 3185 3525 3236 divinus
3542 3188 3789 3233 accendi-

482 3253 931 3337 mo‘net‘dicens,
982 3255 1220 3306 lmmola
1259 3257 1376 3307 Deo
1420 3258 1765 3308 sacrificium
1790 3258 1995 3323 laudis,
2023 3262 2080 3309 et
2108 3264 2159 3337 ρ
2186 3263 2293 3318 tur,
2312 3257 2403 3318 qui
2423 3256 2689 3306 interiora
2702 3255 2908 3337 mentis
2936 3255 3233 3319 illuminat,
3269 3260 3442 3319 atque
3460 3264 3783 3317 peccatorum

483 3323 656 3375 redde
678 3324 975 3377 Altissimo
1000 3331 1136 3377 vota
1168 3332 1286 3389 tua,
1327 3332 1384 3378 et
1423 3329 1631 3380 invoca
1653 3342 1746 3380 me
1774 3330 1835 3380 in
1868 3330 1958 3380 die
1987 3330 2080 3380 tri-

488 3394 815 3454 bulationis,
849 3400 905 3446 et
928 3410 1124 3449 eruam
1152 3403 1206 3449 te
1230 3399 1391 3460 (Psal.
1417 3399 1539 3461 49.).

545 3464 595 3519 5.
617 3466 1098 3516 Circumdedcrunt
1113 3484 1195 3517 me
1221 3470 1423 3518 dolores
1456 3471 1740 3521 mortist
1765 3476 1871 3531 est,
1896 3472 2084 3523 Judaei

481 3535 790 3587 inferentes
812 3538 953 3588 mihi
970 3540 1274 3602 angustias
1292 3540 1595 3603 passionis.
1611 3543 1677 3591 Et
1701 3548 1952 3590 torrentes
1978 3543 2085 3590 im“-

485 3607 710 3670 quilatis
734 3608 1192 3657 conturbauerunt
1214 3624 1296 3657 me
1327 3627 1338 3661 :
1371 3611 1503 3673 quia
1534 3625 1664 3664 ecce
1696 3614 1879 3669 turba,
1908 3618 1963 3663 et
1987 3614 2084 3676 qui

486 3678 805 3728 vocabatur
819 3678 1000 3728 Judas
1017 3680 1395 3743 venittMatth.
1422 3680 1501 3735 26.
1537 3684 1663 3734 Luc.
1689 3682 1774 3737 22.
1802 3686 1969 3733 Marc.
1998 3684 2083 3741 14.

484 3747 649 3798 Joan.
678 3747 802 3811 18.).
837 3749 1009 3801 Venit
1034 3755 1256 3801 torrens
1281 3756 1338 3803 et
1366 3753 1697 3816 iniquorum
1739 3756 1989 3818 impetus
2013 3756 2086 3806 ad

489 3818 904 3891 discipulorum
920 3834 1151 3885 gregem
1162 3825 1622 3875 conturbandum
1633 3827 1800 3888 ,quia.
1811 3841 2085 3891 percusso

487 3894 737 3962 pastore,
761 3889 1169 3955 dispergentur
1202 3907 1344 3945 oves
1369 3898 1558 3957 gregis
1583 3889 1834 3957 (gae/m1
1864 3897 1990 3962 13.).

550 3960 604 4015 6.
632 3961 847 4011 Dolores
889 3964 1098 4025 inferni
1134 3966 1601 4016 circumdederunt
1641 3983 1742 4017 me.
1770 3970 1830 4019 Id
1856 3960 1961 4030 est,
1988 3970 2084 4031 illi,

494 4044 643 4105 quos
672 4033 974 4085 infernales
991 4036 1215 4088 dolores
1228 4042 1550 4101 expectant.
1577 4040 1892 4105 Praeoccupa
1902 4048 2089 4089 verunt

487 4119 570 4153 me
595 4104 774 4168 laquei
796 4108 987 4155 mortis
1010 4121 1022 4156 :
1053 4109 1190 4170 quia
1216 4122 1349 4159 cum
1366 4110 1569 4172 gladiis
1588 4113 1643 4161 et
1660 4110 1906 4162 fustibus
1922 4113 2088 4163 undi-

490 4186 601 4237 que
625 4183 1087 4238 supervenerunt
1132 4180 1337 4241 (Matth.
1378 4180 1464 4234 26.
1498 4183 1666 4230 Μανο.
1694 4182 1780 4235 14.
1806 4185 1932 4233 Luc.
1960 4182 2087 4246 22.).

488 4246 695 4310 Laquei
712 4251 901 4296 mortis
918 4249 1044 4299 ideo
1067 4249 1356 4308 dicuntur,
1379 4255 1514 4315 quia
1530 4252 1827 4304 diabolicae
1842 4257 2090 4313 deceptio-

490 4329 594 4368 nes
623 4318 680 4368 in
697 4318 778 4368 eis
803 4324 980 4369 erant.
1000 4321 1106 4371 Sed
1134 4335 1165 4369 a
1190 4324 1367 4373 tantis
1391 4325 1853 4387 persecutoribus
1870 4327 2089 4373 circum-

494 4389 684 4451 datus,
703 4390 1091 4442 totdoloribus
1116 4396 1173 4442 et
1191 4396 1720 4455 perturbationibus
1752 4399 2087 4459 occupatus,

488 4459 582 4511 ille
599 4460 697 4521 qui
725 4473 927 4512 omnes
953 4475 1068 4513 uno
1087 4465 1262 4515 verbo
1285 4470 1510 4529 poterat
1538 4467 1939 4519 condemnare.
1965 4471 2021 4516 et
2037 4482 2090 4513 se

489 4533 561 4582 ab
587 4531 746 4582 omni
779 4534 1048 4593 angustia
1071 4534 1326 4595 liberare,
1366 4538 1501 4599 quid
1526 4537 1737 4601 fecerit,
1764 4538 2089 4588 audiamus.

551 4603 601 4656 7.
633 4605 695 4651 In
752 4604 1096 4654 tribulatione
1137 4606 1385 4656 invocavi
1428 4610 1728 4657 Dominum
1751 4614 1795 4656 et
1820 4609 1891 4656 ad
1914 4610 2085 4657 Deum

488 4674 739 4748 ctamovi.
770 4676 895 4724 Non
920 4688 981 4726 se
1007 4676 1275 4738 vindicat,
1292 4680 1390 4730 sed
1418 4685 1557 4731 orat.
1584 4682 1763 4730 Docet
1788 4685 1841 4729 te
1867 4680 2086 4742 patien-

492 4743 628 4792 tiam
649 4744 959 4806 imperator
983 4750 1137 4798 tuus.
1167 4749 1290 4800 Site
1321 4750 1918 4801 circumdantdolores
1938 4764 2091 4801 mor-

496 4812 567 4885 tis
595 4815 1054 4876 perturbationes
1071 4820 1408 4883 iniquitatis,
1427 4822 1659 4873 attende
1676 4828 1885 4884 quanta
1907 4829 2093 4885 pertu-

492 4882 975 4950 leritRedemptor
991 4892 1143 4953 tuus,
1158 4882 1488 4956 etexemplo
1505 4894 1632 4955 ejus
1650 4882 1841 4942 omnia
1851 4882 2092 4953 patienter

496 4956 736 5008 sustine.
763 4960 929 5010 Intus
953 4960 1013 5011 in
1036 4963 1205 5013 corde
1227 4967 1326 5013 tuo
1343 4964 1552 5014 invoca
1575 4964 1904 5027 Dominum,
1922 4970 1979 5015 et
1997 4972 2093 5011 toto

494 5027 685 5078 cordis
711 5029 919 5081 atl‘ectu
951 5032 1137 5084 clama
1159 5033 1230 5083 ad
1266 5035 1448 5083 Deum
1480 5038 1665 5083 tuum.
1692 5035 1753 5083 In
1778 5033 1903 5097 ipso
1938 5036 2091 5086 enim

492 5099 580 5148 est
602 5100 859 5161 potentia
881 5107 938 5153 et
962 5102 1237 5154 divinitas
1258 5103 1471 5166 (Coloss.
1494 5102 1588 5166 2v),
1611 5104 1772 5154 Unde
1794 5106 1995 5156 merito
2013 5105 2091 5155 di-

500 5172 648 5220 citur
670 5171 950 5223 Dominus
964 5178 1019 5224 et
1034 5175 1187 5224 Deus
1204 5174 1398 5234 :cujus
1416 5174 1735 5226 dominium
1760 5178 1817 5226 et
1832 5176 2092 5227 divinita-

495 5240 567 5289 tis
592 5240 894 5304 imperium
930 5246 1120 5307 potest
1143 5256 1451 5306 oppressos
1475 5246 1689 5308 eripere
1720 5248 1791 5295 ab
1815 5247 1970 5297 omni
1995 5248 2093 5297 tri-

496 5309 807 5364 bulatione.
822 5313 985 5363 Unde
1004 5314 1280 5376 scriptum
1298 5316 1402 5373 est,
1424 5316 1502 5365 De
1516 5330 1878 5380 quacumque
1894 5318 1948 5367 tri
1959 5320 2092 5365 bula-

494 5381 643 5432 tione
656 5383 1027 5434 clamaverint
1043 5384 1113 5433 ad
1132 5397 1241 5449 me,
1256 5386 1491 5449 eripiam
1516 5402 1630 5451 eos,
1658 5390 1795 5439 dicit
1814 5390 2090 5439 Dominus

489 5452 702 5511 (Jerem.
742 5453 868 5515 16.).
918 5456 1069 5505 Bene
1105 5469 1238 5519 ergo
1292 5459 1574 5521 subditur,
1622 5461 1688 5508 Et
1719 5460 1997 5507 ecraudivit
2031 5460 2091 5507 de

492 5524 682 5586 templo
694 5530 879 5573 sancto
900 5541 996 5573 suo
1015 5541 1187 5575 vocem
1205 5543 1378 5577 meam
1400 5536 1473 5578 :et
1497 5530 1702 5578 clamor
1715 5545 1859 5578 meus
2029 5530 2087 5577 in

492 5602 770 5658 conspectu
786 5596 899 5659 ejus
915 5597 1159 5646 introivit
1180 5600 1237 5647 in
1257 5616 1415 5649 aures
1430 5604 1561 5663 ejus.
1584 5601 1880 5663 Templum
1898 5603 1993 5651 [)ei
2020 5608 2089 5647 est

493 5666 772 5717 Christus.
816 5669 1115 5732 Templum
1150 5672 1249 5722 Dei
1290 5677 1379 5722 est
1413 5672 1679 5722 Ecclesia.
1707 5672 1852 5721 Hinc
1880 5672 2090 5722 Paulus

492 5736 586 5801 ait,
614 5738 915 5801 Templum
930 5742 1027 5791 Dei
1042 5748 1305 5794 sanctum
1324 5746 1430 5801 est,
1445 5743 1595 5805 quod
1616 5744 1755 5793 estis
1778 5759 1863 5789 vos
1879 5743 1944 5805 (1.
1969 5744 2086 5792 Cor.

495 5806 544 5886 ξε,
561 5810 729 5886 _et_6.).
755 5812 896 5886 Hoc
911 5814 1207 5886 spirituale
1232 5816 1508 5879 templum
1533 5815 1819 5866 inhabitat
1843 5817 2009 5879 Deus,
2034 5820 2091 5866 et

498 5878 575 5929 ibi
599 5879 1026 5944 deprecantium
1044 5897 1215 5936 voces
1239 5878 1493 5938 exaudit.
1513 5888 1582 5938 Et
1600 5886 1919 5939 notandum
1936 5878 2090 5950 quod

2108 4633 2166 4701 D

2182 3327 2535 3391 nigredinem
2584 3327 2815 3389 penitus
2860 3326 3156 3377 devastat:
3192 3332 3249 3377 et
3285 3339 3397 3389 quo
3430 3328 3626 3379 ordine
3653 3328 3789 3379 haec

2184 3399 2334 3449 facta
2355 3401 2508 3459 sunt,
2541 3409 2674 3459 quae
2715 3395 3122 3459 prmdicuntur,
3161 3398 3353 3449 verbis
3399 3400 3789 3461 sequentibus

2184 3470 2628 3519 demonstratur.

2250 3539 2336 3593 10.
2384 3539 2672 3587 [inclinavit
2700 3539 2844 3588 actos
2897 3543 2941 3588 et
2987 3540 3271 3601 descendit,
3297 3546 3342 3589 et
3375 3540 3544 3603 caligo
3577 3540 3676 3589 sub
3701 3556 3789 3604 pe-

2187 3610 2339 3659 dibus
2363 3611 2492 3673 ejus.
2523 3611 2683 3660 Prius
2716 3612 2944 3661 sanctos
2969 3614 3025 3662 et
3048 3612 3260 3662 electos
3288 3612 3443 3663 viros
3466 3611 3537 3662 ad
3569 3612 3788 3675 praedi-

2187 3681 2437 3732 candum
2455 3682 2579 3743 ejus
2593 3681 2867 3733 humilem
2888 3682 3204 3733 adventum
3219 3683 3393 3747 misit,
3413 3696 3558 3746 quos
3576 3682 3788 3733 deinde

2187 3758 2468 3816 sequutus
2492 3766 2591 3816 per
2615 3754 2987 3817 semetipsum
3007 3754 3323 3805 descendit.
3348 3755 3598 3804 Verbum
3623 3754 3787 3805 enim

2187 3838 2318 3875 caro
2346 3825 2550 3875 factum
2570 3830 2679 3879 est.
2706 3825 3057 3876 ethabitavit
3080 3828 3139 3875 in
3159 3826 3327 3875 nobis
3355 3825 3643 3888 (Joan.1.).
3671 3825 3789 3876 Un-

2187 3896 2258 3947 de
2283 3899 2475 3947 autem
2510 3896 2745 3947 humilis
2771 3898 2829 3946 in
2845 3909 3015 3947 carne
3040 3897 3318 3961 apparuit,
3342 3898 3473 3947 inde
3498 3899 3786 3957 principem

2188 3969 2551 4019 tenebrarum
2577 3980 2665 4017 om
2676 3968 2910 4018 nimoda
2924 3968 3278 4029 subjectione
3291 3968 3614 4032 prostravit,
3631 3974 3713 4027 atq
3722 3983 3788 4016 ue

2188 4040 2434 4090 eundem
2460 4039 2730 4091 Ecclesite
2768 4053 2889 4090 suae
2917 4041 3394 4102 prosternendum
3420 4039 3588 4089 dedit.
3616 4038 3786 4089 Unde

2187 4109 2499 4173 Apostolus
2524 4110 2620 4171 ait,
2639 4110 2914 4160 Dominus
2927 4116 3183 4161 conteret
3201 4111 3505 4160 Sathanam
3526 4109 3634 4158 sub
3647 4112 3788 4169 pedi-

2188 4183 2297 4231 bus
2324 4181 2537 4231 vestris
2567 4182 2733 4245 (Rom.
2762 4180 2865 4243 16.)
2883 4181 3272 4233 velociter.lllo
3292 4187 3483 4232 autem
3501 4180 3785 4244 quipaulo

2188 4252 2698 4311 minusabangelis
2724 4255 3045 4303 minoratus
3070 4258 3158 4303 est
3183 4253 3343 4314 (Psal.
3375 4252 3442 4313 8.)
3463 4266 3560 4316 per
3582 4252 3787 4303 huma-

2189 4325 2448 4386 nitatem,
2471 4322 2651 4373 multo
2678 4324 2973 4374 sublimior
2996 4325 3214 4385 angelis
3237 4324 3554 4374 declaratus
3570 4327 3659 4373 est
3683 4336 3787 4386 per

2189 4396 2549 4446 divinitatem
2591 4394 2763 4457 (Ilcbr.
2802 4395 2850 4448 1.
2898 4401 2942 4443 et
2987 4394 3037 4448 2.
3090 4395 3281 4444 Coloss.
3332 4393 3423 4457 2.).
3459 4394 3619 4446 Unde
3644 4395 3785 4444 sub-

2188 4467 2374 4517 ditur:

2255 4537 2340 4590 11.
2360 4537 2427 4585 Et
2440 4536 2850 4601 ascenditsuper
2874 4537 3239 4596 Cherubimxt
3256 4536 3544 4586 volavitln
3568 4538 3784 4586 eoenim

2193 4609 2343 4671 quod
2356 4611 2511 4659 Deus
2525 4608 2789 4671 est,ipsas
2806 4609 3091 4669 angelicas
3113 4606 3161 4675 7
3172 4605 3224 4675 6
3239 4607 3546 4670 dignitates
3558 4608 3689 4666 pleni
3701 4616 3785 4654 tu-

2192 4681 2322 4731 dine
2337 4679 2586 4729 scientiae
2599 4682 2849 4739 superavit
2877 4680 3076 4727 Volavit
3088 4695 3351 4743 superpcn
3366 4694 3461 4726 nas
3474 4684 3782 4726 ventorum:

2193 4753 2325 4814 quia
2340 4750 2679 4801 celsitudine
2698 4763 2819 4801 sum
2837 4751 3154 4801 divinitatis
3178 4749 3785 4801 transcenditvirtutes

2193 4835 2570 4885 supernorum
2598 4822 2933 4884 spirituum:
2984 4823 3073 4872 cui
3103 4822 3252 4872 enim
3281 4820 3613 4883 angelorum
3636 4819 3789 4872 dixit

2192 4894 2503 4956 aliquando
2519 4895 2688 4953 Deus,
2709 4892 2850 4944 Sede
2874 4905 2907 4942 a
2928 4892 3146 4943 dextris
3173 4892 3334 4952 meis,
3358 4895 3473 4952 aut,
3501 4894 3617 4953 Ego
3636 4894 3787 4940 hodie

2191 4964 2365 5027 genui
2392 4969 2445 5015 te
2470 4963 2645 5023 (llcbr.
2698 4963 2766 5025 1.)
2798 4966 2823 5013 ί]
2848 4966 3026 5026 Super
3062 4976 3275 5026 pennas
3309 4975 3445 5025 ergo
3483 4966 3785 5013 ventorum

2192 5035 2424 5097 volavit,
2453 5035 2587 5097 quia
2625 5033 2783 5084 solus
2819 5035 3016 5085 sedere
3042 5034 3113 5085 ad
3140 5034 3435 5085 dexteram
3460 5033 3638 5083 Patris
3658 5045 3786 5085 me-

2189 5106 2321 5157 ruit.

2254 5175 2338 5229 12.
2366 5177 2433 5225 Et
2450 5175 2626 5238 posuit
2652 5175 2890 5225 tenebras
2919 5176 3206 5225 latibulum
3229 5191 3408 5225 suum.
3438 5174 3659 5226 Scilicet
3680 5174 3787 5235 (Ea:

2190 5247 2509 5310 Augustino)
2546 5249 2953 5297 obscuritatem
2986 5251 3493 5306 sacramentorum,
3520 5250 3574 5297 et
3596 5245 3787 5296 occul-

2192 5324 2307 5369 tam
2340 5332 2498 5380 Spem
2527 5320 2583 5369 in
2610 5319 2776 5369 corde
2798 5320 3150 5369 credentium
3172 5320 3293 5369 :ubi
3318 5319 3438 5381 ipse
3456 5320 3786 5369 lateret.nec

2192 5403 2329 5440 suos
2363 5390 2670 5440 desereret.
2726 5390 3049 5441 Latibulum
3083 5403 3248 5441 suum
3291 5390 3552 5441 tenebras
3576 5389 3783 5453 posuit,

2191 5461 2327 5523 quia
2343 5461 2572 5511 caeleste
2592 5475 2763 5511 suum
2791 5467 3217 5511 sacramentum
3230 5462 3397 5511 nobis
3417 5461 3476 5511 in
3492 5463 3783 5507 obscuritate

2191 5532 2506 5582 constituit.
2540 5533 2685 5581 Hinc
2710 5538 2799 5583 est
2824 5533 2976 5595 quod
3011 5538 3435 5583 sacramentum
3459 5533 3709 5594 corporis
3728 5533 3782 5581 et

2191 5604 2491 5665 sanguinis
2523 5602 2730 5653 Christi
2765 5604 3017 5665 quotidie
3048 5608 3360 5653 tractamus
3385 5602 3454 5663 (l.
3498 5602 3615 5652 Cor.
3650 5601 3779 5663 11.):

2188 5686 2292 5723 nec
2321 5679 2511 5723 tamen
2530 5672 2851 5737 lucem,nec
2878 5674 3112 5736 gloriam
3138 5686 3283 5735 ejus:
3313 5686 3483 5735 quam
3528 5672 3641 5722 fide
3667 5685 3782 5722 cre-

2189 5745 2589 5805 dimus,oculis
2602 5746 2791 5796 adhuc
2813 5747 2999 5796 Vldt‘l‘e
3014 5749 3287 5796 Valemus.
3311 5747 3373 5794 In
3391 5744 3638 5795 tenebris
3651 5746 3777 5790 enim

2190 5828 2393 5866 sumus
2419 5816 2693 5878 quamdiu
2719 5830 2818 5881 per
2843 5817 3012 5867 fidem
3036 5817 3417 5876 ambulamus,
3449 5820 3506 5866 et
3549 5828 3665 5866 non
3688 5827 3783 5878 per

2191 5886 2438 5951 speciem
2470 5887 2540 5950 (1.
2570 5888 2689 5937 Cor.
2722 5887 2842 5951 13.).
2879 5889 2941 5937 In
2976 5888 3204 5936 circuitu
3235 5887 3348 5951 ejus
3382 5884 3779 5935 tabernaculum
