3890 6394
134 359 245 414 705

1143 367 1218 418 ΙΝ
1251 367 1575 421 PSALMOS
1611 372 1820 425 LXXV
1855 375 2418 434 COMMENTARIUS

3319 395 3422 452 706

131 471 269 567 ἕως.
292 469 658 567 Multittidige
673 473 827 567 enim
839 474 1196 567 credentium
1212 477 1645 567 circumventus
1657 491 1732 567 est
1757 489 1813 560 Α
1831 485 1968 537 foris
2004 488 2382 556 increpamur,
2415 495 2649 558 quando
2685 496 3036 561 inspiramur
3061 501 3238 567 intus,
3264 509 3330 560 ut
3353 509 3421 561 ti-

131 543 305 616 Recte
353 546 550 616 autem
581 545 833 596 Ecclesia
855 546 915 596 in
938 547 1044 597 hac
1065 548 1522 612 peregrinatione
1545 555 1732 616 posita
1757 543 1813 560 ⁸⁸
1831 570 2111 611 meamus.

131 613 566 664 tabernaculum
583 617 683 664 Det
699 617 1068 680 dicitur,quia
1081 621 1510 674 tabernaculum
1529 613 1630 672 non
1650 628 1734 673 ha-

132 685 234 758 bet
275 684 739 758 fundamentum,
787 692 874 738 est
924 694 1118 739 autem
1163 691 1535 744 militantium
1559 700 1732 758 atque

131 755 579 806 transeuntium.
621 759 691 806 Et
723 759 1034 820 Apostolus
1057 761 1220 823 dixit,
1255 764 1397 822 Quia
1418 778 1535 815 non
1555 755 1733 818 habe-

129 836 267 876 mus
289 825 383 875 hic
400 830 736 896 manentem
759 827 1070 890 civitatem,
1099 831 1200 880 sed
1225 830 1477 882 futuram
1500 834 1732 896 inquiri-

129 910 265 947 mus
289 895 468 958 (Hebr.
507 895 632 958 13.).
689 897 975 947 Tenebrosa
1019 914 1170 963 aqua
1201 901 1260 949 in
1305 903 1535 952 nubibus
1569 895 1726 958 aeris.

126 969 272 1030 Quia
303 970 552 1018 obscura
589 972 678 1018 est
711 969 948 1020 scientia
968 969 1029 1020 in
1054 972 1365 1038 prophetis,
1393 977 1488 1037 qui
1525 979 1727 1028 merito

127 1041 320 1090 nubes
336 1040 484 1090 aeris
495 1039 875 1102 appellantur,
893 1041 1028 1103 quia
1044 1042 1104 1091 in
1115 1042 1729 1096 cmlestibussustollun-

129 1115 223 1162 tur
246 1123 348 1174 per
372 1109 550 1160 vitam
580 1115 638 1160 et
659 1110 718 1161 in
734 1111 866 1160 imis
889 1113 1142 1164 fundunt
1157 1113 1369 1178 pluvias
1384 1117 1724 1170 doctrinam.

127 1183 386 1232 Primum
397 1181 631 1244 quidem
647 1183 706 1232 in
719 1183 934 1234 sanctis
951 1186 1208 1248 patribus
1219 1187 1502 1240 obscurus
1517 1193 1608 1238 fuit
1620 1207 1728 1239 ser-

125 1265 222 1304 mo
247 1251 498 1304 divinus.
523 1253 696 1303 Tecta
719 1258 881 1305 erant
901 1256 1095 1306 omnia
1119 1258 1228 1307 sub
1244 1258 1428 1322 ﬁgura
1450 1263 1728 1313 etumbra

123 1322 306 1386 (Hebr.
341 1323 460 1386 10.).
491 1323 759 1375 Nondum
789 1332 910 1376 erat
947 1327 1180 1390 spiritus
1217 1331 1288 1379 ad
1312 1331 1724 1384 manifestatio-

121 1407 264 1446 nem
287 1395 458 1446 datus
475 1431 490 1455 ,
517 1395 650 1457 quia
677 1396 707 1446 J
714 1408 848 1446 esus
875 1399 1134 1448 nondum
1170 1399 1353 1451 fuerat
1375 1402 1726 1464 gloriﬁcatus

123 1467 310 1529 (Joan.
339 1465 428 1525 7.).
455 1466 565 1516 Sed
587 1465 794 1518 deinde
819 1470 977 1520 venit
1008 1470 1256 1520 caelestis
1280 1471 1486 1536 fulgor,
1508 1473 1604 1524 ille
1627 1476 1726 1538 qui

121 1542 213 1590 est
231 1538 339 1588 lux
355 1549 506 1597 vera,
527 1537 624 1600 qui
634 1538 924 1590 illuminat
939 1552 1174 1592 omnem
1189 1541 1484 1594 hominem
1501 1537 1727 1598 venien-

123 1613 241 1659 tem
266 1608 326 1658 in
341 1609 494 1659 hunc
518 1607 803 1658 mundum
829 1609 1006 1672 (Joan.
1035 1611 1126 1673 1.).
1145 1614 1412 1665 Removrt
1437 1618 1722 1680 tenebras,

119 1681 394 1744 exposuit
410 1681 914 1742 Scripturas,misit
929 1683 1719 1747 praedicatores,audientium

118 1753 297 1804 corda
321 1751 526 1803 terruit
548 1754 605 1802 et
631 1751 994 1804 illuminavit.
1023 1755 1184 1805 Unde
1211 1757 1482 1808 subditur
1517 1773 1530 1809 :

1893 628 1977 705 17.
2005 632 2108 681 Hic
2133 633 2322 698 inquit
2340 637 2621 700 Christus,
2645 637 2794 688 Misit
2823 641 2884 689 de
2905 655 3116 694 summo
3143 661 3155 696 :
3197 646 3307 700 hoc
3337 657 3427 705 est

1831 699 1900 780 de
1925 701 2053 780 sinu
2078 705 2276 780 Patris.
2302 707 2370 754 Et
2394 709 2590 772 accepit
2605 699 2689 780 me
2719 710 2788 760 Et
2811 711 3027 764 scilicet
3050 721 3222 780 caput
3239 699 3425 774 Eccle;

1831 771 1933 822 site
1963 773 2021 823 in
2047 777 2436 837 aequalitatem
2461 771 2586 836 sibi,
2611 779 2684 830 ad
2710 780 3008 833 dexteram
3033 771 3217 838 suam.
3243 789 3312 838 Et
3335 771 3427 841 as-

1827 843 2020 890 sumsit
2045 859 2141 925 me.
2169 847 2232 897 Id
2253 851 2342 925 est
2364 850 2676 925 Ecclesiam
2692 864 2913 925 meam,
2947 866 3081 916 quae
3101 861 3190 908 est
3213 871 3424 925 corpus

1827 925 2044 992 meum.
2058 916 2140 992 ‘De
2170 919 2346 992 αςιιὶελ
2363 921 2562 969 multis.
2599 921 2742 982 Quia
2764 933 2834 973 ex
2857 927 3054 976 multis
3079 916 3422 992 populis.me

1825 983 2075 1036 instituit
2099 1001 2111 1036 :
2140 988 2229 1038 vel
2252 989 2388 1052 quia
2409 1003 2481 1041 ex
2499 992 2694 1042 multis
2719 993 2874 1044 vitiis
2897 1007 2988 1046 me
3013 983 3267 1051 extraxit
3285 1017 3298 1051 :
3317 983 3424 1051 sive

1828 1053 1960 1115 quia
1982 1067 2054 1105 ex
2076 1057 2272 1109 multis
2299 1061 2766 1113 tribulationibus
2799 1076 2892 1115 me
2919 1065 3195 1121 liberavit.
3223 1071 3292 1122 Et
3312 1071 3425 1124 hoc

1826 1126 1915 1174 est
1939 1126 2094 1187 quod
2119 1129 2383 1191 sequitur
2411 1145 2424 1181 :

1890 1193 1974 1268 18.
2011 1197 2233 1268 Eripuit
2271 1215 2354 1249 me
2377 1202 2439 1250 de
2454 1202 2694 1252 inimicis
2704 1204 2836 1252 meis
2844 1203 3171 1267 fortissimis.
3195 1213 3289 1268 Qui
3307 1220 3427 1262 sunt

1825 1263 1922 1314 isti
1946 1266 2242 1343 fortissimi
2270 1271 2506 1337 inimici,
2521 1274 2636 1324 nisi
2651 1263 2884 1338 spiritus
2905 1279 3181 1343 maligni?
3204 1263 3424 1336 Horum

1825 1337 2200 1417 proculdubio
2217 1342 2606 1417 fortitudinem
2622 1337 2739 1397 non
2757 1337 3306 1417 possemus-evadere,
3321 1357 3424 1404 nisi

1827 1408 2085 1485 omnium
2106 1414 2392 1485 potentior
2412 1416 2570 1465 Deus
2591 1427 2704 1466 nos
2728 1408 2958 1481 fragiles
2974 1408 3307 1485 dignaretur
3319 1425 3426 1476 eri-

1825 1489 1977 1557 pere.
2013 1481 2082 1528 Et
2105 1483 2171 1528 ab
2193 1483 2296 1543 his,
2323 1485 2420 1557 qui
2449 1485 2680 1557 oderunt
2713 1501 2814 1548 me,
2849 1481 3116 1552 quoniam
3134 1495 3425 1557 confortati

1823 1554 1950 1629 sunt
1985 1565 2147 1629 super
2178 1567 2278 1629 me.
2320 1555 2622 1629 Subaudis,
2655 1570 2750 1608 me
2784 1558 3004 1623 eripuit.
3047 1563 3152 1624 Qui
3178 1554 3318 1616 sunt
3341 1567 3422 1629 hi,

1826 1621 1929 1696 qui
1952 1621 2202 1696 oderunt
2222 1625 2674 1689 Ecclesiam,nisi
2696 1621 2958 1682 inﬁdeles
2980 1621 3154 1696 atque
3170 1621 3427 1690 δεδι-θιίοὶίὲ

1827 1692 1934 1767 Qui
1956 1691 2247 1767 intantum
2271 1695 2580 1760 aliquando
2603 1701 2906 1752 confortati
2928 1691 3086 1767 sunt,
3104 1710 3170 1756 ut
3183 1711 3426 1766 quosdam

1820 1763 2010 1840 etiam
2035 1764 2266 1830 electos,
2291 1768 2610 1840 aliquando
2645 1773 2968 1824 occiderent
2999 1763 3295 1840 in'carne,
3330 1779 3428 1830 ali-

183 1840 272 1894 13.
299 1841 412 1890 Prze
432 1840 643 1927 fulgore
665 1841 734 1922 in.
750 1849 1026 1923 conspectu
1055 1843 1168 1906 ejus
1191 1844 1358 1927 nubes
1369 1848 1730 1912 transierunt,
1758 1835 2054 1927 B93399?
2775 1843 2884 1927 S‘ed
2906 1857 3005 1927 eos
3032 1845 3164 1909 pius
3187 1835 3430 1927 Dominus

118 1912 338 1976 grando
369 1917 418 1983 et
441 1911 691 1962 carbones
716 1913 876 1976 ignis.
911 1915 1035 1966 Prae
1060 1916 1460 1978 magnitudine
1483 1911 1724 1983 fulgoris

118 1983 217 2048 qui
241 1985 336 2034 est
369 1982 430 2033 in
458 1989 776 2058 conspectu
805 1985 1288 2058 manifestationis
1327 1991 1476 2052 ejus,
1517 1982 1721 2058 nubes,

115 2054 288 2118 idest,
316 2055 575 2118 Apostoli
599 2055 798 2106 divino
821 2055 1041 2108 lumine
1053 2057 1340 2123 illustrati,
1359 2061 1644 2125 aJudeeis,
1660 2054 1722 2112 ad

117 2125 334 2177 Gentes
360 2125 736 2198 transierunt:
771 2128 922 2178 sicut
951 2129 1227 2192 scriptum
1253 2135 1360 2194 est,
1392 2133 1570 2184 Vobis
1607 2134 1724 2198 pri-

117 2210 282 2248 mum
297 2196 550 2260 oportuit
573 2197 872 2260 praedicari
887 2212 1130 2262 regnum
1147 2203 1268 2265 Dei,
1294 2202 1398 2253 sed
1421 2205 1554 2266 quia
1571 2196 1724 2264 repu-

115 2267 288 2329 listis,
335 2270 393 2317 et
439 2267 708 2330 indignos
743 2281 846 2320 vos
895 2269 1113 2320 fecistis
1147 2272 1286 2324 vitas
1311 2278 1566 2338 aeternae,
1591 2289 1722 2328 ecce

115 2338 515 2390 convertimur
537 2340 610 2389 ad
635 2343 836 2402 gentes
871 2341 998 2404 (Act.
1033 2342 1160 2406 13.).
1195 2345 1266 2395 Et
1285 2345 1396 2408 ipsi
1422 2352 1560 2398 sunt
1589 2347 1722 2400 facti

115 2409 342 2474 grando
365 2414 424 2460 et
449 2411 910 2476 carbonesignis,
939 2415 1262 2478 clamando,
1288 2418 1582 2479 minando,
1597 2420 1722 2470 ubi-

117 2493 226 2554 que
243 2481 441 2546 ignem
452 2481 752 2554 mittendo,
769 2484 1028 2535 futurum
1039 2487 1322 2548 judicium
1335 2490 1718 2554 prmdicando,

114 2553 377 2604 humana
399 2553 570 2605 corda
597 2554 730 2606 ﬁdei
747 2559 946 2608 ardore
965 2558 1354 2611 accendendo.

176 2642 268 2696 14.
293 2643 364 2690 Et
383 2643 622 2691 intonuit
645 2645 705 2692 de
727 2645 852 2694 caelo
875 2646 1160 2711 Dominus,
1181 2653 1226 2696 et
1253 2647 1564 2698 Altissimus
1580 2650 1722 2700 dedit

114 2729 294 2762 vocem
314 2728 473 2762 suam
489 2728 502 2764 :
519 2717 729 2777 grando
751 2723 796 2764 et
817 2717 1068 2767 carbones
1091 2721 1254 2781 ignis.
1273 2722 1584 2784 Postquam
1595 2724 1722 2770 dixit

111 2786 405 2849 Dominus,
441 2786 532 2848 adj
544 2790 724 2850 ungit,
745 2788 1055 2838 Altissimus
1080 2803 1092 2839 :
1133 2795 1198 2841 ut
1225 2791 1510 2855 intelligas
1535 2795 1722 2844 Deum

114 2859 391 2928 Deorum,
443 2859 751 2909 Dominum
795 2861 1193 2923 Dominarum,
1219 2875 1319 2926 per
1346 2865 1722 2928 semetipsum

115 2941 248 2980 esse
273 2927 598 2990 loquutum.
637 2929 799 2980 Prius
823 2931 976 2982 enim
998 2931 1226 2984 locutus
1247 2938 1338 2984 cst
1360 2947 1458 2998 per
1486 2927 1724 2998 patriar-

117 3001 261 3051 chas
291 3003 348 3050 et
365 3001 692 3070 prophetas,
715 3015 816 3066 per
837 3004 1106 3066 antiquos
1131 3009 1322 3068 patres
1348 3019 1361 3056 :
1389 3005 1596 3058 deinde
1621 3019 1721 3070 per

116 3083 176 3122 se
215 3070 394 3133 (Hebr.
444 3069 534 3134 1.).
581 3073 712 3134 Ipsa
757 3073 928 3124 etiam
959 3077 1365 3138 Apostolorum
1388 3069 1720 3140 praedicatio

113 3155 233 3193 non
260 3145 380 3192 tam
404 3142 734 3204 Apostolica
757 3149 894 3206 erat,
909 3157 1084 3206 quam
1108 3147 1420 3198 Dominica.
1442 3148 1600 3199 Sicut
1615 3154 1720 3208 ipse

116 3215 402 3264 Dominus
447 3217 710 3278 testatur,
749 3215 961 3277 dicens,
985 3218 1110 3268 Non
1139 3220 1294 3268 enim
1315 3231 1418 3269 vos
1451 3219 1592 3270 estis
1616 3221 1716 3282 qui

1817 1907 2032 1982 eripere
2078 1908 2351 1982 dignatus
2394 1916 2502 1976 est,
2534 1913 2862 1965 coronando
2885 1907 3124 1980 occisos,
3150 1923 3331 1982 atque
3353 1921 3429 1974 ad

1819 1977 1978 2028 viam
1995 1977 2256 2030 veritatis
2277 1985 2534 2033 errantes
2555 1984 2896 2036 reducendo.
2911 1987 3076 2040 Unde
3091 1977 3150 2040 et
3171 1977 3426 2053 subditur,

1883 2055 1966 2110 19.
2001 2057 2382 2110 Ρνκυεηεναηι
2405 2076 2488 2110 me
2518 2062 2580 2110 in
2610 2061 2696 2111 die
2739 2063 3056 2127 afﬂictionis
3079 2082 3222 2119 meae.
3250 2069 3314 2121 Id
3337 2075 3426 2124 est

1813 2127 2242 2205 praevaluerunt
2258 2132 2398 2205 mihi
2444 2131 2505 2184 in
2533 2139 2788 2197 tempore
2811 2135 3198 2190 tribulationis
3221 2144 3280 2191 et
3301 2154 3430 2205 per-

1815 2199 2149 2250 secutionis.
2175 2201 2244 2250 Et
2257 2201 2434 2264 factus
2461 2209 2534 2252 est
2556 2205 2827 2254 Dominus
2838 2213 3102 2270 protector
3123 2199 3426 2264 meum—Sci-

1812 2269 1945 2320 licet
1962 2276 2270 2335 protegens
2286 2285 2379 2324 me
2395 2269 2911 2339 abimpugnatione
2934 2283 3421 2344 persequentium.

1875 2346 1960 2422 ‘20.
1989 2351 2058 2400 Et
2084 2349 2233 2422 quia
2254 2352 2536 2422 carnales
2571 2355 2832 2418 patiebar
2852 2359 3174 2422 angustias.
3213 2359 3428 2412 Eduxit

1817 2433 1901 2467 me
1923 2421 1986 2498 in
2010 2420 2366 2498 spiritualem
2389 2423 2736 2498 latitudinem
2751 2426 2904 2480 ﬁdei.
2932 2420 3158 2479 Salvum
3184 2446 3264 2481 me
3273 2434 3421 2498 fecit,

1818 2491 2082 2554 quoniam
2105 2493 2271 2542 voluit
2294 2509 2394 2544 me.
2421 2495 2604 2547 Nullis
2617 2499 2762 2548 meis
2779 2501 3240 2562 praecedentibus
3250 2491 3426 2556 meri;

1818 2563 1912 2624 tis,
1952 2562 2054 2639 sed
2089 2563 2210 2639 sola
2247 2577 2352 2639 sua
2384 2565 2803 2639 benevolentia.
2845 2572 2972 2634 Ipse
3005 2577 3095 2624 est
3117 2573 3292 2639 enim,
3321 2575 3421 2638 qui

1819 2635 2185 2708 operatur_in
2199 2636 2376 2708 nobis
2406 2642 2466 2689 et
2493 2637 2660 2700 velle,
2685 2643 2744 2690 et
2767 2642 2987 2704 operari
3009 2655 3111 2708 pro
3139 2635 3293 2697 bona
3313 2635 3420 2699 vo-

1817 2702 2039 2756 luntate
2063 2705 2284 2770 (Philip.
2310 2705 2406 2770 2.).

1881 2781 1969 2836 21.
2005 2783 2075 2832 Et
2097 2785 2350 2835 retribuet
2377 2787 2520 2836 mihi
2542 2789 2810 2841 Dominus
2831 2792 3129 2843 secundum
3143 2795 3423 2859 justitiam

1818 2869 2016 2918 meam,
2046 2863 2092 2904 et
2113 2859 2408 2924 secundum
2429 2861 2726 2922 puritatem
2755 2877 3029 2912 manuum
3051 2879 3302 2916 mearum
3335 2884 3424 2918 re-

1823 2926 2012 2998 tribuet
2037 2928 2194 2979 mihi.
2221 2931 2344 2980 Duo
2369 2935 2508 2981 sunt
2529 2931 2588 2982 in
2611 2933 2861 2997 homine,
2883 2935 3201 2988 secundum
3213 2953 3420 2998 quaere-

1821 2996 2020 3048 tribuit
2043 2999 2326 3050 Do'minus
2345 3017 2360 3048 :
2379 2996 2926 3056 scilicetsecundum
2938 2996 3413 3069 justitiam—bona

1821 3069 2140 3120 voluntatis
2152 3075 2209 3122 et
2221 3071 2370 3134 ﬁdei,
2388 3075 2445 3122 et
2465 3069 2514 3138 7
2525 3073 2578 3138 8
2605 3075 2922 3126 secundum
2944 3079 3256 3140 puritatem
3271 3083 3420 3130 bono-

1817 3153 1946 3214 rum
1963 3154 2221 3204 operum.
2247 3144 2362 3193 Nec
2386 3150 2632 3207 possunt
2646 3157 2790 3209 pura
2800 3159 2930 3198 esse
2941 3149 3094 3200 bona
3107 3162 3296 3214 opera,
3312 3153 3416 3201 nisi

1819 3212 2152 3286 deriventur
2182 3215 2255 3264 ab
2278 3214 2606 3286 intentione
2623 3217 2796 3280 justa.
2831 3219 2994 3270 Unde
3017 3212 3292 3285 scriptum
3304 3227 3420 3286 est,

113 3285 442 3350 loquimini,
470 3285 570 3335 sed
595 3287 828 3349 spiritus
857 3289 1040 3338 Patris
1064 3291 1240 3340 vestri
1264 3291 1364 3352 qui
1386 3278 1718 3353 loquitur—in
1743 3278 1792 3354 C
1822 3283 2094 3356 RBSDC'X“
2122 3285 2404 3336 Dominus
2439 3286 2512 3337 ad
2533 3278 2696 3350 Abel.
2717 3293 2774 3340 et
2796 3289 2871 3340 ad
2892 3278 3280 3356 munera-elus
3303 3278 3418 3356 (θεί

114 3359 284 3411 vobis
309 3358 519 3419 (Matth.
552 3355 674 3420 10.).
708 3360 883 3418 Quasi
910 3359 1136 3411 intonat
1166 3363 1464 3423 Dominus,
1487 3375 1622 3413 cum
1645 3364 1716 3417 de

111 3429 334 3495 judicio
362 3440 466 3478 suo
495 3441 602 3479 nos
627 3435 796 3480 terret
821 3431 1025 3494 (Matth.
1041 3430 1166 3494 ‘25.).
1198 3433 1373 3492 Quasi
1394 3435 1493 3485 dat
1522 3448 1722 3488 vocem

116 3517 308 3567 suam,
335 3501 565 3564 quando
580 3501 872 3553 humiliter
886 3503 1191 3555 demulcet.
1214 3505 1514 3565 Quoddam
1532 3513 1722 3558 terrens

116 3576 440 3630 tonitruum
464 3584 593 3622 esse
619 3574 861 3637 videtur,
888 3577 1044 3638 quod
1065 3589 1162 3639 per
1184 3577 1466 3627 Joannem
1491 3578 1718 3644 dicitur,

117 3647 424 3702 Gem'mina
464 3647 807 3710 Viperarum,
845 3647 974 3709 quis
1002 3647 1253 3698 ostendit
1277 3649 1442 3700 vobis
1467 3649 1664 3712 fugere
1687 3664 1722 3702 a

116 3726 370 3774 ventura
388 3717 472 3766 ira
501 3717 711 3776 (Matth.
739 3717 856 3781 3.)?
879 3721 1055 3780 Quasi
1073 3733 1276 3772 vocem
1299 3721 1438 3772 dare
1463 3727 1570 3782 est,
1589 3736 1723 3774 cum

114 3793 407 3850 subditur,
435 3787 604 3858 Ag_ite
627 3788 848 3840 fructus
873 3791 1081 3854 dignos
1105 3793 1462 3856 paenitentiae
1479 3793 1718 3858 (Luc.3.).

111 3869 299 3919 Juxta
329 3877 464 3930 ergo
498 3855 608 3930 77
634 3865 1009 3926 capacitatem
1033 3865 1391 3916 audientium
1415 3855 1589 3917 medo
1607 3855 1720 3917 mi-

111 3939 312 3991 nando
350 3938 578 3992 intonat
607 3937 910 4000 Dominus,
944 3936 1116 3988 modo
1141 3941 1207 3988 ut
1229 3937 1450 4002 grando
1472 3941 1722 3990 contun-

112 4013 282 4074 dens,
307 4015 476 4064 modo
502 4018 566 4064 ut
587 4012 739 4076 ignis
763 4010 1103 4061 accendens.

173 4101 265 4156 15.
302 4102 372 4150 Ει
409 4103 556 4151 misit
599 4103 823 4166 sagittas
841 4115 988 4163 suas,
1022 4099 1241 4151 scilicet
1264 4099 1372 4164 (Eae
1391 4099 1717 4162 Augustino)

115 4173 542 4238 Evangelistas,
561 4175 761 4238 pennis
777 4173 1059 4224 virtutum
1074 4172 1438 4223 rectoitinere
1459 4177 1723 4224 transvo-

113 4244 324 4308 lantes,
345 4258 464 4296 non
489 4259 612 4296 suis
629 4245 730 4296 sed
751 4245 876 4307 ejus
898 4257 932 4294 a
955 4257 1070 4307 quo
1099 4245 1264 4294 missi
1287 4247 1442 4304 sunt,
1477 4244 1719 4294 viribus.

114 4319 181 4366 Et
207 4317 535 4381 disperdidit
555 4333 656 4378 eos,
680 4317 753 4368 ad
771 4329 917 4380 quos
941 4317 1102 4366 missi
1121 4319 1276 4378 sunt,
1307 4315 1507 4366 utaliis
1523 4327 1723 4367 eorum

115 4394 318 4440 essent
339 4389 480 4439 odor
505 4389 641 4440 vitae
657 4389 717 4438 in
743 4389 939 4449 vitam,
960 4387 1087 4438 aliis
1103 4386 1244 4438 odor
1261 4387 1462 4437 mortis
1487 4387 1548 4436 in
1569 4400 1723 4438 mor-

117 4465 232 4512 tem
275 4459 342 4522 (2.
369 4461 492 4510 Cor.
527 4459 618 4522 2.).
654 4459 898 4522 Fulgura
926 4457 1324 4522 multiplicauit.
1352 4457 1416 4508 Id
1440 4462 1532 4508 est
1553 4471 1723 4509 coru-

118 4531 345 4582 scantia
372 4533 662 4581 miracula.
689 4531 758 4579 Et
773 4529 1108 4580 conturbavit
1122 4543 1224 4578 eos.
1257 4529 1413 4580 Bona
1423 4531 1725 4580 conturba-

119 4605 276 4655 tione
299 4601 373 4654 ad
394 4605 812 4666 paenitentiam.

177 4692 270 4747 16.
304 4692 372 4741 Ει
394 4697 772 4756 apparuerunt
804 4691 975 4754 fontes
995 4706 1292 4756 aquarum.
1319 4690 1542 4742 Scilicet
1565 4691 1718 4742 dona

119 4764 318 4816 Sancti
351 4766 614 4828 Spiritus,
647 4777 681 4814 a
703 4765 918 4827 quibus
942 4763 1132 4814 omnis
1149 4763 1458 4826 spiritualis
1476 4763 1717 4814 scientia

117 4837 394 4900 procedit.
411 4835 515 4887 Vel
536 4849 635 4900 per
658 4835 847 4887 fontes
862 4847 1162 4898 aquarum,
1182 4837 1370 4898 potest
1387 4834 1720 4897 accipivetus

117 4913 176 4960 et
202 4921 425 4960 novum
453 4909 889 4959 Testamentum
907 4921 920 4958 :
938 4919 1070 4970 quas
1085 4907 1719 4970 apparueruntauditori-

119 4981 251 5040 bus,
268 4981 395 5044 ipso
406 4981 832 5054 revelante,qui
857 4979 1032 5030 habet
1055 4978 1277 5029 clavem
1302 4977 1574 5054 scientia.
1610 4977 1717 5036 Qui

117 5053 396 5104 nimirum
422 5054 744 5116 spirituales
767 5052 953 5102 fontes
978 5056 1220 5101 cieteros
1237 5064 1309 5101 ex
1330 5063 1391 5100 se
1410 5051 1718 5112 Scriptura-

116 5138 252 5177 rum
290 5124 508 5176 rivulos
545 5126 832 5177 emittunt.
872 5123 938 5172 Ει
961 5122 1190 5172 revelata
1211 5128 1332 5171 sunt
1352 5121 1715 5192 fundamenta

118 5198 268 5246 orbis
290 5203 578 5247 terrarum.
609 5195 864 5248 Revelati
889 5199 1028 5246 sunt
1045 5195 1360 5257 PrOphet-ee,
1391 5193 1486 5256 qui
1509 5193 1718 5243 nonin-

118 5271 530 5334 telligebantur
553 5284 564 5319 :
606 5281 776 5332 super
799 5279 945 5331 quos
972 5266 1351 5317 aediﬁcaretur
1369 5264 1523 5315 orbis
1546 5269 1720 5314 terra-

118 5353 252 5392 rum
278 5342 518 5391 credens
532 5341 593 5390 in
617 5341 876 5392 Domino.
903 5341 1024 5398 Quo
1041 5342 1235 5388 autem
1259 5337 1456 5388 ordine
1483 5337 1588 5398 (Ea:
1612 5337 1720 5384 Au-

117 5412 354 5476 gustino)
375 5415 500 5463 haec
519 5413 663 5462 facta
679 5417 836 5471 sunt,
848 5411 1185 5471 ostenditur,
1201 5421 1332 5459 cum
1347 5408 1716 5458 subinfertur:

117 5487 200 5536 Ab
225 5485 591 5548 increpatione
607 5489 720 5544 tua,
745 5483 992 5542 Domine,
1017 5481 1082 5529 ab
1105 5480 1466 5544 inspiratione
1491 5480 1718 5544 spirit-us

117 5559 217 5607 ira:
241 5563 358 5608 tuae.
385 5557 656 5617 Dicentis,
693 5556 815 5606 Nisi
837 5553 1238 5618 paenitentiam
1271 5553 1522 5616 egeritis,
1545 5565 1722 5599 omnes

120 5631 298 5682 simul
320 5629 642 5682 moriemini
683 5629 822 5693 (Luc.
851 5626 972 5689 13.).
1003 5629 1316 5688 Postquam
1339 5623 1504 5688 dixit,
1533 5625 1724 5674 Incre-

122 5703 432 5768 pationem,
450 5702 719 5768 adjunxit
728 5699 1353 5765 Inspirationem.'l‘unc
1363 5696 1518 5748 enim
1533 5697 1720 5744 utiliter

1821 3369 1935 3430 nes.
1962 3355 2052 3418 4.).
2101 3356 2538 3430 Prius_quidem
2575 3360 2838 3430 probavit
2865 3361 3000 3413 fidei
3033 3355 3416 3430 devotionem,

1818 3425 1976 3498 unde
2027 3427 2399 3498 postmodum
2447 3429 2709 3481 sacriﬁcii
2760 3433 3013 3498 suscepit
3065 3425 3418 3488 oblationem

1821 3497 1995 3557 (Hebr.
2023 3497 2149 3562 11.).
2177 3501 2244 3550 Et
2265 3500 2469 3552 merito
2485 3501 2760 3552 retribuet
2776 3497 2958 3554 mihi:

1881 3576 1969 3630 22.
2001 3579 2143 3636 Quia
2165 3580 2426 3629 custodivi
2450 3580 2566 3629 vias
2588 3582 2832 3632 Domini.
2847 3583 2914 3634 Id
2936 3588 3025 3636 est
3046 3583 3414 3641 latitudinem

1818 3647 2104 3701 bonorum
2124 3663 2364 3714 operum
2385 3654 2804 3715 perseverando
2821 3657 3066 3709 servavi.

1881 3739 1970 3793 ‘23.
2011 3740 2323 3812 Necwimpie
2349 3741 2484 3804 gessi
2510 3751 2581 3790 all
2601 3743 2836 3793 Domino
2870 3759 3003 3796 meo.
3035 3745 3099 3797 Id
3131 3751 3224 3798 est
3254 3752 3418 3812 post-

1820 3823 1996 3874 quam
2017 3811 2092 3862 ad
2114 3811 2277 3862 illum
2301 3811 2446 3862 bene
2463 3813 2753 3876 operando
2776 3816 3014 3879 accessi,
3037 3817 3110 3867 ab
3135 3817 3231 3870 illo
3246 3811 3420 3882 prave

1820 3882 2070 3934 vivendo
2087 3893 2206 3933 non
2216 3881 2447 3933 recessi.
2466 3881 2612 3932 Hinc
2631 3886 2886 3946 estquod
2903 3885 2975 3936 de
2997 3887 3213 3938 sanctis
3224 3881 3418 3938 anima-

1817 3952 1972 4005 libus
2012 3965 2111 4017 per
2156 3953 2493 4016 prophetam
2541 3951 2768 4014 dicitur,
2804 3955 2932 4006 Non
2954 3958 3416 4018 revertebantur,

1820 4038 1952 4076 cum
1969 4023 2456 4088 ambularent,sed
2468 4025 2926 4088 unumquodque
2937 4031 3068 4078 ante
3084 4029 3260 4077 faciem
3273 4044 3414 4080 suum

1819 4097 2184 4160 gradiebatur
2210 4095 2412 4158 (Ezech.
2447 4093 2533 4156 1.).
2555 4095 2645 4146 Sic
2669 4096 2867 4159 utique
2891 4097 2965 4148 ad
2986 4099 3172 4150 Deum
3202 4100 3419 4152 directa

1821 4169 2034 4220 debent
2056 4180 2184 4218 esse
2207 4171 2406 4218 nostra
2430 4166 2654 4228 itinera,
2667 4173 2734 4218 ut
2756 4167 2908 4220 ultra
2929 4182 3047 4220 non
3072 4171 3189 4222 sint
3200 4171 3273 4223 ad
3289 4184 3422 4237 pra-

1820 4242 2062 4292 vitatem
2079 4239 2263 4302 Operis
2287 4238 2668 4289 distorta.Nec
2690 4239 2903 4290 mirum
2920 4241 2968 4290 si
2987 4241 3421 4294 custodivitvias

1821 4312 2067 4368 Domini,
2097 4323 2204 4362 nec
2225 4322 2261 4360 a
2286 4311 2403 4360 Deo
2433 4321 2540 4360 suo
2566 4309 2737 4373 impie
2759 4312 2940 4374 gessit
2957 4326 2970 4362 :
2988 4325 3124 4363 nam
3139 4315 3420 4378 sequitur,

1823 4384 2096 4446 Quoniam
2119 4380 2310 4430 omnia
2327 4380 2543 4444 judicia
2568 4381 2681 4444 ejus
2704 4381 2766 4429 in
2793 4389 3070 4446 conspectu
3082 4399 3215 4435 meo.
3242 4385 3308 4436 ld
3329 4389 3421 4437 est

1822 4457 1928 4519 (Eae
1949 4453 2271 4516 Augustino)
2291 4457 2348 4502 et
2365 4453 2602 4516 praimia
2617 4453 2636 4516 j
2649 4457 2912 4503 ustorum
2936 4457 2993 4504 et
3008 4466 3212 4518 poenas
3223 4457 3421 4520 impio-

1822 4539 1970 4588 rum,
1995 4531 2053 4575 et
2076 4521 2300 4586 ﬂagella
2322 4522 2808 4585 corrigendorum,
2834 4528 2894 4574 et
2919 4525 3264 4577 tentationes
3288 4540 3420 4590 pro-

1825 4597 2146 4650 bandorum
2179 4592 2568 4657 perseveranti
2589 4592 3068 4657 contemplatione
3097 4597 3419 4650 considero.

1748 4652 1806 4726 D
1828 4670 1916 4722 Ad
1949 4652 2388 4720 custodiendam
2423 4663 2635 4726 quippe
2653 4652 2958 4728 justitiam,
2983 4671 3043 4718 et
3065 4666 3420 4731 impietatem

1815 4735 2333 4801 evitandam,valde
2351 4733 2488 4786 utile
2513 4739 2604 4786 est
2626 4739 2886 4788 extrema
2903 4737 3142 4791 sollicite
3153 4752 3415 4804 pensare.

1813 4813 1976 4867 Unde
2006 4809 2280 4872 scriptum
2303 4812 2412 4870 est,
2436 4808 2504 4857 In
2527 4808 2798 4858 omnibus
2821 4810 3090 4872 operibus
3115 4812 3229 4862 tuis
3240 4812 3421 4864 medi-

1816 4891 1937 4938 tare
1975 4880 2300 4933 novissima
2335 4882 2448 4941 tua,
2505 4883 2563 4930 et
2595 4878 2654 4930 in
2689 4883 2976 4932 mternum
3007 4895 3125 4933 non
3148 4883 3419 4947 peccabis

1817 4952 2093 5022 (Eceti.7.).
2107 4954 2280 5004 Recte
2303 4963 2438 5014 ergo
2452 4950 2579 5022 subj
2591 4955 2830 5002 unctum
2851 4957 2959 5014 est,
2974 4953 3039 5001 Et
3050 4951 3295 5015 justitias
3305 4955 3420 5018 ejus

1815 5021 1927 5076 non
1954 5025 2128 5090 reputi
2153 5041 2188 5073 α
2211 5039 2310 5073 me.
2331 5025 2489 5074 Sicut
2513 5021 2611 5084 illi,
2639 5022 2734 5086 qui
2759 5022 2832 5074 ad
2855 5027 3086 5086 tempus
3105 5023 3350 5077 credunt
3370 5033 3418 5074 et

1815 5097 1878 5150 in
1902 5103 2154 5160 tempore
2187 5095 2518 5147 tentationis
2543 5093 3024 5154 recedunttLuc.8
3045 5096 3080 5156 ).
3108 5096 3189 5146 De
3201 5095 3413 5158 quibus

1817 5169 2124 5234 Apostolus
2155 5169 2376 5229 Petrus,
2399 5167 2543 5228 Quia
2569 5164 2777 5216 melius
2802 5169 2894 5215 est
2915 5178 3035 5214 non
3063 5177 3413 5228 cognoscere

1818 5243 1971 5294 viam
1995 5238 2274 5298 veritatis,
2310 5251 2484 5300 quam
2512 5241 2644 5301 post
2675 5235 3061 5300 cognitionem
3094 5240 3414 5289 retrorsum

1819 5314 2000 5365 redire
2031 5310 2098 5372 (Ω.
2125 5311 2266 5361 Petr.
2294 5308 2382 5374 2.).

1881 5403 1966 5457 24.
2003 5403 2070 5450 Ει
2099 5415 2187 5449 ero
2213 5399 2614 5458 immaculatus,
2639 5412 2765 5447 eum
2786 5411 2862 5460 eo,
2893 5396 3214 5450 secundum
3231 5398 3416 5451 delec-

1819 5476 2085 5528 tationem
2111 5470 2280 5522 malas
2308 5469 2690 5534 cogitationis.
2715 5469 2784 5518 Et
2806 5468 3083 5517 observabo
3105 5484 3186 5518 me
3213 5470 3280 5518 ab
3303 5471 3418 5519 ini-

1818 5549 2022 5613 quitate
2045 5559 2179 5594 mea.
2198 5543 2262 5593 Id
2287 5545 2374 5593 est
2390 5541 2778 5603 abiniquitate
2793 5540 3154 5613 operationis.
3175 5540 3309 5613 Tale
3325 5541 3422 5594 de-

1821 5611 1918 5671 bet
1939 5631 2068 5671 esse
2091 5621 2355 5668 nostrum
2379 5613 2658 5674 studium,
2682 5616 2947 5664 nostrum
2972 5611 3422 5664 desxderiumzut

1820 5694 1980 5744 intus
1995 5693 2178 5743 simus
2187 5685 2560 5752 immaculati,
2574 5684 2710 5738 foris
2722 5682 2957 5736 innocui
2971 5697 2985 5735 :
3004 5691 3256 5745 quatenus
3271 5691 3423 5736 aster-

185 5853 206 5876 ⁸
240 5845 499 5904 Psalterii
519 5847 744 5900 codices
769 5843 912 5904 quot
935 5839 1054 5890 scio
1077 5848 1269 5890 omnes
1291 5851 1328 5886 α
1360 5836 1467 5886 Deo
1507 5849 1618 5885 meo
1649 5833 1988 5899 praferunt.
