3890 6386
495 366 596 421 707

1547 347 1813 399 RUFINO
1849 340 2311 399 PRESBYTERO
2345 346 2725 400 ASCRIPTUS

3701 344 3796 397 708

491 489 632 531 nam
665 467 1188 527 remunerationem
1223 471 1661 525 consequamur,
1692 460 1764 510 de
1807 471 1924 522 qua
1947 460 2086 510 sub—
2108 464 2165 536 Α
2191 460 2328 508 tium
2349 460 2412 536 in
2438 475 2507 510 se.
2525 463 2609 510 Ac
2626 461 2709 510 sic
2720 457 2900 536 dicat,
2913 454 3216 536 Hic'meus‘
3232 456 3387 536 Deus
3402 469 3527 536 non
3551 462 3648 536 est
3676 460 3799 536 sicut

490 561 720 615 Jung‘“
1089 607 1099 617 .
1152 605 1162 615 .
1337 603 1346 613 .
1826 599 1834 609 .
1935 599 1993 609 ..

558 618 645 673 25.
662 617 730 667 Et
745 610 993 662 retribuet
1021 607 1163 655 mihi
1185 604 1470 661 Dominus,
1492 599 2086 673 secundumqustttzam

495 669 692 740 meam.
709 687 836 737 Non
852 680 1039 732 solum
1062 680 1291 742 propter
1303 672 1666 726 latitudinem
1682 670 1832 732 iidei,
1850 669 1951 721 sed
1972 686 2089 731 pro-

495 768 619 828 pter
639 752 1057 819 longitudinem
1080 745 1538 827 perseverantite.
1553 744 1620 828 t
1635 742 2085 828 secu'ndumpuri-

495 813 651 883 lutem
682 813 952 876 manuum
986 832 1233 868 mearum
1259 818 1319 865 in
1341 819 1617 879 conspectu
1646 813 1924 862 oculorum
1953 813 2084 877 ejus.

494 906 620 955 Non
638 911 752 963 quo
767 893 1029 947 homines
1050 890 1263 963 vident,
1282 888 1385 938 sed
1398 899 1512 950 quo
1523 886 1659 963 ipse.
1680 885 2089 963 Quoniam‘quae

495 955 781 1032 videntur,
812 961 1143 1028 temporalia
1170 963 1308 1032 sunt
1322 969 1494 1032 :ﬁquaa
1516 961 1711 1032 autem
1733 968 1857 1032 non
1880 955 2088 1032 viden-

496 1050 606 1107 tur,
662 1026 880 1093 aeterna
916 1026 1157 1107 (72.10012
1325 1031 1393 1107 ξι
1435 1028 1608 1078 homo
1651 1026 1812 1077 videt
1843 1026 1904 1077 in
1928 1026 2087 1087 facie,

488 1101 646 1168 Deus
675 1112 738 1163 in
780 1106 951 1159 corde
985 1104 1132 1167 (Luc.
1181 1101 1305 1162 11.).
1332 1101 1625 1149 Bonorum
1665 1109 1896 1160 quoque
1920 1108 2093 1161 opera

489 1196 719 1248 semper
748 1182 812 1231 in
835 1178 1149 1248 conspectu
1184 1172 1288 1248 Dei
1320 1174 1485 1248 sunt,
1496 1169 1792 1248 malorum
1816 1181 1951 1248 vello
1974 1180 2093 1248 non

491 1239 724 1320 respicit
741 1252 920 1315 (Prov.
948 1246 1077 1308 10.).
1102 1243 1265 1320 Unde
1286 1241 1422 1320 alibi
1454 1240 1679 1320 dicitur.
1701 1239 1875 1290 Novit
1898 1239 2093 1290 Domi-

490 1311 606 1380 nus
627 1311 786 1377 viam
821 1321 1130 1385 justorum,
1161 1315 1267 1365 iter
1294 1316 1491 1364 autem
1512 1311 1823 1376 impiorum
1846 1323 1966 1362 non
1987 1323 2096 1361 no-

542 1399 588 1449 it
611 1394 777 1449 {PsaL
802 1392 893 1449 1.).

498 1397 678 1522 “etcf
668 1393 828 1517 18:12:01
841 1393 986 1525 lium
1018 1456 1321 1522 praemissa
1362 1457 1516 1517 sunt,
1554 1453 1692 1503 dicit
1724 1451 1994 1513 Ecclesia,
2020 1450 2092 1501 ad

492 1537 865 1593 excitandum
874 1524 994 1585 nos
1018 1534 1076 1581 et
1096 1525 1555 1593 promovendum
1579 1525 1651 1575 ad
1668 1524 1841 1575 ﬁdem
1858 1528 2093 1585 rectam,

492 1624 655 1676 spem
684 1612 917 1665 certam,
965 1599 1356 1666 operationem
1401 1599 1633 1660 bonam,
1658 1596 2092 1676 retributionem

490 1669 960 1737 aiternam.Unde
980 1685 1137 1724 nunc
1163 1680 1522 1733 quemquam
1550 1672 1811 1718 nostrum
1822 1669 2091 1727 admonet,,

491 1755 706 1808 dicens.
729 1750 1055 1800 Cumsancto
1079 1747 1298 1791 sanctus
1313 1741 1436 1803 eris,
1461 1744 1652 1788 etcum
1674 1739 1789 1787 viro
1814 1739 2098 1787 innocente

491 1826 749 1874 innocens
783 1820 906 1869 eris.
944 1816 1011 1866 Et
1043 1828 1165 1863 cum
1193 1812 1346 1861 electo
1382 1812 1572 1860 electus
1595 1810 1717 1869 eris,
1743 1816 1789 1858 et
1818 1824 1941 1858 cum
1974 1825 2094 1873 per-

492 1908 638 1944 verso
655 1887 983 1953 perverteris.
1006 1883 1255 1936 Attende
1270 1883 1450 1945 illum,
1476 1881 1576 1943 qui
1599 1885 1691 1931 est
1715 1886 1949 1953 sanctus
1971 1893 2098 1953 san-

493 1952 738 2026 ctorum,
756 1961 855 2024 qui
877 1960 938 2010 in
962 1957 1151 2019 seipso
1185 1958 1420 2005 sanctus
1458 1957 1563 2015 est,
1595 1956 1655 2002 et
1678 1952 1819 2003 alios
1845 1952 2097 2026 sanctiﬁ-

495 2049 625 2088 care
646 2023 860 2099 potest.
892 2029 999 2091 Qui
1022 2032 1112 2079 est
1135 2038 1271 2077 vere
1295 2026 1592 2099 innocens,
1624 2036 1813 2087 agnus
1840 2023 2101 2099 sinema-

495 2108 626 2159 cula
646 2093 810 2169 (ιιοαη
834 2102 935 2165 1.):
956 2100 1055 2163 qui
1074 2110 1205 2149 cum
1234 2096 1689 2157 malediceretur,
1722 2108 1840 2145 non
1862 2093 2098 2169 maledi-

495 2166 662 2230 cebat
677 2176 749 2238 (1.
773 2176 915 2224 Petr.
940 2171 1045 2233 2.);
1073 2182 1207 2220 cum
1232 2171 1540 2231 pateretur,
1565 2179 1685 2216 non
1709 2166 2097 2238 comminaba-

494 2256 603 2301 tur.
639 2236 748 2310 Qui
794 2249 884 2296 est
928 2244 1140 2293 electus
1176 2252 1211 2291 a
1244 2241 1359 2290 Deo
1395 2240 1560 2288 Patre
1603 2237 1781 2310 (Hebr.
1825 2236 1918 2310 5.),
1950 2236 2099 2286 sicut

494 2308 773 2383 scriptum
796 2320 915 2383 est,
946 2314 1052 2364 Hic
1081 2316 1171 2383 est
1204 2310 1387 2383 Filius
1407 2322 1583 2383 meus
1601 2308 1864 2383 dilectus,
1981 2320 2097 2383 quo

493 2378 635 2444 mihi
650 2392 796 2441 bene
825 2382 936 2454 79
966 2382 1286 2446 complacui
1310 2381 1519 2454 (Matth.
1555 2378 1861 2454 3.17._Luc.
1888 2379 2098 2454 3.):50.

493 2461 752 2522 ciareilli,
770 2450 993 2510 imitare
1006 2454 1271 2517 illum,sit
1294 2452 1398 2503 tibi
1414 2452 1629 2502 bonum
1642 2450 1935 2502 adhaerere
1956 2452 2093 2515 Deo,

493 2538 551 2587 et
568 2533 682 2584 eris
707 2542 843 2583 cum
868 2531 1073 2578 sancto
1086 2528 1342 2587 sanctus,
1369 2535 1500 2572 cum
1517 2522 2092 2584 innocenteinnocens,

495 2618 629 2656 cum
653 2603 834 2654 electo
859 2598 1097 2650 electus.
1119 2594 1279 2655 Quod
1312 2595 1361 2644 si
1387 2595 1718 2644 societatem
1748 2608 2094 2653 perversorum

497 2675 783 2733 dilexeris,
810 2676 868 2722 et
891 2674 954 2720 tu
980 2667 1240 2718 similiter
1262 2664 1625 2729 perverteris.
1654 2666 1795 2715 Ecce
1824 2664 1957 2715 duae
1983 2666 2094 2716 viae

499 2746 601 2797 tibi
617 2750 868 2797 ostensa:
880 2743 1018 2791 sunt
1034 2755 1045 2786 :
1060 2749 1178 2788 una
1181 2738 1199 2799 j
1210 2741 1489 2798 ustorum,
1501 2733 1677 2785 altera
1691 2748 1749 2785 re
1754 2748 1854 2798 pro
1862 2736 2065 2786 borum
2079 2754 2090 2784 :

494 2822 628 2869 una’
644 2814 866 2876 salutis,
891 2810 1070 2861 altera
1103 2806 1514 2859 damnationis:
1549 2819 1663 2856 una
1697 2818 1870 2869 quam
1896 2811 2096 2857 tenent.

494 2887 762 2948 humiles,
780 2887 836 2935 et
850 2896 885 2934 a
900 2884 1016 2933 Deo
1040 2880 1367 2932 exaltantur
1385 2877 1586 2938 ;altera
1601 2890 1775 2941 quam
1792 2883 1987 2929 tenent
2006 2892 2095 2929 su-

494 2960 667 3024 perbi,
694 2962 752 3009 et
771 2969 807 3007 a
839 2956 957 3005 Deo
981 2951 1377 3024 humiliantur.
1410 2950 1570 3024 Unde
1604 2953 1662 3000 et
1685 2950 1953 3024 subditur
1984 2967 1994 2998 :

554 3020 937 3090 28,0u0niam
962 3029 1017 3073 tu
1030 3022 1295 3088 populum
1326 3021 1589 3070 humilem
1615 3021 1826 3069 salvum
1841 3020 2022 3082 facies,
2048 3026 2094 3070 et

486 3103 662 3153 oculos
681 3098 1034 3163 superborum
1069 3092 1405 3143 humiliabis.
1433 3094 1608 3144 Serva
1629 3105 1766 3156 ergo
1788 3092 2083 3143 humilita-

488 3178 622 3238 tem,
646 3180 992 3235 recognosce
1022 3166 1477 3238 teipulveremet
1511 3166 1778 3223 cinerem,
1813 3165 2083 3216 conﬁtere

486 3235 721 3310 peccata
732 3246 849 3304 tua,
874 3245 999 3291 esto
1023 3237 1157 3287 vilis
1180 3238 1241 3310 in
1263 3235 1443 3310 oculis
1471 3238 1604 3310 tuis,
1630 3240 1694 3285 ut
1715 3247 1849 3286 cum
1873 3237 2082 3310 populo

484 3307 692 3367 humili
719 3311 935 3364 salvari
957 3307 1254 3360 merearis.
1303 3308 1454 3359 Cave
1474 3307 1772 3357 oculorum
1817 3308 2095 3358 extollen-

486 3387 647 3447 tiam,
673 3396 747 3435 ne
773 3381 1025 3434 videaris
1042 3380 1144 3430 tibi
1165 3378 1470 3442 gloriosus,
1488 3377 1588 3427 tibi
1605 3378 1853 3441 sapiens,
1872 3379 1972 3429 tibi
1988 3396 2096 3429 ma-

484 3469 657 3521 gnus,
682 3468 756 3506 ne
782 3455 882 3504 ubi
898 3458 954 3503 te
965 3451 1149 3502 altum
1170 3449 1409 3521 videris,
1429 3448 1508 3521 ibi
1526 3452 1579 3498 te
1595 3448 1842 3521 dejiciat,
1860 3450 1957 3513 qui
1970 3466 2093 3500 oeu-

484 3519 573 3579 lOs
598 3526 975 3590 superborum
1016 3519 1300 3590 humiliat.
1333 3519 1497 3570 Unde
1532 3519 1807 3590 scriptum
1830 3525 1934 3580 est,
1966 3524 2088 3587 Vae,

485 3599 584 3661 qui
599 3589 889 3660 sapientes
910 3596 1048 3644 estis
1072 3592 1133 3642 in
1158 3589 1337 3661 oculis
1370 3589 1601 3651 vestris,
1628 3595 1686 3641 et
1707 3603 1901 3641 coram
1922 3596 2091 3642 vobis-

484 3660 744 3731 metipsis
770 3665 1086 3730 prudentes
1128 3662 1277 3725 (lsai.
1302 3660 1395 3724 5.).
1430 3661 1513 3711 Sit
1535 3674 1670 3724 ergo
1704 3662 1905 3712 oculus
1938 3663 1997 3713 in
2034 3668 2087 3716 te

485 3740 750 3804 simplex,
780 3741 843 3789 ut
867 3740 1049 3787 totum
1080 3745 1286 3796 corpus
1308 3736 1474 3783 tuum
1499 3732 1574 3783 sit
1594 3733 1849 3785 lucidum
1877 3736 2085 3798 (Matth.

484 3812 554 3875 6.)
585 3829 596 3859 :
633 3815 692 3862 et
723 3810 814 3861 dic
838 3807 991 3871 quod
1025 3806 1286 3869 sequitur
1305 3820 1321 3853 :

544 3881 632 3936 29.
653 3880 924 3940 Quoniam
945 3884 1001 3927 tu
1016 3877 1301 3926 illuminas
1317 3876 1593 3925 lucernam
1609 3890 1801 3937 meam,
1821 3878 2079 3928 Domine:

479 3954 636 4014 Deus,
662 3954 804 4002 Deus
826 3965 992 4009 meus,
1024 3948 1286 3997 iltumina
1318 3946 1557 3996 tenebras
1596 3962 1761 3999 meas.
1787 3950 1930 4010 Quia
1954 3950 2081 4001 illu-

480 4024 714 4077 minasti
742 4036 836 4074 me
868 4023 927 4072 in
959 4021 1069 4084 his,
1108 4032 1239 4083 quae
1271 4020 1407 4081 scio,
1433 4019 1694 4070 illumina
1726 4021 1786 4071 in
1808 4021 1916 4084 his,
1945 4033 2079 4083 quas

479 4098 693 4148 nescio.
726 4094 847 4157 Vel,
881 4092 1015 4156 quia
1036 4090 1376 4142 illuminasti
1415 4090 1709 4142 lucernam
1737 4104 1943 4153 meam,
1973 4093 2078 4143 do-

477 4168 667 4219 nando
693 4163 1154 4227 ﬁdem,illumina
1171 4163 1435 4213 tenebras
1453 4175 1685 4225 operum
1703 4175 1960 4214 meorum
1981 4179 1993 4214 :
2014 4169 2077 4215 ut

477 4238 634 4302 quod
670 4240 833 4287 teneo
866 4233 1167 4292 credendo,
1195 4245 1403 4295 sequar
1440 4233 1744 4296 operando.
1772 4235 1913 4293 Quae
1938 4241 2075 4286 sunt

478 4310 734 4361 tenebrae
745 4310 981 4369 nostras,
1008 4304 1120 4354 nisi
1147 4304 1480 4366 iniquitates
1503 4308 1558 4354 et
1581 4304 1982 4367 negligentiae?
2007 4309 2073 4357 In

478 4385 696 4432 tantam
713 4379 1028 4431 caecitatem
1045 4374 1401 4438 devenimus,
1416 4379 1478 4425 ut
1498 4376 1886 4440 nosmetipsos
1909 4379 2074 4441 igno-

476 4465 690 4512 remus,
716 4463 821 4501 nec
844 4450 954 4500 cito
979 4446 1464 4511 deprehendimus
1480 4447 1648 4509 mala,
1673 4461 1804 4511 quae
1822 4451 2068 4512 agimus.

476 4524 639 4575 Unde
666 4523 835 4573 nobis
860 4520 1173 4585 petendum
1190 4523 1280 4570 est
1295 4519 1602 4583 aDomino,
1622 4524 1684 4570 ut
1706 4526 1932 4571 nostras
1946 4530 2072 4570 tene-

478 4594 919 4654 brasilluminet,
944 4596 1010 4642 ut
1031 4591 1237 4642 delicta
1259 4595 1314 4642 et
1336 4591 1547 4642 scelera
1562 4596 1759 4643 nostra
1782 4593 1953 4643 faciat
1979 4609 2072 4642 nos

481 4665 713 4718 videre:
751 4632 1037 4727 quatenus
1063 4664 1242 4713 vitam
1278 4667 1538 4714 nostram
1560 4663 1768 4724 ﬂendo,
1795 4668 1852 4714 et
1885 4670 2071 4727 pmni-
2099 4632 2157 4706 D

478 4735 652 4788 tendo
685 4734 976 4797 possimus
999 4732 1325 4784 emendare.

540 4806 625 4860 30.
661 4805 933 4863 Quoniam
973 4805 1035 4852 in
1073 4808 1117 4851 te
1144 4802 1353 4866 eripiar
1386 4819 1423 4853 α
1459 4805 1764 4865 tentatione,
1812 4806 1941 4854 etin
1967 4808 2073 4856 Deo

475 4893 592 4928 meo
618 4875 992 4940 transgrediar
1012 4889 1255 4923 mm'um.
1286 4876 1351 4925 In
1374 4879 1448 4938 te,
1474 4875 1680 4937 inquit,
1709 4877 1931 4941 eripiar,
1957 4891 2073 4931 non

476 4952 535 5002 in
557 4963 681 5001 me:
707 4948 769 4999 in
790 4959 884 4997 me
908 4947 1061 4998 enim
1106 4945 1371 4997 inﬁrmus
1397 4959 1527 4996 sum
1570 4948 1736 5009 [1)εαὶ.
1772 4947 1861 5011 6.),
1892 4951 1991 5001 sed
2017 4951 2078 5002 in

475 5026 530 5074 te
562 5022 741 5074 fortis.
766 5020 852 5071 Tu
882 5032 945 5070 es
980 5017 1161 5079 solus,
1188 5017 1286 5080 qui
1323 5017 1493 5080 eripis
1516 5030 1550 5067 a
1576 5019 1887 5071 tentatione
1912 5022 2073 5083 (Phi-

476 5094 572 5158 lip.
590 5094 680 5158 4.),
695 5093 789 5156 qui
802 5091 1115 5155 principem
1130 5090 1308 5152 hujus
1319 5088 1519 5139 mundi
1533 5089 1684 5139 foras
1696 5091 1877 5141 mittis
1891 5093 2072 5154 (Joan.

475 5165 602 5229 12.),
628 5164 728 5228 qui
748 5176 868 5214 non
888 5162 1168 5226 permittis
1194 5160 1396 5211 tentari
1415 5172 1612 5212 servos
1630 5165 1760 5212 tuos
1774 5175 1947 5227 super
1959 5180 2072 5225 qum

473 5238 614 5289 ferre
638 5239 910 5301 possunt:
927 5234 1029 5284 sed
1043 5233 1185 5284 facis
1210 5233 1380 5284 etiam
1400 5245 1471 5283 ex
1488 5234 1802 5285 tentatione
1829 5248 2074 5298 proven-

475 5315 601 5361 tum
625 5309 690 5372 (1.
715 5308 834 5357 Cor.
862 5304 983 5368 10.).
1007 5307 1073 5355 In
1098 5310 1151 5357 te
1170 5304 1553 5368 transgrediar
1569 5318 1821 5370 murum,
1852 5308 1939 5359 vel
1963 5308 2073 5359 du-

472 5382 661 5433 ritiam
677 5378 885 5436 cordis,
900 5376 991 5429 vel
1008 5377 1370 5428 obstaculum
1382 5382 1768 5441 peccatorum,
1788 5391 1958 5441 quem
1970 5382 2072 5426 dia-

472 5452 658 5516 bolus,
683 5464 757 5503 ne
779 5450 853 5503 ad
878 5453 930 5500 te
962 5449 1158 5501 venire
1183 5462 1428 5514 possem,
1462 5450 1601 5501 mihi
1627 5451 1910 5512 opposuit.
1939 5452 2068 5502 Mu-

472 5536 600 5576 rum
623 5524 684 5575 in
712 5524 828 5574 Deo
855 5526 1054 5573 nostro
1080 5521 1553 5585 transgredimur,
1581 5520 1847 5583 quotiens
1873 5534 1972 5584 per
1994 5523 2073 5586 ip-

474 5595 595 5647 sius
624 5594 867 5658 gratiam
887 5594 1056 5645 nobis
1077 5594 1416 5657 inspiratam
1447 5592 1716 5644 vitiorum
1741 5592 2067 5655 congeriem

476 5677 836 5729 superamus.

540 5734 627 5788 31.
644 5737 750 5787 Hic
764 5734 1156 5798 incipitDeum
1171 5747 1344 5787 suum
1372 5732 1623 5786 Ecclesia
1644 5735 2062 5801 commendare,

475 5804 693 5867 dicens,
722 5806 861 5855 Deus
891 5821 1057 5870 meus,
1083 5806 1371 5871 impolluta
1402 5807 1492 5856 via
1518 5805 1663 5871 ejus:
1700 5806 1938 5873 Eloquia
1959 5810 2064 5862 Do-

469 5876 614 5926 mini
647 5875 772 5939 igne
797 5877 1115 5928 emaminata
1142 5893 1162 5939 ;
1185 5882 1444 5942 protector
1464 5883 1537 5928 est
1564 5879 1816 5930 omnium
1843 5896 2061 5946 speran-

2189 531 2407 583 czeteri:
2435 543 2687 594 namque
2730 528 2825 581 via
2854 527 2982 591 ejus
3025 526 3343 593 impolluta,
3374 530 3559 580 verba
3589 530 3723 590 ejus
3742 531 3796 579 in

2189 603 2555 654 tribulatione
2584 602 2839 666 probata,
2876 611 3009 662 spes
3035 598 3187 649 illius
3223 604 3378 650 certa
3401 605 3458 650 et
3484 602 3680 662 ﬁrma,
3711 602 3797 663 qui

2190 674 2437 738 protegit
2466 678 2760 737 sperantes
2789 672 2849 721 in
2882 683 2962 732 se,
2988 682 3059 719 ne
3082 669 3350 721 deﬁciant
3373 672 3432 721 in
3480 671 3798 722 tentatione

2193 744 2370 807 (Hebr.
2415 744 2503 806 7.).
2550 739 2696 804 Quid
2738 747 2857 793 tam
2896 740 3280 804 impollutum,
3319 746 3437 792 tam
3485 743 3793 804 mundum,

2192 828 2367 878 quam
2382 815 2483 866 Dei
2494 816 2758 876 virtus,et
2770 813 2872 863 Dei
2888 812 3166 875 sapientia
3177 812 3434 864 Christus
3447 813 3517 875 (1.
3538 814 3663 864 Cor.
3688 814 3749 869 1.)
3772 819 3798 863 2’

2194 887 2293 949 qui
2329 886 2423 948 ait,
2472 888 2590 949 Ego
2624 897 2755 936 sum
2788 884 2881 934 via
2922 883 3103 945 (Joan.
3139 882 3274 945 14.).
3312 884 3643 936 Teneamus
3668 898 3797 948 ergo

2192 958 2342 1009 hanc
2368 957 2540 1017 viam,
2566 960 2625 1007 et
2648 954 3085 1006 mundabimur:
3114 954 3506 1006 custodiamus
3540 958 3673 1019 ejus
3696 958 3801 1007 elo-

2195 1029 2348 1092 quia,
2375 1032 2434 1079 et
2455 1040 2574 1078 non
2598 1026 2917 1078 errabimus
2949 1041 2959 1073 :
2987 1025 3235 1087 ﬁgamus
3258 1025 3321 1075 in
3341 1028 3467 1089 ipso
3496 1040 3667 1091 spem
3696 1041 3799 1079 no-

2196 1106 2393 1162 stram,
2422 1102 2477 1150 et
2504 1098 2689 1149 securi
2708 1098 2818 1148 sub
2834 1097 2960 1159 ejus
2978 1097 3327 1159 protectione
3343 1097 3797 1150 ambulabimus.

2194 1173 2264 1222 Et
2294 1171 2498 1221 merito
2523 1168 2872 1233 sperandum
2894 1172 2985 1218 est
3012 1166 3071 1217 in
3105 1166 3228 1217 illo:

2259 1242 2344 1295 32.
2366 1242 2637 1300 Quoniam
2667 1240 2790 1304 quis
2826 1240 2965 1287 Deus
2986 1245 3179 1301 prater
3199 1239 3655 1292 Dominum?aut
3678 1242 3801 1305 quis

2194 1314 2336 1363 Deus
2358 1319 2552 1377 praeter
2585 1313 2761 1360 Deum
2793 1313 3075 1360 nostrum?
3096 1310 3271 1371 Deus,
3306 1311 3403 1374 qui
3426 1324 3534 1363 nos
3558 1314 3803 1375 creavit,

2194 1386 2367 1445 Deus,
2388 1384 2487 1447 qui
2508 1396 2617 1434 nos
2650 1382 2813 1446 regit,
2840 1383 2995 1432 Deus
3007 1392 3185 1444 quem
3207 1394 3487 1443 amamus,
3512 1384 3803 1435 Dominus

2196 1468 2367 1519 quem
2400 1456 2689 1505 timemus.
2725 1453 2781 1504 Si
2815 1452 3209 1503 inveniremus
3247 1453 3437 1515 talem,
3471 1458 3575 1506 aut
3596 1456 3807 1507 melio-

2192 1527 2608 1589 rem,iortassis
2634 1526 2695 1575 in
2718 1524 2814 1575 illo
2840 1527 2997 1574 esset
3022 1523 3631 1591 sperandum.8OSed
3664 1528 3807 1589 quia

2194 1598 2419 1649 cunctis
2444 1597 2643 1648 melior
2663 1600 2773 1658 est,
2804 1600 2861 1646 et
2887 1594 3188 1646 sublimior
3211 1596 3375 1657 (sicut
3397 1596 3518 1660 ipse
3542 1597 3641 1657 ait,
3678 1600 3801 1661 Ego

2192 1670 2491 1731 Dominus,
2524 1673 2581 1720 et
2605 1679 2721 1718 non
2746 1671 2836 1717 est
2858 1666 3027 1729 alius,
3075 1671 3239 1718 extra
3262 1680 3353 1717 me
3380 1680 3496 1719 non
3518 1673 3613 1719 est
3633 1670 3803 1720 Deus

2204 1742 2351 1804 [Isai.
2368 1740 2437 1793 43
2461 1746 2505 1789 et
2531 1739 2658 1803 45.])
2684 1742 2883 1801 restat,
2907 1738 2968 1788 in
2991 1738 3117 1802 ipso
3149 1750 3281 1801 spes
3302 1743 3500 1791 nostra
3523 1740 3646 1790 lixa
3672 1754 3806 1804 per-

2122 1838 2176 1912 B
2197 1817 2447 1863 maneat.

2262 1883 2325 1912 QQ
2375 1885 2447 1912 ΠΜ

2261 1883 2345 1937 33.
2375 1883 2476 1941 Qui
2498 1882 2783 1946 praecinxit
2808 1895 2891 1928 me
2934 1880 3144 1930 virtute.
3181 1879 3402 1931 Scilicet
3450 1880 3580 1943 ﬁde,
3608 1894 3717 1945 spe
3743 1888 3803 1933 et

2194 1955 2443 2006 caritate.
2469 1955 2535 2002 Et
2559 1954 2737 2017 posuit
2761 1951 3168 2000 immaculatum
3186 1952 3332 1999 viam
3354 1966 3544 2001 meam.
3576 1953 3802 2005 Videli-

2195 2031 2304 2091 cet,
2330 2031 2395 2077 ut
2416 2026 2751 2076 innocenter
2780 2023 2992 2075 vivam.
3021 2024 3089 2072 Et
3121 2022 3455 2084 notandum,
3495 2024 3652 2086 quod
3676 2037 3803 2076 non

2194 2100 2290 2160 ait,
2318 2098 2507 2148 Cinxit
2530 2110 2641 2159 me,
2670 2095 2768 2146 sed
2794 2094 3105 2144 Praecinacit.
3128 2094 3401 2157 Magnum
3423 2095 3653 2158 quidem
3678 2109 3805 2147 om-

2194 2170 2506 2233 nipotentis
2535 2169 2627 2218 Dei
2656 2167 2874 2217 donum
2889 2166 2995 2226 est,
3011 2177 3143 2214 cum
3156 2171 3289 2215 ante
3305 2167 3549 2228 quisque
3569 2170 3804 2227 praecin-

2194 2242 2365 2306 gitur,
2397 2252 2571 2303 quam
2596 2238 2667 2289 ad
2690 2237 2829 2289 vitia
2844 2235 3147 2286 relaxetur.
3177 2237 3290 2286 Nec
3313 2237 3520 2287 mirum
3547 2239 3595 2287 si
3618 2254 3799 2287 eorum

2194 2313 2348 2365 viam
2371 2310 2801 2361 immaculatum
2827 2306 3036 2370 posuit,
3065 2318 3213 2368 quos
3242 2308 3427 2357 taliter
3456 2307 3802 2369 praecinxit:

2195 2384 2330 2447 quia
2354 2382 2451 2433 ubi
2470 2379 2735 2445 praecedit
2758 2376 3056 2441 cingulum
3082 2378 3379 2440 virtutum,
3403 2391 3523 2429 non
3545 2387 3803 2443 possunt

2194 2455 2468 2519 impedire
2518 2451 2763 2503 macula:
2809 2454 2867 2500 et
2888 2448 3106 2499 luxurie
3151 2448 3445 2500 vitiorum.
3496 2452 3643 2501 Hinc
3688 2457 3802 2515 est,

2193 2527 2347 2591 quod
2364 2524 2641 2576 Dominus
2657 2534 2765 2572 nos
2773 2521 2941 2583 jubet
2953 2519 3182 2570 lumbos
3200 2525 3430 2571 nostros
3441 2522 3803 2586 praecingere

2194 2600 2341 2661 (Luc.
2369 2596 2494 2659 12.),
2521 2600 2584 2645 ut
2603 2598 2733 2644 ante
2759 2592 3005 2654 quisque
3033 2604 3093 2641 se
3116 2592 3458 2654 restringere
3482 2598 3685 2644 contra
3712 2595 3802 2647 vi-

2193 2670 2270 2721 tia
2295 2668 2518 2729 debeat,
2545 2676 2722 2728 quam
2744 2664 2976 2713 laxatus
3011 2665 3066 2712 et
3098 2662 3407 2725 impeditus
3431 2662 3619 2714 cadat.

2254 2740 2339 2793 34.
2375 2738 2480 2796 Qui
2510 2736 2729 2800 perfecit
2751 2734 2903 2798 pedes
2926 2747 3064 2781 meos
3095 2737 3361 2796 tanquam
3390 2748 3693 2786 cervorum.
3734 2735 3801 2785 Id

2190 2816 2279 2863 est
2303 2812 2411 2873 (Eae
2431 2810 2772 2870 Augustino),
2798 2805 3035 2854 allectus
3058 2804 3249 2865 animi,
3278 2804 3486 2866 quibus
3514 2810 3802 2868 tanquam

2189 2883 2434 2948 pedibus
2449 2884 2739 2931 sustentor
2754 2881 2810 2927 et
2832 2876 3084 2948 proﬁcio,
3108 2876 3180 2925 ad
3194 2877 3665 2948 itranscendenda
3679 2879 3803 2942 spi-

2189 2947 2333 3006 nosa
2365 2958 2423 3004 et
2447 2951 2717 3002 umbrosa
2743 2947 3167 3011 implicamenta
3190 2947 3367 3010 hujus
3402 2948 3598 2998 seculi.
3622 2948 3693 2997 Et
3714 2966 3803 2997 su-

2186 3042 2283 3090 per
2298 3023 2501 3073 excelsa
2523 3025 2761 3069 statuens
2783 3032 2882 3090 me.
2909 3017 2972 3090 1d
2988 3021 3084 3090 est
3104 3017 3437 3090 caelestibus
3463 3018 3681 3082 regnis,
3706 3022 3799 3067 ubi

2185 3087 2527 3151 Sanctorum
2543 3096 2631 3141 est
2648 3088 2942 3139 habitatio.
2963 3087 3123 3137 Unde
3134 3088 3447 3152 Apostolus
3461 3090 3559 3149 ait,
3582 3091 3799 3142 Nostra

2183 3173 2373 3222 autem
2386 3160 2745 3215 conversatio
2778 3161 2839 3210 in
2866 3157 3027 3209 caelis
3049 3165 3136 3210 est
3171 3160 3397 3223 (Philip.
3424 3159 3514 3223 3.).
3541 3162 3635 3212 Sic
3658 3175 3800 3227 pro-

2108 3209 2157 3284 C
2181 3209 2756 3293 suauissimus
2779 3209 3023 3282 arrectus
3044 3209 3292 3295 nostros,
3318 3209 3643 3295 eratsi;
3658 3209 3799 3298 Ege.

2192 3324 2323 3363 rum
2346 3312 2683 3360 nostrorum
2718 3304 2778 3353 in
2797 3302 2903 3352 hac
2928 3307 3078 3353 terra
3109 3302 3429 3366 disponere,
3460 3308 3525 3354 ut
3552 3305 3797 3356 calcatis

2193 3380 2439 3447 spinosis
2456 3374 2770 3447 desideriis
2786 3373 2963 3436 hujus
2997 3372 3213 3447 saaculi,
3246 3378 3500 3425 mentem
3523 3381 3798 3427 nostram

2189 3445 2250 3505 in
2278 3450 2610 3504 cmlestibus
2642 3445 2980 3497 studeamus
3020 3445 3288 3496 stabilire.

2252 3522 2339 3577 35.
2363 3520 2491 3579 Quis
2507 3519 2650 3567 docet
2669 3532 2865 3565 manus
2895 3530 3037 3564 meas
3060 3516 3132 3563 ad
3146 3517 3414 3578 praelium.
3441 3519 3532 3574 Qui
3553 3518 3663 3581 (Ea:
3677 3519 3799 3568 Au-

2186 3593 2418 3658 gustino)
2456 3591 2625 3641 docet
2649 3600 2741 3639 me
2774 3588 2993 3651 operari
3027 3587 3099 3638 ad
3126 3588 3479 3651 superandos
3502 3589 3795 3647 inimicos,

2187 3666 2287 3729 qui
2309 3663 2477 3715 nobis
2500 3659 2881 3712 intercludere
2905 3659 3165 3709 caelestia
3188 3672 3364 3723 regna
3395 3665 3701 3712 conantur.
3729 3664 3797 3710 Et

2179 3736 2424 3801 posuisti,
2450 3740 2507 3782 ut
2531 3746 2722 3781 arcum
2753 3744 2948 3779 aereum
2974 3730 3202 3779 brachia
3234 3746 3371 3782 mea.
3396 3731 3457 3782 Id
3483 3737 3573 3783 est
3593 3733 3797 3783 infati-

2181 3809 2430 3872 gabilem
2452 3803 2830 3857 intentionem
2864 3802 3146 3852 bonorum
3181 3815 3435 3867 operum.
3472 3806 3615 3855 Usus
3658 3817 3798 3869 pro—

2178 3881 2481 3943 phetarum
2504 3881 2609 3938 est,
2629 3876 2742 3925 cito
2760 3878 2982 3925 mutare
3000 3886 3329 3937 personam.
3364 3875 3529 3927 Modo
3542 3875 3612 3927 ad
3631 3880 3791 3925 Deum

2177 3951 2431 4013 loquitur
2473 3948 2768 4013 propheta,
2805 3946 2929 3997 sive
2966 3945 3234 4006 Ecclesia,
3277 3946 3448 3998 modo
3480 3947 3551 3998 ad
3591 3949 3791 4010 proxi-

2174 4035 2353 4074 mum.
2371 4020 2459 4072 Ad
2485 4024 2684 4081 Deum,
2701 4017 3014 4070 videliceta
3042 4030 3155 4081 quo
3174 4018 3415 4082 accepit,
3434 4019 3584 4081 quod
3602 4018 3795 4082 loqui-

2178 4098 2288 4144 tur.
2314 4089 2867 4157 Adproximum,cui
2889 4089 3213 4152 expendat,
3239 4089 3395 4151 quod
3418 4091 3654 4153 accepit.
3679 4095 3786 4139 Non

2175 4166 2384 4216 sufﬁcit
2405 4165 2571 4216 nobis
2596 4163 2806 4213 habere
2836 4174 3077 4225 gressus
3123 4164 3320 4211 rectos
3346 4160 3416 4211 ad
3447 4162 3789 4213 sectandam

2168 4237 2443 4299 ustitiam,
2469 4236 2581 4285 nisi
2596 4236 2915 4283 habeamus
2938 4232 3121 4282 docta
3137 4246 3163 4283 s
3186 4245 3395 4283 manus
3418 4233 3490 4283 ad
3507 4246 3788 4297 pugnam.

2167 4310 2394 4379 jNeque
2420 4308 2572 4357 enim
2596 4305 2822 4356 retineri
2845 4305 3269 4379 potestjustitia
3280 4304 3405 4356 sine
3416 4306 3792 4379 pugna.Sunt

2168 4375 2365 4430 autem
2386 4378 2569 4429 multa
2589 4388 2800 4440 genera
2811 4375 3140 4439 praeliorum
3162 4390 3175 4426 :
3200 4387 3337 4426 nam
3363 4381 3451 4427 est
3473 4378 3639 4427 nobis
3670 4379 3791 4429 col-

2168 4449 2403 4502 luctatio
2413 4450 2691 4501 adversus
2703 4447 2989 4511 principes
3004 4486 3017 4510 ,
3042 4453 3101 4498 et
3118 4450 3434 4511 potestates
3448 4453 3699 4500 rectores
3718 4460 3789 4500 te-

2169 4521 2631 4583 nebrarum(Eph
2671 4520 2880 4581 6.).Est
2904 4519 3073 4570 nobis
3110 4520 3786 4581 pugnaadversussaecu-

2176 4592 2295 4643 lum
2315 4609 2326 4644 :
2350 4594 2507 4645 estin
2529 4592 2847 4655 nobisipSIS
2872 4591 3161 4641 discordia
3175 4590 3324 4641 inter
3340 4602 3572 4642 carnem
3589 4595 3787 4657 etspi-

2176 4666 2352 4716 ritum
2367 4665 2557 4728 (Gatat.
2585 4663 2672 4725 5.).
2697 4666 2905 4713 Contra
2932 4663 3061 4713 haec
3082 4675 3191 4712 nos
3219 4667 3445 4726 oportet
3464 4662 3790 4715 doctosesse

2172 4736 2244 4786 ad
2264 4738 2538 4800 praelium.
2567 4741 2891 4800 etpugnare
2913 4734 3088 4785 armis
3110 4735 3354 4798 justitiaa
3374 4746 3409 4786 a
3431 4734 3644 4786 dextris
3668 4743 3732 4788 et
3754 4750 3788 4788 a

2174 4809 2423 4859 sinistris
2458 4808 2524 4871 (2.
2574 4808 2687 4857 Cor.
2720 4807 2819 4870 6.):
2856 4809 2913 4856 et
2939 4806 3147 4856 habere
3171 4806 3380 4857 fortem
3414 4812 3471 4857 et
3492 4807 3787 4858 inﬂexibi-

2172 4878 2284 4930 lem
2304 4879 2699 4942 intentionem,
2727 4883 3003 4940 tanquam
3020 4890 3219 4928 arcum
3238 4890 3472 4943 aereum,
3489 4878 3562 4929 ad
3586 4879 3789 4930 ferien-

2173 4951 2311 5002 dum
2324 4957 2381 5003 et
2396 4951 2717 5015 fugandum
2732 4950 3048 5002 inimicum.
3064 4952 3130 5000 Et
3143 4954 3294 5000 recte
3306 4950 3659 5001 intentiones
3672 4954 3787 5000 bra-

2173 5023 2748 5085 chiiscomparantur,
2777 5024 2912 5085 quia
2947 5024 3097 5072 sicut
3132 5023 3191 5073 in
3214 5022 3463 5072 brachiis
3489 5022 3782 5083 fortitudo,

2171 5099 2229 5144 et
2252 5107 2460 5145 manus
2486 5094 2784 5145 adhaarent
2816 5093 3097 5144 brachiis:
3144 5098 3224 5144 ita
3261 5093 3422 5144 fortis
3455 5093 3627 5145 debet
3651 5106 3784 5144 esse

2170 5172 2369 5215 nostra
2395 5166 2659 5229 intentio,
2687 5171 2745 5216 et
2768 5166 2839 5215 ab
2865 5166 2989 5228 ipsa
3002 5165 3309 5229 procedere
3325 5166 3564 5216 robusta
3582 5177 3784 5229 opera—

2172 5236 2272 5287 tio.
2301 5236 2409 5287 Sed
2435 5237 2569 5300 quia
2609 5250 2717 5288 nos
2744 5237 2992 5301 fragiles,
3029 5242 3085 5287 et
3132 5236 3348 5287 inimici
3386 5236 3571 5287 nostri
3613 5237 3781 5287 nobis

2170 5309 2308 5356 sunt
2330 5308 2705 5359 robustiores:
2750 5320 2896 5372 opus
2918 5312 3026 5371 est,
3052 5312 3118 5358 ut
3154 5308 3257 5357 ilat
3278 5308 3472 5370 nobis,
3502 5306 3660 5370 quod
3690 5319 3782 5356 se-

2172 5378 2370 5441 quitur
2390 5394 2401 5427 :

2231 5448 2317 5502 36.
2354 5449 2419 5498 Et
2469 5450 2686 5499 dedistis
2730 5450 2872 5499 mihi
2918 5450 3299 5515 protectionem
3348 5448 3545 5499 salutis
3589 5454 3777 5509 luget

2168 5520 2386 5569 demtera
2408 5527 2504 5570 tua
2524 5523 2751 5587 suscepit
2773 5538 2873 5573 me.
2892 5525 2997 5574 Dat
3019 5523 3219 5575 electis
3246 5524 3366 5574 suis
3392 5524 3672 5574 Dominus
3688 5537 3777 5574 sa-

2164 5592 2346 5645 lutem
2374 5606 2560 5658 suam,
2583 5606 2699 5658 qua
2722 5608 2821 5646 eos
2838 5600 3119 5660 protegat,
3152 5600 3427 5659 tanquam
3447 5594 3656 5647 nudos.
3672 5597 3778 5646 Dat

2166 5666 2656 5731 dexteramsuam,
2674 5667 2732 5719 id
2750 5668 3106 5721 estfavorem
3124 5670 3329 5733 gratiae
3351 5681 3494 5732 suae,
3515 5680 3629 5733 qua
3647 5680 3776 5718 sus-

2163 5738 2336 5802 cipiat
2369 5752 2489 5804 eos,
2530 5744 2810 5803 tanquam
2832 5740 3093 5793 medicus
3124 5753 3216 5805 reg
3229 5745 3405 5793 rotos.
3430 5740 3486 5791 Si
3512 5739 3772 5793 timueris

2162 5814 2343 5863 mstus
2358 5810 2651 5877 vitiorum,
2669 5811 2848 5864 ettela
2859 5811 3223 5865 inimicorum
3236 5812 3619 5866 invisibilium
3638 5850 3653 5878 ,
3665 5816 3770 5862 sive

2160 5882 2539 5938 adversitates
2558 5886 3032 5951 persequentium
3040 5885 3343 5941 hominum
3355 5902 3368 5940 :
3381 5886 3612 5954 postula
3656 5897 3776 5952 pro-
