3890 6410
137 373 263 429 709

1156 377 1229 428 ΙΝ
1264 376 1588 429 PSALMOS
1627 378 1835 431 LXXV
1868 380 2452 435 COMMENTARIUS.

3345 391 3451 447 710

136 484 945 570 tectitonemdivinasalntis.
970 487 1027 570 Si
1043 490 1365 570 senseris‘te
1389 494 1747 570 peccatorem
1769 497 1826 570 Α
1852 498 2061 570 vestra,
2087 506 2220 570 qua
2238 499 2381 570 sunt
2402 507 2576 570 super
2599 502 2823 559 terram,
2857 497 3314 564 fornicationem,
3336 502 3449 555 im-

131 561 197 609 et
216 557 533 617 infirmum,
552 557 752 607 multis
769 558 923 609 vitiis
946 564 1003 610 et
1016 560 1380 624 negligentiis
1392 568 1743 626 corruptum:

129 628 381 693 postula
407 627 509 678 Dei
546 628 1013 692 misericordiam,
1049 634 1107 682 et
1133 632 1533 685 sublevantem
1560 634 1752 686 dexte-

129 712 295 763 ram,
330 702 395 751 ut
436 700 510 749 ab
550 711 617 750 eo
663 701 992 764 suscipiaris
1041 708 1099 753 et
1142 705 1383 755 saneris.
1431 708 1559 769 Ipse
1597 708 1750 757 enim

137 770 243 837 8|
300 773 388 822 est
439 782 576 822 vera
631 770 807 833 salus,
853 773 953 836 qui
998 776 1246 838 protegit
1288 788 1426 826 suos
1470 778 1544 827 ab
1585 783 1750 829 exte-

131 844 295 895 riore
321 842 734 906 persecutione.
760 845 889 906 Ipse
904 848 994 895 est
1011 846 1327 897 sublevans
1341 848 1748 909 misericordia,

133 914 252 976 qui
277 913 537 987 supiscit,
563 917 619 964 et
643 919 807 987 sanat
831 927 865 965 a
889 916 1113 979 propria
1133 917 1469 970 inﬁrmitate
1500 922 1751 987 corporis

132 990 199 1036 et
229 986 462 1035 anima.
496 986 563 1035 Et
595 986 727 1046 quia
767 987 1018 1049 eosdem,
1046 1000 1192 1050 quos
1216 989 1461 1052 protegit
1485 992 1542 1038 et
1570 986 1750 1044 curat,

133 1056 461 1119 aliquando
497 1055 713 1108 utiliter
743 1057 1009 1120 ﬂagellat,
1035 1065 1186 1112 recte
1213 1060 1339 1123 subj
1350 1064 1593 1111 unctum
1618 1061 1706 1108 est
1738 1070 1753 1104 :

133 1129 213 1178 Et
250 1126 546 1191 disciplina
574 1131 671 1175 tua
699 1130 927 1177 correxit
956 1144 1039 1178 me
1071 1131 1131 1179 in
1163 1133 1348 1194 finem,
1382 1137 1427 1180 et
1462 1129 1754 1193 disciplina

136 1205 245 1247 tua
276 1199 393 1263 ipsa
416 1213 498 1247 me
522 1197 735 1248 docebit.
760 1201 825 1249 In
851 1199 962 1251 hoc
984 1207 1235 1265 apparet,
1263 1202 1416 1266 quod
1438 1214 1546 1253 nos
1571 1199 1754 1262 diligit

140 1270 409 1323 caelestis
434 1272 617 1330 Peter,
649 1270 784 1333 quia
815 1273 983 1323 nobis
1010 1274 1145 1325 dare
1176 1274 1447 1338 dignatus
1472 1278 1563 1325 est
1585 1271 1757 1323 disci-

136 1343 387 1406 plinam.
425 1342 572 1391 Hinc
598 1342 887 1405 Scriptura
920 1355 1083 1394 sacra
1104 1357 1213 1395 nos
1238 1344 1509 1395 admonet
1536 1343 1750 1401 dicens,

136 1414 275 1474 Fili,
300 1413 416 1464 noli
439 1412 724 1477 negligere
748 1413 1109 1477 disciplinam
1134 1416 1311 1479 patris
1338 1416 1436 1477 tui,
1458 1420 1515 1466 et
1530 1427 1605 1466 ne
1626 1412 1755 1464 fati-

137 1486 303 1550 geris
325 1496 460 1536 cum
482 1486 554 1535 ab
578 1496 645 1535 eo
667 1486 940 1547 argueris.
970 1488 1153 1547 Quem
1183 1487 1336 1538 enim
1362 1486 1546 1550 diligit
1569 1483 1755 1536 Domi-

136 1569 267 1607 nus
293 1555 525 1619 corripit
550 1572 562 1605 :
590 1555 839 1618 ﬂagellat
867 1569 1079 1607 omnen
1102 1557 1304 1615 illium,
1351 1569 1522 1620 quem
1555 1554 1757 1617 recipit

140 1628 332 1691 (Prov.
382 1626 432 1680 1.
482 1631 526 1675 et
560 1625 649 1687 3.).
691 1627 830 1677 Hac
863 1633 1058 1678 autem
1090 1628 1318 1679 Domini
1343 1627 1644 1691 disciplina
1682 1624 1756 1676 ad

147 1700 274 1751 duo
299 1703 391 1750 est
411 1697 593 1749 utilis:
617 1698 845 1761 corrigit
868 1711 1077 1762 mores,
1096 1701 1262 1751 docet
1285 1700 1756 1751 scientiam.Bene

139 1770 581 1833 morigeratnm,
622 1769 767 1819 bene
801 1769 1033 1820 doctum
1059 1770 1242 1821 reddit
1263 1771 1556 1821 hominem
1580 1768 1751 1819 disci-

140 1823 454 1906 pﬁnaUDei.
478 1823 575 1891 Sic
588 1845 785 1891 autem
802 1842 1034 1905 corrigit
1053 1842 1306 1904 etdocet,
1325 1846 1388 1892 ut
1411 1842 1601 1892 mittat
1617 1851 1751 1891 eum
1775 1823 1830 1897 B

140 1914 205 1964 in
232 1913 431 1977 ﬁnem,
458 1911 517 1962 id
542 1916 649 1973 est,
676 1912 734 1962 in
754 1911 1065 1977 Christum,
1079 1913 1423 1976 quiestﬂnis
1448 1911 1677 1974 laboris,
1697 1915 1753 1962 et

137 1997 371 2037 merces
397 1984 604 2047 operis.
651 1985 773 2035 Hac
809 1984 1183 2048 proculdubio
1211 1984 1515 2048 disciplina
1543 1995 1755 2034 correc«

140 2063 243 2108 tus
270 2059 329 2107 et
348 2056 555 2107 doctus
578 2060 719 2117 erat,
745 2056 843 2118 qui
868 2055 1096 2107 dicebat
1124 2070 1137 2107 :
1161 2055 1482 2106 Cloriamur
1495 2054 1559 2105 in
1580 2054 1755 2105 tribu—

137 2127 483 2186 lationibus,
510 2127 778 2186 scientes,
805 2128 938 2190 quia
964 2127 1253 2179 tribulatio
1264 2128 1601 2191 patientiam
1618 2138 1755 2189 ope-

140 2204 331 2262 ratur,
374 2199 645 2263 patientia
675 2199 1082 2262 probationem,
1121 2199 1378 2262 probatio
1405 2210 1580 2261 spem,
1619 2209 1753 2261 spes

140 2276 351 2322 autem
385 2282 503 2321 non
538 2270 839 2322 confundit
864 2284 876 2320 :
904 2271 1039 2333 quia
1062 2272 1269 2321 caritas
1307 2270 1411 2321 Dei
1432 2270 1643 2320 ditiusa
1667 2271 1755 2320 est

140 2343 203 2394 in
229 2342 506 2393 cordibus
528 2342 742 2393 nostris
766 2355 865 2405 per
881 2343 1148 2405 spiritum
1165 2344 1447 2405 sanctum,
1466 2342 1565 2405 qui
1581 2341 1754 2392 datus

143 2416 236 2465 est
264 2414 435 2465 nobis
464 2413 633 2477 (Rom.
657 2412 745 2475 5.).
774 2414 934 2464 Unde
958 2418 1089 2477 apte
1113 2414 1485 2477 subjungitur
1509 2428 1520 2462 :

206 2485 303 2540 37.
361 2484 616 2534 Dilatain
659 2499 867 2548 gressus
906 2499 1049 2533 meos
1090 2485 1275 2533 subtus
1306 2498 1406 2535 me.
1431 2484 1757 2546 Ne'impe-

143 2557 317 2609 diant
357 2557 462 2620 (Eat:
492 2557 812 2620 Augustino)
850 2557 1111 2608 carnales
1147 2556 1455 2619 angustia,
1482 2554 1755 2619 quoniam

144 2628 331 2679 latam
364 2626 546 2677 fecisti
566 2628 864 2678 caritatem
888 2640 1094 2693 meam,
1126 2632 1459 2689 operantem
1482 2625 1753 2688 hilariter,

146 2705 207 2751 et
230 2700 308 2750 de
332 2698 491 2763 ipsis,
520 2711 650 2761 qua
664 2700 862 2750 subter
874 2712 964 2750 me
978 2703 1132 2762 sunt,
1149 2699 1487 2749 mortalibus
1508 2698 1681 2748 rebus
1699 2700 1757 2747 et

143 2771 452 2822 membris.
488 2770 534 2818 Ε
539 2775 555 2817 ι
580 2785 689 2818 non
714 2775 840 2818 sunt
873 2770 1157 2832 inﬁrmata
1179 2769 1399 2833 vestigia
1426 2768 1639 2820 mea.ld
1667 2770 1757 2819 est

147 2842 345 2906 signa,
359 2841 574 2905 quaim
583 2842 762 2905 pressi
777 2842 850 2892 ad
866 2841 1208 2893 imitandum
1224 2847 1295 2893 te.
1315 2842 1595 2893 Dilatatos
1607 2852 1759 2904 gres-

147 2928 256 2965 sus
284 2913 458 2965 habet
482 2914 688 2964 subtus
706 2927 783 2975 se,
799 2914 1061 2977 quisquls
1084 2913 1427 2976 gloriaturin
1439 2912 1758 2965 tribulatio-

146 2986 347 3037 nibus.
376 2986 431 3036 Si
454 2985 589 3036 foris
604 2989 693 3036 est
713 2986 979 3048 angustia
993 2985 1222 3050 doloris,
1239 2986 1396 3037 intus
1408 2991 1498 3037 est
1513 2982 1756 3036 latitudo

149 3057 430 3109 caritatis.
482 3058 546 3108 In
592 3070 885 3107 servorum
923 3057 1028 3108 Dei
1054 3058 1325 3108 cordibus
1360 3061 1520 3108 tanto
1550 3055 1757 3106 crescit

147 3141 321 3180 amor
341 3128 463 3189 Dei,
491 3132 706 3192 quanto
730 3128 867 3179 foris
883 3128 1182 3192 impugnat
1200 3129 1519 3181 adversitas
1538 3126 1756 3177 mundi.

151 3203 299 3265 Ejus
321 3205 517 3252 autem
547 3213 665 3251 non
689 3205 828 3251 sunt
848 3200 1137 3252 inﬁrmata
1151 3201 1411 3264 vestigia,
1437 3200 1536 3263 qui
1549 3198 1755 3250 confir-

1852 565 2214 630 munditiam,
2237 568 2544 629 luxuriam,
2572 573 2631 619 et
2661 575 2869 622 catera
2891 570 3105 632 (Cotoss.
3130 570 3219 634 3.).
3236 572 3451 624 Cadent

1848 638 2023 689 etiam
2040 639 2247 689 subtus
2263 640 2438 702 pedes
2464 642 2611 703 tuos,
2631 640 2680 691 si
2705 641 2846 693 vitia
2868 646 2925 691 et
2949 644 3451 706 concupiscentiae

1848 708 1909 758 in
1954 709 2121 761 corde
2160 714 2260 761 tuo
2298 711 2665 763 abominatus
2700 711 2900 775 fueris,
2934 716 2993 763 et
3014 712 3366 778 despexeris,
3393 720 3454 767 et

1848 778 2084 841 insuper
2105 781 2345 831 affectus
2370 782 2551 832 bonos
2573 786 2632 833 et
2654 781 2976 846 spirituales
2995 784 3256 835 actiones
3281 798 3454 850 appo-

1851 851 2052 901 sueris.
2068 852 2229 903 Undo
2252 852 2388 903 alibi
2402 854 2489 905 vir
2511 853 2796 917 perfectus
2816 854 2915 905 :ait
2942 853 3313 917 Iniquitatem
3333 860 3452 906 odio

1848 921 2043 984 habui,
2086 928 2143 973 et
2204 924 2569 975 abominatus
2621 938 2791 975 sum:
2832 925 3018 988 legem
3053 930 3249 977 autem
3284 933 3447 979 tuam

1850 992 2025 1043 dilexi
2062 994 2221 1056 (Psat.
2267 993 2427 1056 118.).
2460 996 2599 1046 Hac
2623 995 2736 1047 duo
2757 995 2979 1047 faciunt
3001 995 3247 1060 perfecte
3274 1010 3451 1061 supe-

1850 1075 1973 1185 ralre
2015 1063 2312 1186 diabcliium
2344 1071 2403 1117 et
2441 1071 2759 1131 peccatum,
2792 1066 3005 1119 scilicet
3037 1079 3199 1120 amor
3236 1068 3359 1132 Dei,
3394 1071 3452 1122 et

1850 1147 1883 1186 o
1928 1147 2048 1185 ium
2072 1148 2165 1185 ma
2188 1150 2223 1186 ι.

1849 1147 2048 1186 ouium
2072 1147 2223 1186 mall.

1912 1205 1998 1259 40.
2048 1207 2117 1255 Et
2154 1219 2226 1257 ne
2268 1206 2378 1257 hoc
2415 1206 2682 1259 videatur
2717 1208 3002 1260 ascribere
3039 1208 3162 1260 suis
3200 1209 3445 1275 viribus,

1849 1281 2003 1328 recte
2039 1277 2409 1339 subinfertur,
2434 1277 2503 1327 Et
2533 1278 2869 1342 praecinaisli
2906 1293 2991 1327 me
3025 1281 3220 1329 virtute
3249 1281 3323 1331 ad
3354 1281 3453 1331 bel-

1852 1346 1965 1395 lum
1989 1352 2004 1394 .‘
2039 1352 2084 1395 et
2105 1348 2492 1411 suppta'ntasti,
2518 1350 2854 1413 insurgentes
2877 1350 2939 1398 in
2961 1364 3046 1399 me
3067 1350 3248 1399 subtus
3270 1366 3370 1403 me.
3397 1352 3457 1404 Si

1851 1418 1942 1469 vis
1968 1419 2295 1481 superbiam
2308 1419 2368 1470 in
2385 1423 2440 1469 te
2454 1419 2855 1484 insurgentem
2872 1422 3231 1485 supplantari
3247 1424 3453 1474 subtus

1852 1492 1925 1551 te,
1951 1501 2051 1539 ora
2070 1490 2275 1551 Deum,
2289 1494 2354 1540 ut
2368 1490 2683 1554 pracingat
2707 1494 2763 1542 te
2785 1490 3127 1543 humilitate.
3149 1493 3205 1542 Si
3218 1493 3308 1545 vis
3322 1494 3455 1545 sub-

1853 1564 1949 1610 tus
1985 1563 2041 1609 te
2062 1559 2352 1610 luxuriam
2377 1560 2753 1623 supplantari,
2777 1573 3009 1625 precare
3032 1562 3365 1625 Dominum,
3387 1569 3456 1617 ut

1852 1629 2164 1694 pracingat
2194 1633 2247 1682 te
2269 1631 2533 1682 castitate
2550 1630 2803 1695 (Sap.8.).
2832 1632 3229 1697 Quodcunque
3247 1635 3454 1687 vitium

1853 1707 2053 1752 contra
2073 1705 2125 1752 te
2141 1701 2439 1765 insurgere
2462 1702 2699 1766 videris,
2720 1702 2950 1766 postula
2963 1715 2998 1754 a
3012 1705 3258 1757 Domino
3277 1706 3453 1758 virtu-

1853 1775 1965 1823 tem
1990 1773 2328 1824 contrariam
2352 1773 2433 1824 illi
2452 1773 2611 1838 vitio,
2637 1786 2753 1837 qua
2772 1772 2915 1826 illud
2938 1774 3273 1840 debelletur,
3291 1777 3458 1829 etﬂat
3528 1774 3536 1781 ’

1854 1842 1972 1903 tibi,
2000 1844 2155 1905 quod
2180 1844 2442 1906 sequitur
2465 1858 2479 1894 :

1914 1914 2001 1967 41.
2037 1915 2105 1963 Et
2133 1915 2389 1963 inimicos
2422 1929 2564 1964 meos
2597 1915 2788 1965 dedisti
2812 1915 2954 1964 mihi
2987 1915 3211 1966 dorsum
3238 1931 3251 1968 :
3278 1917 3343 1969 Id
3366 1923 3459 1970 est

1852 1989 2164 2036 retrorsum
2205 1986 2560 2038 convertisti.
2605 1987 2675 2035 Et
2697 1986 2931 2035 odientes
2958 2001 3043 2036 me
3066 1988 3454 2052 disperdidisti.

1853 2057 2027 2117 Quasi
2046 2057 2282 2109 dorsum
2304 2058 2521 2109 inimici
2548 2056 2778 2117 dantur,
2812 2070 2947 2110 cum
2967 2059 3149 2110 illiciti
3168 2060 3456 2124 appetitus

1852 2134 1911 2179 et
1933 2128 2073 2180 vitia
2105 2129 2336 2193 penitus
2351 2129 2625 2181 oblivioni
2654 2129 2992 2193 traduntur;
3022 2143 3154 2182 cum
3178 2137 3329 2183 retro
3340 2144 3457 2184 non

1852 2200 2153 2263 respicitur
2183 2213 2284 2265 per
2316 2201 2770 2264 delectationem,
2818 2205 2878 2252 et
2913 2203 3131 2253 mentis
3161 2203 3362 2254 oculos
3380 2202 3455 2254 ad

1854 2269 2107 2321 calestia
2121 2271 2579 2335 contemplanda,
2599 2274 2657 2323 et
2677 2284 2759 2330 ea,
2778 2283 2912 2334 qua
2933 2274 3068 2323 ante
3090 2285 3197 2323 nos
3214 2278 3353 2324 sunt
3366 2285 3460 2336 ap-

1853 2342 2122 2405 petenda,
2170 2342 2450 2406 dirigitur.
2500 2342 2793 2405 Disperdit
2828 2345 3020 2394 autem
3055 2344 3314 2395 odientes
3349 2356 3458 2394 nos

1854 2413 2150 2477 Dominus,
2176 2413 2409 2476 quando
2432 2414 2652 2477 repellit
2674 2425 2710 2464 a
2732 2412 2899 2465 nobis
2922 2413 3200 2478 malignos
3219 2413 3456 2478 spiritus

1854 2498 1929 2537 ne
1964 2497 2073 2536 nos
2106 2490 2348 2549 tentent,
2386 2498 2460 2536 ne
2483 2486 2653 2535 nobis
2682 2490 2944 2536 noceant.
2978 2486 3083 2537 Vel
3106 2486 3167 2537 in
3187 2497 3275 2549 eo,
3301 2485 3457 2548 quod

1857 2557 2119 2620 superius
2136 2556 2351 2607 dictum
2363 2562 2469 2618 est,
2489 2558 2804 2619 Persequar
2818 2556 3083 2608 inimicos
3098 2569 3280 2622 meos,
3296 2560 3463 2606 hostes

1856 2632 2068 2679 sancta
2090 2627 2358 2680 Ecclesia
2382 2627 2789 2679 convenienter
2800 2640 3113 2692 possumus
3123 2628 3459 2692 intelligere,

1857 2712 2003 2763 quos
2029 2700 2213 2751 sancti
2238 2705 2295 2751 et
2318 2700 2547 2763 perfecti
2572 2699 2680 2751 viri
2696 2700 2954 2762 quotidie
2965 2712 3083 2751 non
3099 2705 3463 2763 cessantper—

1857 2772 2039 2835 sequi,
2064 2771 2378 2835 arguendo,
2402 2771 3050 2835 increpando,vetando,
3069 2771 3461 2823 excommuni-

1856 2843 2038 2893 cando
2060 2856 2073 2891 :
2094 2848 2151 2893 et
2166 2856 2241 2893 ex
2265 2842 2355 2893 bis
2380 2842 2665 2905 quosdam
2690 2842 3201 2905 comprehendunt,
3215 2847 3274 2894 et
3292 2844 3463 2894 attra-

1854 2914 2003 2966 hunt
2024 2914 2097 2964 ad
2122 2914 2312 2977 iidem,
2350 2913 2423 2964 ad
2448 2914 2869 2977 panitentiam,
2893 2914 2967 2964 ad
2991 2914 3458 2965 conversionem:

1854 2998 1961 3036 nec
1985 2989 2401 3037 convertuntur
2420 2996 2455 3034 a
2477 2984 2900 3048 pradicatione,
2933 2983 3117 3035 donec
3132 2983 3213 3034 illi
3228 2985 3463 3032 deﬁciant

1856 3057 1929 3107 ab
1964 3056 2283 3118 iniquitate.
2321 3056 2695 3118 Confringunt
2715 3067 2749 3105 a
2772 3058 2929 3105 statu
2955 3054 3259 3118 superbia,
3283 3058 3458 3117 atque

1858 3128 1966 3178 sibi
1988 3129 2369 3178 substernunt
2389 3127 2497 3177 sub
2521 3124 2852 3176 omnimoda
2873 3125 3285 3187 humilitate,et
3307 3136 3457 3189 pra-

1858 3198 2031 3250 cincti
2042 3198 2215 3249 armis
2237 3196 2520 3248 virtutum
2544 3197 2629 3247 sic
2645 3196 3019 3260 supplantant
3034 3209 3134 3249 eos
3149 3209 3185 3247 a
3197 3196 3374 3260 vitiis,
3387 3200 3455 3248 ut

154 3244 281 3323 aiat
306 3284 402 3323 cor
426 3285 598 3323 suum
613 3272 686 3323 ad
700 3272 997 3323 toleranda
1012 3244 1176 3323 mala.
1191 3244 1416 3336 proﬁtei
1438 3244 1755 3333 Deum,qui
1780 3244 1829 3319 Ο
1859 3270 1957 3333 qui
1986 3270 2355 3333 insurgentes
2394 3244 3017 3333 erant—persequendo,
3032 3244 3458 3331 s'iiiaéeaa’éiftéé

152 3348 353 3408 potest
390 3345 575 3395 dicere
608 3357 741 3395 cum
777 3344 1072 3407 Apostolo,
1107 3345 1246 3404 Quis
1278 3356 1385 3395 nos
1408 3342 1695 3407 separabit
1722 3352 1757 3391 a

153 3416 398 3467 caritate
414 3416 651 3467 Christi?
662 3416 996 3476 Tribulatio;
1007 3428 1083 3467 an
1098 3428 1283 3479 angus
1291 3416 1384 3477 tia,
1401 3430 1466 3463 an
1480 3415 1756 3474 persecutio

154 3500 230 3539 an
272 3487 477 3550 fames,
520 3501 596 3540 an
622 3488 876 3550 nuditas,
911 3501 985 3539 an
1019 3488 1355 3552 periculum,
1377 3498 1453 3537 an
1485 3485 1713 3550 gladius
1734 3487 1757 3531 ?

156 3562 365 3611 Certus
407 3556 555 3623 sum,
591 3559 796 3623 inquit,
831 3560 967 3622 quia
998 3572 1182 3622 neque
1206 3572 1383 3621 mors,
1407 3569 1596 3620 neque
1621 3557 1756 3616 vita,
1796 3552 1801 3555 ’

157 3643 352 3695 neque
373 3631 580 3695 angeli,
604 3644 794 3695 neque
817 3632 1188 3695 principatus,
1219 3642 1405 3694 neque
1434 3632 1760 3694 potestates,

157 3715 353 3767 neque
386 3708 647 3754 creatura
679 3704 791 3754 alia
820 3705 1025 3766 poterit
1048 3716 1155 3755 nos
1187 3714 1448 3766 separare
1471 3713 1505 3751 a
1528 3700 1761 3750 caritate

159 3776 282 3837 Dei,
337 3786 469 3837 qua
508 3780 599 3826 est
642 3775 704 3825 in
745 3774 968 3825 Christo
1001 3776 1143 3825 Jesu
1168 3775 1336 3835 (Rom.
1375 3772 1466 3835 8.).
1493 3772 1762 3833 Quisquis

158 3859 302 3911 ergo
332 3846 462 3896 talis
485 3852 592 3910 est,
617 3850 681 3897 ut
705 3858 878 3910 supra
901 3846 1118 3897 dictum
1142 3851 1249 3907 est,
1280 3845 1459 3896 silicet
1482 3843 1763 3907 praeiac-

162 3923 259 3970 tus
286 3917 514 3982 virtute,
534 3917 821 3981 perfectus
844 3917 1117 3981 opere,ad
1139 3916 1522 3981 praliandum
1536 3914 1762 3975 doctus,

162 3990 221 4042 in
244 3988 552 4053 disciplina
565 3989 847 4053 eruditus,
864 3990 1147 4054 perfectus
1167 3990 1225 4039 in
1242 3988 1495 4048 caritate,
1512 3986 1765 4038 invictus

161 4062 222 4113 in
248 4060 617 4113 tribulatione
636 4080 648 4121 ;
663 4060 761 4124 qui
777 4067 898 4125 jam
910 4073 944 4111 a
957 4060 1189 4111 nemine
1207 4062 1529 4123 superatur,
1556 4059 1766 4105 idoneus

164 4137 275 4195 est,
304 4136 371 4182 ut
399 4133 521 4196 jam
543 4132 807 4183 inimicos
837 4145 975 4183 suos
1005 4136 1398 4197 persequatur.
1440 4128 1603 4182 Unde
1625 4139 1767 4181 voce

167 4203 550 4268 perfectorum
576 4204 945 4267 subjungitur
971 4222 981 4252 :

229 4275 321 4329 38.
356 4276 659 4340 Persequar
689 4276 938 4325 inimicos
962 4290 1119 4337 meos,
1160 4278 1204 4322 et
1228 4271 1681 4337 comprehendam
1710 4268 1771 4318 it-

171 4346 279 4411 los;
315 4352 362 4396 et
401 4363 510 4396 non
544 4353 824 4396 convertar
860 4348 1021 4396 donec
1051 4346 1317 4408 deﬁciant.
1345 4345 1772 4406 Persequuntur

169 4418 438 4471 inimicos
456 4432 592 4470 suos
606 4420 789 4470 sancti
804 4420 926 4481 viri,
941 4430 1071 4469 cum
1088 4418 1375 4481 malignos
1400 4416 1651 4480 spiritus,
1667 4416 1772 4461 sive

173 4490 432 4542 carnales
443 4492 685 4543 atiectus
701 4504 735 4540 a
747 4504 808 4543 se
824 4489 1112 4555 repellunt
1134 4493 1191 4540 et
1212 4488 1547 4552 reprimunt,
1563 4486 1768 4547 orando,

174 4560 488 4627 vigilando,
528 4575 756 4614 carnem
799 4575 966 4614 suam
1007 4561 1312 4620 domando,
1358 4557 1771 4622 spiritualibus,

177 4635 387 4687 studiis
400 4636 797 4687 deserviendo.
816 4634 1083 4685 Inimicos
1103 4639 1267 4681 autem
1286 4628 1773 4694 comprehendere

177 4712 283 4768 est,
319 4706 749 4758 immundorum
784 4707 1091 4771 spirituum
1120 4704 1459 4755 calliditates
1490 4700 1775 4752 subtiliter

176 4778 522 4843 inquirendo
547 4792 910 4843 cognoscere,
934 4782 991 4829 et
1019 4778 1280 4841 cognitas
1304 4776 1534 4827 evitare.
1549 4772 1651 4823 Vel
1668 4772 1776 4822 ini-

181 4852 358 4903 micos
369 4852 821 4916 comprehendit,
841 4850 1105 4913 quisquis
1125 4847 1382 4899 carnales
1395 4844 1569 4897 animi
1583 4847 1776 4894 motus

182 4926 291 4975 sub
313 4924 441 4986 jure
463 4924 701 4976 rationis
726 4922 1083 4985 constringit.
1106 4922 1220 4971 Nec
1243 4917 1682 4970 convertidebet
1703 4921 1775 4986 ab

181 4995 288 5047 hac
317 4985 654 5055 intentione,
693 4996 767 5046 ab
806 4995 913 5045 hoc
951 4992 1161 5053 studio,
1198 4991 1377 5042 donec
1400 4989 1685 5049 deﬁciant,
1720 4985 1777 5036 id

184 5074 291 5124 est,
317 5069 545 5131 penitus
567 5069 951 5118 absumantur
982 5077 1065 5129 ea,
1094 5076 1226 5127 qua
1255 5063 1445 5114 illicite
1474 5061 1667 5112 animo
1690 5070 1779 5109 re-

184 5139 495 5191 luctantur.
520 5141 693 5190 Recte
714 5150 850 5201 ergo
876 5136 1261 5199 subjungitur,

265 5211 379 5277 82
408 5210 489 5264 39.
524 5211 887 5273 Confringa-m
917 5208 1052 5271 illos,
1088 5222 1177 5255 nec
1207 5209 1457 5277 poterunt
1486 5207 1659 5277 stare:
1689 5215 1782 5277 ca-

187 5273 309 5331 dent
330 5273 516 5331 Eubius
535 5282 688 5345 pedes
714 5296 871 5331 meos.
891 5280 946 5330 Si
960 5279 1171 5343 poteris
1200 5276 1555 5338 confringere
1586 5273 1782 5323 hostes

187 5359 336 5417 tuos,
356 5354 404 5403 si
420 5367 536 5405 non
555 5352 882 5417 permiseris
895 5362 1133 5413 regnare
1149 5351 1448 5412 peccatum
1466 5346 1526 5395 in
1542 5349 1640 5395 tuo
1657 5358 1787 5391 mor-

188 5425 285 5477 tali
315 5439 545 5489 t'orpore
572 5427 740 5489 (Rom.
777 5425 876 5487 6.):
905 5423 955 5473 si
973 5423 1125 5475 vires
1142 5421 1223 5471 eis
1247 5418 1575 5480 abstuleris,
1589 5420 1653 5466 ut
1666 5427 1784 5489 non

190 5486 448 5560 praebeas
472 5486 733 5549 membra
757 5498 855 5547 tua
877 5507 1037 5547 arma
1059 5490 1377 5554 iniquitatis
1412 5492 1644 5552 peccato
1665 5486 1783 5548 (lbi-

192 5569 345 5633 dem).
372 5570 461 5620 Sic
485 5571 656 5621 etiam
675 5573 827 5619 stare
850 5579 968 5617 non
991 5565 1274 5629 poterunt,
1292 5563 1338 5613 si
1354 5573 1492 5612 mox
1505 5565 1784 5633 utsense-

191 5640 267 5691 ris
298 5631 690 5704 tentationem,
714 5653 749 5691 a
784 5644 837 5691 te
857 5635 1215 5703 repuleris,si
1240 5634 1455 5697 statim,
1480 5636 1548 5684 ut
1573 5631 1785 5683 videris

193 5717 508 5779 peccatum,
543 5711 957 5765 emendaveris.
998 5706 1363 5779 Confringere
1393 5704 1656 5757 inimicos
1679 5715 1787 5779 nos

194 5782 360 5839 docet
388 5775 725 5852 Apostolus,
772 5796 908 5836 cum
951 5780 1106 5843 dicit,
1144 5778 1481 5831 Mortificate
1530 5775 1790 5829 membra

262 5934 279 5956 '
299 5925 471 5993 Apud
498 5924 910 5993 Augustinum,
933 5920 1041 5974 Nec
1065 5918 1375 5986 impedient.

1855 3344 1994 3393 ﬂant
2018 3340 2371 3405 panitendo.
2406 3342 2473 3391 Et
2501 3340 2602 3403 qui
2631 3340 2912 3403 praibant
2938 3338 3233 3403 minando,
3264 3343 3323 3391 et
3344 3343 3461 3390 tra-

1856 3413 2390 3475 hendo,retrorsum
2413 3412 2556 3463 ﬁant
2575 3411 2895 3463 obediendo
2914 3424 2927 3461 :
2945 3411 3019 3462 de
3041 3410 3170 3462 odio
3194 3409 3459 3462 conversi

1855 3484 1929 3536 ad
1979 3484 2291 3546 caritatem,
2345 3483 2417 3534 de
2462 3484 2843 3536 conventione
2867 3482 3104 3534 malitia
3135 3481 3381 3545 dispersi
3403 3484 3463 3531 et

1858 3556 2029 3609 divisi
2066 3557 2139 3607 ab
2182 3557 2446 3606 invicem.
2481 3556 2551 3605 Et
2583 3554 2717 3618 quia
2745 3567 2819 3605 ex
2843 3554 3190 3619 supradictis
3215 3551 3461 3603 inimicis

1858 3627 2120 3679 nonnulli
2146 3639 2180 3678 a
2208 3626 2454 3678 Domino
2483 3627 2875 3690 reprobantur,
2923 3626 3057 3689 quia
3087 3623 3373 3688 videlicet,
3398 3626 3456 3674 et

1858 3703 1980 3750 toto
2004 3698 2173 3748 corde
2196 3711 2312 3749 non
2336 3702 2768 3757 convertuntur,
2790 3710 2899 3748 nec
2922 3696 3201 3749 veraciter
3226 3698 3460 3759 peccata

1863 3782 1970 3821 sua
1991 3771 2358 3833 conﬁtentur,
2374 3782 2481 3820 nec
2498 3782 2637 3833 pure
2654 3769 2886 3820 Domini
2899 3766 3353 3819 misericordiam
3365 3766 3464 3817 de-

1861 3846 2168 3907 precantur
2192 3855 2204 3891 :
2244 3842 2372 3904 subj
2383 3845 2621 3892 unctum
2644 3842 2751 3902 est,

1926 3912 2013 3966 4‘2.
2067 3912 2469 3971 Ctamaverunt,
2518 3925 2611 3959 nec
2652 3914 2787 3970 erat,
2812 3910 2909 3973 qui
2932 3908 3103 3958 salvos
3130 3907 3366 3970 faceret.‘
3391 3905 3466 3955 ad

1863 3985 2182 4044 Dominum,
2223 3998 2317 4032 nec
2348 3982 2630 4031 exaudivit
2652 3996 2754 4031 eos.
2779 3982 2907 4031 Non
2940 3980 3096 4032 enim
3130 3978 3338 4040 omnis,
3364 3976 3465 4040 qui

1865 4056 2003 4107 dicit
2025 4055 2167 4106 mihi
2184 4054 2442 4117 Domine,
2456 4053 2718 4116 Domine,
2734 4051 2970 4103 intrabit
2989 4051 3046 4102 in
3062 4061 3307 4112 regnum
3325 4051 3467 4097 calo-

1864 4142 1995 4181 rum
2036 4127 2243 4189 (Matth.
2292 4126 2381 4188 7.).
2417 4126 2580 4176 Unde
2615 4122 2927 4188 Apostolus
2969 4120 3319 4185 quibusdam
3347 4131 3468 4171 non

1865 4205 2019 4253 recte
2048 4199 2435 4250 clamantibus
2464 4196 2563 4259 ait,
2590 4196 2807 4255 Petitis,
2838 4198 2897 4245 et
2936 4206 3053 4245 non
3074 4191 3352 4255 accipitis,
3398 4202 3467 4239 eo

1868 4272 2022 4337 quod
2053 4271 2198 4321 male
2224 4270 2429 4333 petatis
2460 4268 2654 4332 (Jacob.
2686 4267 2775 4329 4.).
2808 4266 3149 4317 Clamabunt
3172 4259 3463 4337 etiam83_

1868 4333 2094 4408 reprobi
2116 4344 2176 4392 in
2201 4343 2290 4392 die
2309 4340 2529 4404 judicii,
2559 4337 3091 4397 dicentes,Domine
3117 4338 3292 4395 Deus,
3314 4333 3469 4408 aperi

1869 4404 2039 4466 nobis
2075 4413 2283 4476 (Matth.
2323 4410 2450 4475 25.).
2495 4413 2565 4462 Et
2600 4422 2718 4462 non
2751 4410 2875 4471 erit,
2907 4420 3007 4471 qui
3029 4420 3128 4459 eos
3151 4404 3459 4476 exaudiat:

1873 4487 1975 4537 sed
1995 4475 2203 4535 dicitur
2227 4484 2329 4547 eis,
2356 4485 2543 4534 Amen
2567 4482 2695 4532 dico
2722 4480 2908 4540 vobis,
2932 4479 3129 4529 nescio
3153 4475 3467 4538 vos(lbid.).

1874 4561 1956 4610 De
1980 4556 2193 4620 quibus
2220 4567 2361 4605 voce
2385 4552 2587 4616 capitis
2621 4551 2974 4602 subinfertur
2997 4564 3010 4599 :

1937 4617 2022 4682 43—.
2058 4628 2126 4675 Et
2172 4626 2545 4674 comminuam
2588 4637 2689 4682 eos,
2721 4628 2781 4669 ut
2817 4622 3091 4685 pulverem
3123 4625 3247 4668 ante
3269 4617 3464 4681 faciem

1871 4700 2039 4761 venti;
2074 4702 2131 4745 ut
2166 4698 2340 4745 tutum
2372 4695 2677 4758 platearum
2711 4692 2862 4742 debeo
2893 4708 2994 4743 eos.
3022 4691 3163 4753 Quia
3184 4690 3328 4741 aridi
3350 4700 3469 4739 non

1871 4773 2209 4834 receperunt
2227 4768 2471 4818 imbrem
2493 4764 2903 4816 misericordia
2925 4764 3048 4826 Dei,
3073 4763 3207 4826 quia
3229 4762 3389 4834 leves
3416 4765 3474 4812 et

1872 4832 2113 4895 mobiles
2145 4844 2277 4890 ante
2300 4842 2540 4891 ventum
2579 4835 2912 4888 tentationis
2935 4836 3187 4897 fuerunt,
3210 4832 3417 4885 merito
3440 4843 3476 4882 a

1875 4917 2025 4966 terra
2046 4912 2371 4964 viventium
2396 4909 2685 4972 tollentur,
2703 4908 2949 4972 atquein
2960 4907 3198 4959 modum
3220 4904 3472 4969 pulveris

1875 4985 2358 5046 comminuentur,
2393 4994 2526 5033 cum
2558 4980 2780 5032 dicetur
2816 4980 2920 5043 eis,
2955 4981 3035 5030 Ite
3076 4975 3367 5028 maledicti
3392 4974 3474 5046 fin

1874 5058 2069 5121 ignem
2094 5045 2377 5107 aternum
2398 5054 2607 5117 (Matth.
2631 5051 2761 5115 ‘25.).
2787 5052 2894 5113 Qui
2917 5049 3119 5101 merito
3142 5049 3329 5098 lutum
3352 5045 3474 5121 pla-

1878 5117 2100 5180 tearum
2123 5128 2259 5178 dicti
2289 5131 2443 5189 sunt,
2472 5126 2606 5189 quia
2630 5124 2837 5189 (Matth.
2859 5122 2928 5183 7.)
2947 5121 3128 5171 inlata
3144 5122 3200 5169 et
3223 5117 3477 5189 spatiosa

1877 5201 1993 5263 via,
2038 5199 2100 5249 in
2137 5188 2521 5249 immunditiis
2559 5200 2617 5247 et
2637 5188 2802 5247 rvitiis
2835 5193 3123 5245 vixerunt.
3153 5188 3478 5263 Quiutique

1878 5258 2225 5322 delébuntur
2238 5282 2273 5320 a
2284 5269 2548 5330 Domino,
2576 5267 2727 5317 sicut
2743 5264 3023 5327 scriptum
3048 5264 3154 5325 est,
3168 5258 3479 5311 Deleantur

1881 5344 1953 5393 de
1992 5341 2135 5391 libro
2166 5340 2512 5403 viventium,
2548 5344 2606 5390 et
2639 5349 2774 5388 cum
2801 5334 2980 5399 justis
3005 5346 3124 5385 non
3146 5332 3477 5383 scribantur

1906 5412 2047 5464 Psal.
2074 5411 2202 5473 68.).

1886 5416 2283 5547 (P22.
2316 5495 2399 5530 me
2442 5481 2505 5529 de
2546 5474 3059 5529 contradictionibus
3110 5472 3316 5547 populi.
3366 5471 3475 5535 Qui

1883 5544 2185 5617 dixerunt,
2202 5555 2256 5604 Si
2280 5551 2669 5603 dimiserimus
2692 5551 2851 5601 illum
2878 5548 3097 5608 vivum,
3116 5544 3376 5598 seculum
3399 5556 3484 5596 se-

1885 5634 2093 5694 quetur
2113 5627 2277 5677 illum
2302 5624 2483 5687 (Joan.
2518 5623 2599 5677 11.
2624 5623 2818 5671 Matth.
2844 5619 2973 5694 21.).

1948 5700 2033 5754 45.
2074 5699 2365 5749 Constitues
2398 5711 2480 5745 me
2516 5697 2576 5743 in
2610 5699 2772 5758 caput
2806 5692 3071 5756 gentium.
3105 5690 3178 5742 Ut
3198 5692 3399 5753 gentes
3423 5687 3485 5740 in

1886 5785 1981 5826 me
2009 5770 2266 5835 credant,
2300 5773 2364 5822 ut
2383 5768 2494 5820 sim
2516 5766 2629 5819 illis
2651 5767 2714 5818 in
2740 5767 2941 5829 Deum,
2965 5763 3074 5827 ipsi
3099 5762 3218 5814 sint
3251 5760 3395 5813 mihi
3419 5758 3483 5813 in
