3890 6394
492 350 592 406 711

1548 345 1814 398 RUFINO
1846 342 2308 397 PRESBYTERO
2339 344 2725 396 ASCRIPTUS

3687 345 3789 400 7H

489 459 776 536 populum,
813 457 970 536 (Osee
997 454 1089 521 2.).
1137 455 1376 536 Caecitas.
1412 469 1485 507 ex
1521 461 1686 536 parte
1719 457 2084 536 contingit‘in
2106 456 2508 536 Aconcordat.
2540 457 2747 536 Adhuc
2773 453 2930 536 unde
2951 451 3275 504 laudandus
3291 452 3368 505 sit
3387 454 3572 520 Deus,
3589 460 3788 509 osten-

491 531 686 594 lsrael,
724 535 789 582 ut
819 529 1076 594 gentium
1106 527 1416 578 multitudo
1448 533 1766 580 salvaretur
1793 529 1960 592 (Rom.
1985 528 2080 590 9.).

495 603 812 654 Noluerunt
832 601 983 650 enim
993 601 1020 649 J
1031 597 1181 649 udzei
1197 599 1444 660 recipere
1457 601 1700 650 verbum
1715 599 1846 650 ﬁdei
1861 598 1927 662 (1.
1941 600 2081 648 Pctr.

491 673 583 736 2.),
624 675 774 723 unde
817 672 900 721 eis
937 669 1155 720 dictum
1197 674 1322 718 est:
1355 670 1528 719 Vobis
1562 683 1810 732 primum
1835 669 2086 732 oportuit

489 741 782 808 praedicari
805 743 1047 793 verbum
1070 739 1190 802 Dei,
1221 740 1323 789 sed
1356 741 1493 802 quia
1512 741 1802 804 repulistis
1826 739 2002 802 istud,
2027 741 2086 789 et

485 815 754 877 indignos
771 825 873 864 vos
894 811 1110 861 fecistis
1135 816 1368 862 aeternae
1396 812 1528 862 vitae
1549 826 1565 860 :
1589 825 1721 861 ecce
1751 813 2084 859 convertimur

488 885 561 936 ad
601 889 802 946 gentes
847 883 976 946 (Act.
1017 881 1149 944 13.),
1173 881 1242 931 de
1267 881 1480 944 quibus
1515 882 1798 945 subditur,
1824 883 2082 944 Populus,

487 969 646 1018 quem
665 955 886 1016 cognovi
902 959 914 1001 :
928 956 1110 1014 Quem
1123 953 1398 1016 corporali
1410 955 1716 1016 praesentia
1731 965 1848 1002 non
1863 955 2082 1014 visitavi,

485 1027 697 1074 servivit
717 1025 881 1087 mihi,
904 1025 1195 1086 i’razcepta
1217 1035 1344 1073 mea
1365 1023 1761 1074 cuStodivitJn
1783 1023 1977 1070 auditu
1989 1036 2084 1069 au-

485 1098 564 1146 ris
587 1096 811 1145 obedivit
857 1095 1019 1143 mihi.
1044 1094 1236 1145 Oculis
1258 1106 1351 1144 me
1373 1106 1490 1145 non
1509 1093 1670 1156 vidit,
1700 1094 1929 1143 nomine
1952 1105 2082 1143 meo

485 1171 712 1219 tantum
736 1166 932 1218 audito
947 1165 1349 1229 praedicatores
1360 1177 1522 1214 meos
1543 1169 1771 1228 recepit.
1795 1167 1930 1213 Esto
1946 1168 2002 1214 et
2016 1169 2081 1214 tu

483 1251 558 1290 ex
589 1237 800 1302 populo
833 1238 946 1288 isto
975 1237 1149 1296 ﬁdeli,
1175 1239 1241 1286 ut
1273 1237 1320 1285 si
1345 1236 1636 1286 Christum
1658 1247 1776 1285 non
1801 1235 1992 1286 vidisti
2018 1235 2080 1284 in

479 1322 670 1371 carne,
708 1309 929 1359 servias
955 1311 1149 1357 tamen
1160 1306 1209 1356 ei
1237 1305 1295 1356 in
1319 1307 1544 1369 spiritu,
1560 1311 1619 1356 et
1639 1308 1720 1356 sis
1739 1306 2079 1356 eiobediens

481 1381 686 1432 intota
713 1379 1022 1437 volontate,
1049 1383 1114 1428 ut
1136 1379 1338 1427 beatus
1359 1389 1489 1427 esse
1521 1378 1809 1437 merearis,
1841 1389 1974 1426 cum
1996 1377 2080 1426 eis

483 1453 555 1504 de
579 1453 790 1514 quibus
816 1451 1093 1514 scriptum
1125 1454 1231 1510 est,
1263 1449 1420 1498 Beati
1444 1449 1543 1510 qui
1566 1461 1685 1499 non
1707 1448 1995 1510 viderunt,
2020 1452 2080 1498 et

483 1525 850 1574 crediderunt
883 1523 1057 1585 (Joan.
1092 1518 1200 1582 20).
1238 1520 1388 1571 Cave
1415 1525 1614 1570 autem
1648 1531 1848 1571 eorum
1879 1531 2076 1569 exem-

479 1595 658 1658 plum,
683 1593 754 1644 de
778 1593 991 1657 quibus
1013 1591 1279 1642 subditur
1315 1605 1327 1640 :

543 1665 632 1718 46.
667 1665 794 1714 Filii
831 1663 999 1712 alieni
1041 1661 1254 1709 mentiti
1285 1665 1410 1708 sunt
1431 1659 1591 1722 mihi,
1611 1660 1716 1722 ﬁlii
1747 1661 1914 1709 alie-ni
1937 1661 2078 1709 inve-

480 1735 636 1784 terati
658 1740 806 1796 sunt,
831 1741 876 1782 et
907 1733 1348 1782 claudicuverunt
1377 1747 1412 1779 α
1435 1733 1636 1779 seruilis
1657 1734 1789 1784 suis.
1823 1731 1950 1781 li‘ilii
1972 1733 2075 1782 Dei

480 1809 718 1858 fuerunt
739 1805 948 1868 Judaei,
973 1804 1071 1855 sed
1097 1803 1387 1854 Christum
1415 1803 1825 1854 interﬁcientes
1848 1804 2075 1854 ﬁliidia-

480 1877 597 1930 boli
624 1876 761 1927 lacti
785 1880 923 1926 sunt
963 1876 1138 1938 (Joan.
1155 1874 1246 1936 8.).
1272 1876 1338 1923 in
1362 1879 1602 1924 veritate
1614 1887 1731 1923 non
1745 1887 2075 1937 permanen-

481 1955 588 2013 tes,
601 1948 768 2011 Legis
781 1947 911 1998 facti
928 1945 1419 2010 praevaricatores,
1435 1946 1662 1995 mentiti
1679 1952 1797 1992 sunt
1817 1945 2082 2009 (Hom.2.).

479 2021 547 2070 In
557 2020 722 2084 primi
739 2015 986 2069 hominis
1011 2025 1240 2080 peccato
1255 2016 1558 2066 inveterati
1581 2021 1732 2074 sunt,
1754 2029 1887 2078 quia
1898 2032 1992 2064 nov
2000 2033 2079 2065 um

479 2091 774 2142 hominem
817 2091 1063 2152 recipere
1103 2088 1452 2138 noluerunt:
1486 2087 1552 2134 1ιί
1575 2087 2013 2136 οιααάίωυενιιηι
2043 2105 2080 2137 α

478 2161 679 2210 semitis
700 2161 832 2222 suis,
855 2160 913 2210 id
936 2165 1044 2222 est,
1068 2171 1103 2209 a
1130 2160 1281 2220 Lege
1305 2161 1362 2208 et
1385 2159 1700 2221 PrOplietis,
1729 2161 1850 2209 sive
1872 2173 1932 2209 in
1957 2161 2079 2210 suis

478 2232 887 2294 intellectibus,
912 2231 1004 2282 vel
1039 2231 1100 2280 in
1123 2230 1237 2279 ﬁde
1270 2241 1384 2279 uno
1408 2233 1554 2292 pede
1584 2230 1855 2289 nitentes,
1879 2230 1937 2280 id
1967 2237 2076 2294 est,

481 2305 704 2355 Patrem
731 2308 790 2354 et
819 2314 938 2352 non
969 2302 1177 2351 Filium
1200 2301 1507 2350 adorantes
1535 2319 1545 2348 :
1571 2301 1664 2351 vel
1687 2307 1854 2352 vetus
1879 2307 2078 2353 etnon

475 2387 691 2426 novum
709 2375 1147 2425 Testamentum
1169 2376 1496 2434 sequentes,
1523 2371 1648 2422 sive
1663 2371 1886 2422 literam
1899 2379 1956 2423 et
1972 2388 2074 2422 non

477 2447 745 2510 spiritum
769 2448 1045 2496 tenentes.
1072 2442 1211 2494 inde
1227 2451 1334 2504 est,
1355 2443 1508 2505 quod
1529 2444 1610 2492 ait
1624 2447 1936 2505 Apostolus
1954 2448 2075 2500 :Qui

477 2523 536 2570 et
556 2517 795 2568 idoneos
808 2528 927 2567 non
943 2513 1383 2566 l'ecitm'mistros
1406 2513 1544 2565 novi
1562 2515 1944 2577 ri‘estamenti;
1973 2530 2072 2564 non

475 2588 654 2648 litera,
682 2587 784 2638 sed
814 2587 1034 2650 spiritu.
1059 2587 1250 2635 Litera
1282 2585 1436 2634 enim
1467 2585 1694 2646 occidit,
1715 2587 1950 2647 spiritus
1972 2598 2074 2637 au-

478 2662 593 2710 tem
618 2659 873 2710 viviﬁcat
896 2655 968 2718 (2.
995 2657 1115 2706 Cor.
1134 2655 1346 2717 3.).His
1369 2658 1523 2706 enim
1547 2658 1787 2718 pedibus
1816 2658 2074 2720 graditur

480 2733 681 2781 sancta
707 2728 979 2791 Ecclesia,
997 2728 1089 2778 his
1112 2727 1354 2790 pedibus
1377 2728 1449 2776 ad
1471 2727 1722 2777 caelestia
1734 2736 2069 2787 promovetur.

479 2800 693 2852 Deinde
716 2799 789 2850 ad
810 2805 1069 2850 nostram
1092 2799 1550 2862 aediﬁcationem,
1584 2798 1724 2860 quid
1758 2801 1886 2862 subj
1897 2805 2074 2863 ungat

476 2872 800 2922 audiamus.

535 2943 622 2997 47.
673 2942 809 2993 Vivit
849 2942 1150 3005 Dominus,
1197 2948 1242 2990 et
1291 2939 1590 2989 benedictus
1622 2941 1762 2990 Deus
1809 2956 1974 3004 meus,
2023 2947 2069 2990 et

469 3017 734 3064 excitetur
764 3015 905 3062 Deus
937 3013 1126 3062 salutis
1159 3027 1300 3061 meae.
1316 3013 1406 3063 Dii
1421 3012 1682 3075 gentium
1703 3025 1820 3063 non
1847 3013 2069 3077 vivunt,

469 3099 576 3138 nec
602 3087 852 3148 aliquem
883 3084 1104 3136 saivare
1129 3091 1390 3148 possunt.
1419 3085 1600 3146 (Unde
1616 3085 2066 3136 atibii’salmista

467 3159 548 3208 ait
570 3157 586 3208 ε
611 3160 689 3208 Os
712 3157 944 3208 habent.
971 3159 1028 3207 et
1050 3168 1168 3206 non
1181 3155 1487 3219 loquentur
1513 3163 1524 3199 ε
1552 3155 1750 3206 oculos
1767 3156 2064 3220 habent,et

2183 527 2355 591 ditur,
2379 541 2511 578 cum
2537 527 2888 578 subinfertur
2913 540 2926 576 :

2246 597 2332 650 51.
2368 600 2732 660 Magni/icans
2767 597 2962 646 salutes
2993 599 3133 663 regis
3156 597 3287 659 ejus,
3317 601 3364 644 et
3398 596 3610 658 faciens
3633 600 3786 648 mise.

2182 669 2481 716 ricordiam
2512 671 2724 718 Christo
2749 684 2844 716 suo
2874 668 3069 727 David,
3096 675 3141 717 et
3165 669 3360 716 semini
3383 669 3500 731 ejus
3535 684 3708 732 usque
3733 673 3784 718 in

2182 739 2447 786 saeculum.
2490 740 2754 789 Nondum
2794 743 2958 788 erant
2989 739 3372 802 magniﬁcatus
3397 738 3621 789 salutes
3642 742 3784 803 ejus,

2183 810 2416 871 quando
2441 815 2614 860 notus
2639 815 2761 860 erat
2785 813 3014 859 tantum
3037 811 3095 860 in
3117 812 3146 860 J
3159 809 3324 860 udaaa
3339 811 3516 859 Deus.
3543 811 3653 860 Sed
3671 819 3786 858 tunc

2182 880 2439 930 excrevit
2455 880 2709 930 salutum
2733 881 2863 942 ejus
2886 881 3328 943 magniﬁcentia,
3347 881 3589 942 quando
3606 885 3787 940 pradi-

2182 957 2376 1001 catum
2401 955 2489 1002 est
2513 951 2847 1002 admirabile
2872 965 3083 1002 nomen
3095 954 3223 1014 ejus
3247 951 3305 1000 in
3321 951 3601 1002 universa
3617 958 3786 1014 terra,

2183 1022 2415 1084 quando
2439 1023 2660 1073 dictum
2695 1028 2784 1072 est
2807 1021 3114 1086 Apostolis.
3137 1025 3236 1082 ite,
3263 1022 3576 1086 praedicata
3599 1025 3789 1074 Evan-

2180 1092 2395 1156 gelium
2420 1097 2574 1144 omni
2595 1099 2890 1144 creaturae.
2906 1095 3063 1144 ’i‘unc
3086 1093 3460 1156 proculdubio
3481 1093 3619 1144 fecit
3633 1098 3786 1141 mise-

2180 1165 2480 1214 ricordiam
2502 1166 2724 1214 Christo
2743 1177 2849 1215 suo
2866 1165 3048 1216 David
3067 1175 3104 1223 ³.
3117 1163 3346 1228 quando
3370 1163 3662 1226 aequalem
3675 1166 3785 1215 sibi

2180 1247 2280 1298 per
2301 1235 2687 1297 divinitatem,
2707 1235 2890 1286 voluit
2906 1236 3064 1286 nasci
3086 1249 3160 1286 ex
3179 1236 3398 1286 semine
3412 1235 3789 1286 Davidsecun-

2179 1306 2320 1356 dum
2344 1319 2594 1358 carnem.
2619 1307 2685 1355 Et
2705 1308 2899 1354 semini
2923 1307 3036 1370 ejus
3060 1321 3226 1368 usque
3241 1307 3303 1353 in
3317 1306 3590 1368 saeculum,
3608 1305 3784 1367 idest,

2177 1375 2239 1426 in
2262 1382 2546 1428 aeternum
2590 1377 2850 1428 similiter
2889 1377 3338 1427 misericordiam
3369 1377 3520 1436 fecit,
3549 1379 3786 1440 quando

2177 1447 2546 1499 credentibus
2568 1448 2631 1498 in
2653 1461 2788 1499 eum
2800 1449 3196 1499 remissionem
3223 1451 3611 1511 peccatorum,
3628 1450 3786 1498 etvi-

2181 1523 2298 1568 tam
2331 1525 2608 1569 aeternam
2641 1518 2892 1570 donavit.
2922 1518 3084 1568 Unde
3108 1518 3386 1581 scriptum
3407 1522 3516 1576 est,
3547 1518 3785 1568 Vocabo

2174 1601 2294 1639 non
2327 1590 2552 1652 plebem
2576 1601 2785 1652 meam,
2817 1589 3041 1652 plebem
3067 1600 3256 1639 meam
3288 1603 3300 1638 :
3331 1591 3390 1638 et
3412 1601 3533 1639 non
3554 1589 3784 1640 miseri-

2177 1660 2433 1710 cordiam
2478 1665 2869 1720 consecutam,
2905 1659 3353 1710 misericordiam
3402 1665 3786 1711 consecutam

2180 1731 2352 1791 (Rom.
2399 1730 2488 1794 9.).
2537 1733 2606 1781 Et
2649 1732 2755 1782 erit
2795 1731 3120 1793 quicunque
3157 1731 3526 1782 invocaveVit
3553 1742 3782 1782 nomen

2103 1826 2158 1900 B
2183 1802 2430 1864 Domini,
2457 1804 2655 1853 salvus
2672 1801 2779 1852 erit
2803 1801 2988 1865 (Jb/iet.
3023 1801 3076 1854 ‘2.
3105 1802 3257 1851 Rom.
3285 1801 3362 1854 10.
3381 1803 3498 1853 Act.
3523 1800 3618 1863 2.).

2463 1915 2828 1981 TITULUS
2872 1916 3193 1980 PSALMI
3235 1916 3486 1980 XVIII.

2242 2055 2290 2100 1.
2313 2051 2510 2098 Titulus
2537 2049 2657 2112 (Ex.
2685 2049 3004 2111 Augustino)
3026 2052 3177 2108 hujus
3194 2051 3375 2097 Psalmi
3393 2055 3639 2109 notusest,
3656 2053 3783 2109 quia

2181 2126 2280 2159 non
2314 2115 2551 2159 Dominus
2569 2115 2714 2158 Jesus
2738 2116 2962 2160 Christus
2988 2116 3092 2159 haec
3121 2114 3260 2173 dicit,
3273 2115 3356 2158 sed
3388 2115 3448 2160 de
3470 2113 3560 2158 illo
3577 2115 3691 2159 hinc
3710 2117 3783 2159 di-

2179 2183 2375 2222 euiitur.
2405 2177 2464 2222 In
2498 2177 2661 2235 finem
2681 2175 2925 2237 psalmus
2954 2173 3146 2224 David.
3170 2178 3423 2234 Negotium
3447 2183 3493 2221 et
3515 2189 3786 2222 commen-

2177 2239 2293 2284 dare
2317 2245 2497 2283 slatum
2519 2242 2771 2284 catholicae
2795 2239 3070 2296 religienis,
3089 2245 3134 2283 et
3159 2240 3504 2294 prtedicatores
3520 2239 3781 2296 Ecclesiae,

2177 2308 2222 2346 et
2248 2302 2391 2345 illum
2417 2315 2445 2346 a
2467 2313 2568 2358 quo
2591 2302 2994 2358 priedicationem
3024 2306 3332 2358 acceperunt.
3359 2303 3414 2346 Et
3441 2303 3531 2346 lioc
3558 2303 3703 2357 facit,
3729 2309 3784 2347 ut

2177 2363 2524 2422 intelligantur
2561 2364 2742 2409 delicta
2796 2370 2843 2408 et
2880 2364 3219 2422 corrigantur:
3255 2367 3300 2408 et
3323 2364 3396 2408 sic
3418 2364 3784 2410 immaculatus

2175 2425 2323 2471 homo
2356 2427 2658 2484 complaceat
2699 2427 2808 2474 Deo.
2841 2427 2948 2472 Vox
2979 2426 3234 2485 Propheta:
3266 2439 3356 2484 per
3385 2425 3620 2484 spiritum
3651 2439 3783 2473 san-

2174 2494 2306 2534 ctum
2342 2488 2570 2548 dicentis,
2591 2489 2668 2534 vel
2685 2489 2936 2534 Ecclesiae.

2642 2601 3039 2665 PSALMUS
3077 2601 3324 2666 XVIII.

2233 2732 2284 2787 2.
2306 2734 2430 2784 ϐωιὶ
2445 2734 2953 2797 enarrantgloriam
2966 2735 3080 2794 Dei,
3097 2740 3142 2782 et
3158 2750 3316 2799 opera
3341 2749 3636 2797 manuum,
3657 2738 3781 2800 ejus

2171 2806 2471 2855 annuntiat
2492 2811 2919 2869 firmamentum.
2939 2807 3113 2864 idest,
3127 2806 3383 2869 Apostoli
3527 2813 3586 2858 et
3601 2813 3781 2858 Evan-

2169 2875 2408 2941 gelistaa,
2423 2877 2521 2939 qui
2543 2878 2744 2927 merito
2769 2879 3039 2927 dicuntur
3061 2878 3205 2936 caali,
3219 2883 3445 2942 propter
3465 2881 3600 2930 vitas
3617 2884 3780 2929 celsi-

2173 2948 2445 3004 tudinem,
2471 2954 2530 2998 et
2559 2949 2985 2998 ﬁrmamentum
3009 2955 3237 3012 propter
3270 2950 3403 3000 ﬁdei
3426 2956 3482 3000 et
3506 2951 3774 3004 caritatis

2170 3021 2517 3070 soliditatem
2536 3037 2548 3080 ;
2572 3026 2840 3070 enat-rant
2856 3019 3093 3082 gloriam
3117 3020 3456 3080 divinitatis,
3475 3027 3775 3074 etannun-

2167 3092 2308 3142 tiant
2329 3091 2497 3141 nobis
2521 3103 2690 3154 opera
2709 3091 3104 3141 humanitatis.
3136 3093 3372 3142 Enarrat
3393 3092 3638 3154 gloriam
3659 3095 3771 3146 Dei

2161 3164 2433 3225 Joannes,
2481 3175 2616 3212 cum
2661 3163 2815 3220 dicit,
2863 3163 2929 3212 In
2967 3163 3239 3226 principio
3263 3168 3385 3214 erat
3419 3165 3678 3228 verbum,
3711 3172 3772 3218 et

464 3227 1073 3314 non‘videbuntijf’sat.
1105 3226 2061 3314 113.1).Dt‘ideo‘nec‘benedicendi
2089 3239 2139 3314 ρ
2170 3234 2437 3314 verbum
2465 3239 2588 3314 erat
2635 3233 2800 3314 apud
2828 3234 3134 3314 DeumLet
3171 3236 3327 3284 Deus
3355 3239 3475 3314 erat
3509 3226 3772 3314 Verbum

467 3304 624 3356 sunt,
643 3312 750 3349 nec
774 3298 1084 3348 exaltandi.
1109 3300 1224 3348 Nos
1238 3305 1435 3348 autem
1469 3297 1641 3348 talem
1669 3299 1982 3348 Dominum
2005 3304 2062 3351 et

469 3369 638 3422 talem
663 3371 847 3420 Deum
870 3369 1176 3429 habemus,
1191 3369 1291 3431 qui
1304 3369 1367 3419 in
1383 3374 1662 3420 aeternum
1685 3368 1846 3430 vivit,
1862 3371 1962 3431 qui
1976 3385 2065 3418 nos

465 3443 632 3504 regit,
678 3445 743 3490 ut
773 3441 1074 3498 Dominus,
1109 3441 1334 3501 creavit,
1368 3447 1431 3489 ut
1463 3441 1617 3489 Deus
1643 3453 1656 3488 :
1683 3440 1780 3500 qui
1805 3442 2063 3502 seipsum

461 3512 630 3562 nobis
645 3512 892 3569 tradidit,
907 3511 1006 3573 qui
1028 3510 1232 3560 salutis
1255 3515 1472 3560 nostra:
1482 3514 1682 3560 auctor
1697 3511 1904 3561 extitit.
1927 3514 2061 3560 Unde

463 3588 615 3634 recte
639 3596 672 3633 a
684 3583 850 3632 nobis
869 3580 1294 3632 benedicendus
1304 3581 2062 3644 est,exaltandus,ainandus

462 3653 740 3705 colendus
756 3659 814 3704 et
842 3652 1224 3705 venerandus.

545 3724 661 3792 84
698 3725 766 3778 48
794 3729 853 3776 et
875 3723 943 3778 49
989 3723 1128 3772 Deus
1151 3724 1248 3787 qui
1271 3723 1370 3772 das
1395 3723 1658 3772 vindictas
1683 3725 1840 3788 mihi,
1867 3732 1912 3774 et
1934 3726 2058 3774 sub-

460 3797 545 3846 dis
565 3797 790 3862 populos
809 3796 905 3844 sub
927 3809 1028 3856 me,
1046 3793 1296 3844 liberator
1309 3809 1458 3843 meus
1479 3795 1538 3843 de
1551 3795 1790 3844 inimicis
1805 3798 1935 3846 meis
1951 3799 2061 3847 ira-

458 3871 666 3918 cundis.
693 3871 762 3918 Et
783 3868 850 3917 ab
873 3866 1276 3930 insurgentibus
1293 3868 1353 3914 in
1365 3881 1446 3915 me
1475 3867 1733 3916 exultabis
1759 3883 1858 3927 me,
1884 3885 1919 3916 α
1939 3871 2056 3919 viro

460 3940 654 4004 iniquo
677 3941 869 4004 eripies
889 3953 990 3987 me.
1018 3940 1144 3989 Non
1164 3939 1350 3988 solum
1368 3937 1614 3990 salutem
1638 3947 1875 4002 praestat
1897 3943 2055 3992 Deus

455 4011 652 4062 electis
676 4025 818 4071 suis,
841 4011 943 4062 sed
966 4012 1143 4061 etiam
1170 4011 1485 4061 vindictam
1500 4010 1701 4060 tribuit
1723 4011 1792 4060 de
1807 4013 2050 4060 inimicis.

455 4083 668 4134 Tantas
694 4083 976 4134 vindictas
1000 4081 1159 4132 dedit
1189 4082 1346 4132 Deus
1368 4083 1532 4131 Pater
1553 4081 1776 4132 Christo
1801 4083 1916 4132 ﬁlio
1947 4096 2054 4135 suo

454 4154 526 4206 de
550 4153 799 4205 inimicis
825 4153 946 4203 suis
965 4153 1278 4214 iracundis,
1303 4153 1517 4202 scilicet
1542 4151 1780 4214 Judaais,
1805 4155 1902 4214 qui
1923 4161 2052 4202 tanto

453 4225 770 4276 iracundias
819 4227 876 4274 et
907 4224 1117 4274 furoris
1163 4224 1284 4274 zelo
1306 4223 1534 4273 accensi
1569 4227 1726 4285 sunt,
1770 4229 1832 4274 ut
1855 4231 2052 4277 contra

453 4299 636 4348 Deum
662 4308 835 4347 suum
856 4296 1240 4358 insurgerent,
1257 4297 1314 4344 et
1339 4299 1612 4356 tanquam
1627 4295 1708 4344 vir
1728 4308 1877 4344 unus
1893 4304 1940 4342 et
1957 4298 2052 4344 iui-

451 4381 599 4428 quus
620 4367 992 4419 convenirent
1021 4367 1082 4415 in
1107 4377 1306 4428 unum,
1337 4365 1618 4414 adversus
1647 4366 1957 4418 Dominum
1993 4374 2050 4419 et

449 4441 731 4491 adversus
755 4439 1044 4490 Christum
1067 4439 1194 4500 ejus
1219 4435 1379 4500 (Psat.
1411 4434 1516 4498 2.):
1559 4440 1765 4497 tantas,
1791 4440 2046 4503 inquam,

450 4512 733 4562 vindictas
757 4511 934 4574 dedit,
960 4516 1021 4560 ut
1047 4522 1147 4560 eos
1169 4520 1316 4571 quos
1341 4512 2049 4574 susceperatregcndos,et

445 4583 787 4634 nutriendos
811 4587 1086 4644 tanquam
1097 4581 1264 4644 ﬁlios,
1283 4583 1509 4642 propter
1525 4581 1818 4643 perﬁdiam
1831 4586 1888 4632 et
1905 4597 2038 4630 vesa-

443 4624 892 4716 Euﬁ'ﬁiér'uiﬁ,
914 4624 1446 4716 ἷξιῖτοῠάτθιῖιῳῖθ
1473 4624 1741 4712 αῶωετθι
1765 4624 2036 4716 tanquam
2062 4624 2120 4697 D

445 4724 683 4775 alienos.
708 4728 758 4774 A
783 4726 995 4786 quibus
1017 4725 1290 4774 liberatus
1314 4727 1403 4772 est
1427 4723 2040 4785 Christus,cuinamor-

446 4797 563 4846 tuis
607 4797 937 4846 resurrexit.
971 4793 1270 4844 Exaitatus
1304 4799 1410 4856 est,
1463 4807 1598 4844 cum
1637 4795 1710 4846 ad
1743 4796 2038 4849 dexteram

446 4868 632 4917 Patris
657 4866 932 4917 ascendit.
960 4867 1202 4929 Ereptus
1229 4871 1338 4928 est,
1368 4867 1596 4927 quando
1613 4868 1866 4918 Verbum
1890 4871 2041 4935 ﬁdei,

445 4938 599 5001 quod
633 4938 852 4989 Judteis
888 4936 1144 4988 ablatum
1172 4941 1279 5001 est,
1303 4940 1576 5000 gentibus
1603 4941 1850 4991 tradidit.
1878 4943 2040 4994 Unde

444 5011 589 5062 bene
633 5011 860 5070 dicitur,
886 5010 957 5059 Et
986 5009 1167 5057 subdis
1193 5010 1414 5073 populos
1453 5011 1547 5058 sub
1586 5026 1684 5060 me.
1719 5015 1862 5062 Cum
1886 5016 2038 5064 enim

441 5095 622 5133 unum
635 5084 662 5133 J
675 5083 1005 5132 udaicorum
1027 5082 1318 5146 populum,
1327 5084 1347 5145 j
1360 5095 1536 5145 ugum
1562 5084 1694 5134 ﬁdei
1705 5099 1781 5130 res
1784 5093 2034 5149 pueutem,

439 5154 579 5205 dure
598 5153 912 5218 judicando
937 5154 1211 5215 deseruit,
1231 5159 1446 5204 multos
1471 5159 1769 5204 nationum
1793 5156 2034 5218 populos

439 5227 878 5278 misericorditer
913 5226 1188 5290 vocando,
1202 5225 1543 5290 eidemjugo
1574 5225 1848 5278 subdidit.
1877 5229 2034 5280 Unde

440 5299 816 5361 subiungitur
841 5315 854 5348 :

500 5368 588 5424 50.
615 5371 903 5434 Propterea
923 5369 1206 5432 conﬁtebor
1228 5368 1322 5417 tibi
1344 5369 1404 5417 in
1437 5368 1768 5432 nationibus,
1785 5369 2030 5430 Domine,

439 5447 483 5489 et
505 5443 719 5491 nomini
741 5448 831 5490 tuo
850 5441 1126 5504 psalmum
1149 5441 1348 5490 dicam.
1372 5439 1545 5502 Idcsl,
1571 5452 1670 5502 per
1691 5445 2030 5490 meoslitleles

439 5513 652 5576 ubique
678 5518 952 5564 terrarum
979 5515 1032 5563 te
1059 5513 1324 5575 laudabo,
1354 5516 1413 5562 et
1436 5512 1496 5561 in
1526 5516 1623 5560 tuo
1645 5513 1877 5562 nomine
1900 5517 2028 5562 bona

435 5590 625 5646 agent.
649 5587 714 5635 In
733 5584 976 5636 bocloco
999 5585 1283 5636 confessio
1303 5584 1534 5634 laudem
1555 5583 1856 5645 signiﬁcat.
1884 5587 2028 5633 Psal-

435 5667 562 5704 mus
588 5669 724 5707 vero
747 5657 961 5708 bonam
983 5656 1386 5721 operationem.
1402 5656 1500 5704 iﬁe
1523 5657 1710 5706 Deum
1727 5669 1860 5708 vere
1877 5657 2026 5710 etin-

436 5729 595 5790 tegre
624 5726 838 5794 laudat,
870 5731 1040 5793 cujus
1073 5727 1134 5780 in
1166 5726 1336 5779 laude
1369 5726 1554 5794 ipsius
1584 5726 1782 5793 lingua
1817 5735 1876 5782 et
1906 5735 2026 5786 vita

2169 3305 2346 3369 (Joan,
2373 3303 2462 3368 1.).
2488 3307 2810 3356 Annuntiat
2832 3317 3004 3368 opera
3025 3306 3146 3365 Dei,
3173 3318 3306 3356 cum
3329 3305 3457 3369 subj
3467 3307 3651 3370 ungit,
3694 3310 3772 3362 Et

2168 3377 2422 3426 Verbum
2435 3388 2564 3426 caro
2589 3375 2806 3426 factum
2823 3381 2928 3436 est,
2949 3381 3004 3426 et
3027 3377 3310 3427 habitavit
3331 3377 3391 3428 in
3404 3379 3547 3424 nobis
3567 3378 3766 3442 (Ibid),

2164 3447 2247 3496 De
2282 3447 2462 3509 gloria
2493 3459 2726 3510 quoque
2749 3449 2878 3510 ejus
2905 3448 3119 3510 subdit,
3147 3448 3364 3511 dicens,
3409 3449 3478 3498 Et
3506 3449 3770 3502 vidimus

2164 3519 2402 3580 gloriam
2433 3521 2576 3581 ejus,
2599 3519 2837 3582 gloriam
2857 3520 3024 3580 quasi
3050 3519 3334 3582 Unigeniti
3367 3531 3402 3570 a
3436 3520 3615 3580 Patre,
3642 3521 3770 3585 ple-

2161 3602 2304 3640 num
2327 3591 2526 3652 gratias
2548 3594 2608 3641 et
2631 3591 2888 3641 veritatis
2915 3590 3104 3653 (Δηώ),
3131 3593 3216 3641 Ex
3247 3590 3340 3640 his
3374 3591 3622 3657 duobus,
3653 3595 3768 3644 sci-

2159 3659 2292 3711 licet
2324 3661 2626 3712 divinitate
2647 3667 2706 3712 et
2726 3661 3106 3724 humanitate,
3131 3661 3400 3714 consistit
3425 3675 3563 3714 vera
3585 3667 3644 3714 et
3666 3677 3768 3716 ca-

2163 3731 2368 3782 tholica
2415 3733 2578 3784 lides.
2626 3735 2697 3784 Et
2729 3734 2864 3796 quia
2888 3733 3015 3784 haec
3040 3746 3173 3783 cum
3202 3733 3565 3797 discretione,
3585 3736 3765 3798 juxta

2159 3805 2531 3866 capacitatem
2541 3805 2896 3857 audientium
2908 3805 3273 3868 praedicanda
3284 3810 3438 3869 sunt,
3457 3810 3608 3857 recte
3627 3809 3766 3859 sub-

2155 3874 2398 3926 inl‘ertur
2424 3895 2437 3925 :

2217 3946 2269 4000 3.
2287 3948 2410 3996 Dies
2433 3947 2541 3996 diei
2553 3953 2754 3997 eructat
2766 3947 3002 4007 verbum,
3018 3953 3065 3996 et
3077 3963 3189 3996 nos:
3205 3947 3348 3997 nocti
3363 3949 3572 3998 indicat
3585 3951 3758 3999 scien-

2156 4017 2310 4078 tiam,
2335 4019 2456 4067 Dies
2485 4019 2610 4080 diei,
2636 4019 2787 4071 idest
2816 4018 3138 4082 spirituales
3164 4019 3559 4082 spiritualibus
3593 4035 3606 4070 :
3640 4038 3759 4071 ηοω

2154 4091 2316 4154 nocti,
2350 4091 2503 4142 idest
2543 4090 2798 4142 carnales
2821 4091 3163 4142 carnalibus.
3205 4092 3436 4154 Utrique
3460 4094 3610 4144 enim
3643 4106 3757 4145 au-

2153 4159 2337 4222 diunt,
2353 4166 2410 4212 et
2431 4164 2606 4212 sinon
2625 4163 2849 4225 utrique
2866 4163 3124 4213 similiter
3135 4163 3382 4225 sapiunt.
3396 4163 3498 4214 isti
3513 4171 3754 4224 tanquam

2152 4234 2398 4282 verbum
2421 4237 2771 4295 ructuatum,
2795 4233 2874 4282 illi
2897 4234 3142 4284 audiunt
3157 4237 3432 4296 tanquam
3449 4235 3754 4286 scientiam

2149 4305 2572 4354 annuntiatam.
2591 4305 2754 4366 Quod
2770 4306 2922 4355 enim
2933 4309 3250 4365 ructuatur,
3267 4306 3651 4368 praesentibus
3670 4323 3756 4356 ru-

2149 4376 2565 4437 ctuatur,quod
2581 4381 2775 4426 autem
2799 4377 3114 4437 nuntiatur,
3129 4376 3297 4440 longe
3313 4378 3516 4440 positis
3539 4381 3753 4427 nuntia-

2149 4449 2259 4498 tur.
2286 4448 2420 4496 Dies
2444 4447 2555 4496 diei
2581 4449 2819 4498 verbum
2839 4451 3076 4510 eructat,
3106 4460 3240 4498 cum
3257 4449 3394 4498 dicit
3418 4451 3619 4508 Paulus,
3650 4454 3749 4499 Sa-

2147 4518 2419 4580 pientiam
2443 4518 2731 4581 loquimur
2753 4522 2898 4572 inter
2923 4521 3200 4584 perfectos
3229 4519 3301 4584 ('1.
3336 4521 3456 4571 Cor.
3496 4520 3587 4584 2.).
3613 4523 3747 4574 Nox

2147 4590 2298 4639 nocti
2324 4591 2623 4641 scientiam
2646 4593 2878 4655 indicat,
2904 4604 3036 4642 cum
3061 4605 3123 4643 se
3146 4605 3341 4643 minus
3368 4592 3749 4656 intelligenti-

2146 4659 2276 4722 bus,
2297 4665 2570 4724 tanquam
2592 4663 2790 4714 minus
2809 4663 3134 4726 intelligens
3151 4664 3746 4725 transformat,dicens

2141 4731 2292 4782 Nihil
2307 4733 2565 4796 judicavi
2591 4747 2680 4784 me
2707 4735 2848 4784 scire
2871 4735 3020 4786 inter
3045 4747 3168 4795 vos,
3195 4736 3311 4786 nisi
3329 4735 3619 4786 Christum
3642 4738 3745 4788 Je-

2143 4815 2292 4868 sum,
2335 4809 2392 4855 et
2413 4804 2568 4856 hunc
2591 4809 2930 4857 cruciﬁxum
2955 4807 3230 4870 (lbidem.).
3253 4809 3323 4858 Et
3353 4808 3584 4871 iterum,
3607 4809 3742 4860 Non

2142 4877 2300 4938 potui
2331 4875 2490 4939 loqui
2526 4878 2692 4929 vobis
2730 4884 3003 4941 tanquam
3039 4879 3448 4942 spiritualibus,
3473 4880 3574 4930 sed
3609 4886 3742 4932 tan—

2139 4957 2315 5081 auaén
2339 4947 2664 5082 carnalibus
2690 4950 2776 5001 lac
2799 4955 3003 5014 potum
3036 4949 3167 5002 dedi
3193 4951 3375 5014 vobis,
3405 4963 3522 5003 non
3539 4963 3738 5004 escam

2158 5035 2164 5041 '
2197 5053 2207 5065 .
2289 5034 2369 5068 ω’.
2435 5055 2446 5068 σ
2477 5057 2488 5070 .

2158 5019 2207 5068 'l.
2249 5019 2369 5068 Cor.
2395 5019 2488 5070 3.).

2199 5087 2248 5141 4.
2291 5089 2418 5139 Non
2443 5096 2569 5140 sunt
2599 5091 2816 5156 loquele
2849 5109 3016 5158 neque
3047 5109 3333 5155 sermones,
3364 5109 3597 5159 quorum
3621 5111 3735 5146 non

2135 5162 2445 5210 audiuntur
2455 5179 2596 5212 voces
2613 5180 2816 5214 eorum.
2833 5167 2898 5216 in
2910 5168 3300 5230 apostolorum
3311 5169 3537 5218 actibus
3553 5170 3736 5228 legitur

2133 5234 2422 5294 quomodo
2445 5238 2710 5288 veniente
2739 5251 2912 5303 super
2935 5252 3032 5289 eos
3059 5239 3269 5302 Spiritu
3291 5246 3508 5302 sancto,
3530 5253 3732 5291 omnes

2131 5304 2348 5366 impleti
2359 5309 2620 5366 suntillo,
2638 5314 2697 5360 et
2712 5311 3096 5373 loquebantur
3109 5310 3323 5374 linguis
3337 5313 3598 5362 omnium
3619 5327 3734 5373 gen-

2131 5375 2277 5446 tium
2307 5379 2456 5429 sicut
2498 5380 2739 5443 Spiritus
2773 5381 2948 5432 dabat
2969 5382 3050 5431 eis
3081 5383 3452 5445 pronuntiare
3484 5383 3613 5446 (Act.
3639 5381 3729 5445 2.).

2131 5445 2240 5497 Sed
2277 5460 2394 5499 non
2428 5450 2506 5498 ibi
2553 5456 2800 5516 tantum,
2843 5453 2942 5502 ubi
2967 5453 3185 5516 impleti
3210 5459 3366 5517 sunt,
3392 5445 3726 5506 sonuerunt.

2192 5517 2242 5571 5.
2281 5519 2342 5567 In
2371 5536 2584 5570 omnem
2618 5528 2818 5572 terram
2853 5525 3018 5572 exivit
3041 5539 3204 5573 sonus
3227 5533 3488 5586 eorum,et
3514 5527 3574 5574 in
3599 5528 3729 5589 fines

2127 5589 2270 5638 orbis
2306 5598 2454 5640 terra:
2502 5594 2660 5644 verba
2695 5610 2902 5646 eorum.
2948 5595 3080 5647 ideo
3101 5601 3158 5648 et.
3176 5609 3284 5648 nos
3306 5596 3400 5648 hic
3421 5595 3725 5662 loquimur.

2127 5664 2311 5716 Sonus
2331 5665 2483 5716 enim
2506 5666 2600 5718 ille
2624 5681 2809 5731 usque
2824 5669 2896 5720 ad
2925 5682 3032 5721 nos
3051 5670 3329 5734 pervenit.

2187 5735 2240 5792 6.
2275 5739 2342 5788 In
2363 5738 2478 5812 sole
2485 5741 2667 5804 posuit
2687 5741 3094 5792 tabernaculum
3109 5756 3290 5795 suum.
3307 5743 3594 5796 Dominus
3620 5742 3723 5809 (Ea:

548 5895 735 5950 Locus
755 5896 817 5950 in
843 5902 1077 5952 auctore
1106 5899 1376 5953 inversus
1397 5898 1537 5954 vitio
1558 5897 1944 5964 librariorum,
1967 5901 2268 5955 restitutus
2301 5907 2360 5955 et
2386 5904 2726 5968 explicatus.
