3890 6386
487 366 583 428 731
1543 351 1798 413 RUFINO
1837 343 2288 405 PRESBYTEBO
2324 341 2696 402 ASCRIPTUS
3651 337 3756 394 περ

496 485 557 539 τις,
591 487 763 540 (me...
808 485 890 539 ειη
936 482 1134 539 laboris
1160 479 1427 536 deferunt,
1479 476 1630 533 Atius
1678 484 1906 544 namque
1947 466 2060 544 adi-
2090 463 2140 522 Α
2167 463 2309 544 ειῖιιίἸ
2339 465 2519 520 reduci
2562 464 2630 520 ad
2674 461 2986 518 memoriam
3033 461 3295 534 deposcit.
3337 459 3488 519 Unde
3525 468 3582 518 et
3630 462 3753 516 sub-

811 535 1403 612 lrottoribiisexsndat,
1458 548 1620 620 alius“
1647 535 2064 620 multiplicandis
2162 535 2382 620 ,ἱσιιιείιέ

497 612 834 680 lacullatibus
865 633 1075 687 aestuat,
1107 624 1242 678 alius
1272 615 1651 696 promerendis
1682 612 1927 667 laudibus
1949 623 2064 696 an:

498 697 660 750 ltelat.
710 697 812 752 Sed
863 695 986 761 quia
1035 705 1220 746 cuncta
1272 691 1386 746 bmc
1431 689 1517 761 llic
1560 689 1783 761 qui~que
1830 689 2065 761 moriens

498 767 713 830 deserit,
741 757 949 818 labores
990 764 1040 817 in
1069 779 1289 818 vacuum
1321 759 1566 830 perdidit.
1611 757 1700 830 qui
1730 767 1912 808 secum
1941 760 2065 830 unte

497 819 724 904 iudicem
758 835 884 888 ntbil
919 834 1058 888 tulit.
1089 835 1238 888 Tunc
1288 819 1548 904 reprobus
1589 819 1816 897 quisque
1844 819 2068 904 confun-

401 936 408 940 -
496 900 656 969 ditur,
684 923 803 959 cum
829 904 990 975 judex
1035 906 1272 960 exterius
1318 900 1578 962 cernitur,
1630 905 1697 976 et_
1725 908 1901 976 omnis
1937 900 2068 976 ante

495 962 678 1032 oculos
702 962 852 1041 culpa
883 976 1198 1029 reducitur:
1227 989 1345 1029 cum
1378 977 1656 1044 accusator
1685 966 1908 1020 interius
1937 962 2068 1044 toole-

496 1057 659 1108 ratur,
708 1055 762 1102 et
792 1039 943 1100 mens
974 1060 1134 1110 super
1160 1047 1421 1113 gehennae
1451 1039 1693 1113 incendia
1727 1049 1826 1089 suo
1855 1039 2069 1113 gravius

493 1116 614 1177 igne
640 1103 932 1171 cruciatur.
967 1103 1076 1169 lloc
1105 1103 1264 1169 etiam
1295 1114 1347 1167 in
1378 1109 1692 1167 confusione
1720 1103 2066 1177 reprobornm

497 1171 743 1250 vertitur,
777 1187 916 1256 quod
945 1187 1236 1241 electorum
1264 1183 1485 1252 gloriam
1519 1171 1872 1256 cozspiciunt,
1918 1183 1974 1224 ιιι
2003 1171 2068 1256 ad

499 1258 697 1322 majora
730 1241 908 1310 reatus
947 1258 1026 1310 sui
1084 1241 1339 1323 supplicia
1389 1251 1605 1323 repnisi
1642 1241 1876 1309 videant,
1928 1241 2068 1323 qttod

497 1313 838 1391 perdiderunt
873 1343 888 1380 :
921 1326 1110 1380 borum
1141 1313 1378 1379 extrema
1404 1313 1664 1378 conlusio.
1697 1327 1892 1391 aeterna
1916 1313 2070 1366 dam-

499 1388 644 1448 natio
684 1405 789 1446 est.
821 1393 994 1457 Quam
1026 1408 1093 1445 nc
1121 1403 1426 1446 conversus
1459 1393 1562 1443 istc
1604 1401 1702 1456 per
1744 1388 1912 1441 latam
1946 1399 2073 1457 gra-

495 1463 692 1520 diendo
716 1453 1077 1532 viatri(.llatth.
1100 1460 1470 1525 7.),incurrat,
1488 1453 1781 1532 Dominum
1800 1453 2078 1532 sunnthn-

495 1534 691 1587 utiliter
716 1528 900 1589 exorat
929 1537 1132 1597 dicens,
1172 1533 1294 1586 Viae
1333 1539 1480 1592 tuas,‘
1502 1530 1738 1591 Domine,
1779 1528 2073 1580 demonstra

494 1603 637 1661 mihi,
662 1615 707 1656 et
728 1608 930 1658 semitas
959 1614 1072 1656 tuas
1100 1605 1252 1656 edoce
1278 1620 1374 1657 me.
1412 1603 1510 1656 Per
1537 1602 1646 1653 vias
1678 1598 1863 1652 latiora
1894 1605 1949 1650 et
1977 1597 2071 1650 mi.

497 1689 624 1726 nnra
659 1684 923 1742 prmi-cpta
952 1676 1169 1742 iustitia:
1200 1682 1422 1743 possunt
1450 1670 1706 1743 intelligi._
1728 1668 1828 1743 Per
1854 1667 2072 1743 semitas

495 1759 622 1796 vero
650 1738 850 1799 altiora
884 1738 1214 1812 ctrperlecta'
1263 1743 1529 1798 mandata.
1563 1741 1642 1794 Ad
1695 1739 1936 1812 latiorem
1961 1738 2074 1812 jus-

2239 604 2294 656 7.
2338 605 2531 660 Delicta
2551 607 2836 676 juventam
2877 621 3022 670 mete,
3054 614 3102 658 et
3145 604 3462 676 ignorantia:
3507 619 3647 659 mea:
3690 622 3728 660 It

2167 677 2475 732 memineris.
2501 675 2626 732 Ideo
2651 679 2746 741 ait,
2773 676 3095 739 Juventutis,
3127 675 3247 744 quia
3280 675 3395 729 haec
3420 684 3551 729 alas
3579 677 3738 744 mugit

2169 759 2382 818 semper
2408 757 2492 803 est
2531 759 2701 816 prona
2747 749 2814 802 ad
2855 747 3225 818 peccandum.‘
3250 746 3313 800 Et
3362 746 3413 800 in
3438 746 3545 818 bac
3590 756 3744 800 aetatil

2171 814 2503 880 potissimum
2541 814 2826 888 corrigere
2854 814 3080 887 quisque
3107 831 3167 872 se
3195 815 3377 879 debet,
3406 816 3544 888 sicut
3576 818 3748 884 scrip-

2171 895 2278 958 tu_m
2314 897 2439 958 est,
2480 888 2612 954 Fili,
2665 887 2716 942 a’
2743 889 3021 958 iuventute
3073 896 3162 958 tua
3217 888 3404 958 excipe
3447 887 3747 958 doctrinam

2172 953 2362 1027 (Ecclt'.
2438 959 2544 1028 6.).
2599 959 2664 1012 Et
2714 953 3012 1019 sciendum,
3062 955 3183 1022 quia
3239 957 3413 1028 tribus
3465 957 3637 1028 modis
3689 959 3750 1012 tit

2170 1026 2330 1083 «tuine
2354 1026 2649 1094 peccatum.
2675 1028 2729 1084 1d
2751 1038 2856 1091 est,
2873 1041 2960 1082 aut
2983 1028 3286 1092 studio,ant
3308 1026 3631 1089 inﬁrmitate,
3655 1037 3748 1082 aut

2173 1098 2489 1168 ignorantia.
2514 1100 2701 1155 Studia
2726 1099 2962 1168 peccavit
2982 1098 3168 1164 ludas,
3193 1098 3500 1152 infirmitate
3532 1098 3747 1164 Petrus,

2172 1167 2658 1252 ignorantialos
2687 1167 2897 1252 Paulus.
2917 1170 3158 1252 “Peccata
3194 1169 3440 1252 sttrdii‘et
3467 1168 3752 1252 infirmita-

2173 1237 2242 1293 tis
2273 1237 2543 1295 conclndﬁ
2563 1237 2587 1304 ζ
2609 1237 2730 1295 cum
2773 1243 2884 1305 ait,
2915 1239 3116 1294 Delicta
3135 1238 3605 1310 jnventutisrmete.
3650 1239 3748 1295 .ln-

2174 1324 2367 1366 ventus
2394 1313 2537 1365 enim
2573 1312 2672 1381 (ut
2701 1311 2976 1376 diximus)
3023 1309 3178 1379 prava
3227 1318 3312 1364 est
3357 1318 3411 1363 et
3438 1309 3644 1381 iniirma
3674 1311 3747 1364 ad

2172 1379 2613 1450 delinquendum.
2658 1383 2880 1436 Peccata
2933 1397 3062 1436 vero
3114 1381 3426 1449 ignorantia:
3473 1379 3744 1447 designat,

2173 1468 2294 1506 cum
2325 1451 2638 1522 subiungit,
2672 1451 2738 1506 Et
2774 1453 3087 1523 ignorantia;
3125 1467 3264 1506 mea:
3315 1467 3395 1504 me
3438 1452 3749 1523 memineris.

2173 1525 2251 1578 Ac
2280 1523 2324 1577 si
2364 1523 2605 1590 diceret,
2641 1522 2837 1578 Delicta
2865 1566 2878 1587 ,
2907 1538 3026 1593 quae
3053 1522 3151 1578 feci
3179 1563 3195 1584 ,
3244 1531 3336 1575 aut
3366 1536 3459 1588 per
3485 1522 3746 1588 studium,

2175 1603 2266 1648 aut
2297 1608 2390 1663 per
2419 1595 2806 1658 inﬁrmitatem,
2832 1603 2925 1646 aut
2955 1609 3051 1661 per
3081 1593 3456 1663 ignorantiam,
3493 1607 3560 1645 ne
3585 1593 3749 1646 redu-

2173 1680 2268 1718 cas
2296 1662 2361 1718 ad
2410 1668 2722 1719 memoriam
2749 1707 2763 1728 .
2809 1680 2876 1718 ne
2906 1677 3151 1719 reserves
3175 1663 3240 1717 ad
3271 1662 3554 1716 vindictam
3582 1679 3596 1714 :
3649 1665 3748 1717 sed

2177 1746 2425 1802 tanquam
2456 1735 2702 1790 excidant
2732 1735 2848 1802 tibi,
2873 1745 2925 1789 et
2947 1733 3352 1789 utobliviscaris
3381 1733 3571 1788 delicta
3603 1749 3748 1796 mea,

495 1814 624 1886 tiliae
669 1814 897 1886 pertinet
929 1805 1087 1886 viain,
1127 1831 1245 1886 runt
1287 1830 1352 1868 ex
1392 1813 1552 1886 rebus
1594 1809 1856 1879 possessis
1883 1807 2073 1877 praeci-
2103 1825 2152 1884 B
2177 1808 2489 1886 recordetur
2533 1808 2639 1886 mei
2689 1805 3227 1886 misericurtliantna.
3269 1805 3333 1858 Et
3375 1805 3476 1858 hoc
3495 1814 3576 1857 est
3601 1806 3751 1886 quod

495 1885 670 1950 pimnr
697 1883 957 1938 decimam
999 1884 1128 1939 dare
1159 1883 1311 1953 (Luc.
1343 1883 1478 1953 18.),
1515 1893 1776 1953 pauperes
1799 1892 2069 1945 recreare,

496 1953 668 2024 nudos
700 1955 900 2024 vestire
933 1955 1143 2024 (Matth.
1169 1950 1316 2023 25.),
1354 1950 1709 2024 ele’emusynis
1738 1958 1955 2024 peccata
1990 1963 2076 2024 re-

493 2023 703 2078 dimere
723 2023 898 2148 (Dan.
929 2019 1033 2092 4.),
1072 2035 1122 2079 et
1152 2019 1358 2079 creteris
1389 2019 1640 2092 operibus
1678 2019 1833 2090 108
1863 2019 2074 2073 miseri-

495 2094 694 2147 cordiae
759 2098 1013 2148 eservire.
1049 2096 1127 2148 Ad
1157 2095 1377 2148 semitas
1411 2104 1590 2148 autem
1633 2102 1900 2148 pertinere
1929 2090 2074 2143 vide-

495 2094 694 2147 cordite
723 2090 1026 2149 deservire.»
1049 2096 1127 2149 Ad
1157 2095 1377 2149 semitas
1411 2090 1590 2148 autem
1633 2102 1900 2160 pertinere
1929 2090 2074 2143 vide-

498 2174 603 2228 tur,
638 2180 755 2219 cum
787 2166 1056 2231 omnibus,
1097 2182 1216 2234 qua:
1269 2165 1545 2226 habemus,
1579 2162 1895 2217 rennnciare
1921 2161 2076 2234 inbe-

497 2250 639 2306 mur,
666 2246 854 2290 cuncta
875 2253 993 2306 qua:
1020 2232 1202 2290 mundi
1230 2246 1374 2299 sunt,
1400 2235 1692 2306 despicere,
1718 2232 2073 2306 nosmetipsos

494 2305 778 2374 almcgare,
815 2300 977 2360 Deum
1008 2323 1073 2361 ex
1107 2317 1218 2361 toto
1259 2310 1422 2361 corde
1465 2305 1706 2374 diligere.
1746 2300 1879 2374 istas
1908 2302 2071 2370 spiri—

495 2373 667 2429 tuales
711 2377 830 2440 ,vias
877 2388 929 2432 et
974 2378 1194 2431 semitas
1239 2378 1422 2431 electis
1452 2373 1576 2430 suis
1612 2373 1868 2427 Dominus
1917 2383 1970 2426 et
2020 2374 2072 2426 in

498 2445 790 2514 Scriptnris
816 2448 1052 2502 exterius
1082 2449 1434 2513 demonstrat,
1467 2456 1520 2501 et
1564 2444 1788 2500 interius
1820 2447 1869 2495 in
1910 2443 2074 2498 corde

495 2529 590 2584 per
635 2519 822 2586 gratiae
869 2519 1247 2586 aspirationem
1297 2518 1492 2571 docere
1543 2532 1645 2570 non
1686 2524 1861 2586 cessat
1893 2530 1913 2586 :A
1941 2528 2072 2586 qua-

500 2584 660 2639 tvnus
684 2587 877 2641 eruditi
919 2584 968 2642 et
1001 2604 1238 2643 errorem
1271 2589 1440 2643 vitae
1484 2588 1676 2651 sciant,
1713 2595 1768 2639 et
1813 2584 1970 2655 dirigi
2018 2585 2070 2638 in

497 2657 742 2710 Veritate.
777 2657 840 2711 Et
869 2659 986 2712 ideo
1015 2659 1287 2729 subjungit
1319 2675 1333 2712 :

565 2771 616 2826 5.
665 2771 840 2842 Dirige
862 2790 938 2827 me
967 2776 1019 2828 in
1043 2775 1250 2828 veritate
1277 2783 1385 2838 tua,
1415 2783 1460 2826 et
1492 2773 1615 2827 dare
1638 2789 1714 2827 me
1741 2787 1760 2825 :
1785 2773 1906 2842 quia
1940 2781 1991 2825 tu
2021 2789 2074 2827 es

499 2842 636 2897 Deus
664 2845 903 2899 Salvator
929 2862 1090 2911 meus,
1115 2855 1158 2897 et
1193 2855 1239 2899 te
1264 2845 1480 2897 sustinui
1511 2853 1616 2897 tota
1640 2843 1746 2897 die.
1778 2843 1908 2910 Quia
1943 2843 2072 2899 nihil

495 2914 549 2969 in
577 2929 662 2969 me
693 2914 865 2970 habeo
894 2915 992 2969 nisi
1018 2915 1382 2970 tortitudiuem
1408 2914 1629 2984 peccati,
1656 2923 1706 2967 et
1735 2914 2072 2968 mendacium

496 2986 697 3039 erroris
727 3025 744 3052 ,
778 2986 900 3041 ideo
932 3001 1151 3040 necesse
1182 2985 1284 3049 est,
1322 2995 1377 3038 ut
1409 2987 1460 3039 in
1491 2985 1714 3040 veritate
1741 2985 1938 3053 dirigas
1968 2997 2076 3038 tor-

497 3063 732 3122 tuosum,
761 3069 814 3112 et
840 3058 1037 3112 doceas
1064 3057 1326 3126 ignarum.
1351 3056 1502 3124 Quod
1533 3057 1650 3108 ideo
1673 3054 1850 3126 debes,
1874 3055 2072 3122 facere,

496 3127 617 3192 quia
671 3135 725 3180 tu
782 3143 840 3182 es
890 3127 1030 3182 Deus
1077 3125 1249 3192 meus,
1300 3129 1387 3196 qui
1437 3141 1524 3181 me
1570 3126 1784 3189 creasti,
1832 3125 2076 3180 Salvator

497 3210 668 3281 tuens,
695 3199 782 3265 qui
817 3198 1203 3281 meredem'isti
1238 3215 1251 3252 :
1285 3193 1442 3281 quem
1476 3203 1580 3250 tota
1611 3197 1699 3281 die
1736 3196 1986 3281 sustinui,
2021 3197 2072 3281 id
2099 3193 2146 3257 C

491 3265 708 3322 assidue
739 3269 1040 3338 expectavi.
1081 3268 1229 3324 Unus
1269 3265 1381 3322 dies
1411 3283 1515 3322 non
1549 3265 1824 3338 prmteriii,
1867 3268 1991 3336 quin
2024 3277 2074 3322 te

495 3337 822 3393 sustinerem
873 3355 889 3395 :
944 3354 1044 3394 nec
1090 3341 1365 3408 prosperis
1419 3352 1519 3393 nec
1581 3337 1834 3408 adversis,
1873 3338 2075 3393 moveri

533 3410 666 3476 otui,
705 3411 831 3477 quin
865 3409 917 3464 in
951 3419 1004 3465 te
1033 3407 1245 3478 semper
1271 3425 1420 3477 spem
1453 3423 1625 3462 meam
1666 3407 2074 3462 c0nstituerem.

545 3479 591 3548 cl
623 3488 746 3546 post
771 3483 1012 3548 cognitas
1040 3482 1152 3534 vias
1175 3487 1230 3534 et
1255 3481 1491 3545 semitas,
1519 3479 1568 3533 id
1591 3488 1692 3543 est,
1719 3487 1837 3546 post
1865 3479 2074 3546 cognita

494 3547 683 3601 latiora
732 3547 1004 3615 mandata,
1050 3559 1110 3605 ut
1137 3557 1239 3615 est,
1272 3549 1386 3604 Non
1419 3548 1654 3611 occides,
1687 3563 1792 3602 non
1840 3548 2072 3604 mter-lia-

494 3616 660 3683 beris,
694 3635 798 3674 non
831 3621 1028 3675 fnrttun
1067 3619 1248 3684 iacies,
1277 3629 1332 3674 et
1361 3619 1555 3675 similia
1585 3618 1804 3689 (Matth.
1835 3619 1947 3690 l9.)
1975 3636 1989 3674 :
2022 3630 2078 3675 et

494 3697 615 3754 post
655 3693 862 3760 cognita
911 3691 1099 3744 altiora
1141 3690 1412 3760 mandata,
1445 3698 1502 3744 ut
1531 3700 1632 3760 est,
1664 3690 1862 3760 Diliges
1893 3691 2075 3759 proxi—

494 3773 638 3834 mum
668 3757 838 3834 gnum,
861 3762 999 3834 sicut
1030 3761 1254 3834 teipsnm
1287 3759 1447 3834 (ιρις.
1472 3757 1607 3834 t0.),
1637 3768 1708 3834 et,
1733 3757 1860 3834 Quae
1890 3757 2071 3834 vultis,

496 3837 556 3914 ut
582 3828 775 3914 iaciant
794 3832 942 3914 vobis
962 3828 1226 3914 bomines,
1243 3828 1407 3914 et'vos
1425 3828 1704 3914 facitei‘llis
1726 3830 1939 3914 (Matth.
1966 3830 2069 3914 7:),

493 3908 567 3961 et,
599 3900 808 3972 Diligite
840 3903 1084 3958 inimicos
1111 3915 1335 3966 vestros,
1367 3901 1664 3958 benefacite
1691 3900 1774 3962 bis
1814 3904 1900 3971 qui
1947 3900 2076 3956 ode-

494 3978 618 4050 runt
648 3987 741 4028 vos
771 3972 982 4043 (Matth.
1015 3973 1119 4050 5.),
1151 3983 1256 4050 etc.
1297 3973 1581 4050 Postquam
1615 3975 1714 4028 bas
1746 3972 1860 4050 vias
1889 3981 2073 4050 et_se-

495 4043 652 4108 mitas
681 4043 1148 4101 monstraveris’et
1167 4043 1645 4112 docueris,’Dirige
1676 4059 1753 4097 me
1789 4044 1843 4096 in
1869 4043 2076 4096 veritate

493 4119 603 4184 tua,
635 4113 788 4180 idest,
822 4114 904 4170 lac
931 4131 1017 4170 me
1045 4124 1247 4172 rectum
1277 4116 1329 4170 in
1361 4115 1675 4184 Operatione
1709 4112 1929 4184 jusiitia:
1963 4129 1976 4164 :
2011 4112 2075 4166 Et

495 4181 620 4236 doce
646 4200 744 4248 me,
777 4185 826 4238 id
857 4194 957 4249 est,
989 4186 1070 4240 fac
1099 4187 1228 4240 mihi
1252 4181 1457 4249 notum,
1479 4186 1600 4252 quia
1632 4191 1688 4238 tu
1713 4181 1777 4237 es
1797 4183 1940 4238 Deus
1960 4184 2075 4239 Sal-

493 4261 644 4307 vator
672 4268 846 4323 mens,
882 4256 929 4309 id
962 4268 1066 4324 est,
1100 4265 1312 4312 creator
1335 4265 1390 4311 et
1437 4261 1765 4322 redemptor.
1798 4258 1877 4309 Ac
1919 4253 1964 4324 si
1995 4254 2076 4308 di-

491 4331 661 4388 ceret,
700 4325 838 4382 Doce
869 4342 955 4382 me
983 4323 1114 4393 vias,
1147 4326 1344 4395 quibus
1384 4325 1450 4380 ad
1495 4325 1770 4380 veritatem
1811 4323 2022 4380 veniam
2055 4342 2069 4380 :

491 4407 594 4466 qua
627 4396 913 4464 completa,
956 4398 1024 4452 ad
1071 4396 1323 4464 teipsum,
1375 4395 1464 4466 qui
1509 4395 1705 4450 veritas
1751 4410 1810 4450 es
1859 4407 1912 4452 et
1963 4395 2072 4450 vita

490 4462 673 4532 (loan.
707 4462 841 4536 ιλ),
883 4462 1316 4540 εοεηοεεόηάνιιί
1353 4462 1406 4521 ei
1451 4466 1825 4533 perimendum
1869 4468 2071 4540 pertin-

488 4551 633 4604 gam,
660 4547 712 4590 et
741 4539 1088 4608 pertingenth
1116 4537 1428 4592 sustineam.

559 4625 614 4678 ϐ.
655 4627 806 4692 Quod
838 4638 893 4679 ut
923 4627 1092 4694 possit
1132 4627 1269 4689 ﬁeri,
1319 4627 1658 4683 lientiniscere
1687 4629 2071 4683 miserationum

487 4707 712 4761 tuarum,
748 4695 983 4762 Domine.
1027 4709 1072 4750 et
1115 4699 1575 4752 misericordtaram
1622 4711 1848 4764 tuarum,
1888 4714 2001 4765 quat
2039 4717 2072 4754 α

485 4767 654 4822 seculo
700 4775 838 4818 sunt.
877 4765 1030 4820 Nulla
1073 4768 1272 4822 oblivio
1315 4770 1459 4823 cadit
1488 4771 1539 4824 in
1586 4769 1776 4835 Deum,
1819 4781 1872 4824 ut
1905 4770 2067 4823 remi-

486 4835 618 4889 nisci
649 4836 816 4904 possit
845 4839 939 4909 :_ei
971 4839 1136 4901 enim,
1170 4839 1258 4908 qui
1291 4851 1369 4895 est
1402 4856 1526 4894 vera
1555 4841 1841 4909 sapientia,
1876 4850 2067 4894 cuncta

485 4915 609 4978 sunt
629 4907 931 4974 praesentia.
963 4910 1066 4964 Sed
1093 4907 1322 4964 humano
1345 4926 1442 4966 usu
1463 4907 1717 4978 loquitur,
1743 4926 1860 4964 cum
1879 4920 2069 4965 exorat

485 4976 675 5042 Deum,
709 4989 766 5030 ut
811 4979 1203 5037 reminiscatur.
1237 4982 1399 5048 Quasi
1432 4976 1574 5035 enim
1621 4982 1816 5034 oblitus
1845 4984 2068 5034 misera-

487 5049 692 5119 tiunnm
723 5063 938 5103 suarum
989 5051 1125 5105 Deus
1170 5053 1364 5114 fuerat,
1405 5067 1525 5105 cum
1570 5061 1822 5119 tanquam
1877 5052 2063 5115 iratus,

482 5117 761 5187 subiacere
793 5132 1010 5189 peccato
1040 5126 1333 5176 humanum
1361 5137 1529 5190 genus
1553 5117 1914 5189 permittebat.
1938 5123 2069 5176 Orat

483 5205 632 5256 ergo,
686 5199 744 5244 nt
793 5194 1168 5247 reminiSCatur
1212 5194 1614 5246 miserationnm
1659 5205 1711 5246 et
1760 5193 2066 5246 misericor-

483 5261 690 5335 tliarutu
719 5276 958 5330 suarum,
985 5279 1108 5332 quae
1133 5279 1162 5315 a
1190 5264 1374 5335 secnlo
1402 5275 1528 5316 sunt
1571 5263 1847 5332 pra-linitur
1881 5262 2061 5335 (Prov.

482 5334 586 5398 8.).
622 5332 704 5385 Ab
733 5343 937 5386 aterno
965 5335 1106 5386 enim
1140 5334 1590 5401 prinoniinavcrat
1621 5335 1760 5389 Deus
1793 5332 2061 5397 uersuum

484 5404 904 5458 tttisericordiatn
939 5403 1202 5458 redimere
1247 5407 1532 5457 bntnanum
1564 5421 1750 5474 genus.
1786 5405 1929 5459 Bene
1971 5420 2070 5457 an-

482 5480 587 5525 tt-nt
641 5474 734 5537 ait,
787 5475 1169 5528 miseratiouum
1218 5485 1270 5528 et
1319 5478 1802 5529 misericordiarum.
1852 5475 2083 5538 Misera-_

485 5544 657 5598 tiones
687 5545 828 5598 enim
855 5547 921 5598 ad
954 5543 1340 5600 exbibitionem
1368 5552 1654 5614 pertinent,
1686 5545 2069 5600 misericordia:

484 5616 547 5664 ad
582 5615 987 5682 prmlinitionenr
1019 5618 1084 5671 de
1128 5617 1292 5670 tnulta
1322 5633 1418 5672 sua
1468 5617 1854 5672 misericordia.
1889 5615 2064 5670 Multae

477 5697 600 5739 sum
645 5686 1023 5740 miserationes
1053 5684 1199 5755 ejus.
1229 5685 1380 5741 Unde
1418 5687 1470 5740 in
1510 5702 1569 5742 se
1601 5700 1679 5742 est
1724 5687 2058 5752 misericors,

480 5755 605 5810 itttle
643 5766 726 5809 est
756 5760 1042 5810 miseratur
1081 5761 1134 5811 in
1179 5761 1335 5812 nobis
1379 5756 1548 5824 (Paul.
1591 5758 1684 5812 111
1722 5763 1760 5825 ).
1797 5759 2054 5813 Miserum

476 5825 603 5878 Ergo
630 5829 687 5865 se
730 5825 1024 5883 cognoscit,
1058 5834 1144 5887 qut
1195 5827 1637 5890 lul:.ct'lt.ol'tliil.tt,
1674 5837 1775 5892 qua
1807 5831 2055 5892 parcatur

2177 1877 2396 1932 subdit:
2431 1877 2730 1930 Secundum
2765 1875 3166 1932 misericordiam
3213 1885 3350 1928 tuam
3375 1886 3622 1927 memento
3648 1876 3751 1929 mei

2175 1957 2250 2001 tu.
2282 1947 2400 2002 Non
2427 1948 2723 2002 secundum
2756 1949 2913 2008 iram,
2941 1961 3098 2017 quam
3122 1948 3316 2006 merui,
3357 1943 3573 2015 Propter
3595 1946 3749 1998 boni-

2177 2027 2490 2073 tatemtttam
2515 2060 2530 2082 ,
2563 2017 2797 2072 Domine.
2848 2020 2961 2072 Non
3013 2026 3228 2086 p'opter
3265 2019 3514 2070 meritum
3541 2031 3746 2072 meum.

2179 2089 2530 2158 Egiqnidem
2563 2088 2748 2152 miser,
2798 2098 2851 2142 tn
2905 2088 3251 2143 misericors:
3297 2101 3398 2156 ego
3443 2087 3651 2158 malus,
3689 2097 3749 2141 tu

2176 2156 2369 2215 bonus.
2415 2161 2530 2215 Noli
2561 2174 2692 2230 ergo
2721 2174 2806 2214 me
2833 2159 3199 2230 attenderecx
3233 2172 3338 2230 me,
3367 2156 3461 2213 sed
3489 2173 3554 2212 ex
3585 2165 3637 2210 te
3666 2169 3752 2210 at-

2177 2234 2335 2284 tende
2383 2247 2485 2286 me.
2527 2228 2658 2284 Nam
2704 2245 2769 2284 ex
2819 2244 2906 2284 me
2947 2228 3073 2282 mibi
3103 2228 3404 2295 damnatio,
3436 2242 3501 2283 ex
3533 2235 3586 2282 te
3611 2230 3751 2282 mihi

2174 2301 2414 2358 salvatio.
2460 2303 2610 2357 Unde
2632 2310 2686 2356 et
2715 2301 2995 2368 sequitur:
3625 2337 3630 2340 -

2185 2397 2196 2412 -ι
2245 2370 2299 2425 8.
2342 2372 2522 2426 Dulcis
2571 2380 2618 2426 et
2663 2383 2828 2425 rectus
2872 2370 3156 2426 Dominus:
3198 2379 3404 2441 propter
3452 2369 3548 2423 Itoc
3585 2371 3751 2441 legem

2175 2445 2314 2497 dabit
2345 2443 2761 2513 delinquentibus
2790 2443 2845 2496 in
2883 2444 2992 2498 via.
3032 2443 3086 2497 In
3124 2441 3406 2513 dulcedine
3434 2451 3750 2496 mansuetu-

2174 2515 2279 2580 do,
2316 2515 2367 2568 in
2400 2511 2718 2568 rectitudine
2743 2511 2948 2582 jnstitia
2995 2515 3258 2582 signatur.
3302 2512 3750 2580 Plerumqnenos

2176 2601 2296 2639 cum
2327 2585 2698 2640 rectitudinem
2743 2585 3110 2653 exsequitnnr,
3160 2583 3620 2638 mansuetudinem
3652 2598 3749 2637 re-

2177 2656 2506 2724 linquimus:
2545 2666 2599 2710 et
2644 2671 2766 2710 cum
2818 2655 3279 2710 mansuetudinem
3326 2668 3542 2724 servare
3592 2657 3750 2720 cupi-

2176 2723 2339 2793 mus,
2382 2741 2410 2779 a
2460 2726 2780 2781 rectitudine
2821 2725 3042 2793 justitite
3090 2725 3438 2780 declinamus.
3483 2723 3749 2777 Dominus

2179 2811 2310 2852 vero
2335 2811 2399 2850 ac
2431 2798 2718 2851 Redemtor
2743 2809 2926 2850 noster
2967 2797 3043 2850 sic
3066 2807 3346 2864 utrumque
3376 2797 3426 2847 in
3452 2809 3510 2849 se
3537 2804 3751 2863 tempe-

2177 2881 2278 2927 rat.
2307 2877 2361 2922 ut
2390 2882 2487 2922 nec
2516 2867 2746 2923 dulcedo
2772 2868 3138 2922 rectitudincm
3158 2906 3174 2932 ,
3211 2879 3307 2921 nec
3340 2865 3599 2920 rectitudo
3620 2866 3749 2919 dul—

2175 2937 2416 2992 cedinem
2469 2940 2518 2991 in
2565 2939 2743 3006 aliquo
2771 2939 2993 2993 minuat.
3035 2939 3126 2994 Sic
3153 2937 3326 2992 dulcis
3353 2946 3433 2990 est
3466 2936 3747 3002 Dominus,

2178 3020 2236 3063 ut
2264 3023 2480 3079 peccata
2513 3009 2777 3075 dimittat;
2813 3010 2892 3064 sic
2923 3017 3099 3064 rectus
3126 3019 3228 3068 est,
3261 3019 3316 3060 ut
3360 3019 3476 3079 post
3504 3009 3748 3061 vocatio-

2180 3081 2262 3134 nis
2291 3090 2347 3136 et
2390 3082 2558 3134 venite
2605 3081 2827 3148 gratiam
2879 3080 3065 3134 ultimo
3111 3079 3309 3148 judicio
3357 3078 3516 3148 digna
3547 3079 3741 3148 inerita

2178 3155 2446 3220 exquirat.
2491 3147 2716 3218 Propter
2759 3152 2861 3205 hoc
2902 3151 2984 3204 lex
3034 3147 3152 3205 data
3201 3159 3284 3205 est
3311 3147 3748 3218 delinquentibus

2182 3223 2233 3274 in
2259 3224 2344 3277 via
2371 3241 2384 3275 :
2418 3234 2472 3276 ut
2504 3238 2567 3277 ex
2600 3223 2712 3292 lege
2752 3222 2854 3277 sibi
2884 3231 3100 3292 ostensa
3132 3229 3477 3292 recognoscat
3515 3220 3747 3290 quisque

2178 3292 2232 3346 in
2261 3308 2368 3362 quo
2395 3291 2712 3362 deliquerit,
2743 3303 2835 3348 act
2882 3291 3175 3346 admissum
3203 3291 3429 3362 qualiter
3453 3293 3748 3362 emendare

2177 3361 2365 3433 possit.
2424 3361 2558 3432 Quia
2607 3363 2750 3418 enini
2794 3363 2966 3419 dulcis
3007 3373 3090 3418 est
3133 3361 3422 3422 Dominus,
3468 3361 3587 3416 ideo
3634 3375 3746 3433 non

2176 3432 2288 3487 vult
2318 3445 2542 3489 mortem
2569 3435 2888 3503 peccatoris,
2918 3433 3011 3488 sed
3040 3444 3096 3487 ut
3121 3442 3484 3500 convertatur,
3515 3443 3569 3484 et
3596 3432 3746 3486 vivat

2177 3503 2391 3576 (Etet-It.
2425 3505 2564 3575 35.).
2608 3505 2829 3570 Rursus,
2863 3507 2985 3574 quia
3016 3515 3191 3558 rectus
3222 3513 3324 3572 est,
3357 3503 3584 3576 idipsnm
3616 3517 3746 3569 pec-

2175 3573 2352 3630 catum
2380 3591 2485 3630 non
2524 3573 2768 3631 dimittit
2810 3573 3144 3645 impunitum.
3209 3576 3430 3645 Propter
3471 3573 3569 3627 hoc
3611 3589 3747 3642 ergo

2178 3646 2260 3700 lex
2301 3647 2734 3716 delinquentibus
2783 3647 2960 3713 datur,
3008 3655 3074 3716 nt
3108 3647 3398 3701 secundum
3448 3647 3612 3716 legem
3653 3653 3748 3698 aut

2175 3715 2530 3786 corrigantur,
2563 3729 2653 3773 aut
2685 3717 3010 3787 iudicentur.
3049 3715 3180 3770 Cum
3217 3717 3370 3771 audis
3399 3717 3536 3784 quod
3571 3715 3749 3768 Domi-

2178 3804 2276 3842 nus
2311 3799 2430 3842 tuus
2453 3789 2624 3844 dulcis
2652 3786 2764 3848 est,
2791 3790 3009 3842 attende
3032 3788 3158 3858 quid
3186 3789 3396 3858 diligas.
3422 3789 3558 3858 Cum
3586 3786 3748 3858 anilis

2177 3874 2376 3928 rectus,
2407 3861 2622 3915 attende
2651 3859 2775 3929 quid
2802 3861 3024 3913 timeas:
3051 3856 3116 3913 ut
3135 3856 3319 3929 amore
3346 3869 3401 3912 et
3431 3857 3622 3929 timore
3653 3856 3746 3910 Dei

2176 3930 2459 4001 excitatus,
2493 3928 2806 4001 legentejus
2829 3929 3124 3985 custodias.
3154 3928 3362 3983 Caritas
3392 3928 3748 4001 emm_implet

2177 4000 2345 4071 legem
2385 3997 2564 4070 (liam:
2599 4000 2756 4071 l5.):
2810 4003 2968 4055 titnor
3013 4009 3190 4071 castus
3234 4011 3407 4071 servat
3439 3997 3744 4053 caritatem.

2180 4070 2304 4126 llaec
2333 4082 2559 4143 utraque
2609 4070 2778 4127 virtus
2819 4082 2873 4126 et
2905 4071 3029 4125 vitia
3075 4070 3372 4142 extinguit,
3417 4080 3472 4125 et
3517 4071 3746 4125 virtutes

2177 4143 2362 4212 gignit.
2405 4143 2556 4199 Unde
2585 4155 2640 4198 et
2669 4144 2950 4198 subditur:
3547 4166 3550 4168 ·

2246 4211 2299 4266 9.
2345 4213 2538 4282 Diriget
2579 4224 2866 4268 mansuetos
2909 4213 2962 4267 in
2982 4213 3216 4283 judicio,
3249 4212 3443 4266 docebit
3467 4212 3612 4283 mites
3639 4211 3749 4264 uias

2175 4299 2316 4338 sitas.
2358 4285 2617 4340 Marrsneti
2661 4285 2935 4347 dicuntur,
2982 4281 3075 4353 qui
3104 4284 3155 4338 in
3185 4299 3244 4339 se
3271 4295 3394 4337 sunt
3417 4281 3619 4350 quieti:
3652 4284 3745 4350 qui

2178 4371 2282 4409 non
2312 4358 2636 4418 irascuntur,
2670 4370 2776 4410 non
2807 4357 3168 4421 contendunt,
3203 4371 3308 4410 non
3338 4356 3598 4407 rixantur.
3653 4353 3750 4407 Mi-

2177 4435 2257 4481 tes
2283 4436 2438 4490 sunt,
2487 4428 2575 4496 qni
2605 4428 2830 4482 aliorum
2873 4428 3225 4481 contumelias
3247 4464 3264 4492 ,
3297 4425 3416 4496 iras
3444 4435 3496 4478 et
3525 4423 3748 4496 injurias

2181 4501 2442 4566 patienter
2465 4495 2750 4553 sustinent.
2796 4500 2869 4552 De
2899 4496 3096 4552 talibus
3127 4501 3240 4566 ipsa
3269 4495 3476 4558 Veritas
3505 4496 3598 4557 ait,
3642 4495 3750 4550 Sn-

2101 4567 2154 4626 D
2183 4565 2277 4634 per
2297 4584 2455 4638 quem
2487 4569 2773 4637 requiescit
2802 4569 3017 4634 spiritus
3047 4565 3218 4633 meus,
3252 4567 3354 4620 nisi
3383 4580 3542 4634 super
3573 4565 3749 4638 humi-

2175 4633 2280 4693 lem
2302 4633 2355 4694 et
2385 4633 2644 4707 quietum,
2675 4651 2730 4694 et
2757 4633 3074 4694 trementem
3100 4652 3381 4707 sermones
3410 4651 3559 4690 meos
3586 4633 3742 4705 (lui.

2176 4710 2350 4780 (56.)7.
2376 4713 2533 4765 'l'ales
2573 4710 2758 4781 dirigit
2796 4709 3056 4781 Dominus
3099 4710 3153 4781 in
3199 4706 3428 4781 judicio,
3476 4709 3598 4781 quia
3642 4706 3747 4773 ipsi

2173 4778 2418 4846 Spiritum
2451 4782 2540 4838 Dei
2574 4778 2767 4834 habent
2801 4779 2875 4850 (‘2.
2907 4779 3028 4835 Cor.
3061 4779 3178 4851 7.):
3215 4790 3266 4851 et
3305 4778 3594 4851 Spiritualis
3622 4793 3746 4851 utn-

2174 4853 2261 4905 nia
2289 4852 2524 4920 indicat,
2570 4855 2683 4921 ipse
2727 4849 2856 4907 vero
2902 4867 2932 4902 a
2978 4849 3190 4907 nemine
3215 4850 3485 4919 iudicatur
3514 4849 3588 4918 (l.
3622 4849 3742 4901 Cor.

2171 4925 2272 4990 2.).
2319 4925 2477 4977 Tales
2527 4940 2634 4977 non
2685 4936 3015 4992 pl'ﬂ'SttlﬂtllH
3056 4937 3242 4992 regere
3285 4921 3644 4992 setnetipsus,
3691 4930 3747 4973 et

2175 4997 2296 5050 ideo
2323 4995 2624 5063 diriguntur
2651 4991 2977 5048 a'Dumino:
3016 4991 3215 5047 faciunt
3242 4991 3384 5046 enim
3417 5007 3536 5063 eum
3566 4999 3746 5063 recto-

2171 5081 2284 5122 rem
2331 5058 2485 5120 snuin
2511 5107 2524 5126 ,
2581 5081 2752 5134 neque
2799 5065 3140 5119 recalcitrant
3179 5075 3391 5134 quanto
3421 5061 3516 5134 eis
3560 5058 3744 5131 jngum

2170 5153 2333 5190 suave
2379 5133 2676 5202 imponitur
2711 5151 2767 5190 et
2813 5151 2950 5190 onus
3000 5137 3116 5189 leve
3158 5133 3376 5205 (Matth.
3415 5133 3547 5205 ii.).
3583 5136 3746 5205 (Quas

2171 5221 2346 5261 autem
2381 5209 2496 5259 vias
2523 5207 2742 5262 doeebit
2767 5223 2880 5272 eos,
2915 5203 3176 5271 ostendit,
3198 5220 3318 5259 cum
3350 5203 3658 5273 subjungit:

2243 5279 2330 5332 10.
2375 5276 2636 5331 Univeme
2677 5280 2770 5332 via:
2805 5275 3011 5330 Domini
3059 5276 3406 5331 misericordia
3455 5290 3499 5328 et
3543 5276 3742 5336 veritas,

2173 5348 2544 5419 requirentibus
2592 5360 2946 5403 testamentum
2991 5350 3133 5416 ejus,
3184 5359 3232 5402 et
3278 5346 3740 5419 testimoniaque.

2177 5417 2419 5502 llas_vias
2448 5419 2555 5491 (Ea:
2584 5420 2892 5502 Augustino)
2924 5421 3143 5502 docebit
3167 5433 3262 5472 eos
3277 5456 3306 5502 ρ-
3344 5419 3477 5502 idest
3497 5459 3513 5482 ,
3542 5417 3741 5497 miseri-

2174 5492 2412 5545 cordiam
2440 5535 2455 5559 ,
2505 5506 2606 5559 qua
2640 5491 2915 5559 placabilis
2940 5499 3054 5545 est:
3099 5501 3151 5543 et
3181 5491 3455 5544 veritatem
3482 5526 3498 5549 ,
3531 5505 3631 5558 qua
3662 5491 3741 5538 in-

2173 5575 2454 5631 corruptus
2481 5572 2584 5615 est.
2616 5564 2852 5628 Quorum
2888 5577 3047 5614 unum
3082 5562 3328 5628 prtebnit,
3354 5559 3602 5612 donando
3625 5573 3740 5625 pec-

2173 5647 2288 5687 cata
2317 5650 2329 5686 :
2362 5633 2591 5687 alterum
2639 5633 2826 5688 merita
2872 5633 3184 5700 iudicando.
3235 5632 3301 5686 Et
3332 5631 3450 5683 ideo
3481 5632 3740 5684 universa

2176 5706 2276 5757 via:
2307 5704 2536 5757 Domini.
2580 5705 2692 5756 tino
2719 5705 2986 5757 adventus
3013 5702 3128 5756 Filii
3161 5703 3287 5757 Dei:
3319 5717 3456 5755 unus
3492 5703 3738 5754 miseran-

2173 5779 2259 5838 tis,
2298 5777 2453 5845 llo
2479 5775 2616 5828 alter
2643 5773 2952 5843 judicantis.
2996 5773 3300 5842 lntelligunt
3341 5783 3535 5845 anteur
3571 5768 3737 5845 Dolui-

2171 5841 2729 5901 riunt—tITtScricordcm
2760 5848 2930 5913 primo
2958 5841 3219 5911 adventu,
3261 5855 3314 5899 ct
3339 5841 3575 5898 secundo
3600 5842 3733 5911 judi-
