3890 6398
449 375 552 409 ’τιξκ

455 395 554 433 ωδ

1509 369 1761 429 RUFINO
1799 367 2253 430 PRESBYTERO
2292 365 2668 426 ASCRIPTUS

3618 364 3722 423 736

449 488 594 556 quod
627 491 770 546 latet,
803 490 1058 565 appareat
1081 502 1093 537 :
1115 493 1182 565 _et
1227 483 1400 565 virttis
1424 466 1429 471 ’
1450 497 1544 565 per
1574 482 1888 564 patientiam
1937 497 2034 565 εξ·
2059 484 2112 542 Α
2141 477 2610 565 ρετιιοξιιηικδίμε
2629 484 3105 565 se_prtesuntet;rt,
3132 478 3194 565 gsi
3223 478 3276 535 in
3299 493 3358 535 se
3379 477 3720 565 gloriaretur,

419 568 422 572 ‘
451 551 680 613 crescat.
727 551 851 614 Sed’
872 551 1028 610 electi
1055 595 1071 617 ,
1094 554 1223 623 dum
1256 551 1473 623 maligni
1503 551 1676 608 hostis
1705 559 2035 606 tentamenta

452 629 598 682 intus
624 639 672 681 et
704 627 936 682 exterius
969 622 1227 684 sentiunt,
1257 625 1323 677 de
1353 622 1414 676 se
1445 624 1496 675 in
1531 623 1676 676 nullo
1706 635 2037 689 pratsumen-

452 705 558 757 tes,
589 713 711 751 mox
743 697 807 751 ad
836 698 915 748 sui
949 696 1267 763 protectoris
1299 693 1394 763 Dei
1421 692 1675 763 auxilium
1711 700 1991 746 recurrunt
2017 708 2031 744 :

455 783 524 822 ne
553 765 912 822 erubescenda
955 762 1304 818 crmmittant
1328 805 1342 827 ,
1387 762 1659 817 humiliter
1687 769 1945 817 exorant:
1979 772 2037 816 et

455 847 515 890 ιιι
539 836 778 891 exaudiri
811 843 1136 898 mereantur,
1169 837 1282 902 spei
1321 847 1381 888 se
1424 832 1733 888 fortitudine
1761 832 2033 888 roborant.

455 909 603 973 Quod
636 923 754 960 cum
787 904 1004 974 perfecti
1040 905 1231 958 faciunt
1257 942 1272 965 ,
1305 914 1530 958 caeteros
1557 905 1624 960 ad
1655 919 1714 960 se
1745 919 1837 971 per
1857 918 2037 957 exem-

455 979 600 1047 plum
631 977 864 1047 trahunt.
899 974 1051 1030 Unde
1077 984 1131 1028 et
1159 975 1437 1047 subditur:

522 1044 614 1100 21.
656 1045 960 1100 Innocentes
989 1052 1035 1098 et
1065 1046 1184 1097 recti
1214 1044 1534 1097 adltwserunt
1576 1043 1701 1095 mihi
1723 1083 1738 1106 ,
1778 1043 1900 1110 quia
1926 1060 2036 1097 sus-

457 1115 588 1170 tinui
633 1125 699 1171 te.
744 1117 1058 1170 Innocentes
1099 1115 1364 1180 moribus,
1397 1114 1526 1168 recti
1561 1111 1684 1167 iide.
1721 1112 2038 1168 innocentes

459 1187 510 1240 in
549 1187 650 1252 bis,
679 1203 797 1254 quin
827 1187 880 1240 in
913 1187 1035 1240 imis
1057 1195 1240 1253 agunt,
1268 1185 1394 1239 recti
1425 1183 1475 1235 in
1499 1183 1742 1246 summis,
1769 1199 1888 1249 quin
1914 1198 2037 1240 St‘ll-

459 1257 615 1309 tiunt.
658 1260 756 1322 Qui
803 1259 1116 1308 innocenter
1147 1257 1348 1318 vivunt,
1385 1255 1472 1324 qui
1494 1255 1776 1324 caelestem
1810 1253 2034 1319 patriam

459 1342 522 1380 ex
555 1327 821 1380 desidero
871 1335 1167 1392 appetunt,
1221 1326 1354 1376 sicut
1405 1322 1635 1392 ilisjuogi
1682 1338 1712 1378 a
1743 1324 1930 1388 malis,
1965 1325 2034 1378 ita

457 1397 735 1451 adhaerere
787 1394 1008 1464 cupiunt
1054 1396 1257 1464 bonis.
1306 1394 1469 1464 Sicut_
1502 1396 1644 1464 enim
1680 1403 2039 1464 corrumpunt

457 1482 640 1521 mores
673 1470 836 1518 bonos
859 1462 1128 1533 colloquia
1160 1463 1296 1517 mala
1327 1467 1404 1532 (l.
1433 1462 1552 1518 Cor.
1583 1462 1696 1532 15.)
1725 1480 1738 1516 :
1771 1463 1840 1518 ita
1871 1462 2039 1522 bonos

457 1551 636 1591 mores
657 1536 920 1592 mdiiicant
939 1537 1202 1601 colloquia
1226 1535 1386 1589 bona.
1422 1534 1484 1588 Et
1498 1535 1756 1602 scriptum
1793 1534 2036 1595 est,Cutu

455 1619 642 1660 sancto
668 1616 883 1660 sanctus
907 1605 1037 1670 eris,
1068 1614 1267 1659 etcum
1299 1607 1414 1659 viro
1446 1607 1728 1659 innocente
1780 1605 2038 1662 innocens

456 1676 610 1747 eris(
672 1675 824 1733 Psal.
863 1675 1302 1744 i7.)..—\dha:rcnt
1347 1676 1671 1747 ergosancti
1713 1675 2038 1747 sa‘nctis,in-

460 1744 778 1800 nocentibus
809 1749 1119 1801 innocentes
1145 1762 1159 1798 :
1193 1754 1378 1799 utsese
1399 1744 1814 1800 invicemverbis
1841 1754 1890 1799 et
1922 1761 2034 1800 Inn-

455 1816 607 1871 ribus
636 1817 940 1896 aedificent,
990 1825 1044 1870 et
1087 1819 1222 1870 bona
1244 1817 1468 1896 propria
1503 1831 1597 1884 per
1625 1815 1902 1896 caritatem
1933 1816 2034 1871 sibi
2070 1833 2113 1896 Β

456 1887 891 1942 communicent:
939 1896 1201 1954 quatenus
1242 1885 1293 1938 in
1347 1886 1485 1938 bono
1515 1896 1762 1950 crescat,
1810 1887 1945 1940 alter
1971 1901 2036 1942 ex

456 1958 647 2011 altero.
696 1959 836 2011 Inter
887 1957 1002 2010 haec
1045 1956 1170 2008 dum
1222 1964 1296 2008 tot
1329 1957 1465 2008 mala
1497 1955 1756 2025 patienter
1785 1957 2038 2022 tolerant,

457 2038 512 2079 et
542 2027 668 2081 dum
721 2027 771 2080 in
805 2028 958 2080 bonis
989 2027 1243 2094 Operihus
1284 2026 1531 2080 atdeuter
1577 2026 1840 2081 desudant
1864 2069 1877 2089 ,
1909 2027 2036 2080 dum

456 2097 572 2166 Spei
607 2097 922 2154 rectitudine
953 2097 1272 2156 solidantur,
1307 2111 1372 2150 ne
1401 2098 1717 2149 Sustinentia
1749 2107 2040 2152 vacuantur

457 2168 508 2220 in
543 2171 703 2222 tantis
734 2167 1168 2220 tribulatiooihns
1217 2181 1348 2220 cons
1377 2166 1491 2219 itttti
1526 2183 1538 2219 :
1575 2175 1634 2219 ιιι
1678 2167 1906 2221 evadere
1950 2185 2041 2220 va-

456 2238 597 2290 Ινὲηιι
627 2280 640 2297 .
689 2239 1026 2294 liberatorem
1062 2237 1228 2292 Deum
1258 2236 1570 2308 suppliciter
1602 2237 1922 2306 implorant,
1955 2238 2039 2293 di-

453 2322 634 2362 centes
661 2325 674 2360 ἶ

523 2378 615 2432 22.
661 2377 841 2432 Libera
871 2377 1025 2440 Deus,
1056 2374 1254 2442 Israel,
1279 2392 1342 2430 ex
1368 2376 1603 2430 omnibus
1626 2375 2038 2432 tribulationibus

452 2449 579 2502 suis.
621 2450 780 2503 Israel
814 2450 1218 2513 interpretatur,
1250 2449 1326 2500 vir
1350 2450 1521 2501 videns
1545 2447 1730 2505 Deum.
1777 2451 1854 2502 Ac
1882 2448 1928 2504 si
1958 2450 2039 2502 di-

453 2528 541 2572 cat
586 2521 605 2590 (
631 2516 712 2572 Ex
739 2519 1026 2588 Augustino
1051 2520 1068 2585 )
1093 2556 1109 2582 ,
1162 2518 1356 2590 Libera
1394 2518 1531 2572 Deus
1557 2519 1808 2590 populum
1834 2559 1852 2586 ,
1879 2534 2038 2590 quem

500 2587 774 2658 rzeparasti
805 2587 870 2644 ad
903 2599 954 2644 te
983 2587 1475 2656 contemplandum,
1509 2587 1575 2642 ei
1602 2589 1850 2644 omnibus
1882 2589 2038 2644 tribu-

500 2605 774 2658 rzeparasti
805 2605 870 2644 au
903 2605 954 2644 te
983 2605 1475 2656 contemplandum,
1509 2605 1575 2642 ex
1602 2605 1850 2644 omnibus
1882 2605 2035 2644 tribu-

462 2605 752 2714 ﬂttionibus
781 2661 915 2714 suis.
960 2659 1074 2712 Non
1106 2660 1276 2712 solum
1304 2673 1368 2712 ex
1401 2659 1484 2712 his
1506 2699 1518 2720 ,
1548 2673 1668 2728 qua}
1698 2661 1932 2714 exterius
1962 2672 2035 2714 to—

458 2729 672 2792 lerant,
703 2732 798 2784 sed
829 2744 894 2784 ex
927 2731 1008 2782 his
1035 2743 1152 2797 quae
1213 2728 1437 2782 interius
1471 2734 1762 2797 patiuntur.
1812 2730 2040 2784 Studea-

459 2814 581 2852 mus
630 2809 684 2856 et
729 2804 828 2856 nes
874 2799 1083 2854 animas
1127 2807 1339 2853 nostras
1389 2802 1452 2852 ad
1505 2799 1784 2854 Dominum
1839 2802 2037 2868 levare,

360 2928 365 2932 ,
459 2869 704 2924 fiduciam
740 2879 989 2934 nostram
1023 2873 1074 2922 in
1125 2870 1241 2936 ipso
1293 2883 1528 2938 ponere,
1580 2869 1798 2926 humilia
1849 2881 1903 2926 et
1931 2873 2038 2926 alta

453 2939 571 3009 ejus
599 2940 844 2995 mandata
891 2941 1138 2995 discete:
1173 2948 1231 2992 ut
1274 2955 1578 2994 mereamur
1607 2941 1660 2995 in
1706 2942 1930 2997 veritate
1959 2942 2038 2996 di-

458 3012 590 3094 rigi,
613 3022 667 3066 et
693 3013 1008 3094 sapientiam
1041 3013 1208 3094 ipsam
1260 3015 1401 3094 (quae
1436 3011 1714 3094 Deus_.est)
1745 3022 1929 3094 tuente
1955 3015 2040 3094 in-

457 3082 590 3163 tu~_ri
618 3099 630 3135 :
663 3093 716 3135 ut
745 3100 838 3165 per
861 3086 976 3152 ejus
999 3081 1425 3137 misericordiam
1451 3095 1482 3134 a
1507 3081 1715 3165 delictis
1738 3081 2037 3165 juventutis

457 3164 505 3206 et
537 3153 848 3219 ignorantiae
878 3168 1138 3206 exuatnur
1164 3170 1178 3205 :
1213 3163 1269 3206 ut
1297 3154 1556 3206 mansueti
1604 3164 1660 3210 et
1692 3153 1849 3209 mites
1873 3193 1890 3219 ,
1924 3154 2036 3210 vias

2143 546 2495 629 primuldubio
2517 546 3032 629 iniirtnaEetnr..Sed
3057 547 3360 629 quia_spem
3384 546 3537 629 suam
3568 552 3720 629 po_nit

2142 617 2493 691 inADomino,
2528 618 2640 691 jam
2672 617 2931 691 infirmari
2973 617 3082 673 non
3114 617 3293 674 valet:
3321 621 3444 691 quia
3471 617 3589 690 ipse
3619 620 3719 676 Do-

2141 687 2319 744 minus
2344 698 2426 744 est
2448 689 2565 756 ejus
2599 687 2872 742 fortitudo.

2211 761 2262 814 5.
2304 757 2475 812 Proba
2504 773 2603 821 me,
2635 757 2876 817 Domine,
2905 766 2950 812 et
2975 765 3116 815 tenta
3136 775 3215 814 me
3236 776 3256 815 :
3281 777 3368 815 ure
3387 777 3534 816 renes
3562 777 3722 826 meas,

2137 839 2184 884 et
2207 844 2295 882 cor
2315 844 2502 902 meum.
2541 828 2649 902 Ego
2679 829 2808 902 dixi,
2850 827 3054 902 indica,
3087 830 3181 885 sed
3208 831 3250 886 si
3277 832 3403 902 quid
3434 833 3485 885 in
3529 847 3616 886 me
3643 841 3724 886 est

2140 899 2495 972 purgandum,
2521 910 2555 948 ο
2585 897 2835 972 Domine,
2867 898 2954 972 hic
2987 908 3129 954 tenta
3161 916 3268 972 me,
3295 897 3348 955 et
3377 903 3589 972 corrige
3630 903 3725 957 ila-

2137 967 2281 1041 jgello
2325 970 2578 1032 filiorum,
2629 978 2684 1024 et
2729 970 2805 1023 sic
2837 967 3001 1041 proba
3051 984 3158 1041 me,
3209 971 3258 1025 id
3300 982 3403 1032 est.
3436 967 3722 1041 probatum

2140 1040 2304 1094 redde
2337 1056 2352 1092 :
2384 1055 2472 1091 ure
2499 1054 2641 1091 renes
2670 1055 2828 1104 meos,
2867 1039 2918 1094 id
2950 1050 3052 1105 est,
3093 1039 3311 1098 destruc
3339 1039 3727 1099 delectationes

2141 1108 2320 1180 canis
2368 1110 2532 1180 (quia
2586 1110 2637 1161 in
2684 1110 2902 1164 renibus
2949 1112 3184 1168 maxime
3221 1113 3518 1180 voluptates
3556 1114 3727 1166 abun-

2141 1178 2290 1249 dant)
2323 1178 2484 1233 et‘ror
2525 1195 2710 1244 meum,
2741 1180 2792 1234 id
2823 1191 2926 1246 est,
2970 1197 3158 1249 pravas
3194 1178 3569 1249 cogitationes.
3611 1182 3720 1238 Ure

2141 1265 2284 1304 renes
2311 1266 2445 1304 meos
2472 1259 2520 1304 et
2542 1264 2631 1303 cor
2663 1266 2827 1304 meum
2851 1267 2869 1304 :
2896 1266 2959 1304 ac
2982 1251 3027 1306 si
3059 1251 3222 1316 dicat,
3259 1251 3624 1307 Exterioribus
3668 1262 3726 1306 et

2138 1317 2485 1376 interioribus
2516 1319 2660 1374 vitiis
2706 1320 2982 1389 spirituale
3022 1321 3220 1378 adhibe
3249 1323 3723 1378 medicamentum.

2139 1389 2325 1462 §ancti
2355 1389 2454 1462 viri
2479 1389 2581 1462 etsi
2609 1393 2843 1459 perfecte
2873 1394 3074 1457 vivant,
3098 1393 3274 1446 adhuc
3296 1403 3472 1448 tamen
3503 1403 3726 1462 paterna

2144 1459 2347 1534 ﬂagella
2375 1460 2724 1534 desiderant:
2759 1469 2816 1534 ut
2845 1469 2990 1534 tanto
3016 1462 3366 1534 perfectiores
3395 1463 3463 1517 ad
3493 1459 3722 1534 patriam

2141 1529 2387 1603 tendant,
2417 1540 2616 1603 quanto
2657 1533 2741 1600 pie
2789 1530 2988 1589 feriens
3017 1529 3306 1603 disciplina
3345 1548 3440 1590 eos
3481 1529 3726 1602 quotidie

2142 1599 2303 1656 etiam
2331 1600 2400 1656 de
2425 1599 2667 1655 minimis
2691 1611 2900 1672 purgat.
2947 1603 3010 1660 Et
3040 1599 3448 1673 ideo'sustinent
3488 1599 3729 1673 discipti-

2144 1684 2289 1746 nam,
2335 1680 2394 1746 ut
2433 1679 2832 1746 consequantur
2878 1672 3300 1746 misericordiam
3329 1691 3344 1728 :
3371 1674 3438 1730 de
3467 1689 3569 1746 qua
3599 1672 3730 1730 sub-

2143 1741 2308 1805 ditur,
2342 1741 2594 1808 Quoniam
2621 1742 2973 1796 misericordia
3002 1755 3086 1798 tua
3114 1756 3230 1800 ante
3264 1746 3435 1800 oculos
3465 1741 3600 1799 meos
3627 1757 3730 1810 est,

2142 1818 2190 1886 et
2227 1812 2516 1886 complccui
2543 1814 2598 1867 in
2625 1813 2833 1886 veritate
2863 1823 2969 1870 tua.
2998 1815 3168 1886 verax
3194 1816 3444 1886 magister
3484 1816 3730 1884 discipu-

2144 1879 2547 1953 lumﬂverberat
2585 1883 2896 1938 mendacem
2925 1901 2938 1937 :
2963 1879 3730 1953 verberatus'discipulus'at—

2143 1950 2336 2018 tendit,
2380 1961 2435 2006 et
2477 1953 2665 2024 petita
2711 1956 2963 2024 magistro
2993 1955 3436 2012 misericordiam.
3463 1950 3572 2012 ’Sic
3599 1955 3730 2012 iacit

2142 2035 2266 2091 erga
2300 2037 2397 2098 n_o_s
2425 2023 2653 2098 caelestis
2684 2025 2962 2098 magister.
3011 2035 3066 2081 et
3089 2028 3213 2098 pius
3253 2034 3424 2096 pater.
3466 2025 3729 2083 Peccavi-

2143 2106 2282 2155 mus,
2306 2092 2448 2166 ideo
2476 2091 2964 2166 ﬂagellamurtllle
2989 2091 3270 2162 verberat;
3323 2111 3420 2152 nos
3467 2107 3727 2166 expecta-

2142 2162 2459 2237 mugllﬁ,
2489 2162 3168 2237 ttt'parc‘at._llisericordia
3211 2179 3298 2224 tua
3342 2162 3558 2237 (inquit)
3601 2179 3724 2222 ante

2142 2229 2492 2310 οειιιοῖἦιᾷιδ
2529 2229 2625 2310 est,
2676 2229 3014 2310 disciplinam
3065 2247 3206 2291 tuam
3258 2229 3671 2310 paticnter'fero
3707 2256 3724 2292 :

2144 2306 2238 2378 sed
2272 2313 2328 2378 nt
2350 2304 2655 2378 miserearis
2687 2305 3052 2378 indesinenter
3071 2304 3315 2376 expecto.
3349 2308 3412 2364 Et
3437 2307 3545 2378 jam
3571 2323 3727 2364 com-

2141 2373 2468 2446 placui__tib_i_
2505 2375 2558 2446 in
2604 2378 2830 2446 veritate
2875 2373 3160 2444 vindicta),
3191 2393 3348 2446 quam
3389 2373 3578 2445 merui,
3629 2381 3722 2446 qui

2143 2443 2576 2530 prius-displicui
2609 2444 2668 2530 in.
2691 2446 2970 2530 mendacio
3011 2443 3220 2516 culpis,
3245 2462 3358 2530 qua.
3385 2443 3618 2530 deliqui.
3649 2443 3723 2504 Et

2140 2514 2264 2593 quia
2288 2514 2474 2636 (tapsus
2500 2515 2669 2573 merui
2697 2515 2858 2583 iram,
2898 2531 2929 2570 a
2955 2527 3007 2574 te
3034 2514 3313 2589 correptus
3347 2514 3525 2575 inveni
3554 2525 3722 2576 urse-

2143 2597 2285 2636 ricor
2326 2597 2452 2636 iam.

2143 2597 2452 2638 I'ICDl'Glam.

2215 2652 2270 2708 4.
2305 2655 2384 2732 _Ex
2417 2656 2518 2710 hoc
2563 2665 2743 2712 autem
2779 2667 3000 2732 apparet
3037 2659 3284 2732 quoniam
3333 2659 3386 2715 in
3418 2661 3721 2717 innocentia

2141 2738 2260 2798 mea
2282 2725 2578 2798 ingressus
2601 2741 2717 2782 sum
2745 2745 2758 2780 :
2783 2725 2904 2798 quia
2941 2725 3072 2784 Non'
3094 2732 3202 2785 sedi
3231 2747 3347 2784 cum
3375 2733 3591 2786 concilio
3630 2750 3719 2786 ea-

2142 2795 2338 2868 uitatis,
2375 2804 2424 2849 et
2460 2813 2577 2852 cum
2607 2795 3118 2868 iniqua'gerentibus
3163 2818 3264 2855 non
3301 2803 3539 2856 introibo.
3579 2803 3717 2858 Cum

2141 2865 2373 2919 concilio
2401 2869 2654 2922 vanitatis
2682 2865 2892 2941 sederit,
2929 2873 3018 2941 qui
3047 2871 3330 2927 conventui
3357 2887 3538 2927 eorum
3566 2887 3719 2928 com-

2140 2946 2440 3011 morantur,
2484 2942 2679 3011 quiex
2711 2940 2887 2994 studio
2933 2940 3291 3011 conveniunt,
3339 2951 3396 2999 et
3436 2955 3620 2998 vacant
3648 2945 3717 3000 ad

2143 3005 2356 3082 tiochut
2380 3007 2449 3082 de
2473 3005 2709 3065 vanitate
2738 3011 3042 3082 loquantur.
3083 3011 3214 3068 Cum
3259 3005 3438 3082 iniqua
3486 3015 3719 3082 gerenti-

2143 3075 2243 3130 bus
2270 3077 2518 3153 introire,
2549 3091 2634 3136 est
2659 3075 2902 3153 socieiati
2929 3097 3091 3151 prave
3113 3075 3380 3152 agentium
3411 3099 3469 3138 se
3487 3075 3717 3153 inferre,

2144 3158 2306 3224 atque
2337 3149 2988 3224 iniquis_0peribus,icu_m
3022 3149 3368 3224 ipsisiniquis
3396 3167 3454 3210 se
3491 3170 3554 3210 cx
3585 3149 3709 3210 voto

460 3223 843 3295 misericordite
890 3233 968 3295 et;
992 3223 1234 3295 veritatis
1279 3230 1549 3295 sectemur
1571 3268 1586 3295 ,
1637 3231 1695 3278 ut
1737 3218 2032 3294 emundati,
2065 3223 2112 3287 c
2145 3218 2692 3295 ittgerere._'Tale:est
2721 3223 2955 3295 studium
2993 3218 3387 3295 perversor'ttm,
3416 3234 3573 3294 atoue
3593 3242 3715 3281 car-

463 3294 620 3364 113
653 3309 745 3363 per
775 3293 1178 3363 prepitiatorem
1209 3293 1488 3347 Dominum
1518 3307 1548 3347 a
1574 3293 1888 3363 quotidiani)
1915 3293 2036 3363 pec?

454 3363 616 3436 garo,
651 3366 930 3417 timeamus
959 3379 1080 3419 eum
1107 3406 1122 3430 ,
1159 3374 1320 3432 atque
1368 3365 1418 3436 in
1467 3363 1548 3417 via
1585 3366 1864 3436 constituti
1895 3367 2034 3436 (qute

455 3434 703 3488 Christus
732 3437 856 3503 est)
903 3439 1072 3504 legem
1123 3436 1311 3504 gratim
1360 3435 1476 3503 ejus
1506 3434 1909 3502 possideamns,
1945 3451 2038 3504 per

454 3519 614 3574 quem
663 3506 713 3558 in
747 3505 900 3558 bonis
945 3513 1310 3569 demorentur,
1363 3515 1418 3560 et
1459 3504 1768 3559 haereditate
1799 3506 2035 3573 perfrua-

459 3590 580 3628 Inur
607 3580 827 3629 aeterna}
874 3574 1092 3630 Interim
1125 3575 1381 3630 habentes
1413 3575 1806 3630 ﬁrmamentum
1843 3578 2034 3644 Deum,

457 3645 524 3699 ad
556 3661 713 3714 quem
744 3646 939 3700 mentis
967 3645 1150 3698 oculos
1180 3645 1472 3715 dirigamus
1499 3663 1512 3699 :
1545 3647 1718 3702 donec
1747 3651 2040 3703 evellamur

453 3716 521 3769 de
553 3716 742 3784 laqueo
766 3718 922 3783 hujus
954 3715 1133 3768 tntmdi
1163 3755 1179 3780 ,
1231 3725 1287 3771 et
1315 3731 1408 3783 per
1434 3732 1581 3773 suam
1615 3718 2037 3773 misericordiam

455 3801 484 3857 ξι
512 3789 718 3843 cunctis
762 3787 1192 3841 tribulationibus
1232 3789 1542 3852 liberemur,
1591 3788 1750 3842 Israel
1781 3791 2036 3857 spiritua-

457 3855 579 3982 ἕπει·
610 3859 752 3922 facti,
786 3860 1211 3926 contemplantes
1242 3875 1292 3912 tn
1318 3872 1411 3913 sua
1442 3859 1722 3929 majestate
1756 3855 2036 3916 Dominum

504 3945 622 3982 eum
655 3942 920 3982 nostrum.

504 3945 622 3982 eum
655 3942 896 3984 [ιιιδιιύιιι
909 3969 920 3982 .

847 4043 1143 4100 'l‘iTULUS
1182 4045 1429 4102 PSALMI
1474 4045 1644 4100 XXV.

526 4153 860 4217 i.Sequentis
885 4157 1058 4206 Psalmi
1082 4159 1249 4208 titulus
1299 4168 1391 4219 est,
1438 4155 1666 4212 Psatnttts
1701 4156 1877 4209 David.
1926 4159 2040 4209 Haec

454 4220 792 4280 scripturacst
815 4221 1122 4270 attribuenda
1161 4221 1500 4271 excellentiori
1548 4222 1768 4272 tnetnbro
1808 4220 2040 4272 Ecclesue

456 4278 686 4344 stipi-rius
707 4278 862 4329 Deum
883 4284 1058 4344 oranti,
1090 4289 1141 4332 et
1181 4283 1255 4331 bic
1289 4285 1567 4332 ostendenti
1606 4295 1662 4332 se
1698 4295 1809 4332 esse
1834 4285 2040 4333 exaudi-

456 4347 575 4408 tum,
599 4348 651 4390 et
670 4342 845 4408 Divina
863 4342 1199 4394 misericordia
1218 4345 1449 4406 adeptum
1497 4345 1822 4393 innocentiam
1851 4353 1899 4393 et
1921 4359 2040 4408 per-

455 4403 716 4468 fectionem
743 4419 754 4453 :
782 4405 847 4468 de
868 4413 1052 4456 calere
1073 4409 1247 4464 oranti,
1275 4403 1340 4455 ne
1364 4419 1390 4452 ι
1413 4412 1659 4468 proposito
1681 4418 1768 4453 suo
1789 4403 2041 4456 d:mo'vea-

454 4472 551 4531 tur.
581 4465 638 4514 Et
656 4467 747 4516 hoc
771 4467 899 4531 facit,
920 4478 1018 4517 uta
1053 4471 1231 4528 quibus
1248 4465 1516 4531 moraliter'
1536 4476 1852 4531 segn'gatur,
1877 4472 1940 4517 ah
1963 4472 2042 4522 his

453 4530 601 4592 etiam
619 4528 920 4580 tatemaliter
943 4543 1219 4592 separetur.
1245 4529 1455 4579 intentio
1477 4531 1586 4591 ejus
1603 4528 1710 4591 est,
1739 4528 1843 4581 nos
1867 4545 2041 4582 exem-

453 4589 677 4668 plo‘suo
713 4593 773 4644 ad
815 4589 1142 4644 innocentiam
1178 4599 1233 4642 et
1277 4589 1637 4654 perfectitiuetn
1683 4589 1913 4648 invitare.
1961 4595 2046 4649 Ait
2073 4603 2122 4668 ι)

453 4664 574 4712 ergo
607 4665 622 4704 :

947 4715 1305 4778 PSALMUS
1353 4715 1561 4778 XXV.

523 4836 578 4890 2.
609 4833 799 4888 Judica
833 4853 932 4902 me,
973 4837 1206 4899 Domine,
1248 4837 1486 4906 quoniam
1525 4851 1618 4906 ego
1654 4836 1706 4889 in
1750 4836 2040 4891 innocentia

453 4917 567 4978 inea
614 4907 870 4976 ingressus
899 4925 1012 4962 sum
1035 4925 1053 4962 :
1080 4920 1124 4962 et
1155 4909 1207 4961 in
1243 4905 1464 4960 Domino
1507 4923 1719 4976 sperans
1757 4924 1857 4960 non
1897 4909 2038 4978 inﬁr-

453 4977 649 5051 mab_or.
691 4979 789 5046 Qui
823 4980 1032 5048 culpam
1067 4981 1229 5033 habet
1262 4978 1522 5050 judtcinm
1554 4988 1723 5051 ttntet.
1762 4978 1878 5051 Ipse
1905 4977 2036 5051 ergo

456 5047 725 5119 perfectus
770 5059 853 5104 est
884 5047 1052 5119 :iqnin
1103 5047 1346 5104 caussam
1391 5064 1541 5102 suam
1569 5047 2032 5118 justam’viditfa

453 5118 685 5190 Domino
707 5138 765 5175 se
785 5118 1013 5189 judicari
1043 5121 1214 5190 petiit.
1267 5123 1408 5175 Bene
1437 5129 1612 5173 autem
1639 5120 1691 5173 in
1723 5121 2026 5176 innocentia

453 5189 757 5260 ingressum
800 5208 860 5245 se
891 5189 1054 5248 fuisse
1099 5200 1484 5246 commemorat
1516 5207 1531 5244 :
1559 5193 1683 5259 quia
1713 5192 2020 5247 innocentia

451 5261 747 5328 Spiritnalis
771 5264 854 5316 via
885 5273 984 5328 est,
1020 5279 1122 5333 qua
1165 5264 1402 5318 tenditur
1441 5262 1506 5315 ad
1539 5262 1704 5315 Deum
1737 5279 1748 5314 :
1777 5271 1831 5316 et
1874 5263 2030 5317 inno-

452 5341 639 5402 center
694 5336 909 5399 vivere,
975 5337 1042 5388 ad
1099 5334 1408 5388 interiorem
1466 5333 1698 5402 pertinet
1755 5334 2026 5402 hominem

452 5401 616 5474 (Epit.
663 5402 761 5473 5.).
796 5404 948 5474 Quod
994 5417 1168 5460 autem
1205 5421 1266 5460 se
1315 5401 1652 5458 innocentem
1689 5401 2025 5473 pronunciat,

455 5483 666 5545 nonest
691 5476 942 5545 superbia
971 5477 1121 5539 elati,
1155 5475 1248 5529 sed
1277 5475 1682 5545 confessio_non
1713 5475 1929 5543 ingrati.
1954 5476 2030 5528 Ac

452 5545 498 5597 si
553 5542 798 5602 diceret:
846 5546 970 5602 Post
1016 5548 1435 5601 misericordiam
1492 5543 1619 5616 (Ex
1667 5542 2027 5616 Augustino),

452 5629 608 5688 quam
654 5624 708 5688 tu
756 5619 880 5670 mihi
936 5619 1266 5688 prmrogasti,
1325 5615 1642 5688 innocentia;
1684 5629 1816 5667 mea:
1863 5615 2033 5669 habeo

453 5685 668 5753 aliquod
703 5698 973 5751 meritum,
1005 5685 1156 5756 cujus
1200 5689 1336 5740 viain
1369 5685 1652 5739 custodiri.
1702 5689 1813 5756 l‘ec
1852 5695 2031 5740 tamen

452 5758 614 5809 etiam
639 5760 716 5810 sic
744 5761 792 5809 in
822 5774 930 5821 me;
955 5760 1046 5811 scd
1073 5755 1129 5811 in
1167 5757 1386 5810 Domino
1408 5770 1645 5821 sperans,
1675 5771 1775 5807 non
1800 5755 2030 5823 inﬁrma-

452 5829 542 5880 bor
574 5827 626 5880 iu
669 5843 856 5897 opere,
896 5828 988 5882 sed
1023 5829 1387 5900 permanebo;
1420 5835 1478 5880 ut
1522 5825 1657 5880 sicut
1702 5830 1896 5896 incepi,
1959 5829 2027 5881 ita

2142 3291 2366 3364 nalintn.
2393 3291 2500 3345 Aut
2526 3291 2671 3346 enim
2694 3307 2840 3364 vane
2865 3291 3178 3364 loquacitati
3200 3296 3387 3352 sedent
3418 3305 3472 3351 et
3491 3291 3710 3362 vat-ant,

2141 3371 2238 3447 aut!
2269 3361 2464 3447 iniqua:
2493 3362 2803 3447 Ioperat‘ioni
2849 3361 3133 3447 desudant.
3177 3367 3294 3447 Quo
3327 3376 3509 3447 contra
3547 3361 3715 3423 sancti

2140 3429 2276 3503 viri,
2311 3442 2365 3484 ut
2396 3429 2561 3487 verbo
2593 3442 2649 3488 et
2685 3433 2824 3488 facto
2864 3433 3160 3492 habeantur
3187 3429 3444 3503 innoxii,
3487 3448 3538 3492 et
3565 3453 3596 3493 a
3631 3455 3720 3491 va-

2142 3501 2312 3555 nitate
2341 3505 2703 3577 restringuunt
2731 3504 2985 3576 linguam,
3017 3508 3065 3560 ei
3097 3507 3165 3560 ab
3191 3506 3372 3577 iniquo
3400 3501 3563 3576 opere
3586 3523 3718 3564 con-

2139 3581 2360 3645 servant
2391 3572 2571 3627 vitam.
2627 3574 2690 3627 Et
2729 3572 2852 3645 quia
2895 3580 3040 3645 prius
3077 3585 3163 3632 est
3204 3572 3314 3635 rem
3365 3572 3554 3633 malam
3601 3595 3713 3636 non

2143 3642 2394 3720 diligere,
2419 3647 2634 3720 dentom
2657 3642 2816 3720 etiam
2849 3642 2998 3720 odire
3026 3665 3037 3699 :
3067 3656 3212 3720 recte
3241 3649 3575 3720 subjungitur
3603 3669 3616 3704 :

2295 3713 2756 3789 OdittquVcclesiam
2785 3717 3193 3789 malignantium,
3221 3729 3268 3773 et
3290 3710 3400 3772 cu'm
3422 3710 3590 3789 iinpiis
3616 3738 3719 3775 non

2140 3782 2344 3836 sedebo.
2377 3784 2531 3858 Udivi
2558 3802 2660 3858 non
2693 3782 2954 3853 homines,
2988 3791 3078 3843 sed
3123 3782 3576 3858 praevaricatores,
3609 3808 3716 3846 non

2143 3864 2409 3931 naturam,
2440 3857 2536 3910 sed
2565 3856 2794 3931 cuipam.
2835 3856 3181 3931 Maligttantes
3208 3871 3327 3914 sunt
3347 3902 3363 3926 ,
3402 3864 3489 3931 qui
3518 3856 3581 3914 ad
3615 3864 3718 3918 hoc

2142 3923 2408 3987 laborant,
2444 3935 2496 3978 ut
2527 3923 2830 3982 contermes
2857 3923 2986 3984 suos
3008 3930 3203 3984 malitia
3235 3923 3572 3986 antecedant.
3607 3934 3710 3986 lm-

2143 3995 2224 4070 pii
2253 4005 2378 4050 sunt
2421 3996 2684 4070 infideles,
2712 4001 2800 4070 qui
2833 3999 3117 4070 Dominum
3149 4017 3252 4055 non
3280 4001 3484 4070 colunt.
3539 4003 3717 4058 l'ietas

2141 4067 2283 4118 enim
2309 4067 2522 4137 proprie
2547 4067 2778 4138 pertinet
2797 4069 2864 4123 ad
2887 4073 3086 4125 cultum
3122 4072 3234 4127 Dei.
3264 4069 3345 4126 Ab
3369 4072 3448 4126 his
3470 4074 3716 4130 omnibus

2145 4138 2386 4212 quamvis
2433 4153 2542 4212 non
2569 4154 2816 4212 corpore,
2853 4150 3028 4196 tamen
3063 4144 3170 4195 vita
3211 4153 3262 4196 et
3293 4145 3533 4198 moribus
3561 4161 3719 4212 sepa-

2143 4215 2300 4283 ratur
2339 4207 2578 4264 Ecclesia
2612 4225 2638 4283 :_
2654 4211 2904 4283 videlicet
2939 4226 2968 4265 a
3001 4213 3339 4283 torpentibus
3368 4217 3506 4280 otio,
3543 4223 3596 4268 et
3622 4207 3719 4268 va-

2142 4276 2387 4332 cantibus
2416 4279 2662 4353 vanitati,
2696 4281 2763 4334 ab
2801 4281 2979 4350 iniqua
3012 4276 3374 4353 aperantibns.
3405 4300 3433 4340 a
3462 4276 3719 4340 malitiam

2142 4361 2292 4423 suam
2315 4351 2555 4423 studiose
2581 4351 3142 4423 exaggerantibus,‘ab
3172 4355 3489 4410 infidelibus.
3522 4353 3581 4407 Et
3615 4372 3720 4410 no-

2145 4417 2363 4496 tandum
2391 4420 2533 4490 quod
2567 4417 2893 4496 pri_u§'d_isit,
2921 4417 3034 4496 Non
3064 4425 3178 4479 sedi
3213 4426 3345 4496 :hic
3376 4427 3560 4496 inquit,
3585 4426 3721 4481 Cum

2139 4488 2314 4566 itnpiis
2369 4488 2468 4544 non
2511 4488 2712 4566 sedebo.
2750 4493 2822 4547 ibi
2863 4494 3155 4562 inchoatio,
3208 4495 3293 4550 ltic
3324 4488 3721 4566 perseverantia

2141 4559 2474 4640 designatur.
2506 4563 2653 4640 Qpns
2679 4572 2760 4618 est
2785 4567 2960 4640 enim,
3003 4577 3061 4619 ut
3089 4559 3288 4640 bonum
3307 4559 3339 4633 ,’
3353 4569 3492 4640 quod
3523 4569 3720 4640 incipi-

2151 4639 2255 4698 tur,
2289 4647 2455 4700 usque
2483 4633 2746 4709 adfinem
2781 4637 3118 4709 perducatur.
3151 4636 3255 4692 Sed
3288 4633 3384 4706 qui
3422 4638 3488 4692 ab
3519 4633 3716 4709 iniquis

2147 4715 2208 4755 se
2227 4711 2469 4776 “separat,
2492 4719 2612 4776 cum
2640 4708 2835 4776 quibus
2859 4707 3182 4776 adjungitur,
3206 4711 3503 4764 audiamus.

2217 4774 2269 4827 6.
2302 4771 2503 4826 Lavabo
2527 4771 2977 4832 inter'innocentes
3015 4771 3195 4833 manus
3227 4795 3360 4832 meas
3400 4789 3448 4833 et
3487 4781 3706 4832 circum-

2143 4842 2277 4897 dabo
2323 4852 2486 4898 altare
2525 4854 2690 4920 tnum,
2727 4845 2957 4901 Damine.
3004 4849 3114 4902 Non
3162 4865 3296 4920 aqua
3327 4852 3515 4904 visilnli
3569 4853 3715 4903 latras

2143 4928 2333 4968 manus
2353 4953 2366 4978 ,
2399 4918 2611 4984 quando
2644 4919 2729 4984 pie
2757 4921 2958 4988 cogitas
2989 4921 3055 4974 de
3083 4918 3334 4988 operibus
3367 4924 3469 4974 tuis
3499 4939 3512 4973 :
3542 4933 3593 4975 et
3626 4924 3710 4973 in-

2143 4998 2432 5060 nocens_es_
2451 5001 2636 5060 coram,
2657 4987 2971 5058 oculis’Dei,
3023 4987 3222 5060 quiest
3252 5001 3303 5044 et
3333 4991 3503 5046 altare
3533 5007 3712 5045 coram

2141 5055 2313 5132 oculis
2343 5056 2457 5120 Dei,
2491 5059 2898 5132 quouingressus
2928 5055 3008 5132 cst
3029 5055 3296 5126 sacerdos,
3323 5063 3412 5132 qui
3441 5076 3535 5131 pro
3563 5061 3716 5116 nobis

2136 5141 2200 5204 se
2236 5129 2438 5204 primus
2460 5128 2676 5204 obtaﬁt.
2728 5130 2829 5204 Est!
2848 5131 3062 5186 caeleste
3089 5133 3277 5204 altare.
3308 5128 3457 5204 quod
3471 5147 3577 5188 non
3601 5148 3717 5186 am-

2139 5197 2409 5262 plectitur,
2446 5197 2543 5270 nisi
2577 5198 2668 5270 ille
2697 5202 2785 5269 qui
2817 5202 2956 5256 lavat
2987 5218 3177 5256 manus
3205 5197 3347 5258 inter
3379 5206 3709 5270 innocentes,

2136 5270 2306 5320 tactus
2357 5275 2409 5321 et
2446 5269 2558 5336 ipse
2597 5269 2872 5326 innocens.
2914 5272 3043 5327 Nam
3087 5275 3236 5328 mttlti
3268 5276 3434 5332 altare
3463 5273 3565 5330 hoc
3595 5269 3714 5330 tan-

2133 5345 2265 5406 gunt
2295 5337 2492 5407 indigni
2521 5379 2535 5400 ,
2578 5350 2633 5395 et
2658 5342 2849 5414 tolerat
2881 5343 3019 5414 Deus
3049 5347 3156 5414 pati
3191 5345 3437 5413 injuriam
3469 5346 3533 5398 ad
3569 5354 3705 5399 teni»

2136 5421 2233 5476 pus
2280 5421 2612 5485 sacramenta
2663 5427 2778 5465 sua.
2822 5409 2928 5468 Sed
2977 5409 3082 5470 non
3115 5409 3384 5484 qamiiodo
3427 5418 3707 5485 reciperis,

2135 5494 2256 5531 cum
2293 5481 2626 5556 malisintra
2677 5485 2908 5550 parietes
2963 5481 3240 5555 Ecclesiae,
3294 5485 3364 5541 ita
3413 5481 3704 5556 recipietis,

2137 5563 2257 5602 enm
2286 5552 2438 5630 malis
2468 5551 2520 5605 in
2551 5554 2670 5606 sinu
2704 5557 2929 5630 Abrahae
2960 5556 3123 5630 (an.
3158 5551 3306 5630 16.).
3339 5557 3453 5630 lion
3484 5551 3615 5630 ergo
3645 5561 3709 5630 li;

2137 5633 2320 5693 meas:
2353 5621 2466 5693 lava
2504 5637 2707 5688 manus,
2743 5633 2798 5679 et
2832 5621 3100 5681 circumda
3141 5621 3311 5682 altare
3348 5629 3460 5693 Dei,
3501 5621 3589 5682 ubi
3627 5628 3707 5682 of-

2134 5689 2242 5744 fers
2270 5700 2390 5745 vota
2419 5692 2666 5757 Domino,
2701 5695 2790 5749 ubi
2816 5712 3001 5764 preces
3032 5700 3228 5760 fundis,
3261 5699 3350 5753 ubi
3381 5689 3706 5753 Conscientia

2135 5770 2223 5812 tua
2252 5775 2379 5836 pura
2411 5771 2513 5825 est,
2547 5765 2634 5818 ubi
2664 5765 2797 5820 dicis
2833 5768 2961 5832 Deo,
2995 5771 3080 5836 qui
3105 5773 3178 5824 Sis
3205 5785 3219 5835 ;
3251 5779 3304 5823 et
3348 5771 3392 5823 si
3425 5769 3570 5823 aliud
3598 5778 3702 5832 est,

2134 5833 2273 5900 quod
2305 5833 2581 5902 displiceat
2628 5839 2757 5903 Deo,
2790 5851 2940 5894 curat
2971 5833 3062 5896 ilic
3089 5843 3168 5897 cui
3199 5833 3492 5897 confiteris.
3528 5842 3704 5907 Quare
