3890 6406
447 323 546 382 739

1499 317 1754 375 RUFINO
1793 315 2250 373 PRESBYTERO
2291 313 2669 370 ASCRIPTUS

3628 320 3735 374 740

516 435 573 489 3.
620 433 680 490 Si
721 432 1003 488 consistant
1045 430 1314 483 adversum
1349 443 1427 482 me
1454 437 1653 491 castra,
1701 442 1804 479 non
1845 425 2033 479 timebit
2063 438 2109 492 Α
2137 423 2282 480 enim
2305 439 2335 477 a
2367 425 2612 488 mortuis,
2643 429 2698 477 et
2725 419 2878 492 sedet
2903 420 2968 476 ad
2995 419 3270 478 dexteram
3304 422 3475 480 Patris
3507 425 3569 480 in
3592 429 3739 482 cmlo

446 523 537 561 eor
559 519 749 560 meum.
784 505 839 559 Si
873 503 1155 572 impiorum
1183 501 1471 563 exercitus,
1499 498 1544 572 si
1576 499 1827 572 vitiorum
1855 494 2027 564 impe-

448 589 563 644 tus,
597 579 642 630 si
687 567 1072 629 dmmoniorum
1115 581 1286 625 cretus
1327 567 1570 644 collectis
1618 568 1821 644 viribus
1869 577 2031 644 atque

450 636 694 702 ordinata
741 647 855 699 acie
899 651 1226 710 consurgat,
1276 640 1409 693 nihil
1457 653 1552 693 cor
1588 638 1810 710 dubitat
1845 653 1857 688 :
1888 636 2031 710 quod

450 720 790 786 omnipotens
806 714 972 786 _Deus
999 707 1365 786 illuminando,
1400 709 1660 773 sanando,
1676 707 2026 786 protegendo

450 779 749 842 contirmat.
793 784 851 839 Si
881 793 1122 852 exsurgat
1151 784 1416 834 adversum
1445 795 1523 834 me
1559 779 1829 850 praelium,
1861 786 1919 830 ut
1945 791 2032 852 me

451 859 720 912 debellare
740 855 902 909 velim
926 851 1123 908 inimici
1145 852 1459 918 supradicti,
1481 852 1536 904 in
1556 853 1650 904 hoc
1677 865 1770 921 ego
1790 851 2028 916 sperabo.

454 928 511 982 ln
539 927 676 999 quo?
705 925 978 999 Sequitur,
1011 932 1068 999 et
1094 923 1258 999 dicit:
1313 991 1325 999 _
1600 991 1612 999 _
1835 997 1843 999 _
1891 989 1902 999 .

521 988 572 1052 .1:
611 988 929 1063 Unam—petii
963 988 995 1046 ιι
1029 991 1439 1063 Domino,ltanc
1469 991 1758 1063 requiram,
1792 997 1845 1041 ut
1885 988 2034 1063 inita-

450 1070 600 1123 bitem
626 1068 692 1140 in,
719 1059 871 1140 domo
901 1063 1107 1118 Domini
1135 1062 1367 1140 omnibus
1387 1059 1568 1140 diebus
1604 1063 1733 1140 vitta
1757 1075 1898 1112 mete.
1935 1059 2037 1140 Va:

452 1142 566 1194 Ient
609 1138 763 1192 nobis
806 1146 1126 1197 teutattones
1153 1141 1210 1187 et
1239 1134 1614 1186 tribulationes
1647 1130 1804 1197 hujus
1847 1130 2034 1184 saeculi

451 1211 520 1266 ad
561 1209 1019 1278 consequendum
1043 1219 1264 1278 regnum
1287 1203 1411 1278 Dei.
1451 1203 1604 1259 Unde
1634 1211 1818 1255 sancta
1851 1201 2036 1278 Eccle-

452 1283 532 1352 sia
570 1281 692 1334 dum
727 1270 860 1332 bella
906 1275 958 1329 in
1007 1270 1128 1328 imis
1167 1276 1786 1352 su_slinet_,_spem_suatu
1817 1273 1882 1352 ad
1927 1270 2035 1352 alia

454 1351 699 1406 sublevat
725 1366 738 1402 :
768 1359 823 1403 et
849 1355 1049 1422 quanto
1095 1347 1337 1414 graviora
1385 1344 1921 1422 bic‘__patit.ur,_tanto

453 1423 711 1490 majorem
762 1411 1067 1490 mercedem
1100 1411 1408 1490 exspectat.
1464 1411 1696 1490 liiticin
1745 1411 2036 1490 Evangelia

457 1483 714 1546 Doluinus
763 1490 870 1557 ait,
902 1489 1032 1542 Cum
1084 1486 1458 1541 maledchrint
1495 1485 1646 1539 vobis
1685 1483 2038 1557 ltonlitles,_et

456 1560 723 1632 persecuti
762 1554 865 1613 vos
905 1559 1106 1614 fuerint
1149 1567 1365 1632 propter
1412 1570 1498 1611 me
1528 1572 1540 1608 :
1571 1555 1898 1632 _g:iutlele.i_lt
1948 1554 2048 1632 illa-

458 1623 618 1705 hora,
649 1631 772 1705 quia
821 1643 1026 1705 merces
1056 1623 1230 1683 vestra
1252 1623 1428 1681 multa
1459 1635 1544 1680 est
1569 1623 1622 1679 in
1652 1626 1791 1679 coelo
1816 1623 2034 1705 (Mattht

453 1702 508 1759 5.
538 1694 680 1756 Luc:
695 1702 798 1769 6.).
833 1699 1116 1755 Videamus
1153 1712 1282 1768 ergo
1308 1712 1486 1769 quam
1527 1710 1685 1769 unam
1737 1694 1898 1764 petit,
1944 1694 2036 1769 qui

439 1777 595 1829 Atuter
637 1765 861 1826 adversa
903 1765 1237 1824 constitutus
1267 1765 1396 1822 nihil
1438 1769 1610 1821 timet.
1641 1767 1773 1830 Qua:
1817 1775 1902 1820 est
1943 1765 2036 1819 illa

459 1843 596 1897 una?
630 1841 698 1896 Ut
724 1841 1000 1894 inhabilem
1041 1840 1256 1908 (inquit)
1285 1839 1338 1890 in
1369 1838 1520 1892 domo
1553 1837 1756 1890 Domini
1803 1836 2035 1890 omnibus

455 1914 633 1968 diebus
661 1912 777 1966 vitw
806 1925 951 1965 uteie.
983 1911 1179 1963 Domus
1210 1923 1272 1962 ea
1299 1909 1516 1974 dicitur,
1545 1908 1636 1962 ubi
1679 1919 1891 1974 selltper
1917 1923 2036 1961 ma-

459 1986 724 2039 nebimus.
747 1983 799 2036 lu
823 1983 921 2036 ista
952 1979 1379 2050 peregrinatione
1404 1979 1618 2050 proprie
1644 1978 1944 2047 appellatur
1971 1986 2039 2031 ta-

461 2055 806 2110 bernaculum
828 2092 844 2117 ,
876 2047 1017 2121 quod
1049 2047 1276 2121 pertinet
1299 2049 1368 2104 ad
1398 2047 1685 2103 militantes
1710 2059 1772 2121 et
1795 2063 2037 2117 pugnan-

461 2136 543 2180 tes
568 2132 755 2180 contra
787 2119 1011 2178 hostem.
1047 2120 1182 2186 Quid
1213 2123 1382 2175 acturi
1412 2135 1596 2176 sullllla
1626 2126 1675 2172 in
1721 2119 1809 2172 illa
1850 2121 2034 2184 domo,

458 2195 624 2250 habes
652 2194 706 2248 in
751 2193 858 2248 alio
883 2192 1113 2261 psalnlo,
1157 2192 1300 2246 Beati
1331 2192 1550 2261 (inquit)
1578 2192 1667 2260 qui
1698 2188 1938 2243 habitant
1983 2194 2036 2244 in

455 2267 621 2322 domo
647 2276 766 2328 tua,
794 2263 1037 2329 Domine,
1071 2264 1121 2314 in
1154 2264 1346 2315 smt'ula
1378 2266 1697 2316 saeculorum
1747 2261 2038 2315 laudabunt

455 2346 508 2392 te
537 2335 710 2407 (Psat.
736 2331 1011 2407 85.)._Hac
1055 2334 1156 2386 iste
1183 2334 1473 2407 cupiditate
1511 2334 1727 2397 ardens,
1757 2340 1813 2407 et
1854 2344 2038 2407 amore

453 2400 708 2471 aestuans,
740 2400 1006 2461 desiderat
1037 2417 1129 2474 per
1153 2400 1340 2458 omnes
1367 2403 1483 2458 dies
1513 2411 1635 2457 vitae
1660 2416 1768 2455 sua:
1800 2401 1853 2474 in
1876 2400 2038 2474 domo

460 2479 667 2535 Domini
701 2477 962 2531 habitare.
994 2471 1135 2540 Dies,
1181 2474 1398 2544 inquam
1421 2515 1436 2540 ,
1473 2487 1579 2528 non
1628 2473 1912 2538 liniendos,
1939 2471 2036 2528 sed

349 2577 356 2584 -
457 2558 708 2605 aiternos.
732 2547 824 2602 Sic
851 2547 1100 2601 dicuntur
1118 2545 1254 2612 dies,
1278 2545 1547 2614 quomodo
1571 2545 1695 2598 anni
1711 2583 1727 2614 ,_
1748 2544 1819 2614 de
1843 2544 2036 2612 quibus

455 2622 656 2674 dictutn
697 2626 807 2680 est,
864 2617 932 2670 Et
969 2615 1096 2670 anni
1138 2615 1212 2669 tui
1259 2612 1365 2670 non
1413 2614 1662 2670 deficient
1707 2612 1879 2685 (Psal.
1911 2615 2034 2670 101.

457 2690 621 2744 Hebr.
683 2688 785 2754 1.).
811 2687 944 2742 Nam
970 2687 1088 2740 dies
1109 2685 1234 2740 vita:
1254 2694 1494 2754 eterna,
1517 2701 1657 2739 unus
1679 2687 1791 2738 dies
1811 2694 1893 2740 est
1919 2699 2036 2738 ssne

456 2774 672 2815 occasu.
717 2755 825 2814 Hoc
852 2771 980 2828 ergo
1007 2756 1164 2822 dicit,
1195 2758 1240 2810 A
1271 2759 1495 2810 Domino
1538 2759 1674 2828 lianc
1720 2755 2034 2828 concupivi,

456 2833 594 2885 hanc
624 2844 782 2884 unam
825 2825 987 2900 petii,
1036 2833 1174 2882 lianc
1213 2828 1499 2900 requiram.
1535 2827 1598 2900 Et
1635 2827 1786 2900 quasi
1810 2825 2036 2900 picere-

459 2917 616 2956 mus:
649 2901 784 2968 Quid
819 2897 913 2954 tibi
962 2899 1194 2953 facturus
1217 2901 1330 2954 es?
1359 2899 1436 2953 Ad
1481 2899 1604 2968 quid
1638 2897 1738 2952 hoc
1769 2897 1939 2966 petis?
1968 2897 2038 2952 Ut

457 2973 653 3027 videam
701 2971 921 3042 (inquit)
964 2971 1267 3042 voluntatem
1309 2968 1546 3042 Domini,
1579 2976 1626 3021 et
1671 2969 2040 3042 visitem_tein-

455 3048 598 3113 plum
628 3040 762 3114 ejus.
796 3051 931 3098 tere
959 3040 1099 3114 quod
1137 3055 1280 3094 auio.
1326 3041 1464 3095 Ecce
1503 3055 1682 3114 quare
1716 3041 1855 3114 volui
1878 3040 2039 3114 habi-

456 3111 568 3170 tare
597 3111 837 3168 ill'domu
881 3111 1119 3177 Domini,
1163 3121 1221 3166 ut
1248 3119 1274 3148 λ
1303 3111 1613 3181 contempla
1650 3112 2038 3166 delectationem

451 3189 586 3258 ejus.
615 3186 777 3238 Video
802 3183 944 3240 enim
964 3197 1111 3258 nunc
1141 3199 1232 3258 per
1253 3183 1530 3258 speculum
1553 3184 1688 3258 etin
1713 3183 2034 3253 aanigtuate:

455 3252 582 3310 tunc
622 3267 800 3310 autem
850 3255 1009 3325 118
1056 3255 1188 3307 facie
1217 3252 1294 3307 ad
1325 3255 1537 3308 faciem.
1581 3252 1732 3308 Nunc
1775 3252 1840 3308 ex
1888 3266 2038 3322 parte

456 3341 743 3398 cognosco,
787 3335 911 3398 tunc
941 3333 1127 3398 autem
1163 3337 1480 3398 cegnoscam
1518 3325 1664 3398 sicut
1697 3334 1750 3379 et
1793 3325 2038 3398 cognitus

452 3394 570 3452 sunt
599 3397 677 3465 (1.
701 3397 818 3449 Cor.
846 3394 981 3462 13.).
1009 3395 1150 3450 Bene
1171 3405 1346 3449 autem
1371 3397 1474 3462 ait,
1503 3404 1548 3447 et
1576 3396 1769 3448 visitem
1791 3396 2037 3464 templum

454 3483 597 3539 qus;
628 3483 748 3537 qu-a
774 3465 1048 3539 illa_bcata
1082 3469 1216 3539 visio
1247 3480 1351 3519 non
1393 3467 1719 3535 implebitur,
1745 3470 1926 3539 nisiin
1957 3471 2038 3520 vi-

457 3537 610 3592 sio:.e
639 3538 823 3604 templi
869 3537 995 3603 Dei,
1028 3538 1170 3604 quod
1203 3549 1350 3591 recte
1377 3547 1432 3591 et
1470 3542 1687 3590 domum
1720 3537 1959 3592 nominat
1983 3546 2040 3592 et

459 3609 960 3677 templuuuDumus
981 3608 1198 3672 dicitur,
1219 3621 1285 3660 eo
1308 3607 1448 3673 quod
1473 3608 1743 3662 habitatur
1762 3623 1791 3661 a
1813 3610 2034 3664 sanctis.

458 3679 774 3749 Templum,
803 3693 870 3732 eo
893 3678 1032 3746 quod
1070 3677 1141 3730 ibi
1174 3677 1358 3731 laudes
1388 3677 1616 3732 Domino
1637 3680 2034 3748 persolvuntur.

459 3749 523 3804 Ut
547 3763 721 3804 autem
749 3751 874 3804 illuc
906 3750 1243 3817 perveniam,
1276 3749 1415 3804 unde
1461 3749 1590 3804 mihi
1619 3751 1912 3819 promitto:
1941 3768 2035 3807 se-

455 3823 634 3890 quitur
654 3829 706 3874 ct
730 3821 892 3884 dicit,

526 3894 579 3946 5.
615 3893 870 3959 Quoniam
897 3890 1161 3945 abscondit
1189 3906 1268 3944 me
1294 3891 1348 3943 in
1369 3893 1696 3947 tabernaculo
1724 3908 1838 3960 suo,
1867 3893 1920 3948 in
1951 3895 2037 3949 die

453 3966 706 4019 malorum
730 3978 748 4015 :
778 3964 995 4034 protexit
1036 3977 1114 4014 me
1148 3963 1204 4016 in
1231 3962 1529 4016 abscondito
1575 3965 1889 4019 tabernaculi
1930 3973 2031 4021 sui.

456 4036 581 4091 Dies
623 4036 884 4106 malorum
933 4047 1170 4106 prtcsetls
1198 4035 1308 4086 vita
1338 4045 1456 4100 est,
1487 4038 1539 4088 in
1567 4052 1668 4106 qua
1702 4037 1762 4089 lit
1808 4037 2031 4092 malum.

458 4108 609 4162 Unde
650 4104 1088 4176 Apostultlsmit,
1123 4105 1466 4176 lieditnentes
1511 4104 1741 4176 tempus,
1782 4111 2033 4176 quoniam

453 4179 570 4234 dies
600 4177 723 4230 mall
752 4186 874 4228 sunt
902 4174 1118 4245 (Epltes.
1143 4176 1246 4244 5.).
1275 4174 1696 4230 Tabernaculum
1737 4174 1821 4232 est
1852 4180 2038 4234 Eccle-

454 4249 531 4302 sia
563 4259 820 4317 przeseus,
853 4247 905 4300 ili
948 4259 1052 4314 qua
1067 4247 1407 4317 “militamus.
1440 4248 1661 4316 Accepit
1687 4249 1755 4304 de
1800 4248 1904 4303 isto
1949 4259 2034 4303 ta-

457 4315 749 4373 bernaculo
793 4330 1010 4371 carnem
1062 4315 1229 4371 Filius
1273 4317 1399 4382 Dei,
1441 4327 1494 4371 et
1544 4315 1716 4373 factus
1743 4331 1828 4374 est
1878 4323 2033 4378 nobis

2136 494 2355 564 (Ephes.
2388 495 2442 550 1.
2470 493 2636 547 lare.
2663 491 2804 563 16.).
2830 493 3118 564 Quulldant
3159 507 3290 563 ergo
3336 495 3585 551 membra
3637 513 3737 552 uec

2138 561 2364 619 timeant
2384 564 2662 619 inimicos:
2682 561 2803 618 cum
2822 561 2934 632 jam
2953 577 3096 618 nunc
3109 561 3271 632 super
3281 579 3375 620 eos
3392 578 3557 635 caput
3573 582 3735 621 suum

2136 635 2350 693 videant
2378 638 2690 690 exaltatum.
2719 635 2985 690 Ubi'emm
3009 647 3170 703 caput
3190 644 3293 701 est,
3321 638 3388 690 ibi
3404 647 3459 690 et
3479 645 3736 693 membra

2135 716 2380 760 secutura
2415 716 2563 760 sunt.
2595 707 2794 760 Sumus
2822 714 2876 758 et
2899 720 2996 758 nos
3017 719 3140 758 cum
3161 705 3254 760 illo
3280 720 3512 762 sursum.
3546 709 3649 763 Est
3677 720 3731 763 et

2135 776 2224 830 ille
2252 775 2835 846 nobiscunldeorsum.
2862 776 3000 829 Ecce
3029 775 3186 844 quale
3215 776 3406 846 pignus
3437 779 3736 834 habemus.

2138 846 2292 901 Unde
2320 859 2369 900 el
2401 862 2498 900 nos
2527 845 2628 917 fide
2647 857 2700 898 et
2727 861 2822 914 spe
2853 855 2908 900 et
2931 848 3156 900 caritate
3183 845 3305 901 cum
3333 850 3504 917 capite
3539 863 3735 904 nostro

2135 931 2324 971 sumus
2346 917 2398 970 in
2429 917 2570 972 coelo
2594 916 2647 970 in
2680 926 2938 970 aeternum
2968 931 2980 966 :
3014 919 3136 985 quia
3166 927 3219 970 et
3262 916 3434 986 ipsum
3461 922 3732 985 bonitate,

2135 988 2444 1052 divinitate,
2482 988 2693 1060 unitate
2735 986 3014 1060 nobiscum
3046 991 3226 1060 estin
3275 1001 3412 1060 terra
3460 1005 3644 1060 uSque
3685 1007 3735 1044 in

2134 1059 2656 1113 consummationem
2679 1057 2865 1112 saeculi
2893 1056 3108 1126 (Matth.
3136 1058 3252 1126 28.)
3283 1059 3433 1115 Unde
3461 1063 3509 1116 ei
3541 1056 3734 1116 laudes

2137 1137 2194 1203 et
2211 1130 2496 1203 __sacrilicia
2547 1143 2654 1203 non
2701 1136 2892 1203 cessat
2924 1130 3203 1203 immolare
3255 1131 3489 1184 Ecclesia
3536 1130 3734 1203 (Psal.

2139 1198 2309 1271 115.).
2343 1200 2466 1254 Ideo
2506 1198 2806 1268 subjungit,
2833 1197 3055 1271 Circuivi
3094 1209 3140 1252 et
3170 1201 3425 1254 immolavi
3459 1203 3511 1254 in
3545 1197 3737 1256 taber-

2138 1269 2325 1323 naculo
2366 1273 2475 1340 ejus
2523 1272 2740 1323 hostiam
2789 1269 3165 1340 vociferationis
3193 1286 3213 1324 :
3242 1274 3459 1325 cantabo
3487 1283 3535 1324 et
3592 1276 3736 1340 psal-

2136 1357 2276 1393 mum
2305 1339 2474 1406 dicarp
2505 1340 2748 1394 Domino.
2793 1339 3143 1394 Consideravi
3188 1342 3345 1396 Iidem
3375 1343 3526 1396 orbis
3560 1339 3735 1398 terra-

2139 1426 2290 1477 rum,
2324 1414 2379 1466 in
2409 1427 2512 1482 qua
2542 1412 2835 1465 eraltatnln
2880 1419 2961 1482 es}
2989 1421 3151 1482 caput
3189 1427 3398 1476 meum,
3430 1429 3599 1482 super
3641 1429 3734 1470 eos

2137 1483 2228 1550 qui
2272 1497 2358 1536 me
2413 1479 2886 1552 persequebantur.
2919 1479 2988 1534 Et
3015 1481 3067 1534 in
3119 1483 3234 1552 ipso
3278 1479 3652 1551 tabernaculo,
3682 1487 3734 1541 id

2137 1561 2220 1606 est
2247 1553 2300 1606 in
2335 1553 2570 1608 Ecclesia
2590 1551 2713 1607 toto
2742 1551 2875 1606 orbe
2907 1561 3170 1607 terrarum
3215 1553 3440 1620 diffusa,
3471 1555 3605 1609 tutis
3652 1557 3732 1610 vi-

2139 1622 2286 1678 ribus
2331 1622 2879 1694 laudaviuDomtnum.
2914 1621 3222 1694 Vociferare
3251 1635 3334 1679 est
3379 1628 3586 1694 ingenti
3621 1627 3729 1680 vir-

2140 1701 2255 1748 tute
2285 1708 2472 1748 vocem
2503 1691 2718 1748 eiferre.
2751 1692 3092 1748 lmnlulamus
3125 1693 3235 1748 Deo
3266 1691 3493 1750 hostiam
3523 1698 3730 1752 vocife-

2141 1765 2363 1819 rationis
2391 1761 2568 1835 (Psal.
2593 1761 2764 1835 126.),
2786 1763 3000 1832 quando
3023 1766 3072 1818 ei
3100 1763 3288 1820 laudes
3308 1767 3588 1822 ollerinius
3609 1784 3731 1822 cum

2142 1849 2328 1908 magna
2357 1834 2644 1908 devotione
2667 1834 2732 1908 et
2751 1838 3073 1908 centrittone
3097 1836 3300 1908 cordis.
3334 1837 3412 1908 In,
3438 1840 3544 1892 huc
3585 1842 3728 1908 quod

2142 1904 2246 1977 ait,
2275 1904 2503 1959 Cantabo
2532 1915 2580 1959 et
2622 1906 2876 1977 psalmum
2919 1905 3121 1970 dicam,
3155 1905 3508 1977 frequentiam
3555 1904 3726 1964 divini

2141 1975 2424 2047 ministerii
2459 1977 2711 2047 insinuat.
2739 1975 2940 2029 Cantus
2971 1977 3202 2043 pertinet
3233 1975 3298 2032 ad
3334 1979 3724 2047 iucunditatem

2142 2044 2336 2112 laudis,
2365 2046 2606 2102 Psaltnus
2629 2061 2755 2100 vero
2783 2047 2850 2098 ad
2879 2048 3202 2100 exercitium
3236 2044 3359 2103 boni
3397 2053 3602 2116 cperis.
3635 2051 3727 2106 Sic

2141 2129 2222 2170 est
2263 2119 2378 2171 laus
2422 2129 2602 2172 nostra
2650 2123 2757 2169 fleo
2803 2117 3167 2184 acceptabilis,
3209 2118 3254 2172 si
3295 2134 3444 2185 voce,
3479 2122 3649 2176 corde
3675 2133 3728 2176 et

2140 2202 2308 2256 opere
2337 2187 2614 2244 laudemus
2640 2202 2784 2242 eum.
2811 2185 3014 2242 Deinde
3044 2189 3276 2257 postulat
3303 2198 3363 2244 ut
3381 2194 3721 2259 exaudiatur,

2139 2274 2262 2330 cum
2292 2259 2588 2330 sithjttngit,
2606 2328 2624 2330 _
3560 2271 3570 2286 '

2211 2329 2265 2382 7.
2303 2327 2538 2398 Exaudi,
2592 2328 2829 2390 Domine,
2864 2343 3036 2382 vocem
3074 2345 3241 2384 meum
3276 2345 3375 2400 qua
3402 2331 3622 2387 clamavi
3658 2345 3725 2387 ad

2139 2407 2208 2463 te,
2243 2401 2476 2454 miserere
2505 2400 2601 2470 mei
2620 2443 2634 2467 ,
2663 2408 2711 2452 et
2739 2401 2926 2453 exaudi
2955 2417 3052 2455 nte.
3077 2401 3366 2456 Genlamus
3395 2405 3580 2470 modo,
3606 2421 3723 2459 ore-

2142 2485 2262 2526 mus
2293 2475 2471 2526 modo.
2504 2469 2748 2527 Gemitus
2781 2486 2886 2524 non
2915 2481 2999 2526 est
3030 2475 3129 2526 nisi
3159 2475 3476 2528 miserorum
3496 2516 3511 2538 ,
3542 2469 3723 2530 Oratio

2140 2557 2246 2595 non
2271 2552 2356 2596 est
2392 2544 2491 2596 nisi
2545 2543 2920 2611 indigentium.
2951 2542 3195 2598 'l‘rausiet
3237 2547 3433 2608 oratio,
3463 2551 3723 2601 succedet

2139 2611 2392 2667 laudatio.
2417 2618 2459 2684 ι
2473 2614 2576 2685 19
2596 2612 2843 2667 Translet
2867 2613 3042 2685 fletus,
3065 2615 3317 2669 succedet
3335 2617 3613 2685 gaudium.
3641 2624 3722 2672 lu-

2140 2685 2294 2736 terim
2326 2698 2510 2753 modo,
2539 2684 2755 2753 quando
2777 2685 2829 2736 in
2853 2684 3041 2740 diebus
3071 2684 3586 2754 malorum'sumus,
3619 2706 3718 2742 nun

2137 2761 2314 2808 cesset
2355 2759 2527 2809 oratio
2576 2762 2758 2826 nostra
2805 2754 3121 2826 adDeum,
3161 2772 3192 2811 a
3231 2771 3337 2826 quo
3367 2771 3524 2810 unam
3572 2761 3715 2814 illam

2143 2835 2402 2894 petamus.
2434 2827 2501 2879 Et
2522 2828 2588 2880 ab
2611 2823 2726 2894 ipsa
2758 2823 3012 2893 petitione
3041 2823 3145 2882 non
3175 2823 3518 2892 deststamus,
3548 2834 3720 2885 donec

2147 2894 2216 2949 ad
2248 2895 2422 2962 illam,
2454 2897 2544 2951 illo
2572 2897 2806 2951 donante
2843 2911 2906 2956 ac
2949 2899 3292 2966 perducente,
3324 2899 3720 2966 perveniamus,

2151 2967 2400 3020 liniantur
2425 2982 2611 3022 omnes
2650 2966 2989 3038 cupiditates,
3033 2984 3139 3024 una
3179 2973 3232 3027 in
3274 2971 3436 3024 corde
3478 2974 3550 3026 sit
3579 2984 3634 3028 et
3669 2974 3718 3027 iu

2066 3015 2112 3078 C
2145 3015 3082 3104 sagacissimo;grassati;

2208 3108 2261 3162 8.
2309 3108 2425 3162 Tibi
2456 3109 2584 3182 dixit
2615 3125 2703 3164 cor
2736 3123 2931 3182 meum,
2975 3111 3243 3182 exquisivit
3284 3124 3332 3167 te
3371 3113 3528 3182 [acies
3570 3131 3719 3170 utea:

2138 3181 2323 3249 [aciem
2350 3190 2488 3234 tuam
2521 3180 2660 3235 Deus
2689 3181 2968 3248 requiram.
2997 3180 3073 3238 Ac
3115 3185 3159 3239 si
3187 3180 3576 3249 αἰοθι,ὐι·;ιιὶυ
3605 3203 3712 3241 mea

2137 3267 2242 3324 non
2275 3267 2325 3324 tn
2355 3254 2484 3306 Solis
2515 3255 2666 3307 labiis
2696 3262 2810 3320 est,
2845 3253 2950 3324 sed
2982 3254 3144 3310 corde
3175 3258 3403 3324 prolata.
3437 3253 3716 3324 Exquisivit

2135 3331 2183 3375 te
2213 3323 2370 3392 [acies
2397 3339 2536 3388 nica,
2571 3325 2736 3387 idest,
2767 3323 2993 3380 intentio
3031 3323 3183 3390 mea,
3211 3326 3339 3380 [ldes
3371 3341 3487 3380 mea
3507 3323 3543 3392 ,ί
3571 3343 3714 3384 meus

2139 3407 2292 3460 mea,
2326 3395 2378 3448 ili
2407 3409 2511 3464 qua
2543 3409 2628 3448 me
2655 3399 2972 3465 cognoscis:
3011 3398 3192 3466 [aciem
3221 3406 3358 3450 tuam
3391 3396 3526 3452 Deus
3565 3404 3716 3468 requi-

2137 3479 2278 3540 ιάηι1
2308 3479 2416 3540 ,κου
2444 3471 2737 3540 honorem,
2759 3482 2875 3540 non
2904 3470 3157 3538 gloriam,
3190 3483 3293 3523 non
3325 3470 3540 3524 dmtias
3570 3486 3710 3540 qua:-

2139 3551 2218 3602 ro,
2254 3534 2420 3607 facies
2458 3545 2582 3601 tua,
2632 3534 2970 3606 pulchritudo
3001 3546 3122 3607 tua,
3157 3541 3290 3594 visio
3336 3549 3423 3594 tua
3469 3534 3601 3596 mihi
3641 3553 3716 3598 est

2140 3608 2192 3660 in
2225 3606 2512 3662 desiderio.
3109 3606 3112 3607 ⁷
3163 3623 3170 3630 ‘

2209 3680 2262 3732 9.
2296 3677 2418 3731 Non
2444 3688 2640 3748 avertas
2665 3677 2853 3748 faciem
2874 3688 3014 3734 tuam
3034 3697 3066 3735 α
3093 3698 3190 3746 mc,
3223 3698 3285 3736 ne
3317 3683 3619 3739 declines'in
3641 3686 3716 3738 ira

2137 3763 2171 3802 a
2193 3764 2338 3804 servo
2378 3758 2483 3802 tuo.
2518 3747 2675 3822 Forte
2729 3751 2796 3805 ab
2825 3753 3092 3822 aliquibus
3118 3755 3354 3808 declinat
3378 3769 3483 3806 non
3515 3772 3570 3811 Ill
3605 3757 3712 3821 ira,

2137 3823 2406 3889 quomodo
2443 3835 2475 3874 a
2505 3821 2858 3893 quibusdam,
2894 3821 2986 3893 qui
3027 3825 3100 3878 illi
3142 3824 3359 3888 dicunt,
3395 3826 3600 3882 Avertc
3638 3826 3712 3882 fa-

2139 3897 2272 3945 ciem
2304 3903 2520 3966 tuama
2564 3892 2798 3966 peccatis
2844 3892 2981 3949 meis
3030 3895 3203 3964 (Psal.
3233 3893 3368 3966 5o.).
3417 3896 3644 3961 Quando
3684 3913 3711 3950 a

2140 3966 2371 4030 peccatis
2404 3964 2507 4016 tuis
2533 3972 2727 4019 avertit
2773 3965 2960 4021 faciem
3004 3982 3196 4032 suam,
3236 3964 3340 4020 nou
3385 3969 3435 4022 iu
3488 3972 3566 4023 ira
3599 3987 3626 4021 a
3667 3979 3714 4022 te

2139 4038 2391 4108 declinat.
2421 4033 2641 4090 Aveitat
2666 4050 2814 4108 ergo
2846 4036 3038 4092 faciem
3069 4053 3219 4092 suam
3250 4052 3280 4090 a
3327 4042 3562 4108 peccatis
3592 4044 3707 4106 luis,

2138 4105 2236 4177 sed
2262 4119 2368 4160 non
2407 4115 2614 4177 avertat
2658 4105 2847 4162 faciem
2878 4123 3028 4163 suam
3055 4124 3082 4162 a
3112 4119 3182 4164 te.
3217 4111 3296 4163 lra
3328 4105 3450 4177 ejus
3491 4127 3598 4165 non
3637 4105 3713 4166 est

2140 4175 2239 4249 nisi
2268 4173 2483 4230 aversio
2511 4178 2688 4232 vultus
2713 4179 2849 4248 ejus.
2883 4181 3102 4249 Adjutor
3131 4195 3272 4234 meus
3299 4173 3444 4235 esto:
3476 4199 3540 4236 ne
3578 4182 3713 4236 dere-

2139 4246 2343 4320 linquas
2369 4261 2463 4312 me,
2495 4263 2657 4317 neque
2685 4246 2936 4320 despicias
2959 4246 3067 4315 ’me,
3105 4249 3245 4305 Deus
3276 4252 3518 4306 salutaris
3559 4269 3710 4307 meus.

2140 4317 2277 4372 Ecce
2316 4319 2485 4390 invia
2522 4331 2682 4390 sum:
2719 4317 2879 4383 petivi
2915 4337 2944 4375 a
2987 4334 3038 4376 te
3069 4337 3258 4390 unam,
3305 4325 3532 4378 liberum
3575 4326 3710 4379 arbi-

453 4390 826 4468 ab-SCOIldIl‘ilfll
855 4387 1206 4468 tabernaculi.
1235 4389 1535 4468 Abs-condit
1564 4407 1659 4444 nos
1694 4391 1748 4468 in
1779 4394 2034 4468 taberna.
2063 4406 2114 4468 ι)
2143 4390 2340 4468 trium:
2377 4388 2765 4468 habeo,l_1_ecta
2797 4407 2916 4462 qua:
2943 4409 3115 4468 agere
3129 4387 3385 4468 debeam,
3412 4399 3710 4468 cognosco:

455 4460 578 4516 culo
609 4475 702 4529 per
727 4459 916 4524 fidem,
945 4457 1176 4528 protegit
1204 4472 1302 4512 nos
1330 4461 1381 4512 in
1411 4459 1627 4516 Christo
1655 4463 1722 4516 ad
1763 4465 1988 4519 salutem
2019 4483 2030 4519 :

458 4531 592 4602 Filii
625 4533 715 4584 Dei
742 4545 949 4602 sumus,
981 4530 1073 4585 sed
1107 4529 1341 4584 nondunt
1382 4541 1606 4602 apparet
1651 4534 1792 4602 quod
1831 4534 2035 4593 erimus

456 4603 534 4673 (ι.
558 4599 716 4676 (oon.
745 4601 848 4676 ii)
879 4604 979 4656 l'er
1007 4602 1163 4655 fidem
1185 4605 1328 4676 enim
1353 4599 1709 4670 ambulamus,
1733 4614 1790 4660 et
1809 4620 1916 4660 non
1943 4624 2038 4676 per

452 4671 712 4744 speciem.
741 4671 931 4726 Mortui
963 4683 1093 4726 cstas
1117 4678 1234 4744 (ait
1265 4675 1578 4744 Apostolus)
1609 4682 1666 4728 et
1701 4679 1808 4731 vita
1852 4671 2028 4733 vestra

451 4743 764 4817 abscondita
800 4751 883 4817 est
925 4743 1304 4817 ClllIIUChl‘itilti
1332 4745 1383 4798 in
1419 4747 1529 4802 Deo
1560 4743 1799 4817 (Coloss.
1831 4747 1933 4817 3.).
1964 4749 2030 4803 Et

446 4816 572 4886 quia
601 4814 678 4866 sic
707 4827 805 4886 nos
830 4812 1112 4886 abscondit
1139 4828 1168 4864 a
1199 4815 1362 4886 vitiis,
1389 4827 1444 4870 et
1474 4812 1702 4886 protegit
1729 4820 1782 4872 in
1813 4812 2028 4875 Christo

448 4885 618 4964 Deus,
651 4893 709 4938 ut
738 4883 791 4937 in
827 4885 945 4953 ipso
971 4895 1067 4936 nos
1095 4884 1293 4938 exaltct
1319 4887 1384 4942 ad
1417 4883 1684 4944 virtutes:
1718 4899 1863 4944 recte
1898 4893 2025 4945 sub.

445 4958 643 5024 iung“,

523 5030 576 5079 ti.
609 5025 676 5079 In
722 5034 868 5102 petra
901 5025 1152 5102 exaltabit
1189 5042 1288 5092 me,
1313 5035 1380 5102 et
1418 5044 1554 5102 nunc
1596 5030 1840 5102 exultavit
1877 5044 2029 5102 caput

444 5113 614 5152 meum
656 5113 809 5165 super
837 5097 1071 5150 inimicos
1099 5112 1258 5151 meos.
1310 5099 1561 5154 Dominus
1587 5099 1742 5156 Jesus
1785 5097 2027 5159 Cirris-lus

443 5179 499 5243 et
537 5179 686 5243 petra
715 5179 916 5243 eSt,_et
957 5177 1126 5243 caput
1159 5170 1234 5238 (1.
1263 5167 1497 5243 C_or._10.
1527 5171 1718 5240 Ephes.
1750 5172 1800 5226 1.
1828 5183 1873 5227 ct
1918 5174 2023 5243 2.).

450 5239 526 5315 De
551 5241 822 5315 hacpetra
845 5241 956 5315 ipse
981 5239 1236 5292 Dominus
1256 5240 1358 5315 ai_t_,
1385 5241 1450 5295 Et
1473 5239 1635 5312 super
1659 5245 1796 5300 hanc
1823 5239 2026 5315 petram

448 5310 1037 5387 ludiﬁcabulstclesiam
1067 5326 1237 5364 meam
1263 5309 1476 5387 (Matth.
1506 5309 1639 5387 18.).
1667 5315 1721 5368 In
1753 5309 1851 5372 hac
1879 5331 2028 5387 petra

449 5384 674 5454 tirmiter
713 5382 924 5436 fundata
966 5387 1232 5437 esallatur
1255 5383 1323 5438 de
1363 5385 1564 5440 mundo
1590 5382 1654 5440 ad
1695 5382 1920 5454 caelum,
1958 5390 2025 5444 de

447 5453 662 5508 diabolo
689 5455 754 5506 ad
791 5455 1069 5506 Dominum
1099 5471 1114 5508 :
1149 5455 1237 5508 ubi
1263 5464 1318 5510 et
1362 5471 1502 5511 nunc
1528 5459 1653 5511 dum
1703 5453 1944 5513 moratur
1970 5471 2026 5515 et

448 5525 652 5579 laborat
676 5538 872 5600 corpus
901 5526 1055 5600 inter
1096 5525 1342 5581 inimicos
1387 5529 1439 5580 in
1495 5539 1666 5594 terra,
1703 5529 1814 5600 jam
1864 5539 2027 5598 caput

431 5610 636 5662 suum,
683 5595 852 5660 idest,
894 5593 1163 5650 Christum
1209 5600 1533 5666 exaltatum,
1565 5593 1727 5665 dicit,
1777 5593 2025 5654 Surrexit

519 5749 546 5777 ι
569 5741 741 5812 ‘Vetus
762 5742 894 5812 Alme
920 5742 1130 5798 varians
1159 5743 1316 5797 lectio
1355 5751 1467 5809 est,
1494 5757 1653 5812 quam
1692 5741 2018 5811 Augustinus
2065 5768 2068 5772 -

449 5809 696 5881 prafert,
729 5810 843 5866 sive
870 5812 938 5868 de
965 5827 1061 5869 suo
1086 5814 1360 5872 substituit
1385 5829 1479 5884 pro
1512 5809 1710 5884 verbis,
1741 5809 1796 5866 ut
1821 5813 2019 5866 videam

2143 4463 2237 4536 sed
2277 4463 2394 4515 sine
2426 4473 2475 4514 le
2517 4461 2648 4515 nillil
2689 4461 2848 4532 agere
2877 4461 3026 4519 valeo
3061 4462 3242 4536 (Joan.
3275 4464 3407 4536 15.).
3437 4461 3567 4521 Εέιο
3591 4481 3710 4536 ergo

2142 4531 2357 4601 adjutor
2383 4546 2556 4596 meus,
2587 4540 2644 4607 ut
2669 4531 2939 4602 proﬁciam
2966 4552 2980 4588 :
3016 4531 3116 4592 nec
3147 4551 3230 4590 me
3257 4531 3619 4607 derelinquas,
3648 4531 3708 4592 ne

2143 4609 2330 4678 cadant
2354 4617 2370 4653 :
2403 4618 2573 4678 neque
2597 4603 2863 4678 despicias
2890 4623 2994 4672 tne,
3021 4623 3088 4662 ne
3109 4621 3324 4677 peream
3353 4625 3365 4660 :
3390 4603 3529 4678 quod
3553 4613 3708 4678 debes

2145 4673 2343 4748 facere,
2376 4676 2497 4743 quia
2527 4685 2580 4727 tu
2611 4673 2750 4748 Deus
2777 4693 2927 4748 ulcus
2953 4693 3034 4742 trs,
3059 4673 3148 4748 qui
3175 4694 3261 4734 tne
3296 4673 3525 4746 creasti,
3551 4673 3606 4736 et
3631 4693 3707 4733 sa-

2139 4743 2325 4798 lutaris
2351 4760 2520 4812 meus,
2546 4747 2634 4816 qui
2654 4763 2740 4803 me
2766 4743 3203 4805 redemisnfNou
3226 4752 3399 4806 habeo
3419 4743 3705 4821 adiutorem

2135 4824 2284 4870 extra
2315 4827 2383 4871 te.

2212 4889 2297 4942 10.
2335 4889 2591 4952 Quoniam
2631 4899 2773 4959 pater
2802 4907 2940 4944 meus
2987 4903 3031 4946 et
3073 4901 3239 4946 mater
3279 4909 3395 4948 mea
3434 4895 3705 4949 dereliuue-

2136 4971 2257 5035 runt
2285 4976 2384 5026 me,
2419 4959 2670 5035 Dominus
2693 4971 2863 5015 autem
2889 4967 3162 5034 assumpsit
3193 4981 3291 5018 me.
3325 4967 3573 5035 Exceptis
3610 4962 3706 5019 ilis

2135 5030 2343 5085 duobus
2385 5032 2716 5100 parentlbus,
2747 5035 2816 5086 de
2843 5030 3072 5102 quorum
3115 5051 3278 5091 carne
3325 5039 3434 5090 nati
3474 5030 3657 5090 sumus
3689 5049 3702 5086 :

2137 5103 2396 5156 habemus
2429 5105 2514 5156 hic
2555 5103 2716 5157 alium
2764 5113 3000 5172 patrem,
3034 5116 3090 5159 et
3132 5107 3288 5161 altam
3334 5117 3590 5168 matrem.
3625 5107 3700 5158 vel

2137 5174 2312 5238 potius
2345 5175 2646 5227 habuimus.
2673 5173 2829 5229 Pater
2857 5185 3152 5231 secundum
3183 5185 3439 5233 saeculum
3469 5181 3706 5233 diabolus

2131 5253 2214 5297 est
2240 5241 2417 5315 (Joan.
2450 5244 2552 5313 8.),
2581 5255 2634 5298 et
2665 5248 2761 5317 fuit
2791 5251 2942 5303 nobis
2973 5260 3139 5317 pater,
3173 5263 3294 5303 cum
3325 5266 3566 5306 eSsemus
3597 5249 3701 5302 ltili-

2132 5318 2301 5390 doles.
2334 5317 2485 5390 Nam,
2509 5317 2640 5390 dicit
2685 5316 2943 5372 Dominus
2977 5316 3323 5386 infidelibus,
3363 5323 3464 5376 Vos
3502 5340 3530 5374 a
3563 5332 3700 5390 pane

2134 5389 2345 5442 diabolo
2389 5387 2519 5441 estis
2548 5385 2812 5457 (Ibidem).
2843 5390 2948 5444 Iste
2972 5402 3231 5462 estipater
3257 5385 3493 5447 omnium
3525 5385 3699 5462 nuptu-

2135 5474 2284 5536 rtlm,
2320 5468 2710 5536 ipseoperatur
2750 5462 2820 5536 in.
2851 5463 2973 5516 filiis
3022 5461 3334 5520 dillidetltia:
3363 5461 3696 5536 (Epltes.’5.).

2133 5531 2300 5605 Mater
2319 5542 2398 5584 est
2422 5531 2508 5583 illa
2535 5529 2822 5601 Babylonia
2843 5538 3080 5588 societas
3101 5538 3338 5590 omnium
3363 5529 3698 5605 perditorum,

2131 5605 2199 5656 ab
2222 5601 2429 5657 oriente
2459 5615 2626 5672 usque
2654 5619 2706 5656 ltl
2736 5605 3092 5660 occidentem.
3139 5607 3255 5674 Ipsa
3304 5601 3466 5660 habet
3492 5619 3694 5676 regnum

2128 5742 2468 5868 volurliltaéemt;
2497 5743 2588 5798 alii
2620 5743 2739 5798 libri
2771 5759 2891 5799 eum
2921 5743 3456 5829 Vulaalo‘lnlcrprete
3485 5748 3696 5819 ιοοιιιριιι-

2130 5825 2226 5868 tem
2294 5829 2323 5868 a
2365 5829 2427 5868 en
2461 5855 2473 5868 .

2130 5825 2226 5869 tem
2258 5825 2473 5870 11308111..
