3890 6394
34 212 85 374 !

40 388 43 393 '
88 401 200 457 745

1104 410 1174 461 IN
1215 405 1538 461 PSALMOS
1570 405 1779 459 LXXV
1812 405 2395 461 COMMENTARIUS.

3297 411 3402 467 746

79 518 274 602 eripit,
288 524 358 602 .et
377 531 520 602 suos
543 521 707 602 facit.
716 522 789 602 _Et
810 522 923 589 ipse
944 529 1017 602 est
1040 527 1309 602 protector
1328 522 1694 602 saluationum
1718 527 1773 602 Α
1793 523 2079 602 baptisma
2104 523 2318 602 (Ep/tes.
2332 522 2423 602 εξ).
2438 522 2542 602 Vel
2566 523 2847 602 Dominus
2864 537 3039 602 super
3067 537 3252 590 aquas
3270 528 3403 602 mul-

86 590 299 641 Christi
320 606 345 641 s
358 592 435 644 ui.
462 592 525 645 Id
544 598 654 658 est,
676 594 903 648 illorum
921 597 1020 660 qui
1044 608 1145 661 per
1168 595 1462 647 Christum
1486 594 1691 648 salvati

82 668 247 714 sunt.
273 664 340 715 Et
360 662 454 715 hic
479 666 783 717 manifeste
807 672 989 731 notat,
1012 666 1168 731 quod
1190 668 1466 730 mysteria
1480 667 1691 718 Christi

80 738 337 798 prosunt
349 734 683 787 hominibus
700 738 771 787 ad
789 737 1057 789 salutem.
1076 739 1140 788 Et
1154 738 1290 801 quia
1302 738 1581 789 Dominus
1601 742 1692 789 est

80 804 366 857 fortitudo
388 808 595 871 plebis,
632 820 785 871 ergo,
815 809 1075 872 Domine,
1100 809 1192 859 fac
1216 809 1368 871 quod
1394 815 1557 859 tuum
1582 813 1689 861 est.

152 875 209 928 9.
247 876 474 926 Salvum
511 878 603 941 [ac
629 879 895 943 populum
919 885 1093 940 tuum,
1119 880 1363 930 Domine.
1389 881 1692 943 Eripiendo

81 945 159 996 de
180 946 552 1000 inimicorum
573 954 879 1014 potestate,
904 950 1206 1014 dirigendo
1230 950 1303 1001 ad
1326 950 1517 1001 fidem.
1532 951 1597 999 Et
1617 951 1694 1000 be-

80 1017 263 1078 nedic,
287 1018 481 1071 dando
502 1021 929 1074 incrementum
952 1022 1235 1073 virtutum
1253 1024 1362 1085 ipsi
1381 1021 1555 1073 facto:
1577 1023 1692 1072 Ilae-

80 1088 310 1138 redilati
328 1095 451 1140 lux:
469 1097 514 1139 et
530 1106 649 1155 rege
664 1106 767 1155 eos,
786 1093 1118 1144 Secundum
1137 1104 1329 1143 mores
1347 1096 1404 1143 et
1421 1095 1685 1145 virtutes:

85 1160 156 1208 Et
178 1159 372 1209 extollo
389 1161 525 1217 illos.
553 1164 635 1214 De
654 1163 865 1216 virtute
888 1164 949 1215 in
970 1164 1263 1227 virtutem,
1282 1177 1448 1227 usque
1469 1167 1526 1213 in
1541 1171 1690 1214 aeter-

81 1244 248 1281 num.
276 1231 451 1295 Idest,
474 1233 657 1285 donec
680 1234 1012 1298 perveniant
1033 1234 1107 1284 ad
1132 1236 1529 1286 aeternitatem.

335 1329 701 1394 TITULUS
759 1330 1076 1396 PSALMI
1132 1331 1445 1397 XXVIII.

148 1434 174 1487 i
187 1472 201 1485 .
219 1431 467 1485 Psalmus
484 1428 660 1477 David
678 1429 733 1477 in
751 1429 1219 1479 consummatione
1235 1429 1587 1484 tabernaculi.
1607 1437 1688 1483 Rc-

84 1501 250 1546 missa
284 1509 400 1543 arca
436 1493 634 1540 Domini
656 1506 686 1539 tt
708 1494 997 1555 Pliilistasis,
1021 1499 1068 1541 et
1088 1496 1290 1541 reducta
1314 1496 1369 1541 in
1393 1497 1686 1555 Jerusalem,

88 1575 211 1609 eum
236 1558 582 1620 prohiberetur
594 1570 624 1603 a
644 1557 834 1620 Nathan
850 1561 1091 1617 propheta
1108 1570 1169 1604 ne
1188 1557 1365 1603 faceret
1385 1560 1589 1607 domum
1604 1564 1689 1608 Do-

89 1619 383 1686 mini;quia
406 1621 484 1665 vir
502 1619 811 1678 sanguinum
830 1625 929 1666 erat
946 1633 959 1667 :
982 1621 1096 1686 fecit
1114 1620 1491 1686 tabernaculum
1507 1626 1566 1671 de
1584 1630 1686 1672 len-

92 1682 257 1747 tnriigi,
282 1682 347 1731 in
384 1695 491 1747 quo
512 1688 769 1747 reponeret
789 1695 953 1747 arcam
996 1682 1088 1747 Dei
1108 1683 1172 1742 (2.
1200 1682 1321 1743 Reg.
1348 1685 1394 1732 6.
1412 1686 1553 1747 αλ).
1581 1692 1687 1741 Quo

89 1744 457 1799 consummato,
480 1744 714 1807 invitavit
738 1746 1009 1807 multos,ut
1032 1745 1093 1791 ad
1122 1746 1361 1805 templum
1386 1744 1527 1795 illud
1542 1752 1689 1797 veni-

95 1815 208 1858 rent
231 1809 297 1870 (l.
323 1805 513 1857 Par-al.
557 1807 650 1868 17.)
678 1820 689 1851 :
714 1819 816 1853 non
840 1805 1015 1854 vacuis
1038 1808 1291 1866 manibus,
1314 1810 1401 1855 sed
1424 1816 1477 1856 ut
1499 1812 1572 1859 ibi
1596 1815 1689 1859 ad-

1797 597 1902 657 tas,
1932 594 1992 645 id
2035 599 2140 657 est,
2174 596 2298 659 ipse
2336 596 2620 647 Dominus
2656 598 2848 659 Jesus,
2874 601 3181 660 postquam
3204 598 3398 651 emisit

1791 678 1996 717 vocem
2038 678 2211 730 super
2243 665 2509 731 populos,
2541 672 2599 719 et
2627 668 2953 731 perterruit,
2987 681 3088 721 eos
3111 670 3400 723 convertit

1790 736 1852 788 in
1875 750 1957 799 se,
1979 739 2036 789 et
2062 737 2344 788 habitavit
2366 738 2426 788 in
2448 739 2552 789 eis.

1855 808 1906 862 4.
1945 810 2057 860 Vox
2080 809 2305 857 Domini
2325 810 2387 857 in
2410 810 2621 860 uirtute.
2643 812 2717 862 Ut
2731 817 2822 863 est
2840 810 3000 873 illud,
3016 812 3242 877 Lazare,
3260 812 3395 866 veni

1791 879 1962 931 foras.
1998 881 2111 930 Vox
2132 880 2360 928 Domini
2380 881 2443 929 in
2466 883 2893 946 magniﬁcentia.
2915 885 3041 935 Non
3056 884 3211 935 enim
3227 887 3398 945 loque-

1792 952 1961 1004 batur
2003 952 2211 1014 Jesus,
2270 954 2548 1014 tanquam
2608 953 2907 1017 Pharisaei,
2952 953 3065 1013 sed
3115 958 3394 1019 tanquam

1790 1026 2138 1086 potestatem
2181 1020 2407 1073 habens
2457 1023 2665 1087 (Matth.
2709 1022 2800 1087 7.).
2846 1023 3009 1075 Unde
3032 1024 3269 1087 quidam
3292 1026 3393 1088 ait,

1793 1093 2103 1163 Nunquam
2125 1091 2404 1156 loquutus
2428 1099 2520 1144 est
2541 1092 2716 1145 homo
2743 1095 2896 1145 sicut
2933 1092 3083 1163 |26
3107 1095 3203 1147 hic
3223 1097 3399 1147 homo

1792 1162 1973 1226 (Joan.
2000 1163 2091 1227 7.).
2111 1164 2297 1215 Tanta
2320 1164 2497 1228 hujus
2520 1166 2678 1217 vocis
2703 1165 3019 1219 Dominicm
3045 1162 3230 1219 virtus
3257 1170 3396 1225 erat,

1789 1233 1946 1297 quod
1987 1239 2078 1287 est
2121 1237 2383 1287 mortuos
2431 1236 2772 1300 suscitabat,
2798 1248 2987 1288 caecos
3012 1235 3394 1300 illuminabat,

1789 1304 2047 1369 leprosos
2090 1305 2428 1359 mandabat.
2474 1307 2578 1358 Vel
2617 1319 2734 1360 vox
2769 1308 3001 1359 Domini
3024 1309 3084 1360 in
3106 1309 3317 1361 virtute
3340 1312 3398 1358 et

1789 1376 2219 1441 magniﬁcentia
2240 1377 2368 1441 fuit,
2390 1390 2526 1430 cum
2546 1378 2709 1443 prius
2739 1380 3049 1444 Apostolos
3065 1380 3200 1432 ﬁdei
3223 1380 3398 1432 virtu-

1736 1482 1745 1495 .
1789 1451 1846 1499 te
1890 1449 2188 1512 instruxit,
2228 1453 2284 1501 et
2318 1460 2417 1513 per
2448 1462 2551 1502 eos
2592 1451 2967 1514 postmodum
3010 1463 3226 1516 magna
3246 1450 3399 1505 fecit.

1788 1519 1951 1571 Unde
1974 1520 2363 1572 subinfertur:

1850 1589 1899 1643 5.
1937 1592 2051 1642 Vox
2094 1592 2319 1642 Domini
2360 1592 2757 1656 confringentis
2793 1594 2992 1656 cedros,
3019 1600 3065 1643 et
3095 1594 3401 1657 confringet

1788 1661 2057 1712 Dominus
2079 1664 2259 1713 cedros
2281 1662 2495 1712 Libani.
2532 1663 2679 1725 Quid
2708 1676 2812 1731 per
2834 1665 3058 1729 cedros,
3082 1665 3195 1717 nisi
3216 1664 3318 1716 alti
3340 1665 3399 1716 in

1790 1735 2063 1798 superbia
2087 1734 2466 1799 designantur
2480 1736 2589 1787 ?Et
2611 1736 2759 1788 bene
2784 1740 2916 1799 post
2930 1736 3134 1788 cedros
3157 1734 3399 1799 addidit,

1789 1805 2004 1857 Libani.
2030 1806 2289 1857 Libanus
2313 1806 2468 1858 enim
2496 1806 2906 1871 interpretatur
2920 1808 3396 1861 candidatio.Vox

88 1856 487 1944 hostias
508 1856 838 1944 immolat-ent.
860 1871 914 1916 Et
930 1856 1687 1944 posthancnconsummalionem
1713 1856 1767 1929 B

90 1935 301 1993 scripsit
322 1932 575 1993 psalmum
594 1933 746 1979 istum
771 1944 784 1980 :
811 1945 912 1979 non
937 1934 1072 1993 quod
1097 1936 1158 1979 de
1185 1933 1434 1981 historiali
1455 1950 1697 1988 consum-

91 2000 317 2046 matione
339 1996 590 2056 scriberet,
604 1996 691 2045 sed
710 1996 857 2043 nobis
871 1996 1351 2043 consummationem
1370 1999 1602 2048 Ecclesia:
1622 2007 1701 2053 ru-

96 2068 264 2109 turam
287 2071 376 2119 per
399 2057 641 2117 Spiritum
667 2060 903 2105 Sanctum
924 2061 1236 2118 prOphetaret
1258 2072 1267 2103 :
1296 2060 1440 2117 cujus
1456 2075 1700 2116 consum-

92 2125 274 2185 matio,
296 2120 441 2171 illius
475 2120 782 2168 tabernaculi
820 2121 979 2181 ﬁgura
997 2125 1116 2170 erat.
1143 2121 1280 2174 Quod
1304 2124 1470 2170 sciens
1487 2128 1701 2180 Hesdras

92 2195 342 2257 propheta
355 2192 511 2239 David
534 2190 865 2250 intellexisse,
878 2190 950 2240 sic
972 2191 1268 2241 intitulavit.
1292 2188 1441 2259 |
1462 2198 1560 2251 Qui
1582 2201 1702 2251 titu-

90 2267 181 2333 lus
192 2265 269 2333 sic
285 2262 487 2333 legitur.
508 2264 742 2333 fsalmus
762 2264 856 2333 i_s_te
876 2265 1110 2333 convenit
1132 2265 1287 2333 David
1314 2268 1585 2330 prophetae,
1610 2274 1700 2333 qui

93 2331 186 2377 hic
231 2326 470 2388 loquitur.
505 2326 731 2373 Psalmus
767 2328 898 2388 dico,
931 2327 1133 2373 habitus
1154 2325 1216 2373 in
1241 2325 1701 2384 consummatione

91 2386 455 2449 tabernaculi,
473 2388 524 2435 id
541 2395 631 2447 est,
657 2390 711 2435 in
735 2386 1136 2437 consideratione
1156 2394 1603 2444 consummationis
1619 2399 1703 2446 Ec-

96 2452 289 2502 clesiae.
318 2452 455 2499 Hanc
473 2455 600 2499 recte
624 2452 1002 2500 tabernaculum
1026 2452 1358 2514 appellamus,
1393 2457 1517 2513 quia
1540 2460 1621 2507 hic
1645 2464 1697 2509 in

92 2530 159 2564 ea
175 2520 416 2582 tanquam
436 2516 492 2582 in
517 2515 838 2582 tabernaculo
858 2515 1160 2582 militamus.
1175 2516 1287 2575 Ipsa
1301 2518 1444 2582 estin
1457 2519 1555 2582 hoc
1573 2525 1701 2582 p33).

93 2592 186 2627 mo
207 2578 433 2646 materia.
450 2578 993 2646 Negotiumprophetaa
1007 2578 1103 2646 sub
1126 2591 1339 2646 persona
1356 2578 1587 2646 Ecclesiae
1606 2593 1699 2646 est,

94 2641 637 2710 ostenderequomodo
668 2641 1153 2710 tabernaculumbei
1178 2644 1509 2710 compositum
1537 2650 1619 2710 sit,
1651 2641 1698 2696 id

90 2704 191 2762 est,
206 2704 532 2770 quavirtute,
558 2708 604 2748 et
627 2716 727 2770 qua
748 2704 1120 2770 magnificentia
1135 2717 1222 2761 per
1234 2705 1569 2770 septiformem
1588 2704 1703 2770 gra-

96 2770 224 2814 tiam
243 2765 659 2833 SpiritusASancti,
673 2778 787 2833 qua;
797 2767 933 2833 conci
943 2767 1079 2833 pitur
1092 2780 1150 2811 ex
1162 2780 1278 2812 voce
1293 2767 1508 2833 Domini,
1520 2765 1700 2833 septies

96 2830 330 2889 repetita.
366 2828 423 2873 Et
454 2828 561 2874 haec
599 2827 826 2875 faciendo
866 2829 1097 2889 intendit,
1137 2835 1190 2876 ut
1222 2830 1312 2888 qui
1348 2830 1440 2876 lilii
1468 2827 1551 2881 Del
1575 2827 1700 2884 iacti

93 2897 225 2959 sunt
247 2903 336 2949 per
355 2891 695 2952 adoptionem,
722 2903 863 2950 purce
894 2894 991 2939 Deo
1014 2893 1200 2940 mentis
1226 2893 1438 2939 hostiam
1472 2900 1699 2959 otl‘erant,

93 2955 184 3002 Ait
209 2965 328 3013 ergo
352 2964 365 2998 :

506 3048 913 3114 PSALMUS
982 3049 1298 3118 XXVIII.

165 3158 218 3212 2.
263 3155 460 3222 Απενιθ
498 3156 735 3207 Domino
764 3157 871 3221 ﬁlii
918 3158 1032 3219 Dei,
1068 3159 1255 3224 a/ferte
1290 3162 1524 3214 Domino
1552 3165 1702 3227 filios

100 3230 362 3281 arietum.
378 3229 590 3282 Atl’erLe
605 3229 852 3281 Domino
872 3234 1274 3297 vosmetipsos,
1288 3246 1435 3298 quos
1446 3250 1534 3296 per
1546 3240 1701 3286 Evan-

89 3302 318 3368 gelium
346 3301 522 3352 duces
542 3313 788 3365 gregum
818 3304 1076 3366 Apostoli
1099 3313 1443 3369 genuerunt,
1464 3311 1699 3358 habentes

88 3382 379 3438 tanquam
400 3373 516 3425 duo
533 3384 766 3432 cornua,
784 3372 898 3425 duo
920 3375 1303 3428 Testamenta.
1320 3378 1466 3429 Ilinc
1487 3380 1696 3433 Paulus

84 3448 248 3500 aries
269 3444 584 3511 spiritualis
600 3446 760 3509 gregi
774 3458 878 3497 suo
895 3445 1063 3498 dicit:
1087 3449 1231 3499 Nam
1243 3449 1305 3501 in
1321 3451 1543 3505 Christo
1554 3454 1583 3503 J
1591 3465 1698 3505 esu

87 3532 199 3586 per
242 3517 623 3583 Evangelium
665 3529 774 3581 ego
799 3529 905 3569 vos
929 3519 1104 3582 genui
1133 3518 1203 3582 (1.
1234 3520 1354 3571 Cor.
1375 3522 1466 3585 4.).
1499 3524 1570 3575 Et
1589 3527 1698 3576 ite-

84 3603 264 3645 rum:
312 3588 496 3642 Filioli
544 3589 681 3653 mei,
728 3601 876 3653 quos
918 3592 1130 3645 iterum
1152 3595 1407 3656 parturio
1442 3595 1577 3656 (Gal.
1604 3596 1693 3659 4.).

86 3666 216 3716 Deo
238 3674 349 3715 nos
370 3661 685 3722 atierimus,
718 3661 769 3712 si
799 3661 1007 3715 devote
1029 3664 1279 3729 agimus,
1302 3666 1456 3729 quod
1479 3679 1580 3731 per
1604 3680 1697 3720 sa-

82 3735 371 3802 pientiam
411 3733 700 3785 audimus.
726 3733 923 3785 Praabe
972 3735 1217 3799 (inquit),
1261 3737 1358 3795 illi,
1400 3750 1497 3789 cor
1532 3743 1695 3791 tuum

83 3806 238 3860 mihi
294 3806 469 3870 (Prov.
516 3803 642 3866 23.).
687 3803 798 3856 Sed
828 3818 1068 3857 necesse
1100 3811 1209 3870 est,
1247 3814 1315 3861 ut
1337 3808 1465 3861 hac
1485 3810 1696 3863 oblatio

81 3878 286 3932 cordis
307 3877 484 3931 etiam
498 3876 560 3928 in
575 3876 956 3941 completione
982 3890 1043 3928 se
1061 3877 1421 3933 demonstret
1433 3882 1695 3935 actionis.

87 3949 261 4004 Unde
290 3952 348 4002 et
376 3947 643 4001 subditur
667 3964 678 3998 :
714 3947 914 4012 A/ferte
938 3949 1175 3999 Domino
1190 3950 1430 4014 gloriam
1454 3958 1499 4001 et
1524 3954 1697 4004 hono-

77 4038 225 4074 rem.
262 4021 431 4073 Tales
462 4033 567 4072 vos
592 4019 884 4085 exhibete,
908 4025 974 4072 ut
994 4020 1309 4073 honoretur
1331 4027 1390 4075 et
1417 4024 1698 4088 gloriﬁce-

80 4101 189 4148 tur
221 4096 378 4146 Deus
412 4092 475 4143 in
507 4092 693 4145 vobis.
732 4093 913 4144 Juxta
951 4094 1106 4156 quod
1133 4095 1410 4159 scriptum
1434 4100 1525 4147 est
1548 4111 1562 4148 :
1584 4099 1699 4148 Lu-

79 4169 219 4221 ceat
237 4164 344 4218 lux
366 4169 563 4219 vestra
581 4174 774 4216 coram
801 4163 1154 4228 hominibus,
1168 4171 1231 4218 ut
1252 4166 1513 4220 videntes
1525 4181 1699 4233 opera

81 4243 294 4293 vestra
314 4237 488 4301 bona,
511 4235 832 4301 glorificent
847 4237 1076 4288 Patrem
1097 4242 1370 4299 vestrum,
1388 4239 1487 4303 qui
1506 4240 1567 4292 in
1590 4252 1698 4293 cte-

77 4313 166 4363 lis
189 4314 284 4362 est
297 4308 507 4372 (Matth.
521 4306 823 4371 5.).A/ferte
833 4308 1069 4359 Domino
1084 4308 1320 4373 gloriam
1336 4312 1552 4361 nomini
1564 4312 1693 4377 ejus.

78 4381 353 4435 Gloriosa
374 4392 477 4447 per
496 4380 696 4432 orbem
710 4380 847 4431 inno
854 4384 1005 4432 tesca
1015 4384 1053 4432 t.
1067 4381 1303 4431 Adorate
1317 4383 1617 4433 Dominum
1633 4386 1693 4433 in

77 4454 236 4507 atrio
258 4458 444 4503 sancto
461 4450 593 4517 ejus.
634 4454 756 4504 lloc
784 4457 891 4515 est,
913 4452 974 4503 in
996 4452 1233 4505 dilatato
1258 4458 1316 4506 et
1338 4456 1696 4509 sanctiﬁcato

80 4525 268 4579 corde
292 4527 508 4578 vestro.
542 4522 628 4575 Illi
651 4524 865 4589 quippe
887 4536 996 4575 nos
1019 4524 1178 4588 ipsos
1202 4524 1499 4590 debemus,
1522 4539 1558 4579 a
1579 4540 1695 4591 quo

82 4596 314 4651 conditi
339 4608 563 4648 sumus.
590 4596 692 4647 Cui
711 4597 842 4661 jure
864 4596 1048 4649 honor
1074 4603 1133 4649 et
1154 4595 1337 4661 gloria
1357 4611 1391 4649 a
1414 4600 1582 4651 nobis
1602 4612 1698 4651 ex-

1797 1961 1927 2002 eam
1950 1950 2124 2002 etiam
2146 1949 2227 2002 illi
2249 1954 2649 2015 conteruntur,
2673 1950 2774 2015 qui
2790 1950 2851 2002 in
2872 1950 3192 2004 honoribus
3212 1956 3270 2003 et
3306 1951 3396 2002 di-

1800 2022 1979 2081 vitiis,
2019 2026 2078 2073 et
2116 2022 2177 2074 in
2217 2022 2403 2075 nitore
2442 2027 2685 2075 terrena
2704 2022 3023 2075 nobilitatis
3046 2021 3396 2075 exaltantur.

1800 2093 1964 2145 Unde
1984 2092 2297 2158 Apostolus
2325 2095 2432 2146 ait:
2456 2093 2690 2146 Inﬂrma
2710 2094 2915 2146 mundi
2948 2094 3119 2159 elegit
3140 2096 3319 2158 Deus,
3337 2098 3405 2146 ut

1800 2164 2119 2217 confundat
2162 2164 2333 2218 fortia
2371 2164 2443 2227 (1.
2481 2166 2602 2215 Cor.
2650 2165 2741 2229 1.).
2781 2165 2893 2217 Sed
2916 2165 3242 2227 sciendum,
3267 2165 3403 2229 quia

1800 2236 2031 2288 duobus
2052 2235 2242 2287 modis
2265 2235 2574 2301 confringit
2589 2236 2792 2288 cedros
2822 2248 2940 2290 vox
2960 2236 3215 2289 Domini:
3237 2249 3406 2301 quos-

1800 2307 1937 2359 dam
1950 2306 2215 2361 videlicet
2237 2307 2589 2372 damnando,
2626 2307 2911 2372 quosdam
2933 2308 3007 2360 ad
3029 2321 3094 2361 se
3120 2307 3400 2361 trahendo

1800 2383 1859 2433 et
1877 2379 2109 2444 penitus
2131 2378 2490 2432 humiliando
2517 2393 2531 2430 :
2557 2379 2630 2432 de
2653 2380 2866 2444 quibus
2888 2381 3266 2445 subjunctum
3289 2384 3400 2445 est,

1863 2451 1914 2504 6.
1938 2450 2007 2500 Et
2048 2451 2377 2501 comminuet
2411 2466 2499 2501 eas
2536 2456 2805 2516 tanquam
2825 2452 3059 2503 vitulum
3080 2451 3296 2503 Libani.
3330 2453 3402 2503 Et

1799 2526 2099 2587 amputata
2124 2524 2376 2588 superba
2398 2522 2740 2576 celsitudine
2762 2524 3010 2588 illorum,
3035 2523 3285 2589 deponet
3298 2537 3399 2577 eos

1800 2593 1874 2645 ad
1888 2594 2269 2647 imitationem
2286 2594 2628 2647 humilitatis
2646 2607 2791 2659 suae,
2803 2595 2902 2659 qui
2916 2599 3195 2660 tanquam
3208 2598 3401 2646 vitulus

1799 2678 1901 2730 per
1944 2666 2132 2731 ipsam
2174 2667 2354 2731 hujus
2395 2667 2573 2719 seculi
2604 2667 2967 2719 nobilitatem
2994 2669 3069 2720 ad
3104 2667 3402 2721 victimam

1801 2736 2015 2789 ductus
2039 2742 2146 2789 est.
2163 2738 2490 2789 Astiterunt
2511 2738 2665 2790 enim
2687 2750 2855 2803 reges
2875 2743 3057 2803 term,
3074 2743 3131 2791 et
3145 2742 3405 2801 principes

1800 2814 2196 2861 convenerunt
2223 2810 2507 2862 adversus
2530 2810 2844 2862 Dominum
2860 2816 2922 2864 et
2940 2811 3224 2864 adversus
3244 2811 3405 2865 Chri-

1801 2885 1961 2933 stum
2004 2881 2132 2945 ejus
2167 2881 2333 2944 (Psal.
2368 2880 2459 2945 2.).
2494 2880 2562 2931 Et
2585 2881 2811 2933 dilectus
2842 2883 3304 2947 quemadmodum
3332 2884 3404 2947 ﬁ-

1800 2951 1907 3002 lius
1930 2953 2308 3017 unicornium,
2326 2954 2470 3005 Nam
2492 2957 2549 3005 et
2570 2953 2693 3017 ipse
2713 2954 2977 3018 dilectus,
2993 2959 3171 3019 atque
3193 2955 3402 3007 unicus

1801 3024 1952 3075 Patri
1990 3024 2307 3077 exinanivit
2339 3036 2401 3076 se
2424 3024 2722 3078 nobilitate
2745 3038 2869 3089 sua,
2895 3031 2954 3079 et
2975 3026 3166 3079 factus
3184 3030 3274 3079 est
3294 3027 3403 3079 ho—

1801 3108 1917 3160 mo,
1942 3095 2107 3161 sicut,
2147 3094 2299 3148 tibus
2329 3096 2670 3149 Judworum
2702 3098 3095 3161 ignorantium
3112 3098 3402 3163 justitiam

1803 3168 1898 3219 Dei
1922 3205 1938 3232 ,
1974 3171 2034 3220 et
2076 3168 2324 3232 superbe
2350 3169 2695 3233 jactantium
2735 3174 3012 3234 tanquam
3044 3169 3398 3235 singularem

1793 3240 2083 3304 justitiam
2107 3251 2296 3292 suam.

1859 3311 1910 3365 7.
1952 3313 2064 3362 Vox
2083 3313 2307 3362 Domini
2324 3312 2689 3363 intercidentis
2712 3314 2999 3377 ﬂammam
3030 3316 3191 3379 ignis.
3208 3315 3275 3367 Id
3287 3323 3394 3377 est,

1794 3383 2107 3436 dividentis
2136 3384 2421 3437 furentem
2445 3385 2804 3437 iracundiam
2816 3393 3253 3451 persecutorum
3268 3394 3397 3442 διιο-

1796 3469 1943 3517 rum,
1958 3462 2023 3509 ut
2036 3456 2132 3508 alii
2144 3457 2720 3521 dicerentzNumquid
2736 3459 2879 3511 forte
2892 3459 3016 3523 ipse
3032 3463 3122 3511 est
3133 3462 3396 3512 Christus?

1794 3528 1908 3592 alii,
1928 3531 2074 3589 Non,
2099 3529 2204 3580 sed
2228 3528 2455 3581 seducit
2476 3529 2755 3594 populum
2794 3531 2971 3595 (Joan.
2999 3528 3095 3596 7.),
3118 3535 3293 3597 atque
3314 3532 3397 3587 ita

1797 3601 2177 3663 praseedentis
2220 3601 2496 3653 insanum
2533 3602 2847 3654 tumultum
2880 3616 3103 3667 eorum,
3145 3608 3212 3656 ut
3253 3603 3396 3658 alios

1799 3672 2103 3736 trajiceret,
2128 3673 2273 3725 alios
2306 3677 2367 3725 in
2403 3672 2621 3725 malitia
2643 3687 2845 3727 eorum
2875 3676 3241 3739 relinqueret.

1856 3746 1904 3795 8.
1939 3744 2054 3795 Vox
2072 3746 2299 3795 Domini
2326 3748 2676 3797 concutientis
2697 3748 2982 3799 desertum.
3007 3747 3072 3799 Id
3104 3753 3213 3808 est,
3238 3760 3397 3800 com-

1794 3816 2084 3868 moventis
2098 3816 2172 3868 ad
2189 3816 2363 3868 (idem
2379 3817 2653 3881 gentilem
2675 3818 2974 3882 populum,
2987 3820 3086 3883 qui
3097 3820 3394 3883 quondam

1794 3892 1917 3939 erat
1945 3888 2069 3940 sine
2090 3900 2208 3953 spe,
2236 3888 2361 3939 sine
2383 3890 2522 3953 Deo,
2559 3890 2685 3941 sine
2707 3890 3002 3955 propheta,
3032 3891 3158 3942 sine
3182 3890 3393 3954 pradi-

1794 3962 2003 4012 catore.
2053 3959 2118 4009 Et
2148 3960 2493 4009 commovebit
2528 3961 2799 4010 Dominus
2830 3962 3094 4011 desertum
3120 3962 3305 4014 Gades.
3330 3963 3395 4015 Id

1795 4036 1908 4096 est,
1923 4042 2058 4085 vere
2080 4031 2353 4083 celebrari
2372 4031 2542 4084 faciet
2562 4032 2847 4085 Dominus
2866 4038 3134 4087 sanctum
3151 4036 3395 4087 verbum

1796 4103 2212 4168 scripturarum
2259 4116 2516 4168 suarum,
2554 4104 2711 4169 quod
2732 4117 2768 4157 a
2788 4105 3007 4160 Judaais
3032 4118 3154 4161 non
3184 4105 3396 4160 intelli-

1794 4175 2070 4241 gentibus
2091 4176 2480 4229 deserebatur.

1856 4248 1908 4303 9.
1963 4249 2080 4299 Vox
2122 4248 2349 4299 Domini
2392 4249 2756 4313 praeparantis
2810 4263 3012 4314 cervos,
3058 4256 3106 4300 et
3148 4249 3395 4299 reuelabit

1795 4320 2081 4371 condensa.
2132 4320 2294 4373 Cervi
2324 4320 2634 4386 Apostolos
2676 4321 3002 4386 designant,
3044 4322 3145 4386 qui
3180 4333 3394 4387 praepa-

1794 4397 1955 4446 rante
1970 4405 2071 4445 eos
2095 4392 2309 4457 Spiritu
2334 4395 2544 4446 Sancto
2561 4393 2636 4446 ad
2657 4393 3031 4457 currendum,
3047 4397 3106 4445 et
3128 4395 3395 4457 Evange-

1794 4463 1937 4517 lium
1972 4464 2405 4519 enunciandum
2437 4464 2619 4529 agiles
2655 4469 2833 4527 erant,
2858 4465 3077 4530 quique
3099 4465 3395 4517 mortifera

1794 4549 2021 4589 venena
2045 4537 2257 4590 diaboli
2279 4542 2337 4590 et
2362 4537 2787 4601 hxreticorum,
2818 4549 2937 4589 non
2960 4537 3255 4589 timebant.
3288 4538 3393 4589 llis

1796 4608 2089 4661 condensa
2102 4609 2395 4672 revelavit,
2409 4610 2547 4672 quia
2562 4609 2877 4673 scripturas
2888 4609 3132 4673 aperuit,
3149 4613 3207 4661 et
3217 4611 3393 4659 divina

81 4671 332 4725 hibetur
357 4681 461 4745 pro
485 4671 647 4745 totet
672 4668 849 4745 tantis
873 4667 1188 4745 bengﬁqijS.
1204 4682 1337 4745 quae
1359 4671 1421 4745 in
1447 4672 1669 4745 aediﬁca
1716 4665 1774 4739 D
1796 4681 2073 4744 mysteria
2093 4665 2503 4734 manifestavit.
2528 4665 3044 4745 Hinc-Paulus'ait,
3068 4665 3277 4745 Audivi
3300 4693 3395 4733 ar-

86 4746 319 4797 tionem
364 4739 636 4805 spiritalis
676 4739 1047 4803 tabernaculi,
1070 4740 1131 4793 id
1154 4747 1245 4793 est
1267 4742 1535 4795 Ecclesiae
1558 4744 1697 4796 sub-

86 4816 452 4876 scribuntur,
470 4812 691 4865 Dicitur
703 4812 862 4863 enim
883 4826 912 4874 εί

152 4885 208 4940 3.
244 4884 361 4934 Vox
382 4883 608 4935 Domini
630 4898 793 4948 super
814 4899 1007 4947 aquas.
1028 4885 1156 4937 Vox
1170 4887 1397 4938 Domini
1415 4900 1589 4953 super
1609 4890 1703 4953 p0-

82 4960 289 5027 pulos,
312 4957 409 5021 qui
442 4969 546 5021 per
567 4968 749 5022 aquas
772 4963 927 5009 recte
950 4956 1400 5022 designatisunt,
1426 4961 1700 5024 quoniam

81 5041 381 5096 aquarum
409 5040 568 5081 more
592 5029 758 5081 ﬂuxu
774 5028 1136 5080 mortalitatis
1152 5031 1511 5083 incessanter
1521 5035 1697 5081 decur-

86 5107 257 5158 runt.
281 5102 424 5151 Deus
447 5099 743 5165 majestatis
773 5101 1033 5165 intonuit,
1057 5103 1216 5153 Deus
1241 5103 1312 5154 de
1336 5104 1489 5156 nube
1512 5104 1700 5156 carnis

83 5172 426 5231 terribiliter
442 5174 844 5238 pmnitentiam
862 5172 1213 5237 praedicavit.
1228 5177 1353 5240 Ipse
1364 5188 1466 5240 per
1478 5179 1546 5224 sei
1555 5192 1699 5238 psum

81 5246 367 5305 intonuit,
392 5245 491 5310 qui
518 5247 674 5297 Deus
712 5250 802 5297 est
826 5247 1163 5311 maiestatis,
1189 5249 1489 5312 potestatis
1518 5253 1574 5300 et
1596 5260 1698 5299 ex-

81 5319 272 5374 celsa
314 5318 561 5370 virtutis.
591 5318 739 5369 Hinc
778 5322 887 5382 est,
912 5318 1067 5381 quod
1091 5319 1153 5370 in
1175 5320 1425 5370 Canticis
1450 5319 1701 5372 Ecclesia

80 5393 257 5445 dicit.
282 5390 495 5442 Anima
516 5400 647 5443 mea
668 5388 973 5454 liquefacta
994 5393 1101 5453 est,
1126 5397 1188 5440 ut
1208 5389 1454 5443 dilectus
1469 5392 1698 5444 locutus

82 5469 186 5517 est
238 5463 416 5529 (Cant.
464 5462 558 5527 5.).
598 5463 861 5515 Intonuit
904 5463 1079 5515 etiam
1123 5475 1236 5515 vox
1278 5464 1505 5516 Domini
1528 5477 1700 5529 super

82 5548 320 5603 aquas:
351 5535 490 5600 quia
508 5536 573 5589 in
591 5535 843 5588 Jordane
865 5547 1039 5600 super
1066 5535 1358 5588 Christum
1377 5548 1492 5589 vox
1516 5537 1699 5587 Patris

42 5636 49 5643 ~
82 5608 300 5664 audita
317 5611 446 5660 est:
476 5608 580 5660 Hic
602 5612 692 5660 est
710 5606 889 5659 Filius
915 5620 1082 5660 meus
1106 5608 1349 5660 dilectus
1373 5610 1583 5672 (Matth.
1606 5608 1698 5671 3.).

86 5685 335 5736 intonat
355 5692 516 5732 nunc
538 5691 768 5745 quoque
784 5692 958 5744 super
971 5691 1154 5743 aquas
1169 5681 1559 5745 baptismatis:
1578 5685 1701 5743 quia

85 5757 156 5809 in
186 5753 429 5808 nomine
457 5753 657 5817 Patris,
682 5756 742 5805 et
768 5751 916 5816 Filii,
945 5757 1003 5804 et
1024 5751 1268 5817 Spiritus
1293 5753 1488 5805 Sancti
1510 5754 1700 5818 bapti-

87 5832 310 5882 zantur
344 5824 666 5879 credentes.
710 5827 780 5878 Et
816 5826 952 5890 quia
992 5823 1118 5889 ipse
1159 5830 1266 5889 est,
1304 5826 1403 5889 qui
1426 5826 1698 5890 baptizat,

88 5905 256 5956 recte
281 5898 413 5965 subj
421 5899 687 5965 ungitur:
704 5898 975 5950 Dominus
988 5911 1149 5964 super
1163 5912 1339 5963 aquas
1352 5898 1705 5950 multas.8cri-

90 5980 272 6040 ptum
316 5976 407 6027 est
446 5972 623 6037 enim,
659 5973 825 6026 Unus
848 5970 1154 6031 Dominus,
1182 5983 1302 6025 una
1329 5970 1495 6034 ildes,
1520 5983 1703 6025 unum

388 6064 649 6124 PATBOL.
688 6064 854 6122 XXI.

1798 4764 1944 4805 cana
1966 4754 2161 4817 verba,
2179 4764 2311 4816 quas
2333 4765 2451 4804 non
2466 4752 2599 4804 licet
2621 4752 2839 4805 homini
2863 4752 3021 4817 loqui
3038 4752 3109 4816 (2.
3127 4751 3388 4817 001212.).

1800 4827 1870 4875 Et
1893 4826 2172 4889 scriptum
2196 4829 2317 4877 est:
2338 4825 2617 4889 Apparuit
2644 4825 2756 4876 illis
2780 4829 3121 4889 sensum,ut
3140 4828 3396 4887 intellige-

1798 4901 1926 4949 rent
1949 4898 2272 4962 Scripturas
2295 4897 2439 4959 (Luc.
2472 4895 2600 4959 ‘24.).
2639 4898 2802 4949 Tunc
2823 4897 2903 4949 eis
2926 4897 3195 4951 revelavit
3213 4897 3396 4962 opaci-
3500 4897 3517 4908 ‘

1801 4973 1950 5021 tates
1975 4969 2305 5021 divinorum
2340 4968 2619 5021 librorum
2652 4972 2710 5021 et
2730 4969 3071 5021 umbracula
3091 4968 3395 5032 mysterio-

1798 5053 1947 5099 rum,
1975 5040 2076 5092 ubi
2099 5052 2233 5092 cum
2250 5040 2510 5093 libertate
2531 5044 2860 5104 pascantur.
2900 5041 2970 5091 Et
2992 5039 3129 5102 quia
3147 5050 3248 5102 per
3267 5038 3394 5090 hac

1800 5113 1953 5164 dona.
1980 5117 2287 5164 consumat
2320 5114 2478 5165 Deus
2511 5111 2824 5163 Ecclesiam
2854 5122 3040 5169 suam,
3064 5114 3219 5161 recte
3253 5111 3394 5161 sub-

1792 5185 2057 5248 jungitur
2101 5198 2114 5234 :
2140 5185 2210 5233 Et
2255 5186 2317 5233 in
2362 5184 2553 5248 templo
2584 5184 2699 5247 ejus
2731 5196 2913 5232 omnes
2943 5181 3118 5230 dicent
3134 5181 3391 5244 gloriam.

1800 5257 1919 5307 Hoc
1944 5261 2051 5317 est,
2074 5255 2136 5306 in
2165 5256 2372 5320 seipsis
2396 5256 2676 5319 templum
2698 5254 2801 5305 Dei
2821 5254 2985 5304 iactis
2996 5253 3241 5304 Domino
3264 5253 3392 5315 glo-

1798 5329 1942 5380 riam
1970 5328 2179 5392 dicent,
2209 5342 2245 5380 a
2280 5342 2396 5391 quo
2420 5330 2578 5381 bona
2601 5330 2979 5392 perceperunt
3000 5334 3134 5388 qua:
3155 5324 3390 5376 habent.

1866 5400 1947 5456 10.
1983 5402 2251 5450 Dominus
2273 5401 2547 5450 diluvium
2571 5400 2883 5450 inhabilem
2903 5399 3054 5460 facit.
3080 5398 3223 5459 Quia
3244 5396 3393 5449 elec-

1800 5478 1890 5525 tos
1905 5486 2061 5533 suos,
2078 5476 2354 5535 tanquam
2371 5473 2431 5523 in
2451 5483 2600 5535 arca,
2614 5472 2694 5523 ita
2710 5472 2767 5522 in
2784 5470 3036 5521 Ecclesia
3049 5468 3394 5532 custoditos,
3462 5522 3469 5527 ,

1799 5545 2085 5596 mundum
2133 5545 2311 5595 istum
2359 5555 2631 5607 superare
2674 5547 2733 5595 et
2776 5541 3068 5605 despicere
3113 5539 3266 5592 facit.
3288 5540 3397 5601 Qui

1798 5619 2056 5669 mundus
2077 5622 2226 5668 recte
2249 5627 2350 5681 per
2366 5614 2649 5666 diluvium
2665 5615 3005 5677 designatur
3022 5628 3035 5663 :
3055 5612 3190 5676 quia
3204 5622 3400 5663 carna-

1799 5690 1884 5741 les
1908 5690 2057 5742 intra
2089 5702 2152 5741 se
2186 5686 2491 5752 extinguit,
2520 5684 2848 5750 spirituales
2873 5695 3048 5749 supra
3073 5695 3136 5736 se
3158 5683 3397 5747 repellit.

1801 5764 1872 5815 Et
1894 5764 2031 5825 quia
2067 5772 2294 5825 semper
2333 5759 2394 5811 in
2423 5757 2676 5810 Ecclesia
2702 5769 2810 5809 sua
2830 5755 3117 5809 Dominus
3139 5754 3403 5819 regnabit

1802 5839 1935 5899 post
1966 5833 2262 5895 diluvium,
2290 5832 2435 5884 bene
2458 5830 2835 5895 subjunctum
2859 5833 2949 5881 est
2967 5844 2979 5881 :
2999 5828 3067 5879 Et
3088 5828 3280 5878 sedebit
3304 5827 3405 5877 Do-

1801 5906 2101 5956 minusrex
2124 5906 2187 5955 in
2208 5909 2483 5955 aeternum.
2519 5900 2666 5971 127
2685 5903 2831 5954 Sunt
2850 5900 3009 5954 enim
3032 5900 3219 5953 sancti
3234 5899 3404 5952 sedes

1802 5977 1925 6040 Dei,
1959 5981 2018 6031 et
2057 5977 2180 6042 ipse
2213 5989 2315 6029 rex
2339 5988 2556 6040 eorum,
2577 5974 2894 6029 defendens
2916 5972 3045 6026 illos
3066 5983 3102 6027 a
3121 5974 3406 6037 potestate

3118 6062 3189 6124 24
