3890 6428
523 406 626 463 747

1582 405 1851 460 RUFINO
1882 404 2346 458 PRESBYTERO
2379 406 2767 460 ASCRIPTUS

3732 407 3822 464 748

511 521 740 597 diaboli,
766 527 823 575 et
845 534 1051 587 regens
1074 521 1570 597 eos__spiritua1iter
1593 533 1666 572 ne
1689 521 2110 597 peccatum_re-
2135 524 2197 597 Α
2218 519 2428 597 ιαηιᾳιε
2463 522 2594 586 ejus.
2626 520 3061 597 Vindicavitin
3076 532 3183 597 vos
3215 521 3469 586 primum
3502 526 3822 597 peccatum,

516 596 656 658 gnet
677 593 737 645 in
759 606 960 645 eorum
984 593 1210 647 mortali
1232 606 1467 659 corpore
1491 592 1662 657 (Rom.
1690 591 1784 655 6.).
1808 591 1880 645 de
1895 592 2110 657 quibus

516 664 708 717 adhuc
732 665 998 716 subditur
1022 681 1038 714 :

580 736 665 790 11.
694 737 959 786 Dominus
986 736 1240 786 virtutem
1258 735 1462 803 populo
1483 750 1581 786 suo
1606 733 1772 785 dabit.
1806 736 1891 787 Ne
1915 736 1988 787 ab
2011 735 2120 786 ini-

515 806 681 858 micis
704 811 761 857 et
781 806 940 860 vitiis
965 813 1328 871 superentur.
1347 806 1613 858 Dominus
1638 806 1898 855 benedicet
1916 805 2117 870 populo

513 892 610 927 suo
637 879 699 927 in
721 892 864 942 pace.
888 878 963 930 Ut
994 883 1126 942 post
1149 878 1431 944 procellas
1460 882 1517 931 et
1539 879 1801 930 turbines
1823 878 1995 931 istius
2022 892 2115 930 se-

511 948 643 1015 culi,
666 949 1039 1014 requiescant
1069 950 1313 1004 feliciter
1340 952 1402 1003 in
1431 950 1771 1004 aeternitate.

754 1118 769 1126 -
799 1065 1167 1131 TlTULUS
1208 1065 1528 1133 PSALMI
1567 1063 1822 1130 XXIX.

574 1198 601 1254 1
614 1236 625 1249 .
650 1198 902 1250 Psalmus
917 1200 1120 1251 cantici
1142 1200 1204 1251 in
1221 1200 1556 1251 dedicatione
1573 1200 1765 1249 domus
1778 1197 1972 1251 David.
1986 1201 2115 1248 Psal-

512 1277 626 1312 mus
648 1264 745 1313 iste
766 1268 840 1312 est
855 1264 1068 1325 Cantici,
1089 1265 1142 1312 id
1174 1270 1266 1323 est,
1282 1266 1607 1313 exultationis
1623 1266 1808 1311 habitae
1830 1264 1884 1310 in
1908 1264 2113 1310 dedica-

512 1327 666 1389 tionis,
691 1328 786 1374 hoc
808 1332 900 1384 est,
922 1328 975 1373 in
993 1328 1393 1376 consideratione
1412 1327 1743 1375 dedicationis
1758 1327 1938 1374 domus
1954 1328 2111 1373 David

513 1387 582 1463 (2,
599 1387 838 1463 ῌξῃῖςῖὼ
861 1391 1114 1463 Dedicatio
1132 1391 1322 1463 domus.
1337 1390 1502 1463 David.
1519 1390 1818 1438 resurrectio
1834 1389 1982 1463 Salva
1992 1389 2111 1463 toris

510 1452 844 1511 intelligitur:
865 1453 919 1500 in
943 1466 1043 1512 qua
1062 1454 1234 1502 omnia
1259 1456 1373 1501 vitae
1396 1458 1577 1501 nostras
1592 1465 1800 1511 corpora
1820 1452 2113 1499 dedicantur

509 1516 697 1562 Domus
732 1514 888 1561 David
927 1517 1219 1577 aediﬁcatur,
1254 1516 1458 1577 quando
1488 1516 1775 1563 humanitas
1813 1514 2108 1562 assumitur.

509 1579 696 1642 Domus
714 1578 867 1642 David
891 1579 1192 1642 taediﬁcatur,
1233 1581 1437 1638 quando
1466 1592 1496 1625 a
1517 1580 1729 1626 mortuis
1758 1579 2113 1642 resuscitatur.

511 1640 697 1688 Domus
719 1640 903 1687 Christi
923 1646 994 1688 est
1020 1640 1327 1692 humanitas.
1363 1643 1503 1689 Sicut
1534 1642 1670 1689 enim
1695 1641 1875 1687 domus
1898 1640 2110 1688 celebris

508 1703 564 1749 ﬁt
585 1702 638 1749 in
660 1702 973 1751 dedicatione
999 1716 1013 1754 :
1038 1706 1111 1753 sic
1135 1706 1365 1752 Christus
1384 1705 1624 1751 celebrior
1650 1705 1811 1750 iactus
1834 1709 1909 1750 est
1938 1704 1992 1749 in
2027 1718 2111 1749 re-

506 1766 834 1823 surrectione,
858 1771 1115 1826 assumpta
1138 1768 1543 1826 impassibilitate
1571 1771 1618 1813 et
1642 1765 2033 1812 immortalitate.
2050 1766 2104 1811 In

504 1828 671 1887 prima
693 1832 830 1886 parte
852 1829 1034 1886 psalmi
1058 1834 1130 1876 est
1154 1831 1282 1876 actio
1305 1831 1578 1889 gratiarum
1606 1829 1669 1875 de
1700 1828 1995 1874 liberatione
2015 1842 2027 1876 :
2054 1829 2107 1873 in

500 1903 603 1950 qua
626 1891 778 1954 etiam
804 1892 1030 1938 hortatur
1056 1900 1269 1954 sanctos,
1301 1899 1353 1939 ut
1376 1906 1465 1951 pro
1491 1906 1549 1938 ea
1574 1893 1668 1937 Deo
1693 1895 1853 1949 grates
1878 1892 2104 1949 reddant,

508 1966 622 2011 quas
656 1952 886 2016 liheratio
931 1967 1103 2001 eorum
1143 1959 1234 2016 est,
1259 1952 1387 2014 quia
1414 1969 1503 2015 per
1524 1968 1632 2000 eam
1670 1954 1868 2000 liberati
1892 1958 2026 2000 sunt.
2052 1955 2106 2000 In

503 2015 727 2062 secunda
755 2020 912 2077 parte,
938 2029 1055 2076 quae
1071 2015 1267 2075 incipit,
1284 2020 1383 2076 Ego
1400 2024 1567 2065 autem
1585 2017 1693 2062 dixi
1715 2017 1769 2062 in
1794 2016 2109 2062 abundantia

507 2090 636 2141 mea,
663 2079 945 2141 ostenditur
965 2082 1219 2137 meritum,
1250 2094 1402 2139 quare
1427 2080 1519 2127 fuit
1542 2080 1772 2141 dignum,
1791 2083 1847 2125 ut
1873 2079 2111 2125 liberetur

506 2140 564 2186 In
609 2139 750 2186 tertia
793 2146 945 2200 parte,
981 2155 1096 2201 qum
1136 2143 1335 2202 incipit,
1368 2143 1580 2192 Audivit
1607 2139 1866 2197 Dominus,
1892 2141 2109 2188 ostendit

504 2203 722 2261 qualiter
745 2202 829 2249 ﬁat
853 2205 961 2263 ipsa
984 2204 1250 2253 dedicatio.
1272 2205 1413 2253 Circa
1431 2208 1580 2252 ﬁnem
1597 2204 1863 2251 manifeste
1879 2206 2021 2262 ponit
2039 2217 2111 2250 re-

503 2265 881 2313 surrectionem.
927 2268 1127 2315 Materia
1171 2273 1244 2314 est
1283 2268 1529 2316 Christus.
1570 2268 1784 2314 Intentio
1821 2272 1893 2313 est
1922 2267 2108 2313 hortari

506 2327 737 2374 homines
770 2328 834 2375 ad
870 2328 1070 2376 laudem
1109 2331 1192 2376 Dei
1219 2330 1280 2376 de
1305 2344 1399 2379 sua
1421 2330 1732 2389 liberatione,
1759 2342 1875 2388 quae
1899 2328 2101 2377 illorum

502 2393 576 2436 est
602 2403 613 2436 :
659 2390 800 2444 Quod
838 2395 1068 2440 notamus
1106 2393 1195 2441 ubi
1235 2393 1438 2451 dicitur,
1464 2393 1665 2440 Psallite
1693 2392 1923 2453 Domino,
1947 2394 2104 2440 sancti

502 2452 629 2502 eius.
655 2452 739 2502 Ait
773 2466 909 2502 ergo.

502 2452 629 2510 ejus.
655 2452 739 2502 Alt
773 2466 909 2514 ergo.

957 2567 1359 2633 PSALMUS
1389 2567 1644 2632 XXIX.

561 2671 612 2727 2.
649 2673 917 2725 Exaltabo
959 2680 1023 2735 te,
1069 2674 1319 2738 Domine,
1364 2675 1632 2739 quoniam
1675 2675 1952 2741 suscepisti
2001 2691 2103 2728 me.

494 2743 799 2809 Ampliabo
821 2757 1037 2798 nomen
1062 2750 1229 2797 tuum
1252 2759 1353 2810 per
1363 2745 1579 2797 multas
1592 2750 1818 2811 gentes,
1833 2747 2105 2811 quoniam

493 2815 915 2869 humanitatem
939 2829 1126 2868 meam
1154 2817 1340 2868 Verbo
1365 2819 1464 2869 tuo
1489 2817 1686 2869 unisti.
1711 2818 1821 2868 Nee
1843 2818 2106 2869 delectasti

494 2886 553 2939 id
583 2892 693 2953 est,
726 2901 834 2941 nec
862 2888 1132 2940 delectari
1157 2888 1345 2942 fecisti
1374 2888 1627 2938 inimicos
1654 2903 1796 2940 meos
1818 2905 1981 2955 super
1998 2904 2100 2941 me.

496 2959 637 3019 Quia
659 2959 794 3012 licet
814 2964 1086 3026 putarent
1111 2973 1171 3012 se
1194 2972 1323 3013 esse
1345 2960 1406 3012 in
1430 2961 1700 3024 passione
1716 2974 1887 3026 super
1898 2975 2006 3026 me,
2026 2965 2108 3014 ta-

495 3042 631 3083 men
654 3030 796 3084 illud
819 3031 1098 3095 gaudium
1119 3032 1178 3083 in
1202 3032 1437 3084 tristitia
1459 3036 1548 3084 est
1571 3044 1939 3085 conversum.
1957 3036 2097 3091 Quod

494 3100 702 3154 dicitur
724 3103 894 3156 modo
929 3117 1003 3155 ex
1035 3116 1282 3168 persona
1318 3103 1700 3168 fundamenti,
1727 3106 2098 3170 postmodum

498 3172 723 3225 dicetur
746 3187 818 3226 ex
843 3186 1089 3238 persona
1110 3176 1404 3228 universas
1429 3174 1657 3227 domus.
1692 3177 1817 3227 Jam
1842 3176 1993 3228 facta
2007 3182 2099 3230 est

499 3243 784 3297 dedicatio
801 3245 1010 3297 domus
1023 3246 1086 3297 in
1101 3247 1301 3311 capite,
1317 3252 1596 3310 tanquam
1611 3247 1896 3300 dedicatio
1913 3251 2099 3298 funda-

496 3316 695 3368 menti.
734 3319 983 3382 Domus,
1015 3318 1075 3369 id
1103 3324 1210 3382 est,
1236 3318 1494 3371 Ecclesia
1519 3319 1711 3370 adhuc
1746 3320 2056 3373 fabricatur
2082 3335 2095 3373 :

494 3390 696 3453 postea
726 3389 1104 3442 dedicabitur.
1139 3392 1300 3442 Tunc
1342 3392 1646 3455 apparebit
1678 3392 1859 3456 gloria
1902 3394 2097 3457 populi

495 3457 824 3524 Christiani,
854 3472 987 3524 quas
1018 3460 1191 3513 modo
1214 3460 1371 3513 latet.
1392 3462 1646 3513 Seeviant
1666 3463 1838 3515 modo
1860 3464 2096 3517 inimici.

493 3529 771 3582 Exultant
802 3531 867 3583 in
901 3531 1275 3584 fabricatione
1299 3533 1510 3584 domus
1539 3547 1552 3584 :
1579 3533 2013 3588 confundentur
2035 3537 2097 3589 in

493 3601 873 3654 dedicatione.
900 3603 1063 3654 Tunc
1079 3604 1232 3655 enim
1247 3604 1486 3656 stabunt
1496 3605 1515 3668 j
1526 3605 1722 3656 ustiin
1740 3619 1952 3671 magna
1967 3622 2098 3660 con-

494 3673 706 3725 stantia
728 3674 1012 3725 adversus
1034 3687 1152 3739 eos,
1178 3677 1275 3738 qui
1294 3689 1355 3727 se
1372 3680 1872 3740 angustiaverunt.
1892 3680 2097 3732 Dicent

491 3747 689 3797 autem
711 3745 863 3796 inter
890 3758 951 3797 se
976 3746 1344 3810 poenitentes,
1359 3751 1417 3799 et
1441 3760 1560 3811 prae
1573 3750 1844 3813 angustia
1857 3750 2094 3815 spiritus

491 3820 809 3880 gementes.
837 3817 981 3879 Quid
1006 3818 1174 3870 nobis
1197 3819 1407 3883 profuit
1424 3820 1693 3884 superbia
1718 3820 1867 3885 (Sap.
1893 3820 2007 3885 5.)?
2037 3826 2095 3875 et

492 3888 815 3941 divitiarum
835 3890 1130 3953 jactantia,
1163 3891 1303 3954 quid
1331 3892 1574 3943 contulit
1595 3894 1799 3945 nobis?
1831 3895 2094 3947 Transie-

488 3964 627 4012 runt
648 3959 844 4012 omnia
870 3959 967 4012 illa
992 3965 1272 4025 tanquam
1301 3963 1521 4015 umbra.
1548 3964 1617 4014 Et
1640 3964 1780 4027 quid
1802 3963 2007 4017 dicunt
2020 3967 2091 4018 de

484 4029 690 4095 justis?
721 4032 1019 4093 Quomodo
1040 4035 1359 4099 computati
1389 4039 1527 4086 sunt
1548 4034 1700 4086 inter
1722 4035 1869 4086 ﬁlios
1890 4037 2009 4101 Dei,
2033 4044 2092 4091 et

487 4103 640 4154 inter
663 4107 895 4154 sanctos
921 4104 1283 4157 sorsillorum
1298 4109 1424 4158 est?
1440 4110 1580 4157 tunc
1594 4104 1939 4170 implebitur,
1954 4113 2088 4170 quod

487 4173 661 4225 modo
685 4173 913 4238 dicitur,
932 4176 1041 4227 Nec
1066 4176 1329 4227 delectasti
1353 4177 1608 4226 inimicos
1638 4192 1781 4227 meos
1800 4192 1964 4243 super
1985 4196 2088 4236 me.

551 4244 604 4300 3.
647 4245 878 4320 Domine
910 4248 1050 4297 Deus
1085 4264 1256 4320 meus,
1295 4248 1531 4320 clamavi
1572 4249 1645 4298 ad
1688 4253 1751 4299 te.
1794 4251 2086 4320 Clamavit,

487 4328 623 4391 c_um
650 4317 815 4391 dixit,
841 4319 1024 4383 Pater,
1050 4318 1297 4391 clariﬂca
1325 4318 1509 4391 filium
1538 4324 1706 4371 tuum
1744 4321 1921 4385 (Joan.
1957 4317 2085 4391 12.).

485 4389 555 4438 Et
567 4390 778 4440 sanasti
807 4404 908 4441 me.
941 4392 1075 4442 Erat
1096 4390 1249 4443 enim
1274 4390 1543 4443 inﬁrmus
1568 4396 1668 4457 pro
1692 4398 1852 4457 parte
1875 4389 2083 4452 carnis.

485 4460 719 4514 Sanavit
740 4462 917 4526 igitur
940 4474 1076 4534 eum
1098 4462 1283 4525 Pater,
1309 4462 1446 4526 quia
1474 4465 1874 4519 resuscitando
1897 4471 2083 4534 ipsam

484 4544 716 4609 carnem
740 4533 1139 4609 immortalem
1146 4539 1219 4609 Aet
1249 4534 1741 4600 incorruptibilem
1766 4538 1899 4592 fecit
1917 4533 1951 4608 7|
1969 4541 2079 4609 28

483 4604 636 4656 Audi
663 4605 1094 4670 Apostolorum,
1114 4606 1259 4657 Vide
1282 4619 1477 4658 veram
1501 4608 1823 4661 sanitatem.
1841 4604 2082 4676 Abs'oﬁiﬁi

482 4676 702 4741 est(ait)
724 4688 884 4728 mors
899 4676 961 4726 in
980 4676 1239 4728 victoria.
1262 4678 1369 4730 Ubi
1385 4683 1475 4730 est
1494 4692 1651 4731 mors
1674 4683 1911 4735 aculeus
1928 4689 2081 4737 tuus?

481 4718 704 4801 esse
724 4718 1239 4812 dssuasit:
1269 4718 2078 4819 ESéfiéﬁvs‘t‘irij‘uﬁéi‘iZﬁZEi
2104 4718 2161 4793 D

481 4830 740 4882 causam,
770 4830 886 4882 qua
908 4818 1113 4872 debeat
1141 4821 1452 4874 Dominum
1474 4823 1747 4877 exaltare.

543 4890 596 4944 4.
643 4889 895 4951 Domine,
928 4889 1133 4955 inquit,
1178 4892 1417 4944 eduxisti
1456 4895 1523 4944 ab
1564 4895 1783 4958 inferno
1828 4899 2078 4952 animam

480 4976 679 5014 meam.
704 4961 1025 5026 Expoliavit
1049 4964 1204 5016 enim
1226 4966 1539 5029 infernum,
1556 4970 1614 5018 et
1635 4967 1860 5021 animas
1873 4974 2079 5022 Sancto-

479 5046 610 5086 rum
646 5046 845 5086 secum
868 5034 929 5087 in
952 5035 1092 5089 caelo
1115 5036 1541 5089 duxit.Salvasti
1556 5053 1638 5087 me
1659 5054 1697 5088 a
1718 5040 2080 5094 descendenti-

481 5105 578 5155 bus
599 5105 661 5155 in
687 5105 883 5157 laeum.
910 5106 975 5159 Id
990 5112 1094 5171 est,
1115 5121 1187 5161 ex
1200 5108 1819 5164 manibusJudworum
1839 5126 1931 5166 me
1946 5117 2078 5170 libe-

441 5243 455 5253 ‘
478 5177 889 5253 rastl,_q_ui_sua
912 5185 1118 5245 sponte
1142 5182 1200 5232 in
1222 5181 1512 5253 infernum
1535 5185 1590 5253 et
1604 5185 1847 5237 mortem
1870 5192 1929 5239 et
1952 5189 2077 5243 fau-

478 5261 573 5302 ces
596 5250 1271 5314 diabolijdescenduntEt
1284 5252 1419 5315 quia
1431 5252 1561 5317 ejus
1575 5252 1833 5309 liberatio
1844 5259 1917 5310 ad
1934 5276 2077 5311 com-

475 5334 711 5373 munem
728 5324 975 5387 pertinet
996 5324 1265 5384 salutem,
1279 5322 1407 5375 ideo
1430 5336 1538 5376 nos
1561 5325 1832 5381 admonet
1846 5330 2070 5387 dicens:

535 5391 588 5447 5.
618 5394 838 5445 Psatlite
881 5394 1116 5444 Domino
1150 5395 1325 5444 sancti
1356 5394 1489 5459 ejus,
1511 5401 1558 5445 et
1597 5398 1934 5463 confitemini
1967 5420 2073 5455 me-

470 5466 658 5517 moriae
699 5466 1001 5517 sanctitatis
1042 5464 1175 5529 ejus.
1221 5467 1305 5517 Ac
1338 5466 1387 5518 si
1423 5466 1594 5529 dicat,
1622 5471 1736 5522 Vos
1759 5485 1860 5537 per
1879 5487 2069 5529 meam

468 5536 865 5591 liberationem
890 5537 1027 5589 facti
1053 5537 1236 5588 sancti
1265 5539 1411 5603 ejus,
1436 5540 1644 5604 psallite
1670 5536 1941 5596 Domino:
1974 5548 2069 5601 be-

469 5611 716 5663 nedicite
745 5608 1054 5673 Operando,
1080 5614 1139 5662 et
1172 5612 1526 5664 conﬁtemini
1542 5626 1636 5665 ore
1657 5617 1714 5666 et
1736 5617 1923 5679 corde,
1944 5632 2069 5673 me-

467 5682 666 5734 moriae
705 5680 878 5733 illius.
918 5681 1091 5733 Obliti
1131 5683 1285 5753 enim
1315 5684 1491 5735 eratis
1511 5697 1665 5749 eum,
1691 5687 1793 5738 sed
1814 5689 1936 5753 ipse
1959 5706 2065 5746 vos

466 5765 582 5805 non
610 5756 702 5804 est
723 5753 938 5805 oblitus
966 5753 1108 5817 (Isai.
1134 5752 1260 5818 49.).
1281 5755 1442 5817 Quod
1458 5759 1653 5808 autem
1674 5752 1850 5810 vestri
1874 5778 2064 5814 memor

465 5824 676 5900 extitit,
686 5835 815 5900 non
847 5836 921 5900 ex
954 5829 1170 5900 vestra,
1196 5826 1318 5900 sed,
1329 5840 1410 5900 ex
1429 5826 1583 5880 illius
1607 5831 1913 5886 sanctitate
1931 5848 2062 5900 pro-

465 5893 660 5945 cessit.
686 5894 755 5944 Et
775 5906 850 5945 ex
870 5893 983 5946 hoc
1003 5896 1175 5948 etiam
1200 5895 1447 5961 psallite,
1482 5902 1541 5951 et
1563 5893 1934 5956 conﬁtemini.

2126 3347 2175 3422 C

2218 593 2373 656 quod
2398 598 2581 645 morte
2613 593 2882 657 solvistis,
2927 596 2985 644 et
3012 592 3190 644 vitam
3219 598 3524 654 aeternam,
3552 593 3633 645 ad
3659 606 3821 658 quam

2215 665 2398 717 redire
2420 665 2597 717 nullis
2609 664 2815 717 vestris
2832 664 3053 717 viribus
3068 666 3338 729 possetis,
3354 668 3491 729 quia
3513 664 3733 723 voluit,
3748 666 3823 717 de-

2215 736 2317 786 dit.
2341 739 2483 787 Cum
2507 736 2617 797 (Ea:
2629 736 2951 799 Augustino)
2977 735 3145 787 audis
3183 737 3453 800 quoniam
3476 738 3571 786 ira
3592 737 3659 786 in
3690 738 3822 786 indi-

2214 810 2470 871 gnatione
2492 809 2622 873 ejus,
2637 808 2713 858 ha
2723 809 2822 859 bes
2846 807 2905 858 in
2922 809 3056 867 Deo,
3077 808 3216 872 quid
3236 808 3459 860 timeas.
3479 808 3822 874 Indignatur

2212 881 2366 932 enim
2396 883 2552 933 Deus
2574 879 2811 938 homini,
2836 884 2894 930 et
2913 880 3086 931 infert
3106 879 3252 931 iram
3275 893 3376 944 pro
3397 885 3670 945 peccato.
3696 882 3821 932 Rur

2213 965 2345 1004 sum
2374 965 2507 1003 cum
2542 951 2729 1011 audis,
2770 951 2837 999 Et
2861 952 2971 1000 vita
2996 952 3055 1000 in
3091 951 3365 1001 voluntate
3388 952 3525 1015 ejus,
3553 953 3745 1004 habes
3767 954 3820 1004 in

2208 1025 2344 1084 Deo,
2370 1023 2510 1087 quid
2543 1034 2739 1087 speres
2760 1027 2818 1074 et
2841 1022 3065 1087 diligas.
3091 1023 3417 1086 Ibijustitia
3441 1024 3822 1076 commenda-

2212 1101 2319 1156 tur,
2366 1096 2459 1147 hic
2501 1096 2700 1159 gratia.
2744 1094 2834 1146 Ad
2871 1095 3016 1146 iram
3039 1096 3232 1147 autem
3257 1099 3315 1147 et
3339 1096 3524 1148 vitam
3549 1096 3818 1161 pertinet,

2210 1166 2366 1230 quod
2400 1167 2525 1230 subj
2536 1167 2702 1231 ungit
2726 1183 2737 1215 :
2764 1166 2851 1215 Ad
2873 1180 3150 1230 vesperum
3174 1165 3549 1216 demorabitur
3570 1167 3752 1231 ﬂetus,
3784 1174 3823 1216 et

2208 1238 2282 1287 ad
2304 1239 2643 1288 matutinum
2667 1238 2867 1289 laetitia.
2905 1239 3166 1303 Vespera,
3182 1238 3262 1297 ﬁt,
3291 1238 3525 1302 quando
3551 1238 3646 1290 sol
3682 1241 3823 1291 occi-

2209 1310 2307 1361 dit.
2352 1311 2602 1374 Vespera
2625 1310 2817 1374 coepit,
2853 1309 2952 1360 ubi
2977 1308 3273 1373 sapientiae
3294 1309 3494 1366 lumen
3516 1311 3771 1363 recessit
3796 1323 3825 1362 a

2205 1386 2478 1445 peccante
2503 1382 2755 1440 homine,
2774 1380 3008 1444 quando
3031 1384 3215 1433 morte
3240 1380 3557 1433 damnatus
3583 1385 3698 1434 est.
3729 1384 3821 1435 Oc-

2207 1453 2423 1504 ciderat
2446 1453 2601 1504 enim
2625 1451 2705 1503 illi
2725 1453 2811 1502 sol
2837 1450 3102 1516 justitiae,
3131 1464 3249 1503 non
3272 1452 3568 1516 gaudebat
3584 1452 3664 1504 ad
3681 1466 3823 1517 prae»

2206 1526 2452 1576 sentiam
2473 1524 2592 1575 Dei.
2616 1522 2754 1575 Inde
2775 1523 3043 1574 inchoata
3075 1527 3166 1574 est
3182 1524 3371 1574 omnis
3390 1524 3640 1577 vitaista
3672 1538 3820 1577 mor-

2207 1595 2354 1648 talis.
2373 1597 2461 1647 Ab
2482 1596 2607 1660 ipso
2624 1607 2859 1659 vespere
2876 1607 3069 1645 moras
3098 1594 3336 1647 habebit
3359 1595 3553 1655 ﬂetus,
3575 1600 3821 1657 quandiu

2205 1668 2264 1719 in
2287 1667 2583 1719 laboribus
2608 1669 2665 1718 et
2689 1666 3104 1718 tentationibus
3128 1667 3376 1731 populus
3395 1667 3499 1719 Dei
3513 1670 3821 1733 exspectat

2206 1739 2359 1790 diem
2383 1738 2632 1790 Domini.
2650 1737 2863 1789 Deinde
2882 1739 3075 1789 veniet
3098 1738 3473 1799 matutinum,
3488 1751 3603 1802 quo
3619 1742 3821 1788 exulta-

2208 1811 2285 1862 tio
2314 1811 2754 1863 resurrectionis
2778 1809 2972 1861 futura
2992 1814 3099 1860 est.
3126 1810 3288 1860 Tunc
3313 1810 3526 1861 orietur
3546 1809 3819 1863 ﬁdelibus

2210 1881 2330 1945 lux,
2375 1894 2509 1947 qua)
2540 1882 2826 1933 occiderat
2848 1880 3263 1945 peccatoribus.
3289 1880 3424 1932 Ideo
3447 1884 3506 1933 et
3527 1882 3819 1935 Dominus

2208 1956 2240 2005 J
2247 1967 2349 2006 esu
2373 1955 2433 2005 in
2456 1956 2739 2006 matutino
2764 1952 3014 2004 surrexit
3033 1952 3104 2004 de
3129 1952 3450 2017 sepulchro,
3465 1955 3532 2004 ut
3547 1954 3713 2017 quod
3725 1954 3817 2006 de-

2208 2026 2423 2078 dicavit
2442 2026 2502 2077 in
2536 2025 2930 2085 fundamento,
2956 2023 3067 2075 hoc
3100 2025 3457 2088 promitteret
3493 2024 3720 2078 domui.
3752 2028 3817 2078 In

2206 2098 2449 2150 Domino
2494 2102 2694 2149 nostro
2734 2096 2838 2160 (Ea:
2867 2094 3062 2159 eodem)
3100 2107 3345 2160 vespera
3376 2094 3503 2160 fuit,
3548 2097 3692 2160 quia
3729 2110 3820 2150 se-

2206 2170 2405 2235 pultus
2429 2174 2518 2221 est
2547 2185 2557 2219 :
2584 2174 2641 2221 et
2656 2168 3026 2233 matutinum,
3051 2168 3186 2232 quia
3209 2168 3460 2219 surrexit
3494 2170 3670 2220 tertia
3705 2169 3818 2221 die.

2208 2240 2480 2305 Sepultus
2496 2254 2559 2293 es
2582 2245 2640 2292 et
2656 2242 2720 2293 tu
2744 2252 2984 2304 vespere
3008 2240 3065 2291 in
3091 2238 3375 2303 paradiso,
3401 2244 3459 2291 et
3492 2243 3819 2291 resurrexicti

2209 2314 2374 2365 tertia
2397 2312 2504 2364 die.
2542 2313 2839 2375 Quomodo
2869 2310 3034 2362 tertia
3057 2310 3187 2362 die?
3225 2311 3281 2362 Si
3305 2310 3633 2363 secundum
3660 2314 3818 2377 cogi-

2206 2387 2293 2436 tes
2315 2385 2533 2449 primus
2566 2383 2688 2435 dies
2713 2389 2804 2435 est
2823 2387 2956 2435 ante
2981 2385 3226 2447 Legem;
3254 2381 3549 2435 secundus
3581 2384 3696 2435 sub
3713 2385 3820 2435 Le-

2204 2469 2300 2520 ge;
2328 2457 2531 2509 tertius
2556 2456 2666 2508 sub
2689 2454 2897 2507 Gratia.
2925 2454 3088 2515 Quod
3113 2454 3301 2506 triduo
3326 2452 3424 2506 illo
3447 2454 3712 2507 ostendit
3725 2468 3822 2507 ca-

2204 2531 2309 2591 put
2339 2532 2521 2592 tuum,
2550 2527 2659 2579 hoc
2684 2527 2875 2579 triduo
2900 2525 3100 2578 saeculi
3124 2525 3452 2578 ostenditur
3474 2526 3536 2578 in
3561 2531 3637 2578 te.
3672 2529 3817 2592 Spe-

2202 2599 2448 2651 randum
2465 2605 2557 2652 est
2582 2603 2639 2651 et
2664 2598 3001 2662 laetandum,
3028 2598 3132 2651 sed
3155 2597 3559 2663 perferendum
3575 2604 3672 2651 est
3683 2612 3817 2651 mo-

2202 2670 2275 2721 do
2315 2677 2374 2724 et
2407 2671 2782 2736 gemendum.
2827 2670 3095 2723 Ostendit
3129 2675 3325 2724 autem
3358 2683 3421 2723 se
3453 2671 3818 2724 contrarium

2200 2742 2365 2807 Adae,
2394 2756 2526 2794 cum
2540 2743 2667 2807 subj
2680 2743 2838 2807 ungit
2864 2756 2875 2790 :

2265 2814 2314 2868 7.
2345 2816 2458 2879 Ego
2490 2821 2670 2864 autem
2693 2815 2817 2863 dixi
2853 2815 2913 2863 in
2942 2813 3284 2864 abundantia
3317 2829 3455 2865 mea.
3478 2813 3608 2863 Non
3630 2828 3816 2865 move-

2201 2884 2294 2936 bor
2318 2887 2379 2935 in
2399 2892 2676 2937 aeternum.
2703 2886 2798 2937 Ille
2834 2885 3059 2950 positus
3094 2886 3157 2936 in
3188 2885 3453 2951 paradiso
3484 2884 3811 2951 voluptatis

2196 2959 2401 3021 (Genes.
2446 2959 2519 3023 Ξ.)
2564 2959 2869 3010 abundans
2893 2958 3164 3010 omnibus
3187 2958 3373 3010 bonis:
3398 2960 3595 3010 motus
3615 2964 3717 3012 est
3737 2960 3808 3013 ad

2197 3031 2629 3094 persuasionem
2655 3030 2938 3094 serpentis
2966 3030 3166 3095 (Genes.
3192 3028 3281 3093 3.).
3313 3029 3577 3081 Christus
3601 3036 3807 3084 autem

2194 3102 2254 3153 in
2276 3102 2632 3154 abundantia
2656 3102 2956 3164 virtutum,
2983 3100 3147 3165 dixit,
3172 3100 3341 3165 idest,
3361 3099 3723 3168 deliberavit,
3744 3108 3807 3156 ut

2194 3186 2308 3226 non
2353 3179 2657 3227 moveatur
2689 3173 2751 3225 in
2786 3179 3091 3238 internum,
3116 3173 3219 3225 sed
3248 3173 3323 3225 sit
3341 3171 3624 3225 obediens
3649 3176 3807 3228 Patri

2196 3259 2379 3310 usque
2401 3246 2476 3299 ad
2498 3251 2744 3299 mortem
2768 3245 2995 3309 (Philip.
3020 3244 3111 3309 2.).
3140 3246 3254 3297 Nec
3285 3244 3396 3297 hoc
3420 3245 3545 3296 suis
3578 3246 3805 3301 viribus

2197 3318 2474 3378 attribuit,
2501 3318 2653 3370 unde
2675 3322 2733 3370 et
2766 3317 2984 3369 subdit.

2259 3387 2310 3443 8.
2346 3390 2594 3449 Domine,
2631 3389 2692 3438 in
2732 3389 3002 3439 voluntate
3038 3393 3133 3438 tua
3162 3387 3455 3453 praestitisti
3480 3385 3805 3444 decoremeo

2194 3462 2461 3512 virtutem.
2491 3461 2648 3521 Quod
2675 3461 2919 3512 decorus
2945 3473 3077 3512 sum
3099 3460 3160 3512 in
3180 3459 3600 3525 justitia,fortis
3622 3462 3688 3514 in
3714 3477 3806 3529 pa-

2195 3533 2412 3610 tientia,
2443 3546 2570 3610 non
2584 3532 2995 3610 hochabeoes
3020 3545 3149 3610 mea
3174 3538 3477 3610 potestate,
3512 3537 3667 3610 129
3696 3532 3801 3581 Sed

2195 3608 2293 3654 tua
2318 3603 2631 3656 voluntate.
2665 3604 2917 3653 Avertisti
2951 3602 3148 3666 faciem
3174 3609 3328 3655 tuam
3352 3623 3387 3657 a
3410 3602 3601 3675 mg;
3620 3602 3801 3675 factus

2190 3689 2310 3724 sum
2343 3675 2703 3726 conturbatus.
2744 3677 2919 3727 Visus
2956 3681 3048 3727 est
3091 3676 3245 3728 enim
3276 3681 3555 3735 avertisse
3588 3684 3798 3737 faciem

2192 3758 2359 3798 suam
2383 3749 2548 3799 Pater
2570 3759 2605 3799 a
2627 3746 2787 3812 Filio,
2812 3747 3045 3811 quando
3061 3760 3195 3799 eum
3217 3748 3279 3800 in
3303 3754 3572 3814 passibne
3595 3756 3796 3809 dereli-

2190 3821 2332 3894 quit.
2360 3819 2521 3871 Unde
2545 3818 3122 3894 etJudeei_dixeru11_t,
3150 3819 3207 3894 Si
3230 3821 3406 3894 Filius
3436 3827 3541 3878 Dei
3574 3830 3691 3894 est,
3725 3830 3795 3881 li-

2190 3891 2349 3942 beret
2371 3903 2523 3955 eum,
2564 3892 2613 3943 si
2636 3891 2761 3943 vult
2792 3891 2999 3957 (Matth.
3024 3891 3110 3945 ‘27.
3152 3893 3277 3943 Luc.
3303 3893 3432 3960 23.).
3456 3891 3686 3952 Factus
3705 3908 3797 3953 est

2188 3966 2385 4014 autem
2418 3963 2816 4027 conturbatus,
2848 3976 2983 4014 cum
3009 3963 3089 4015 ait
3112 3963 3318 4016 Tristis
3336 3973 3426 4019 est
3444 3970 3644 4023 anima
3664 3984 3795 4025 mea

2192 4047 2374 4107 usque
2402 4035 2474 4086 ad
2496 4033 3003 4107 mortem:(Luc._‘23.
3020 4035 3211 4084 Matth.
3230 4034 3355 4101 26.).
3380 4042 3487 4093 Hic
3504 4055 3790 4107 magnum

2187 4106 2456 4157 meritum
2478 4106 2685 4158 Christi
2709 4105 3048 4170 ostenditur,
3065 4107 3162 4170 qui
3185 4120 3292 4159 nec
3316 4109 3398 4162 sic
3421 4105 3790 4175 probatusab

2184 4177 2512 4230 obedientia
2539 4178 2793 4230 recessit.
2825 4179 2912 4229 Tu
2933 4179 3149 4230 avertis
3173 4178 3376 4233 faciem
3400 4188 3562 4237 tuam
3588 4198 3625 4238 a
3648 4200 3748 4240 me
3774 4206 3787 4237 :

2186 4250 2289 4301 sed
2312 4262 2420 4313 ego
2442 4262 2562 4302 non
2592 4263 2724 4302 sum
2745 4262 2984 4302 aversus
3006 4263 3041 4303 a
3064 4254 3137 4302 te.
3165 4252 3310 4304 Nam
3333 4257 3594 4319 sequitur
3619 4275 3634 4309 :

2246 4319 2298 4375 9.
2332 4322 2419 4370 Ad
2456 4328 2503 4370 te
2542 4322 2789 4382 Domine,
2828 4321 3088 4385 clamabo,
3112 4327 3158 4371 et
3180 4324 3254 4373 ad
3274 4325 3575 4377 Dominum
3596 4344 3785 4381 meum

2183 4392 2519 4457 deprecabor.
2544 4392 2811 4445 Clamabo
2836 4393 2906 4445 de
2929 4394 3257 4447 obtinendis
3277 4396 3464 4463 bonis,
3478 4402 3788 4463 deprecabor

2183 4464 2255 4516 de
2281 4464 2651 4539 removendis
2674 4464 2859 4518 malis.
2879 4466 2966 4517 Tu
2989 4465 3143 4539 enim
3164 4468 3447 4523 Dominus
3466 4484 3661 4536 meus,
3684 4477 3787 4539 qui

2181 4538 2332 4600 regis
2355 4550 2465 4601 me,
2502 4542 2561 4589 et
2593 4539 2747 4588 Deus
2776 4550 2961 4600 meus,
2984 4538 3085 4602 qui
3107 4541 3313 4591 creasti
3336 4554 3447 4595 me.
3473 4544 3578 4595 Hic
3606 4538 3788 4599 nobis

2180 4608 2505 4661 ostenditur
2519 4608 2578 4659 in
2599 4609 2782 4674 capite
2807 4615 3024 4670 nostro,
3044 4609 3184 4674 quid
3197 4623 3367 4675 agere
3381 4613 3621 4667 debeam
3629 4623 3784 4670 us.Si

2181 4680 2447 4732 averterit
2460 4693 2494 4731 a
2508 4680 2675 4732 nobis
2687 4680 2890 4732 faciem
2908 4692 3076 4733 suam
3093 4684 3392 4749 Dominus,
3403 4691 3462 4739 et
3474 4689 3786 4749 indignatus

2182 4752 2351 4805 fuerit
2374 4765 2477 4817 pro
2500 4754 2747 4817 peccatis
2770 4753 2985 4804 nostris
3006 4766 3171 4806 :mox
3191 4758 3516 4810 conturbari
3531 4762 3785 4814 debemus

2178 4839 2279 4891 per
2300 4826 2716 4890 paenitentiam.
2740 4828 2809 4878 Et
2841 4825 2914 4876 ad
2937 4825 3062 4890 pias
3085 4827 3210 4891 ejus
3233 4840 3404 4882 aures
3426 4831 3628 4885 tandiu
3656 4835 3781 4887 cla-

2176 4911 2352 4961 mare,
2378 4898 2562 4952 donec
2582 4899 2999 4963 indulgentiam
3024 4912 3464 4967 consequamur.
3488 4904 3636 4965 Quid
3662 4918 3776 4959 au-

2176 4974 2293 5043 tem
2317 4970 2648 5023 clamaverit
2670 4971 2954 5031 Christus,
2976 4972 3248 5038 ostendit,
3275 4987 3409 5027 cum
3429 4977 3739 5043 subjungit
3760 4994 3778 5031 :

2238 5042 2324 5098 10.
2360 5045 2499 5103 Quae
2523 5044 2731 5094 utilitas
2753 5044 2815 5091 in
2837 5044 3108 5107 sanguine
3136 5060 3269 5107 meo,
3301 5047 3433 5097 dum
3456 5042 3776 5100 descendere

2173 5114 2234 5164 in
2259 5116 2661 5180 corruptionem
2678 5115 2858 5177 ?Quid
2870 5114 3293 5182 proﬁcietmihi,
3312 5119 3401 5172 vel
3415 5118 3542 5171 aliis
3557 5124 3776 5183 sanguis

2172 5199 2339 5239 meus
2360 5187 2601 5251 eﬁ‘usus,
2626 5187 2675 5238 si
2706 5200 2812 5250 ego
2835 5187 2896 5238 in
2915 5189 3339 5253 corruptionem
3361 5190 3651 5244 descendo
3671 5198 3698 5245 Ρ
3721 5195 3772 5247 si

2171 5271 2377 5323 corpus
2403 5272 2595 5310 meum
2619 5262 2916 5323 putrescat
2934 5259 3299 5325 insepulcro?
3311 5262 3361 5314 si
3377 5263 3541 5315 tertia
3556 5263 3768 5317 dienon

2167 5343 2406 5396 resurgo
2416 5334 2443 5383 εἲ
2463 5330 2553 5381 Nu
2562 5331 2735 5395 nquid
2757 5331 3099 5393 confitebitur
3122 5332 3218 5382 tibi
3226 5333 3417 5398 puluis.
3437 5339 3532 5385 aut
3544 5351 3767 5387 annun-

2168 5402 2321 5453 tiabit
2346 5404 2620 5452 veritatem
2638 5404 2823 5452 tuam?
2848 5404 3121 5468 Nunquid
3143 5417 3274 5458 caro
3298 5407 3528 5461 redacta
3550 5409 3612 5461 in
3635 5410 3765 5474 pul-

2167 5488 2362 5527 verem
2393 5475 2755 5527 conﬁtebitur
2789 5475 2913 5535 tibi,
2946 5476 3005 5527 id
3040 5480 3149 5543 est,
3174 5479 3281 5530 erit
3306 5491 3514 5533 caussa
3536 5482 3761 5534 confes-

2168 5547 2345 5598 sionis
2378 5551 2438 5599 et
2479 5546 2666 5598 laudis
2712 5550 2870 5599 tum?
2912 5548 3031 5600 Aut
3070 5550 3438 5604 annuntiabit
3463 5553 3757 5607 veritatem

2164 5620 2343 5681 tuam,
2371 5619 2431 5670 id
2458 5622 2565 5683 est,
2589 5618 2693 5670 erit
2714 5631 2920 5671 caussa
2944 5631 3122 5683 quare
3157 5622 3369 5674 veritas
3401 5626 3499 5676 tua
3530 5636 3759 5677 annun-

2164 5691 2339 5744 tietur
2367 5691 2440 5743 de
2467 5691 2826 5755 reparatione
2852 5691 3079 5756 generis
3105 5692 3365 5759 humani,
3381 5707 3558 5759 quam
3572 5701 3636 5749 tu
3658 5708 3758 5762 per

2162 5776 2256 5816 me
2279 5763 2537 5815 facturus
2561 5768 2661 5814 es?
2692 5763 2782 5815 Ab
2816 5763 2927 5815 hoc
2959 5763 3205 5819 clamore
3228 5779 3291 5819 se
3317 5768 3756 5822 exauditumin-

2161 5837 2374 5901 sinuat,
2392 5847 2525 5887 cum
2548 5835 2811 5898 protinus
2843 5835 3040 5889 addit:

2220 5907 2307 5963 11.
2342 5906 2569 5958 Audiuit
2600 5907 2883 5969 Dominus,
2904 5914 2955 5959 et
2976 5908 3226 5961 misertus
3236 5916 3308 5961 est
3326 5911 3461 5963 mei:
3485 5912 3752 5963 Dominus

528 5962 580 6015 6.
610 5963 884 6020 Quoniam
911 5965 1003 6015 ira
1034 5966 1097 6016 in
1118 5966 1501 6031 indignatione
1521 5969 1653 6035 ejus,
1675 5976 1722 6022 et
1739 5973 1853 6025 vita
1880 5976 1938 6027 in
1964 5992 2058 6029 υο-
2155 5962 2332 6045 factus
2354 5983 2427 6031 est
2453 5978 2676 6043 adjutor
2694 5962 3155 6036 meudeisertus
3170 5984 3400 6049 estmei,
3410 5995 3483 6038 ne
3495 5962 3746 6039 corrum-
