3890 6394
52 386 168 443 749

1072 394 1145 445 IN
1181 394 1504 448 PSALMOS
1537 395 1747 449 LXXV
1779 395 2366 453 COMMENTARIUS.

3258 403 3364 460 750

44 501 842 593 pere.1'_:‘a_t_:etiam
862 517 1244 593 resurgerem.
1271 509 1659 593 Misericordia
1681 521 1743 593 Α
1763 525 1897 593 cum
1924 514 2092 565 nobis
2116 513 2393 593 donatur:
2439 517 2723 593 quse‘ideo
2748 519 2851 571 Dei
2869 519 3106 593 justicia
3128 520 3364 593 dicitur,

43 575 309 641 pertinet
339 574 413 648 ad
440 576 843 630 remissionem
878 585 1260 641 peccatorum.
1287 582 1657 648 Adjutorium

45 648 306 714 pertinet
315 647 390 699 ad
407 649 727 711 profectum
748 650 1030 704 bonorum
1047 664 1286 716 operum
1297 647 1659 711 etvirtatum.

46 720 318 772 Primum
333 720 639 772 miseretur
650 722 815 773 nobis
829 725 954 775 sine
968 726 1428 788 praecedentibus
1450 734 1659 790 meritis,

45 796 120 844 ut
149 792 379 844 liberati
416 803 451 843 a
483 798 718 856 peccato
743 796 962 847 bonum
987 796 1251 850 velimus.
1293 800 1510 852 Deinde
1550 815 1660 854 nos

46 865 320 930 adjuvat,
333 868 399 916 ut
413 865 634 917 bonum
658 866 812 930 quod
824 868 1111 933 volumus,
1123 870 1484 936 impleamus.
1499 875 1661 936 Quod

50 939 299 1000 peccata
331 937 689 1001 corrigimus,
714 938 1100 995 misericordia
1130 943 1229 993 Dei
1264 950 1370 997 est.
1398 946 1561 1007 Quod
1589 945 1661 997 ad

52 1008 319 1081 virtutes
346 1010 723 1081 resurgimus,
762 1010 1111 1074 adjatoriam
1157 1014 1256 1066 Dei
1288 1021 1394 1068 est.
1445 1018 1510 1067 in
1546 1030 1661 1081 quo

51 1084 261 1132 autem
276 1079 351 1131 sit
363 1078 627 1144 adjutus,
645 1081 921 1143 ostendit,
941 1095 1013 1135 ex
1034 1084 1420 1140 familiaritate
1446 1100 1509 1141 se
1533 1078 1664 1140 con-

51 1156 296 1205 vertens
318 1152 392 1205 ad
416 1154 659 1217 Patrem,
681 1158 739 1205 et
762 1153 993 1207 dicens:

124 1221 216 1278 i2.
257 1224 572 1275 Convertisti
595 1224 879 1289 planctum
896 1240 1080 1277 meum
1110 1228 1170 1277 in
1194 1229 1466 1292 gaudium
1500 1231 1661 1289 mihi.

53 1296 368 1349 Planctam
387 1296 676 1360 passionis
695 1296 753 1348 in
762 1296 1038 1360 gaudium
1054 1301 1294 1354 mutasti
1304 1303 1668 1355 resurrectio-

50 1367 194 1419 nis:
230 1368 393 1428 mihi,
426 1367 485 1419 id
518 1371 626 1430 est,
665 1367 741 1419 ad
791 1370 1096 1425 utilitatem
1132 1374 1247 1424 mei
1292 1378 1349 1426 et
1382 1387 1664 1440 meorum,

53 1440 387 1492 Comcidisti
407 1454 622 1490 saccum
644 1455 845 1507 meum,
869 1446 915 1491 et
928 1443 1326 1496 circumdedisti
1356 1461 1441 1497 me
1464 1447 1664 1499 laetitia.

51 1514 281 1565 Saccas
305 1512 417 1577 (Ea:
439 1513 765 1577 Augustino,
789 1511 842 1567 2.
867 1514 1147 1580 Enarrat.)
1176 1518 1248 1570 de
1272 1519 1461 1583 capris
1489 1520 1666 1572 conﬁ-

51 1585 235 1650 citur,
252 1589 312 1638 et
326 1585 397 1637 de
415 1584 621 1637 haedis.
642 1588 711 1637 Et
728 1598 915 1651 caprm
931 1591 990 1639 et
1006 1587 1165 1640 haedi
1182 1589 1331 1643 inter
1344 1595 1668 1656 peccatores

51 1662 377 1723 ponuntur.
389 1658 671 1709 Dominus
683 1657 756 1709 de
766 1670 1007 1711 numero
1018 1666 1216 1713 nostro
1230 1674 1464 1714 saccum
1478 1664 1667 1716 solum

54 1729 307 1794 accepit,
332 1740 449 1781 non
472 1728 792 1793 assumpsit
806 1729 1077 1782 meritum
1091 1733 1242 1784 sacci
1258 1734 1412 1797 quod
1425 1739 1516 1786 est
1538 1748 1671 1799 pec-

56 1804 284 1852 catum.
303 1801 517 1851 Saccus
534 1804 732 1852 autem
757 1805 848 1851 est
864 1802 1203 1855 mortalitas.
1220 1807 1461 1857 Saccum
1473 1811 1669 1858 autem

57 1872 543 1944 conscidit,_quia
561 1870 971 1944 mortalitatem
1001 1873 1317 1944 dextruxit,
1351 1881 1409 1929 et
1435 1877 1672 1942 insuper

56 1942 451 1994 circumdedit
475 1954 609 1995 eam
632 1942 859 1994 laetitia:
886 1944 1159 2007 quoniam
1176 1942 1322 1999 stola
1338 1947 1674 2000 immortali-

56 2014 208 2067 tatis
231 2013 421 2065 induit
440 2014 605 2065 illam
627 2014 929 2066 Dominus.
955 2016 1045 2067 Ad
1068 2016 1179 2068 hoc
1202 2022 1395 2070 autem
1421 2020 1672 2072 circam-

52 2087 238 2155 datus
260 2090 352 2137 est
381 2085 599 2149 latitia,
635 2089 703 2137 at
731 2085 925 2150 faciat,
958 2089 1111 2151 quod
1141 2090 1482 2155 sabjangit:

129 2154 222 2213 13.
255 2156 319 2207 Ut
353 2162 526 2207 cantet
566 2156 659 2206 tibi
695 2156 872 2221 gloria
904 2172 1041 2208 mea.
1088 2159 1153 2211 Id
1187 2166 1295 2221 est,
1331 2154 1671 2214 resurrectio

54 2241 220 2295 mea,
244 2234 419 2292 atque
442 2227 738 2281 beatitudo
754 2240 906 2280 mea:
924 2230 1113 2280 Etnon
1126 2246 1482 2297 compungar,
1496 2235 1553 2285 id
1564 2240 1670 2297 est,

52 2313 190 2353 non
228 2299 459 2354 moriar.
488 2301 635 2351 Nam
674 2300 937 2351 Christus
961 2313 1271 2367 resurgens
1305 2316 1380 2355 ex
1411 2306 1670 2367 mortuis,

48 2375 191 2438 jam
225 2384 350 2424 non
382 2372 641 2424 moritur.
668 2373 820 2422 Mors
844 2370 927 2422 illi
951 2371 1102 2425 ultra
1138 2387 1254 2426 non
1286 2375 1675 2429 dominabitur

60 2446 245 2509 (Rom.
264 2442 355 2508 6.).
374 2442 540 2506 Quod
563 2444 779 2495 factum
802 2447 894 2493 est
913 2443 974 2494 in
997 2445 1198 2509 capite,
1226 2446 1486 2499 futuram
1502 2453 1591 2500 est
1612 2449 1673 2501 in

58 2528 328 2581 corpore.
353 2515 616 2567 Cantabit
634 2517 753 2567 Deo
776 2512 959 2577 gloria
972 2521 1191 2577 nostra,
1210 2520 1438 2582 quando
1456 2520 1673 2573 similes

59 2582 119 2660 ei
130 2588 375 2651 erimus,
387 2590 446 2660 et
456 2587 786 2640 videbimus
806 2591 825 2660 |
842 2586 953 2658 30
969 2600 1103 2640 eam
1119 2589 1292 2641 sicuti
1304 2591 1472 2652 est(i.
1485 2592 1671 2654 Joan.,

58 2658 141 2725 3.)
169 2661 295 2711 Fiet
322 2659 477 2712 enim
502 2661 657 2722 quod
683 2658 985 2716 subditur:
1012 2661 1242 2711 Domine
1271 2663 1410 2711 Deus
1428 2677 1578 2712 meus
1612 2665 1674 2713 in

55 2738 335 2782 aeternum
368 2731 653 2795 conﬁtebor
676 2734 788 2786 tibi.
826 2736 965 2787 Haec
992 2737 1083 2784 est
1107 2732 1288 2797 gloria
1309 2746 1456 2794 mea,
1474 2739 1540 2787 ut
1572 2735 1675 2787 tibi

58 2803 348 2857 conﬁtear
363 2803 422 2854 in
452 2807 752 2871 mternum,
764 2808 1042 2871 quoniam
1052 2805 1196 2856 nihil
1211 2805 1351 2856 mihi
1362 2818 1431 2856 ex
1447 2819 1558 2871 me,
1571 2808 1674 2859 sed
1688 2838 1691 2843 ι

58 2874 273 2928 omnia
286 2886 362 2927 ex
374 2879 448 2935 te,
463 2874 563 2937 qui
573 2888 636 2926 es
648 2878 822 2940 Deus,
838 2878 1032 2929 omnia
1046 2876 1108 2927 in
1117 2877 1406 2928 omnibus.
1428 2880 1677 2929 Conﬁtere

56 2959 211 3012 ergo
235 2946 409 2999 modo
433 2946 541 3010 (Ea:
565 2949 700 3012 eod.,
721 2950 986 2999 Enarrat.
1014 2947 1108 3012 2.),
1135 2949 1290 3011 quod
1321 2952 1383 2999 tu
1408 2948 1592 3000 fecisti
1616 2951 1676 3002 in

62 3019 416 3082 Dominum,
434 3018 495 3070 id
515 3022 622 3084 est,
645 3026 877 3085 peccata
902 3035 914 3070 :
937 3025 995 3073 et
1010 3021 1393 3080 conﬁteberis,
1417 3020 1555 3083 quid
1574 3023 1675 3075 tibi

62 3092 278 3145 fecerit
298 3092 475 3152 Deus,
501 3090 841 3146 dimittendo
864 3098 1129 3158 peccata:
1157 3097 1224 3144 at
1242 3092 1291 3145 ei
1313 3092 1592 3144 conﬁtens
1615 3095 1675 3147 in

56 3168 363 3218 atomum
385 3175 503 3215 non
534 3166 946 3230 compungaris
975 3168 1228 3229 peccato.

373 3242 735 3310 TITULUS
781 3244 1103 3311 PSALMI
1144 3243 1365 3308 XXX.

127 3333 398 3389 i.Titulus
423 3336 605 3395 psalmi
633 3338 887 3397 sequentis
923 3338 1004 3385 hic
1034 3342 1124 3394 est,
1150 3335 1211 3383 in
1242 3336 1408 3395 ﬁnem
1429 3333 1673 3398 psalmus

55 3406 180 3473 ipsi
197 3405 398 3467 David,
414 3406 661 3456 Ecstasis.
681 3410 961 3457 Ascribitar
976 3409 1200 3469 psalmus
1214 3407 1311 3466 ipsi
1323 3408 1476 3455 David
1492 3410 1677 3455 media-

58 3481 190 3542 tori,
215 3492 373 3526 manu
406 3480 523 3527 forti
551 3481 605 3527 in
632 3482 1091 3541 persecutionibns,
1117 3478 1434 3538 quiloquitar
1466 3478 1550 3526 hic
1572 3493 1675 3528 non

62 3557 272 3600 tantum
292 3563 383 3609 pro
396 3563 449 3599 se
472 3588 487 3615 ,
516 3553 604 3601 sed
625 3554 772 3600 etiam
788 3566 880 3613 pro
902 3550 1209 3611 martyribus
1225 3552 1351 3610 suis,
1369 3549 1607 3609 dirigenti
1619 3551 1674 3599 in

57 3625 246 3671 ﬁnem.
274 3619 524 3679 Ecstasis,
551 3633 666 3680 qua:
688 3621 858 3668 addita
882 3626 955 3668 est
990 3622 1045 3667 in
1082 3621 1243 3681 titulo,
1283 3634 1542 3667 excessum
1568 3621 1675 3682 (Eae

54 3692 397 3757 Augustino)
422 3694 605 3739 mentis
621 3692 875 3751 signiticet
903 3708 914 3741 :
936 3706 1051 3752 quae
1073 3694 1145 3753 lit,
1172 3692 1247 3739 vel
1269 3705 1474 3755 pavore,
1491 3693 1571 3740 vel
1588 3696 1675 3741 ali-

57 3781 171 3829 qua
188 3766 516 3812 revelatione.
538 3767 631 3811 Sed
654 3766 704 3811 in
733 3766 825 3813 hoc
846 3767 1038 3825 psalmo
1052 3776 1207 3824 pavor
1224 3766 1439 3812 maxime
1456 3772 1673 3825 apparet,

58 3834 350 3900 perturbati
374 3836 549 3895 populi
583 3836 663 3881 Dei
697 3838 1043 3895 persecutione
1074 3836 1303 3882 omnium
1346 3838 1591 3896 gentium,
1626 3842 1677 3884 et

59 3911 272 3959 defectu
300 3918 388 3967 per
412 3908 580 3953 orbem
605 3909 740 3957 ﬁdei.
758 3910 850 3955 Sed
876 3911 1015 3969 prior
1040 3908 1264 3967 loquitur
1279 3909 1386 3966 ipse
1411 3909 1671 3959 mediator.

62 3980 268 4030 Deinde
299 3979 587 4039 redemptus
614 3982 861 4040 sanguine
887 3982 1050 4040 ipsius
1074 3980 1291 4039 populus
1325 3980 1510 4039 gratias
1533 3982 1637 4041 agit
1660 3995 1670 4027 :

59 4054 123 4101 ad
150 4057 442 4099 extremum
465 4051 782 4110 perturbatus
803 4052 913 4110 diu,
940 4052 1181 4111 loquitur,
1206 4052 1338 4109 quod
1365 4053 1426 4098 ad
1459 4055 1673 4100 ecstasin

60 4125 313 4185 pertinet.
343 4123 595 4182 Prophetas
628 4136 745 4171 vero
767 4124 931 4185 ipsius
956 4136 1167 4184 persona
1192 4123 1267 4169 bis
1299 4123 1633 4183 interponitur
1660 4138 1671 4170 :

60 4199 231 4256 Prope
273 4196 441 4255 tinem,
486 4200 533 4241 et
574 4196 629 4242 in
665 4197 835 4245 linem.
873 4197 1074 4243 Materia
1114 4197 1261 4243 habet
1295 4196 1395 4241 duo
1429 4198 1672 4254 opposita.

61 4268 342 4318 Auxilium
356 4266 545 4314 divine
556 4269 773 4327 pietatis,
788 4275 835 4315 et
847 4268 1105 4315 miseriam
1124 4268 1359 4313 humanm
1370 4267 1673 4326 fragilitatis.

64 4338 302 4388 Intendit
323 4339 553 4385 homines
568 4340 857 4403 admonere,
875 4345 930 4388 ut
950 4353 1114 4399 neque
1134 4340 1401 4398 desperent
1422 4342 1678 4386 attenden-

65 4420 141 4461 tes
170 4423 299 4458 suas
320 4411 567 4472 miserias,
594 4423 757 4471 neque
782 4414 1075 4471 superbiant
1097 4412 1248 4459 stulte
1272 4412 1334 4457 de
1364 4411 1451 4457 Dei
1470 4412 1675 4459 miseri-

61 4485 245 4535 cordia
267 4491 632 4542 praasumeutes
661 4499 672 4530 :
700 4489 746 4531 et
768 4486 841 4532 sic
862 4485 1123 4531 manifeste
1146 4481 1206 4530 in
1227 4484 1410 4545 ﬁnem,
1429 4483 1479 4530 id
1504 4488 1596 4547 est,
1623 4486 1676 4532 in

62 4557 338 4609 Christum
365 4567 457 4601 nos
491 4554 684 4614 dirigit.
711 4558 792 4604 Ait
822 4571 940 4617 ergo
968 4571 979 4603 :

547 4635 947 4701 PSALMUS
993 4634 1214 4699 XXX.

1694 1897 1748 1971 B

1762 596 1836 636 ne
1858 585 2029 637 homo
2066 597 2128 637 se
2153 590 2317 650 putet
2344 598 2379 639 a
2404 588 2594 653 seipso
2628 589 2838 642 habere
2858 592 3166 655 justitiam,
3190 594 3249 643 et
3281 585 3365 644 sic

1759 655 1820 707 in
1844 656 2035 720 seipso
2069 656 2315 708 inaniter
2336 658 2624 722 glorietur.
2651 661 2721 712 Et
2756 661 2892 724 quia
2925 674 3039 713 vox
3070 673 3203 714 mea
3248 674 3368 714 non

1760 733 1956 791 posset
1977 728 2292 779 ascendere
2316 729 2391 780 ad
2416 734 2491 792 te,

1821 796 1873 851 3.
1900 799 2117 848 Inclina
2140 800 2211 847 ad
2236 814 2319 849 me
2341 816 2531 851 aurem
2556 806 2728 865 tuam,
2751 802 2982 852 accelera
3008 807 3062 851 ut
3086 817 3246 852 eruas
3262 818 3360 854 me.

1761 869 1918 921 Fecit
1939 869 2048 921 hoc
2065 872 2237 932 Deus,
2256 871 2487 935 quando
2503 872 2700 936 ipsum
2716 872 3007 925 Christum
3030 873 3104 925 ad
3128 886 3237 926 nos
3260 875 3369 926 mi-

1762 941 1851 992 sit.
1872 941 2043 992 Auris
2060 941 2353 993 inclinatio
2364 949 2455 995 est
2469 945 2788 1009 assumptio
2802 945 3194 997 humanitatis.
3208 946 3370 998 Incli-

1761 1016 1863 1064 nat
1883 1024 2083 1064 aurem
2108 1024 2274 1065 suam
2289 1014 2363 1066 ad
2386 1028 2496 1067 nos
2514 1017 2690 1081 Deus,
2710 1016 3167 1069 misericordiam
3191 1016 3364 1082 depo-

1762 1097 1912 1137 nens
1946 1098 2117 1150 super
2140 1099 2265 1139 nos.
2302 1089 2444 1150 Quae
2466 1090 2651 1152 major
2674 1090 3082 1156 misericordia,
3103 1103 3277 1155 quam
3300 1096 3367 1143 ut

1763 1157 2005 1208 unicum
2030 1169 2205 1209 suum
2248 1158 2411 1211 daret
2432 1160 2600 1211 nobis
2631 1160 2678 1225 (l
2719 1162 2882 1213 Joan.
2910 1162 3004 1225 3.),
3027 1175 3146 1215 non
3168 1161 3362 1215 vivere

1763 1228 2088 1291 nobiscum,
2114 1230 2217 1281 sed
2231 1231 2375 1282 mori
2396 1244 2497 1295 pro
2513 1233 2682 1284 nobis
2700 1236 2723 1281 ?
2744 1233 2855 1285 Sed
2876 1238 2943 1285 ut
2964 1233 3237 1285 inclinata
3258 1233 3366 1284 mi-

1766 1299 2074 1352 sericordia
2083 1301 2195 1353 cito
2208 1308 2475 1366 resurgat
2485 1304 2770 1367 petitcum
2783 1305 2911 1368 subj
2920 1305 3109 1369 angit:
3123 1304 3369 1354 Accelera

1766 1376 1824 1421 ut
1845 1387 2007 1421 eruas
2038 1387 2139 1425 me.
2166 1376 2250 1424 Ac
2275 1374 2323 1425 si
2347 1376 2518 1440 dicat,
2553 1376 2694 1441 Cito,
2722 1376 2812 1428 fac
2844 1389 2939 1429 me
2964 1388 3282 1440 resurgere.
3310 1377 3365 1427 Si

1765 1442 1919 1495 enim
1930 1455 2115 1508 usque
2125 1444 2186 1496 in
2199 1457 2567 1498 communem
2580 1447 3059 1500 resurrectionem
3069 1448 3345 1497 distulisset
3356 1485 3369 1509 ,

1777 1512 1899 1581 [3|
1955 1520 2077 1568 tota
2101 1528 2235 1581 spes
2265 1516 2624 1570 credentium
2657 1518 2982 1571 decidisset.
3013 1519 3117 1571 Vel
3151 1518 3226 1571 ad
3260 1518 3371 1570 hoc

1772 1586 1876 1649 (Eae
1902 1587 2132 1651 August.
2168 1589 2374 1641 Enarr.
2400 1588 2473 1653 2.)
2496 1590 2751 1655 positam
2773 1594 2864 1643 est
2886 1590 3238 1651 Accelerahut
3259 1588 3368 1641 hoc

1769 1662 1976 1723 totum,
2004 1659 2164 1723 quod
2198 1661 2367 1711 nobis
2390 1660 2489 1712 diu
2514 1662 2760 1725 videtur,
2785 1662 3044 1726 quandiu
3064 1661 3317 1714 volvitur
3352 1670 3368 1689 ἰ

1770 1728 2068 1793 saeculum,
2085 1736 2367 1794 punctum
2385 1744 2516 1784 esse
2532 1731 2941 1797 intelligamus.
2961 1734 3087 1784 Non
3102 1736 3192 1785 est
3215 1731 3367 1783 enim

1770 1800 1887 1860 diu,
1899 1801 2053 1864 quod
2068 1802 2243 1854 habet
2266 1816 2338 1854 ex
2346 1809 2607 1856 tremum.
2628 1804 3015 1857 Transvolant
3030 1807 3306 1869 tempora,
3324 1813 3370 1852 et

1771 1871 1927 1935 quod
1962 1872 2064 1923 tibi
2109 1873 2339 1937 tardam
2363 1879 2471 1936 est,
2495 1875 2557 1926 in
2577 1875 2760 1927 oculis
2782 1876 2882 1928 Dei
2918 1876 3087 1928 breve
3112 1880 3220 1928 est.
3246 1874 3371 1923 Esto

1772 1943 1914 1992 mihi
1929 1943 1991 1991 in
2016 1944 2184 1993 Deum
2199 1952 2563 2009 protectorem,
2589 1959 2664 1999 ne
2680 1946 2951 2000 vulnerer
2967 1946 3096 1999 telis
3111 1944 3374 1999 inimico-

1770 2027 1917 2066 rum.
1935 2014 2003 2064 Et
2027 2015 2087 2063 in
2100 2015 2323 2067 domum
2337 2017 2554 2082 refugii,
2571 2023 2627 2067 ut
2653 2018 2960 2069 salvumme
2973 2020 3165 2083 facias.
3183 2017 3248 2069 Id
3265 2022 3372 2078 est,

1769 2085 1831 2136 in
1853 2085 2091 2137 domum
2121 2088 2465 2153 securitatis,
2495 2090 2556 2139 in
2579 2101 2693 2153 qua
2708 2090 3067 2153 requiescam
3081 2088 3261 2141 ﬁnitis
3288 2086 3373 2138 1a-

1771 2156 2356 2222 boribusistis,atqae
2377 2159 2437 2210 in
2459 2165 2746 2211 aeternum
2763 2164 2964 2214 salvas
2980 2169 3369 2226 permaneam.

1771 2227 1827 2279 Si
1848 2228 1936 2279 vis
1953 2228 2201 2280 evadere
2217 2229 2412 2293 jacala
2429 2231 2837 2296 tentationum,
2865 2237 3049 2285 metas
3073 2232 3369 2293 vitiorum,

1770 2298 2022 2351 furorem
2033 2301 2506 2364 persequentium
2525 2316 2541 2351 :
2555 2304 2759 2355 invoca
2779 2306 3160 2368 protectorem
3176 2301 3373 2353 Domi—

1769 2383 1930 2422 num.
1959 2371 2016 2422 Si
2043 2372 2167 2435 ipse
2207 2376 2262 2424 te
2291 2372 2557 2438 protegit,
2580 2386 2696 2426 non
2721 2379 2829 2438 est,
2857 2374 2958 2438 qui
2990 2374 3172 2428 feriat.
3199 2374 3258 2426 Si
3281 2372 3373 2426 vis

1772 2454 1903 2494 esse
1929 2442 2125 2495 salvas
2148 2448 2207 2495 et
2232 2456 2496 2510 securus,
2523 2445 2610 2496 fac
2634 2445 2705 2497 de
2720 2447 2847 2511 ipso
2870 2446 3158 2512 refugium
3181 2452 3370 2501 tuum.

1772 2513 2007 2565 Nullum
2030 2514 2186 2567 enim
2210 2519 2330 2567 tam
2355 2520 2545 2568 tutum
2563 2522 2751 2581 potest
2783 2518 2888 2569 tibi
2902 2531 3033 2572 esse
3059 2518 3370 2587 refugium,

1775 2597 1951 2650 quam
1971 2588 2128 2638 Deus
2162 2592 2298 2639 tuus
2324 2603 2337 2638 :
2365 2588 2435 2639 de
2459 2600 2575 2652 quo
2606 2589 2899 2654 subditur,

1836 2657 1888 2711 4.
1914 2658 2191 2716 Quoniam
2213 2658 2474 2722 fortitudo
2498 2674 2618 2721 mea
2641 2665 2687 2710 et
2705 2660 2982 2726 refugium
3005 2675 3187 2714 meum
3205 2679 3256 2714 es
3296 2670 3369 2715 tu.

1774 2729 2089 2794 Fortitudo,
2103 2742 2217 2794 qua
2228 2743 2337 2795 ego
2346 2732 2564 2796 possim
2581 2737 2641 2784 et
2652 2732 2797 2784 mihi
2807 2735 3008 2786 contra
3022 2736 3378 2798 impugnantes

1774 2801 2053 2853 resistere.
2079 2802 2401 2866 Refugium,
2421 2806 2481 2855 in
2504 2816 2620 2868 quo
2637 2816 2878 2856 securus
2903 2805 3127 2858 valeam
3149 2820 3377 2872 perma-

1775 2884 1931 2923 nere.
1958 2873 2255 2925 Fortitudo
2278 2874 2340 2925 in
2364 2874 2530 2938 bello,
2550 2875 2836 2940 refugium
2852 2879 3374 2943 posttriumphum.

1774 2944 2089 3007 Fortitudo,
2104 2944 2242 3008 quia
2252 2945 2554 3011 vincimus,
2572 2946 2925 3010 refugiumin
2937 2960 3050 3012 quo
3062 2950 3375 3013 quiescam.

1774 3014 1843 3064 Et
1853 3020 2069 3079 propter
2079 3030 2277 3065 nomen
2288 3021 2461 3081 tuum,
2478 3017 2835 3070 dilatandam
2850 3020 3375 3085 etgloritlcandum,

1776 3086 1994 3136 deducas
2017 3101 2117 3148 me,
2148 3100 2223 3139 ne
2258 3090 2551 3141 aberrem:
2578 3095 2625 3139 et
2656 3091 2891 3140 enutries
2928 3106 3027 3151 me,
3066 3104 3141 3145 ne
3179 3092 3241 3144 in
3279 3094 3375 3146 via

1776 3157 2056 3210 deﬁciam.
2071 3159 2174 3211 Vel
2184 3159 2488 3212 deducitur
2506 3161 2788 3222 Christus,
2800 3174 2936 3214 cum
2958 3175 3059 3229 per
3068 3164 3374 3229 Apostolos

1776 3231 1992 3294 ubique
2033 3232 2351 3284 nunciatur.
2388 3234 2688 3286 Enutritur
2728 3239 2946 3299 autem,
2980 3248 3114 3287 cum
3149 3238 3373 3301 parvuli

1702 3277 1751 3353 C
1774 3277 3136 3369 ea;haesissemgentisds'sfaeam,
3149 3277 3374 3358 ’ὺῖώὧὲ

1772 3377 1929 3427 Deus
1949 3378 2164 3439 noster,
2183 3376 2305 3427 dux
2316 3377 2484 3429 nobis
2501 3390 2581 3442 es,
2607 3390 2721 3442 quo
2740 3379 3110 3443 spiritualiter
3121 3380 3373 3444 proﬁcis-

1775 3448 1990 3511 cimur;
2023 3451 2082 3499 et
2106 3460 2280 3501 verus
2308 3450 2491 3513 cibus,
2518 3461 2630 3513 quo
2646 3449 3014 3515 spiritualiter
3030 3451 3371 3505 enutrimus.

1776 3519 1943 3570 Ducit
1986 3531 2095 3570 nos
2133 3520 2456 3585 praeceptis,
2488 3521 2673 3575 nutrit
2705 3522 3105 3575 sacramentis.
3140 3524 3223 3576 De
3259 3535 3375 3589 quo

1774 3589 1966 3642 adhuc
1989 3590 2283 3642 subditur:

1838 3660 1887 3715 5.
1913 3661 2119 3711 Educes
2156 3676 2241 3712 me
2288 3662 2351 3713 de
2380 3661 2572 3728 laqueo
2617 3663 2734 3725 hoc,
2781 3678 2941 3728 quem
2982 3664 3377 3717 absconderunt

1775 3735 1935 3785 mihi.
1956 3736 2057 3786 Per
2070 3732 2362 3801 laqueum,
2379 3735 2777 3800 deceptionem
2790 3737 2915 3788 vult
2928 3736 3186 3801 intelligi,
3201 3749 3375 3802 quam

1774 3806 1998 3858 Christo
2010 3806 2442 3858 absconderant
2454 3808 2663 3860 Jadmi.
2680 3808 2830 3858 Hinc
2844 3812 2952 3871 est,
2972 3809 3128 3872 quod
3146 3810 3195 3861 ei
3211 3809 3377 3862 dixe-

1774 3881 1929 3938 runt,
1948 3878 2237 3941 Magister,
2257 3877 2475 3929 scimus
2492 3878 2629 3942 quia
2644 3890 2820 3931 verax
2836 3892 2916 3939 es,
2944 3883 3003 3930 et
3014 3879 3168 3931 viam
3196 3881 3293 3932 Dei
3316 3882 3374 3932 in

1776 3949 2014 4001 veritate
2037 3948 2227 4000 doces.
2256 3949 2358 3999 Dic
2381 3961 2517 4014 ergo
2545 3949 2715 4001 nobis
2752 3949 2801 4000 si
2826 3948 2961 4000 licet
2987 3962 3230 4002 censum
3254 3951 3376 4003 dari

1777 4020 1989 4073 Caesari
2025 4032 2101 4071 an
2132 4032 2251 4072 non
2284 4021 2501 4085 (Matth.
2538 4020 2682 4084 22.)?
2716 4022 2859 4073 Ecce
2892 4020 3160 4086 laqueus,
3201 4034 3373 4086 quem

1776 4090 2225 4144 absconderant.
2260 4092 2319 4144 Si
2351 4092 2613 4156 dixisset,
2644 4093 2841 4144 Licet:
2883 4092 3192 4145 cecidisset
3214 4093 3378 4145 inla-

1778 4175 2014 4228 queam.
2038 4164 2462 4228 Opposuissent
2483 4164 2641 4216 enim
2664 4163 2760 4215 illi.
2787 4165 2997 4216 Contra
3020 4164 3208 4230 legem
3230 4166 3375 4230 agis,

1780 4247 1913 4299 qua:
1925 4234 2081 4298 dicit,
2098 4236 2408 4287 Dominum
2423 4238 2605 4288 Deum
2621 4240 2786 4288 tuum
2796 4235 3083 4298 adorabis,
3100 4242 3158 4289 et
3180 4235 3261 4288 illi
3272 4236 3378 4290 soli

1780 4308 1993 4359 servies
2031 4308 2199 4371 (Deut.
2226 4308 2317 4373 6.).
2363 4308 2419 4360 Si
2445 4309 2709 4372 dixisset,
2748 4310 2873 4360 Non
2905 4308 3067 4360 licet:
3105 4308 3168 4360 in
3197 4308 3375 4361 aliam

1777 4380 2049 4443 laqueum
2061 4380 2380 4433 cecidisset.
2404 4381 2700 4433 Dixissent
2715 4380 2868 4432 enim
2885 4379 3211 4442 Herodiani,
3230 4382 3379 4432 Con-

1781 4456 1867 4503 tra
1904 4463 2097 4514 regem
2128 4452 2290 4515 agis:
2336 4464 2468 4504 reas
2508 4465 2571 4503 es
2612 4451 2816 4503 mortis
2854 4451 3063 4513 (Matth.
3101 4450 3229 4514 26.).
3276 4450 3379 4503 Vel

1777 4522 1966 4574 educes
1995 4537 2078 4571 me
2109 4523 2173 4572 de
2197 4523 2406 4587 laqueo,
2429 4523 2487 4575 id
2509 4528 2615 4584 est,
2643 4523 2714 4575 de
2739 4527 2940 4584 morte,
2966 4534 3097 4586 quae
3126 4521 3256 4575 ideo
3293 4522 3382 4574 di-

1780 4596 1927 4649 citur
1935 4594 2179 4658 laqueus
2193 4610 2206 4646 :
2226 4595 2361 4659 quia
2369 4608 2471 4659 per
2481 4600 2725 4647 mortem
2741 4599 3092 4659 putaverunt
3107 4593 3380 4660 impedire

1783 4679 1995 4720 nomen
2025 4667 2180 4731 ejus:
2216 4679 2398 4730 quem
2431 4667 2880 4730 absconderant,
2917 4667 2975 4719 id
3000 4671 3105 4733 est,
3137 4668 3383 4719 latenter

130 4726 193 4783 2.
206 4727 273 4778 IN
288 4728 350 4786 te,
366 4725 610 4787 Domine,
626 4727 856 4791 speravi,
875 4741 986 4776 non
1004 4725 1317 4788 confundor
1334 4725 1390 4775 in
1403 4730 1671 4777 aeternum.

1786 4712 2153 4806 paravertint,
2171 4712 2330 4801 mihi,
2349 4752 2521 4803 quem
2538 4739 2763 4791 nullam
2775 4712 2916 4791 latet
2934 4712 3237 4792 secretum.
3258 4742 3383 4790 Suos

63 4799 300 4855 Videtis
322 4798 459 4863 quia
484 4798 664 4864 timet,
689 4800 792 4853 sed
816 4812 991 4866 pavor
1016 4800 1126 4851 iste
1146 4812 1265 4851 non
1287 4802 1379 4849 est
1401 4798 1526 4851 sine
1560 4814 1678 4865 spe.

66 4875 127 4928 Si
157 4876 255 4925 est
284 4869 477 4936 aliqua
499 4871 557 4923 in
576 4871 833 4925 humano
856 4871 1025 4924 corde
1050 4871 1429 4935 conturbatio,
1455 4884 1573 4923 non
1602 4886 1684 4924 re-

63 4945 231 4999 cedit
277 4941 476 4995 divina
497 4945 836 4997 consolatio.
882 4946 1011 4995 Non
1033 4947 1227 5008 negat,
1267 4945 1408 5007 quin
1431 4946 1683 5007 patiatur

63 5016 450 5071 inimicorum
472 5016 931 5081 insultationem,
973 5016 1074 5067 sed
1111 5014 1241 5067 talis
1272 5016 1532 5067 confusio
1565 5030 1683 5069 non

68 5092 255 5143 durat
291 5087 353 5140 in
396 5091 698 5141 aeternum.
742 5090 845 5142 Illa
869 5088 1131 5142 confusio
1158 5088 1548 5153 perhorrenda
1576 5094 1682 5154 est,

68 5172 217 5229 quae
251 5165 473 5213 interna
510 5167 615 5213 est.
661 5163 807 5214 Nam
852 5166 943 5215 est
983 5161 1252 5227 quaedam
1293 5160 1398 5225 (Ea:
1434 5163 1682 5225 August.,

66 5238 296 5286 Enarr.
331 5231 403 5298 2.)
437 5236 700 5288 confusio
726 5236 1072 5302 temporalis,
1100 5234 1295 5288 utilis:
1332 5236 1685 5300 perturbatio

66 5305 261 5361 animi
278 5306 639 5371 respicientis
659 5315 894 5373 peccata
907 5321 1031 5373 sua,
1046 5307 1407 5374 respectione
1418 5310 1683 5368 horrentis,

66 5381 331 5433 horrore
342 5380 731 5433 erubescendo
743 5381 1099 5446 corrigentis.
1114 5380 1273 5434 Unde
1285 5380 1421 5432 dicit
1432 5384 1489 5433 et
1498 5383 1685 5445 Apos-

73 5456 262 5519 tolus,
276 5453 461 5513 Quam
477 5452 631 5504 enim
645 5454 889 5518 gloriam
898 5455 1187 5506 habuistis
1202 5456 1263 5506 in
1280 5453 1389 5517 his,
1402 5454 1685 5517 inquibus

70 5538 243 5578 nunc
268 5526 611 5576 erubescitis
630 5526 799 5591 (Rom.
828 5527 936 5589 6.)?
960 5530 1123 5579 Hanc
1147 5526 1549 5579 confusionem
1572 5538 1688 5579 non

72 5596 360 5650 formidat
371 5597 751 5659 Christianus,
768 5599 885 5652 imo
902 5600 951 5652 si
962 5600 1113 5652 hanc
1124 5611 1242 5651 non
1253 5598 1401 5652 habe
1409 5600 1507 5661 bit,
1525 5604 1691 5650 aeter-

75 5683 225 5725 nam
260 5669 519 5723 habebit.
556 5674 696 5734 Quae
718 5677 809 5725 est
830 5674 964 5725 illa?
994 5675 1077 5725 Ite
1101 5671 1395 5725 maledicti
1414 5673 1475 5723 in
1495 5673 1692 5736 ignem

78 5750 385 5797 mternam
422 5743 635 5808 (Matth.
681 5742 808 5809 25.).
840 5746 912 5796 Et
942 5744 1071 5797 ideo
1114 5749 1352 5797 secutus
1385 5744 1688 5808 adjanxit:

78 5815 145 5866 In
153 5815 389 5881 justitia
404 5819 501 5865 tua
515 5814 682 5865 libera
698 5830 795 5866 me.
822 5817 964 5867 Nam
981 5816 1032 5868 si
1045 5816 1310 5869 attendas
1321 5815 1395 5868 ad
1405 5816 1426 5879 j
1436 5816 1693 5868 ustitiam

82 5899 289 5943 meam
311 5886 558 5942 damnas
576 5900 689 5944 me.
710 5889 803 5943 Fit
825 5893 1023 5943 autem
1039 5888 1260 5954 iustitia
1271 5889 1377 5942 Dei
1399 5892 1459 5942 et
1477 5891 1693 5955 nostra,

1777 4812 2037 4865 similiter
2073 4812 2245 4876 eripit
2276 4814 2431 4864 Deus
2463 4812 2537 4865 de
2572 4812 2793 4875 laqueis
2825 4811 3036 4864 diaboli
3076 4812 3250 4877 (Hebr.
3288 4810 3383 4875 2.).

1775 4886 1831 4936 id
1855 4889 1941 4936 est
1963 4882 2033 4935 de
2056 4883 2497 4936 tentationibus.
2520 4883 2653 4937 Ideo
2678 4884 2816 4948 scio,
2840 4883 2998 4949 quod
3028 4884 3242 4936 educes
3268 4895 3378 4935 me.

1779 4956 2051 5016 Quoniam
2063 4960 2118 5003 tu
2132 4970 2182 5005 es
2192 4960 2450 5020 protector
2460 4971 2626 5007 meus.
2640 4957 2838 5008 Etnon
2848 4959 3038 5021 potest
3061 4954 3361 5018 illaqueari
3370 4990 3385 5015 ,

1777 5028 1875 5093 qui
1920 5026 2095 5080 talem
2134 5026 2309 5080 habet
2349 5033 2753 5092 protectorem.
2801 5030 2873 5080 Et
2912 5028 3041 5079 ideo
3086 5027 3376 5090 sequitur:

1840 5098 1892 5154 6.
1922 5100 1985 5149 In
2015 5114 2216 5150 manus
2252 5105 2375 5150 tuas
2398 5101 2711 5151 commendo
2747 5099 3007 5164 spiritum
3032 5112 3226 5147 meum.
3258 5097 3381 5149 Hoc

1778 5170 2130 5236 completum
2155 5172 2281 5237 fuit,
2300 5172 2534 5237 quando
2562 5173 2622 5224 in
2636 5182 2808 5223 cruce
2824 5170 3049 5235 positus
3066 5168 3229 5234 dixit,
3244 5171 3382 5218 Pater

1783 5245 1846 5295 in
1858 5256 2070 5295 manus
2083 5248 2214 5296 tuas
2230 5244 2572 5296 commendo
2583 5242 2849 5308 spiritum
2873 5253 3067 5293 meum
3084 5240 3226 5305 (Luc.
3253 5237 3382 5302 23.).

1786 5317 1932 5368 Ecce
1959 5314 2247 5378 quomodo
2282 5313 2588 5379 Prophetia
2614 5318 2671 5366 et
2694 5312 3066 5377 Evangelium
3088 5312 3150 5363 in
3179 5310 3383 5364 eodem

1787 5400 2054 5440 sermone
2121 5386 2490 5439 concordant.
2543 5384 2802 5450 lntellige
2848 5396 3004 5449 ergo,
3052 5383 3189 5448 quia
3230 5382 3384 5434 idem

1788 5460 2071 5523 Christus,
2088 5459 2189 5523 qui
2204 5458 2457 5521 loquitur
2466 5458 2527 5509 in
2542 5457 3106 5521 Evangelio,locutus
3118 5455 3386 5507 estetiam

1787 5531 1848 5583 in
1872 5532 2109 5596 psalmo.
2128 5531 2235 5593 Qui
2254 5530 2517 5594 protinus
2538 5529 2822 5594 adjangit,
2845 5528 3042 5579 dicens
3070 5526 3389 5576 :Redemisti

1789 5618 1872 5653 me
1884 5604 2261 5654 DomineDeus
2280 5603 2529 5653 veritatis.
2547 5601 2863 5666 Redempta
2877 5600 3168 5652 estanima
3182 5598 3390 5651 Christi

1790 5681 1848 5729 et
1870 5676 2111 5729 aliorum
2127 5689 2227 5740 per
2243 5686 2408 5727 suam
2426 5674 2736 5739 perfectam
2755 5671 3140 5725 obedientiam
3163 5670 3389 5735 (Phitip.

1792 5745 1885 5811 2.).
1911 5750 1981 5800 Et
2012 5748 2157 5801 bene
2186 5748 2284 5806 ait,
2314 5746 2555 5799 Domine
2582 5747 2754 5807 Deus,
2781 5743 3070 5804 veritatis;
3098 5756 3217 5795 non
3240 5742 3392 5794 enim

1793 5818 1993 5895 fefellit
2014 5820 2074 5895 in
2098 5818 2498 5895 promissione,
2531 5812 3393 5895 sedimplevit_ﬂdeliter,'quod

1796 5892 2075 5957 promisit.
2115 5889 2265 5960 132
2291 5894 2359 5944 Et
2381 5890 2532 5955 ideo,
2561 5889 2697 5956 quia
2734 5894 2801 5943 tu
2824 5901 2890 5941 es
2925 5888 3085 5941 Deus
3114 5886 3392 5959 veritatis,

155 6028 173 6049 ·
210 6016 520 6082 Scriptum
550 6020 720 6073 antea
742 6030 1061 6086 perperam,
1085 6010 1339 6084 quandiu
1370 6016 1619 6074 volvitur,
1641 6017 1937 6070 secundum
1958 6024 2242 6082 punctum,
2277 6024 2387 6073 etc.
2422 6017 2701 6074 Emendat
2718 6016 2989 6084 vulgatus
3010 6012 3393 6081 Augustinus.
