3890 6404
538 393 635 447 751

599 507 652 559 7.
689 506 859 556 Odisti
893 506 1219 556 observantes
1249 507 1509 556 vanitates
1546 517 1886 567 supervacue.
1925 500 2010 553 Illi
2035 513 2134 553 su-

531 589 812 642 pervacue
824 577 1161 629 custodiunt
1174 578 1482 639 vanitates,
1495 576 1596 639 qui
1608 576 1689 626 sic
1705 573 1947 626 terrenis
1957 574 2135 625 inhae-

532 653 679 712 rent,
704 653 770 700 ut
792 648 1113 700 ccelestium
1148 649 1578 701 obliviscantur.
1606 645 1769 698 Tales
1804 645 1925 697 odit
1954 646 2130 707 Deus,

532 720 633 784 qui
657 724 892 783 sperant.
913 719 1118 771 falsam
1144 721 1560 772 beatitudinem
1585 717 1766 770 seculi
1788 717 1974 768 istius.
2011 719 2130 780 Ego

533 792 726 842 autem
761 802 881 842 non
914 790 1204 853 quomodo
1238 790 1338 853 illi,
1379 790 1477 854 qui
1515 793 1750 854 sperant
1780 789 1841 839 in
1877 799 2046 851 vano,
2073 792 2131 839 et

532 862 634 924 qui
677 863 988 913 observant
1030 862 1372 914 vanitatem:
1418 861 1521 913 sed
1557 864 1618 912 in
1650 861 1896 913 Domino
1936 871 2132 924 spera-

528 932 602 994 vi,
641 932 741 995 qui
774 944 892 983 non
932 934 1022 983 est
1049 934 1293 984 vanitas.
1332 932 1465 984 Ideo
1503 932 1750 982 eacuttabo
1784 943 2036 995 corpore,
2073 935 2132 983 et

528 1001 741 1051 letabor
753 1003 960 1068 spiritu
969 1004 1030 1053 in
1043 1004 1419 1054 misericordia
1445 1009 1559 1062 tua,
1577 1015 1709 1066 quas
1724 1003 1961 1056 donavit
1980 1003 2128 1065 milii,

527 1077 595 1124 ut
616 1085 910 1137 sperarem
926 1074 988 1125 in
1015 1078 1089 1126 te.
1114 1077 1186 1125 Et
1208 1074 1414 1127 merito
1439 1076 1743 1126 exultabo:

586 1144 638 1198 8.
665 1146 942 1204 Quoniam
964 1147 1245 1210 respexisti
1283 1147 1649 1196 humilitatem
1673 1160 1870 1195 meam.
1904 1144 1970 1196 Id
2011 1150 2124 1205 est,

524 1216 800 1270 misertus
820 1230 884 1269 es
906 1230 1054 1270 mem
1078 1218 1406 1283 fragilitatis
1430 1223 1489 1270 et
1504 1229 1651 1270 mem
1683 1216 2029 1281 amictionis,
2056 1229 2131 1267 ne

526 1301 563 1341 a
585 1290 1069 1353 persequentibus
1088 1302 1403 1354 superarer.
1424 1289 1805 1353 Respiciendo
1818 1293 2011 1341 autem
2026 1288 2131 1338 hu-

524 1360 844 1412 militatem.
872 1361 1106 1412 Satvasti
1129 1361 1192 1410 de
1220 1362 1621 1411 necessitatibus
1645 1361 1899 1409 animam
1926 1373 2128 1410 meam.

526 1432 593 1483 Id
625 1437 734 1496 est,
770 1432 842 1484 de
866 1433 1258 1497 corporalibus
1294 1432 1564 1495 miseriis,
1590 1444 1736 1495 quas
1773 1433 1835 1482 in
1866 1434 1976 1482 hac
2008 1431 2130 1483 vita

523 1506 738 1567 patitur
752 1504 947 1555 anima
960 1510 1191 1569 propter
1206 1506 1454 1569 culpam.
1479 1504 1600 1555 Nisi
1615 1504 1773 1567 prius
1791 1508 1845 1555 te
1868 1502 2130 1553 humilia-

526 1588 635 1638 res,
661 1588 779 1627 non
801 1580 858 1627 te
881 1577 1200 1637 exaudiret,
1221 1580 1318 1639 qui
1338 1582 1391 1629 te
1406 1589 1441 1627 a
1456 1576 1906 1627 necessitatibus
1928 1573 2129 1625 libera-

523 1652 629 1699 ret.
649 1648 997 1699 Huniiliatus
1012 1653 1120 1707 est,
1133 1649 1232 1710 qui
1248 1648 1412 1710 dixit,
1425 1647 1629 1698 Infelix
1641 1660 1774 1710 ergo
1786 1646 1976 1710 homo,
1994 1646 2128 1709 quis

522 1730 615 1769 me
635 1717 900 1769 liberabit
915 1719 986 1769 de
1000 1732 1237 1783 corpore
1252 1724 1452 1770 mortis
1476 1720 1652 1781 hujus
1663 1721 1689 1766 Ï„
1713 1717 1824 1769 Sed
1848 1717 1982 1768 audi
1998 1730 2130 1768 con-

1592 388 1858 441 RUFINO
1905 386 2371 441 PRESBYTERO
2403 387 2794 439 ASCRIPTUS

3739 384 3825 439 752

2234 502 2316 552 tib
2324 515 2393 552 us
2404 500 2650 553 audierit
2661 497 3128 563 vituperationes,
3142 497 3253 563 ipsi
3261 498 3365 563 qui
3377 497 3725 563 passionem
3737 502 3775 558 ej
3783 514 3828 548 us

2230 573 2450 637 legunt,
2462 576 2803 636 agnoscunt.
2821 573 2885 620 In
2895 586 2952 619 eo
2966 570 3101 619 dum
3112 586 3207 620 con
3216 572 3459 620 venirent
3479 571 3657 619 simul
3669 570 3829 619 adver-

2229 659 2351 693 sum
2363 660 2462 708 me,
2475 645 2711 707 accipere
2722 644 2975 692 animam
2987 657 3165 693 meam
3179 642 3454 692 consiliati
3465 647 3620 692 sunt.
3640 646 3765 691 Dum
3779 644 3829 691 si-

2231 716 2353 767 mul
2378 717 2596 780 (inquit)
2607 716 2921 767 adversum
2932 726 3026 766 me
3038 714 3221 778 iniqui
3233 717 3259 765 J
3269 714 3423 766 udaai
3436 716 3773 763 convenirent
3786 717 3827 761 in

2231 800 2298 838 eo
2315 792 2609 839 conventu
2620 786 2764 837 nihil
2774 786 2930 838 aliud
2944 786 3228 837 consiliati
3240 790 3399 848 sunt,
3412 785 3530 837 nisi
3545 790 3611 837 ut
3620 788 3827 834 animam

2230 871 2419 910 meam
2441 860 2765 923 perderent.
2794 858 2941 920 Quid
2964 859 3092 909 haec
3125 860 3304 910 verba
3324 870 3436 910 nos
3460 857 3703 920 docent,
3735 858 3831 908 nisi

2230 935 2623 995 contemptum
2652 930 2853 981 mundi
2879 934 2937 980 et
2964 930 3185 993 mortis,
3212 930 3325 981 nisi
3360 929 3761 981 humilitatem
3784 935 3829 980 et

2229 1003 2582 1065 patientiam,
2602 1006 2657 1053 et
2685 1007 2751 1053 ut
2776 1014 2938 1066 spem
2965 1006 3223 1053 nostram
3246 1002 3575 1053 habeamus
3600 1001 3668 1053 in
3690 1002 3830 1052 Deo?

2230 1072 2392 1126 Unde
2415 1078 2473 1126 et
2520 1073 2812 1125 subditur.

2293 1146 2374 1199 15.
2400 1146 2516 1210 Ego
2553 1152 2735 1195 autem
2779 1145 2841 1193 in
2874 1150 2920 1193 te
2950 1145 3182 1209 speravi,
3217 1144 3479 1205 Domine;
3520 1143 3671 1206 dixi,
3705 1145 3827 1194 Deus

2229 1232 2379 1267 meus
2401 1233 2451 1267 es
2468 1224 2544 1280 tu,
2570 1218 2631 1266 in
2651 1216 2906 1266 manibus
2922 1218 3029 1265 tuis
3041 1224 3204 1266 sortes
3218 1231 3361 1266 meae.
3380 1217 3561 1269 Recta
3576 1221 3673 1269 est
3688 1230 3830 1282 spes,

2231 1300 2364 1352 qum
2378 1289 2441 1339 in
2453 1291 2571 1340 Deo
2590 1292 2697 1339 est.
2717 1291 2783 1339 In
2795 1300 3162 1352 quocumque
3176 1287 3287 1340 alio
3306 1292 3635 1352 speraverit
3649 1288 3829 1340 homo.

2230 1361 2569 1412 frustabitur
2593 1372 2726 1424 spes
2749 1362 2877 1424 ejus
2898 1360 3148 1424 (Malach.
3175 1359 3265 1422 3.).
3290 1361 3397 1421 Qui
3418 1365 3621 1412 autem
3646 1361 3831 1412 inDeo

2231 1435 2441 1496 sperat,
2461 1433 2613 1483 sicut
2628 1434 2785 1484 Deus
2800 1432 3175 1483 immutabilis
3192 1437 3300 1495 est,
3312 1433 3395 1483 ita
3412 1444 3551 1497 spes
3567 1433 3704 1495 ejus
3722 1444 3833 1483 mu-

2231 1504 2339 1555 tari
2358 1517 2473 1555 non
2498 1505 2722 1568 poterit.
2750 1504 2885 1553 Diri
2900 1505 3156 1567 Domino,
3171 1504 3465 1567 prOposui,
3484 1504 3639 1565 vovi,
3661 1504 3764 1554 (ixi
3781 1506 3829 1554 in

2229 1576 2437 1638 animo,
2463 1576 2603 1624 Deus
2623 1590 2771 1624 meus
2799 1590 2850 1623 es
2866 1580 2941 1622 tu.
2961 1576 3045 1626 Tu
3061 1579 3218 1625 enim
3236 1587 3355 1625 non
3372 1574 3595 1626 delicis.
3618 1575 3713 1625 Tu
3723 1586 3827 1625 non

2229 1646 2395 1697 fallis.
2418 1648 2487 1698 Et
2504 1647 2634 1699 ideo
2655 1648 2715 1697 in
2727 1652 2783 1698 te
2797 1647 3036 1710 speravi,
3056 1659 3230 1710 quem
3253 1648 3436 1698 Deum
3450 1658 3657 1698 meum
3670 1645 3813 1709 elegi

2226 1719 2291 1767 In
2314 1718 2569 1767 manibus
2594 1720 2720 1781 tuis,
2751 1718 2811 1769 id
2843 1723 2950 1781 est,
2977 1720 3035 1768 id
3059 1722 3341 1781 potestate
3372 1721 3491 1781 tua,
3518 1723 3690 1767 sortes
3714 1733 3825 1766 ntea-

524 1789 745 1840 tinuam
786 1789 1187 1841 salvationem:
1217 1790 1408 1841 Gratia
1432 1790 1655 1853 (inquit)
1684 1789 1789 1838 Dei
1809 1800 1908 1853 per
1928 1790 2129 1840 Jesum
2156 1853 2172 1854 ,7
2229 1795 2385 1841 sunt.
2416 1793 2549 1841 Sors
2588 1790 2692 1854 (Em
2728 1790 3057 1852 Augustino,
3084 1789 3287 1838 Enarr.
3328 1789 3419 1852 3.).
3455 1801 3579 1841 non
3612 1789 3821 1853 aiiquid

522 1861 816 1912 Christum
839 1862 996 1923 (lion.
1024 1862 1130 1923 7.):
1159 1862 1313 1913 unde
1339 1861 1636 1924 sequitur:

583 1932 633 1985 9.
646 1931 754 1981 Nec
768 1932 1075 1981 conclusisti
1090 1947 1173 1981 me
1188 1933 1249 1982 in
1269 1936 1520 1982 manibus
1532 1932 1766 1980 inimici.
1783 1930 1927 1992 Quia
1936 1942 2125 1993 neque

518 2004 591 2055 ab
615 2004 729 2067 his,
766 2004 865 2066 qui
902 2004 1275 2068 sepulchrum
1303 2004 1711 2056 custodiebant
1735 2002 1969 2065 (Matth).
1995 2000 2125 2064 â€˜28.),

520 2087 710 2138 neque
727 2088 763 2127 a
795 2077 1065 2139 malignis
1079 2077 1379 2140 Spiritibus
1391 2077 1451 2127 in
1466 2077 1685 2126 inferno
1704 2076 1978 2125 detentus
2003 2078 2094 2124 est
2112 2090 2122 2121 :

522 2149 625 2198 sed
647 2148 860 2211 potius,
887 2148 1139 2197 Statuisti
1155 2150 1217 2197 in
1242 2149 1350 2198 loco
1374 2148 1609 2211 spatioso
1632 2146 1787 2210 pedes
1808 2145 2128 2206 meos.Quia

518 2231 633 2270 non
658 2219 848 2270 solum
871 2222 932 2270 in
953 2220 1183 2283 Judma,
1221 2220 1324 2271 sed
1358 2232 1460 2283 per
1482 2220 1677 2270 omnia
1708 2228 1885 2281 regna
1923 2216 2126 2267 mundi

517 2290 779 2354 Apostoli
814 2291 1208 2355 prmdicabant
1248 2293 1419 2352 (Hom.
1462 2290 1600 2353 10.):
1641 2291 1857 2352 quibus
1898 2288 1959 2339 in
2004 2287 2127 2339 sola

517 2363 725 2414 Judtea
758 2374 920 2426 prius
954 2364 1266 2428 praedicare
1294 2366 1649 2427 praeceptum
1689 2361 1873 2411 fuerat
1910 2360 2120 2423 (Matth.

516 2433 643 2498 10.).
672 2435 775 2485 Vel
793 2436 1028 2484 statuisti
1040 2435 1195 2498 pedes
1211 2450 1370 2498 meos,
1392 2434 1451 2485 id
1474 2438 1583 2493 est,
1599 2432 1840 2484 ï¬rmiter
1855 2432 2123 2496 posuisti-

515 2505 852 2557 aï¬‚lictiones
875 2519 1033 2557 meas
1049 2508 1111 2558 in
1141 2508 1267 2558 loco
1295 2506 1549 2571 spatioso
1562 2505 1831 2556 caritatis.
1861 2504 1968 2554 Hic
1982 2504 2118 2554 inci-

511 2581 595 2640 pit
613 2589 951 2629 enumerare
966 2579 1227 2629 miserias
1248 2578 1523 2629 humanaâ€˜.
1539 2576 1880 2640 fragilitatis,
1901 2575 2120 2635 dicens,

574 2647 661 2701 10.
696 2649 946 2698 Miserere
960 2651 1085 2712 mei,
1106 2650 1264 2711 Deus,
1292 2650 1557 2714 quoniam
1574 2648 1821 2697 tributor.
1844 2650 1913 2699 Et
1933 2648 2123 2710 ipsam

515 2719 944 2772 tribulationem
957 2722 1245 2784 describit,
1266 2735 1400 2772 cum
1415 2722 1541 2784 subj
1552 2722 1738 2783 ungit,
1758 2719 2122 2769 Conturbatus

513 2798 585 2840 est
599 2791 661 2839 in
674 2792 762 2841 ira
776 2794 961 2841 oculus
979 2807 1145 2854 meus,
1163 2794 1356 2847 anima
1370 2808 1493 2842 mea
1509 2800 1553 2841 et
1573 2797 1750 2841 venter
1766 2805 1931 2839 meus.
1952 2790 2017 2841 id
2033 2795 2124 2841 est

511 2863 843 2916 Intellectus
857 2878 1043 2929 meus,
1056 2866 1327 2918 voluntas
1339 2878 1488 2930 mea,
1502 2864 1775 2916 memoria
1786 2864 2121 2919 mea.Quam-

514 2937 608 2989 vis
648 2941 841 2988 certus
874 2942 1032 2988 esset
1067 2937 1139 2988 de
1173 2938 1550 3001 promissione
1587 2936 1708 2998 Dei,
1744 2936 1842 2997 qui
1876 2936 2119 2994 dixerat,

511 3009 847 3061 Clariflcabo
874 3010 1053 3075 (Joan.
1082 3008 1214 3072 12.):
1244 3023 1363 3061 non
1386 3010 1467 3060 ita
1487 3008 1737 3058 dicimus
1760 3006 2120 3057 intellectum

524 3082 628 3132 Dei
658 3081 885 3146 Christi,
924 3080 1013 3133 vel
1050 3081 1427 3142 voluntatem,
1468 3081 1587 3131 sive
1620 3079 1957 3131 memoriam
1989 3090 2120 3129 esse

528 3154 837 3218 turbatam,
861 3156 927 3205 ut
948 3153 1142 3216 aliquo
1158 3154 1331 3204 modo
1347 3152 1643 3203 deiiceret:
1676 3150 1778 3201 sed
1804 3153 2120 3213 spontanee

523 3226 845 3289 perturbari
865 3224 1063 3289 voluit,
1097 3229 1163 3275 ut
1181 3225 1308 3276 aliis
1331 3225 1662 3287 exemplum
1684 3222 2117 3285 relinqueret(t.

522 3299 635 3349 Pet.
655 3298 749 3361 2.),
773 3310 847 3348 ne
870 3298 921 3348 si
946 3301 1329 3357 turbarentur,
1358 3296 1486 3346 ideo
1510 3295 1897 3358 desperarent.

584 3368 669 3422 11.
707 3369 987 3427 Quoniam
1023 3368 1208 3430 defecit
1244 3368 1308 3416 in
1333 3367 1513 3416 dolore
1543 3368 1653 3415 vita
1688 3380 1825 3415 mea.
1856 3367 1993 3418 Post
2015 3378 2120 3419 ex-

520 3445 745 3505 pertam
784 3441 928 3492 iram
958 3441 1081 3501 Dei,
1118 3451 1234 3503 qua
1269 3440 1489 3491 dictum
1526 3443 1613 3490 est
1658 3439 1840 3501 primo
1876 3438 2115 3503 homini,

521 3514 698 3564 Morte
731 3512 991 3563 morieris
1017 3512 1219 3575 (Genes.
1245 3509 1317 3574 â€˜2.)
1345 3528 1356 3559 :
1384 3510 1602 3563 multos
1626 3510 1886 3563 defectus
1902 3511 2115 3565 doloris

520 3583 724 3634 habuit
755 3584 875 3635 vita
896 3585 1009 3634 ista
1037 3582 1317 3635 mortalis.
1348 3585 1421 3635 Et
1451 3583 1585 3647 quia
1608 3583 1728 3636 vita
1763 3584 1890 3647 ejus
1919 3590 2116 3648 posset

521 3659 649 3707 acta
671 3667 804 3706 esse
832 3654 895 3706 in
930 3654 1124 3707 dolore
1146 3667 1248 3720 per
1277 3668 1462 3706 unum
1484 3655 1655 3718 diem,
1681 3653 1773 3707 vel
1796 3656 1945 3707 duos
1969 3656 2111 3721 dies,

520 3726 678 3790 quod
699 3737 817 3777 non
841 3724 1131 3779 videretur
1145 3739 1460 3790 magnum:
1483 3726 1610 3778 ideo
1631 3726 1871 3790 addidit,
1897 3728 1964 3776 Et
1983 3729 2115 3778 anni

519 3801 627 3849 mei
667 3801 729 3849 in
759 3801 1056 3864 gemitibus.
1095 3802 1305 3853 Totum
1337 3802 1491 3853 enim
1524 3802 1777 3865 spatium
1806 3802 2114 3865 praesentis

518 3873 670 3935 vitae,
706 3873 927 3924 sanctis
951 3873 1113 3925 labor
1134 3879 1193 3925 et
1213 3875 1464 3938 gemitus
1479 3880 1567 3925 est
1591 3873 1727 3937 (Job.
1756 3872 1845 3935 7.).
1885 3874 2042 3926 Unde
2056 3878 2115 3927 et

517 3945 802 3997 subditur.
836 3946 1129 4007 Infirmata
1155 3953 1229 3995 est
1251 3947 1310 3995 in
1331 3951 1649 4011 paupertate
1670 3946 1840 3995 virtus
1868 3960 2006 3996 mea.
2049 3946 2114 3998 Id

517 4022 624 4081 est,
656 4018 719 4069 in
752 4017 1210 4070 consideratione
1235 4030 1382 4071 mese
1402 4019 1786 4082 paupertatis:
1814 4018 1951 4081 quia
1969 4018 2112 4070 nihil

513 4100 589 4140 ex
616 4102 709 4140 me
733 4088 937 4141 habeo.
965 4089 1034 4137 Et
1057 4104 1178 4140 ossa
1196 4105 1332 4152 mea,
1360 4091 1420 4141 id
1445 4094 1551 4152 est,
1578 4090 1822 4140 firmitas
1842 4102 1990 4153 mea,
2021 4092 2110 4142 vel

514 4164 719 4213 robora
741 4162 993 4225 corporis
1008 4164 1138 4213 mei.
1163 4163 1497 4213 Conturbata
1510 4168 1654 4210 sunt.
1683 4164 1826 4211 Cum
1849 4162 2112 4215 Christus

512 4232 651 4282 dicit
676 4244 738 4283 se
761 4244 890 4282 esse
922 4234 1233 4294 infirmum,
1268 4238 1327 4285 et
1362 4236 1424 4284 in
1460 4245 1695 4297 corpore
1728 4242 1784 4285 et
1820 4234 1879 4285 in
1918 4236 2114 4287 anima

514 4305 721 4368 (Matth.
756 4303 891 4366 26.):
917 4306 1169 4357 ostendit
1187 4318 1222 4356 a
1256 4318 1317 4356 se
1340 4308 1623 4358 remotam
1651 4317 1886 4357 omnem
1909 4319 2111 4371 super-

514 4377 684 4436 biam,
715 4380 773 4427 et
795 4377 951 4439 quod
975 4376 1189 4439 aliquis
1214 4388 1334 4426 non
1358 4377 1530 4429 debet
1550 4376 1622 4429 de
1647 4389 1709 4429 se
1740 4389 2108 4441 praesumere.

510 4449 677 4501 Ponit
698 4450 837 4500 item
861 4448 1006 4500 alias
1030 4448 1298 4499 miserias
1312 4449 1554 4501 dicens:

571 4522 657 4575 12.
684 4521 862 4584 Super
896 4534 1080 4570 omnes
1105 4521 1357 4570 inimicos
1390 4536 1530 4571 meos
1559 4522 1736 4584 factus
1758 4538 1881 4573 sum
1905 4538 2107 4589 oppro-

509 4595 692 4644 brium
713 4594 908 4641 vicinis
931 4593 1062 4641 meis
1086 4593 1253 4655 valde,
1279 4600 1326 4641 et
1342 4595 1506 4644 timor
1520 4597 1662 4645 notis
1682 4597 1828 4645 meis.
1846 4598 1991 4657 Quid
2009 4611 2109 4662 per

510 4673 681 4719 notos
710 4668 823 4717 nisi
844 4668 1142 4729 Apostoli?
1166 4668 1302 4732 quid
1319 4681 1420 4732 per
1446 4669 1665 4721 vicinos
1682 4668 1869 4732 valde,
1895 4669 2005 4721 nisi
2026 4670 2107 4721 illi

509 4742 607 4803 qui
632 4740 755 4802 jam
788 4737 923 4789 ï¬dei
946 4739 1072 4800 ejus
1102 4744 1652 4805 appropinquabant,
1691 4740 2106 4804 designantur?

506 4811 617 4862 illis
640 4811 1007 4874 approbrium
1049 4816 1106 4863 et
1139 4814 1356 4865 timoris
1386 4825 1565 4865 causa
1601 4812 1864 4875 efï¬citur,
1894 4826 2029 4865 cum
2073 4826 2108 4866 a

503 4886 535 4935 J
544 4885 726 4935 udaais
743 4883 980 4935 incruce
995 4887 1380 4949 suspenditur.
1405 4885 1424 4953 |
1439 4885 1553 4953 33
1569 4888 1741 4936 Recte
1754 4898 1924 4949 super
1934 4901 2108 4936 omnes

503 4956 768 5009 inimicos
805 4970 944 5009 suos
978 4969 1040 5009 se
1072 4958 1132 5009 in
1167 4962 1540 5024 opprobrium
1565 4963 1765 5009 actum
1794 4958 1948 5021 dicit,
1971 4960 2109 5022 quia

499 5028 632 5093 plus
654 5030 957 5094 despectus
974 5033 1238 5095 apparuit
1262 5032 1407 5094 ipse,
1431 5030 1534 5094 qui
1554 5031 1679 5081 sine
1694 5029 1861 5093 culpa
1882 5031 2107 5082 occide-

502 5106 690 5163 batur,
709 5115 882 5165 quam
896 5104 1005 5167 ipsi
1025 5106 1199 5156 etiam
1213 5102 1412 5167 iniqui,
1425 5102 1525 5164 qui
1536 5114 1637 5166 pro
1655 5101 1776 5152 suis
1793 5100 2106 5155 sceleribus

501 5176 953 5228 damnabantur:
974 5177 1124 5228 unde
1136 5182 1195 5229 et
1211 5175 1433 5227 subdit:
1454 5175 1558 5232 Qui
1572 5173 1819 5222 videbant
1832 5188 1934 5238 me,
1954 5174 2104 5238 foras

495 5247 758 5312 fugerunt
783 5263 818 5298 a
830 5262 931 5312 me,
946 5248 1395 5301 Videbantenim
1416 5250 1457 5296 A
1467 5245 1711 5310 postoliJ
1720 5245 1918 5299 udteos
1930 5261 2104 5308 capere

498 5320 892 5383 Christum,et
910 5320 1106 5373 relicto
1134 5333 1219 5383 eo,
1245 5330 1447 5370 omnes
1460 5319 1954 5381 fugeruntWatth.
1972 5318 2099 5381 â€˜26.).

560 5392 641 5446 13.
672 5393 941 5443 Oblivioni
964 5394 1122 5443 datus
1154 5407 1276 5441 sum
1302 5395 1569 5456 tanquam
1594 5396 1836 5441 mortuus
1857 5406 1893 5440 a
1928 5392 2098 5442 corde.

496 5465 670 5517 Oblili
696 5471 835 5518 sunt
858 5478 969 5525 me,
997 5469 1275 5529 tanquam
1291 5468 1555 5516 mortuus
1572 5464 1683 5514 sim
1702 5476 1737 5515 a
1758 5463 1928 5514 corde
1943 5463 2099 5525 ipso-

493 5550 645 5589 rum.
662 5538 856 5587 Factus
866 5552 991 5585 sum
1004 5542 1270 5603 tanquam
1286 5552 1381 5587 vas
1394 5538 1571 5601 perdit
1580 5550 1696 5585 um:
1718 5550 1748 5599 q
1758 5534 1984 5583 ueniam
1996 5548 2101 5581 au-

494 5609 607 5659 divi
631 5610 1083 5673 vituperationem
1108 5610 1408 5660 multorum
1427 5608 1885 5661 commorantium
1904 5605 1963 5653 in
1990 5606 2099 5654 cir-

492 5681 660 5730 cuitu.
682 5682 801 5734 Vas
818 5683 1106 5746 perditum
1129 5688 1187 5736 et
1210 5683 1585 5741 confractum,
1598 5680 1742 5732 nulli
1767 5678 2099 5731 utilitatiest

491 5753 787 5805 idoneum.
806 5755 979 5815 Quasi
995 5768 1137 5809 vasa
1151 5756 1376 5821 perdita
1384 5754 1828 5813 erantlatrones,
1842 5763 1976 5802 cum
1995 5757 2098 5797 lan-

498 5837 679 5889 quam
710 5825 945 5879 inutiles
977 5827 1052 5879 ad
1084 5827 1465 5892 perditionem
1506 5825 1884 5877 traderentur.
1926 5823 2015 5873 Sic
2038 5827 2097 5875 et

497 5897 762 5949 Christus
774 5900 1052 5962 tanquam
1062 5912 1168 5952 vas
1181 5901 1469 5965 perditum
1482 5899 1666 5951 factus
1678 5901 1786 5957 est,
1803 5899 1926 5959 quia
1938 5899 2093 5948 etiam

502 5980 531 6018 c
539 5981 639 6020 um
651 5968 844 6031 impiis
856 5970 1165 6034 deputatus
1175 5977 1282 6025 est.
1293 5974 1550 6033 Quantas
1559 5978 1722 6020 autem
1733 5985 1761 6019 Î¸.
1772 5972 2097 6020 circumstan-

2152 1853 2208 1926 B
2230 1861 2362 1911 mali
2385 1866 2493 1923 est,
2520 1853 2620 1912 sed
2640 1874 2731 1912 res
2746 1861 2806 1911 in
2823 1859 3179 1911 dubitatione
3203 1863 3456 1911 humana
3472 1859 3738 1913 divinam
3750 1862 3825 1910 in-

2228 1933 2426 1983 dicans
2446 1933 2819 1984 voluntatem.
2842 1933 2985 1983 Nam
2997 1938 3052 1983 et
3070 1937 3253 1983 sortes
3268 1932 3555 1982 miserunt
3571 1931 3821 1996 Apostoli

2226 2006 2357 2066 (Act.
2389 2004 2477 2067 1.).
2511 2006 2590 2055 De
2613 2004 2845 2055 duobus
2868 2002 3161 2067 discipulis
3189 2004 3493 2055 consultus
3526 2008 3618 2055 est
3652 2006 3825 2056 Deus.

2225 2088 2538 2139 quemnam
2553 2074 2782 2127 illorum
2802 2088 2933 2127 esse
2949 2075 3122 2128 vellet
3138 2075 3499 2139 Apostolum.
3522 2077 3819 2127 Eteecedit

2225 2161 2352 2199 sors
2365 2161 2537 2212 super
2552 2147 2829 2198 Mathiam
2849 2147 3039 2212 (Ibid).
3055 2148 3234 2199 Sortis
3245 2148 3482 2198 nomine
3497 2148 3558 2198 in
3573 2148 3688 2199 hoc
3704 2147 3823 2198 loco

2222 2220 2407 2284 gratia
2431 2220 2530 2271 Dei
2550 2220 2913 2282 designatur:
2939 2220 3074 2282 quia
3094 2220 3154 2269 in
3179 2225 3334 2270 sorte
3352 2231 3471 2270 non
3497 2224 3588 2271 est
3603 2219 3826 2273 electio.

2225 2290 2329 2342 sed
2364 2291 2637 2342 voluntas
2669 2291 2788 2341 Dei.
2825 2294 2960 2341 Nam
2993 2291 3093 2341 ubi
3119 2290 3354 2353 dicitur;
3381 2291 3497 2342 Iste
3532 2289 3692 2354 facit,
3716 2291 3825 2341 iste

2222 2375 2340 2414 non
2371 2364 2520 2423 facit,
2545 2363 2751 2413 merita
2765 2362 3225 2414 considerantur.
3242 2364 3313 2413 Et
3336 2362 3435 2413 ubi
3458 2362 3671 2415 merita
3691 2375 3826 2414 con-

2224 2434 2568 2498 siderantur,
2604 2434 2807 2486 electio
2838 2439 2946 2497 est,
2963 2439 3022 2485 et
3045 2446 3163 2486 non
3187 2445 3335 2485 sors.
3362 2433 3605 2495 Quando
3626 2440 3825 2487 autem

2221 2506 2376 2557 Deus
2392 2505 2551 2558 nulla
2566 2506 2774 2557 merita
2786 2510 2985 2557 nostra
2995 2504 3233 2566 invenit,
3254 2509 3411 2557 sorte
3423 2509 3703 2555 voluntatis
3722 2522 3824 2556 sua

2218 2590 2328 2628 nos
2353 2578 2546 2630 salvos
2566 2577 2716 2639 fecit,
2745 2578 2881 2641 quia
2902 2576 3106 2640 voluit,
3121 2590 3237 2629 non
3256 2578 3393 2641 quia
3409 2577 3572 2642 digni
3586 2578 3827 2630 fuimus.

2219 2650 2359 2701 Haec
2368 2652 2459 2700 est
2474 2662 2619 2700 sors.
2634 2650 2825 2703 Gratia
2835 2648 2919 2700 sal
2928 2649 2981 2702 vi
2996 2650 3121 2700 lacti
3133 2650 3274 2702 estis
3286 2661 3387 2713 per
3396 2649 3574 2701 ï¬dem
3585 2650 3827 2712 (Î±á¼°Ï‰ÏÎ¿-

2221 2720 2423 2784 stolus)
2441 2721 2620 2772 ethoc
2637 2734 2755 2773 non
2776 2734 2846 2774 ex
2864 2721 3034 2773 vobis
3049 2721 3261 2785 (Ephes.
3280 2720 3374 2785 2.).
3392 2722 3541 2773 Hinc
3561 2726 3652 2773 est
3668 2723 3827 2785 quod

2221 2793 2423 2843 Petrus
2440 2792 2657 2844 Simoni
2673 2792 2808 2844 dicit
2822 2792 2954 2857 (Act.
2973 2792 3071 2857 8.),
3088 2794 3231 2855 Quia
3243 2793 3591 2845 existimasti
3606 2792 3825 2844 donum

2219 2864 2323 2915 Dei
2338 2865 2583 2928 pecunia
2598 2877 2947 2929 comparare,
2970 2876 3090 2917 non
3106 2870 3196 2917 est
3219 2865 3320 2917 tibi
3335 2878 3467 2930 pars
3482 2877 3678 2929 neque
3697 2878 3827 2918 sors

2216 2934 2276 2985 in
2298 2935 2406 2987 hac
2440 2936 2571 2999 fide,
2609 2937 2666 2987 id
2692 2940 2804 3000 est,
2830 2949 2949 2987 non
2978 2938 3233 3001 pertines
3268 2938 3342 2988 ad
3365 2937 3541 2990 istam
3573 2939 3822 3002 gratiam

2218 3019 2393 3069 quam
2408 3008 2587 3070 gratis
2611 3020 2812 3059 omnes
2823 3008 3173 3071 accepimus.
3192 3010 3345 3060 Bene
3362 3015 3697 3062 autemnon
3713 3022 3824 3061 sor-

2224 3082 2359 3142 tem,
2385 3078 2488 3129 sed
2512 3084 2695 3131 sortes
2725 3080 2896 3131 dicit:
2923 3080 3061 3143 quia
3095 3079 3295 3132 multae
3328 3085 3471 3131 sunt
3501 3081 3823 3134 divisiones

2219 3150 2534 3213 gratiarum
2566 3151 2714 3211 (Cor.
2754 3149 2881 3215 12.),
2929 3164 3075 3215 quas
3126 3152 3497 3204 credentibus
3538 3153 3827 3205 Dominus

2218 3221 2526 3273 distribuit.
2566 3223 2634 3271 In
2665 3223 2921 3272 manibus
2954 3223 3062 3272 tuis
3082 3230 3243 3273 sortes
3268 3239 3409 3277 meae.
3432 3227 3518 3276 Ac
3552 3225 3606 3277 si
3630 3232 3825 3291 aperte

2147 3283 2196 3359 C
2219 3293 2399 3345 dicat:
2439 3293 2501 3345 in
2530 3298 2815 3357 potestaet
2852 3297 2951 3347 tua
2982 3301 3121 3347 sunt
3154 3307 3357 3348 omnes
3389 3295 3556 3348 electi
3593 3283 3734 3350 mei.
3766 3299 3828 3351 Et

2216 3364 2347 3416 ideo
2372 3378 2385 3415 :

2276 3434 2364 3490 16.
2394 3436 2561 3500 Eripe
2597 3452 2681 3487 me
2714 3438 2776 3486 de
2808 3452 2984 3487 manu
3021 3438 3375 3490 inimicorum
3404 3455 3678 3507 meorum,
3714 3447 3763 3492 et
3795 3459 3825 3491 Î±

2208 3508 2643 3572 persequentibus
2662 3525 2758 3561 me.
2772 3510 2835 3562 Id
2852 3515 2959 3572 est,
2977 3510 3047 3563 de
3057 3510 3282 3563 illorum
3296 3516 3606 3577 potestate,
3620 3514 3824 3578 quime

2213 3580 2481 3644 oderunt,
2505 3586 2564 3635 et
2579 3594 2781 3635 eorum
2805 3583 2905 3646 qui
2924 3583 3065 3635 mihi
3081 3584 3231 3636 mala
3245 3585 3521 3638 inferunt.
3538 3587 3824 3640 Dicathoc

2213 3665 2365 3704 unus
2383 3653 2627 3717 quisque
2644 3655 2715 3706 de
2729 3654 2979 3706 inimicis
2992 3656 3134 3706 suis.
3150 3657 3373 3708 Bonum
3384 3664 3458 3706 est
3470 3658 3613 3707 enim
3627 3666 3680 3708 et
3690 3675 3823 3708 orare

2212 3724 2513 3789 debemus,
2532 3731 2596 3777 ut
2611 3727 2766 3778 Deus
2782 3740 2891 3779 nos
2908 3732 3073 3779 eruat
3084 3727 3157 3779 de
3171 3729 3440 3781 manibus
3452 3729 3822 3782 inimicorum

2211 3802 2543 3848 nostrorum
2564 3798 2887 3851 visibilium
2910 3804 2966 3850 et
2993 3799 3387 3852 invisibilium.

2301 3865 2451 3935 I34
2492 3868 2576 3922 17.
2604 3872 2761 3922 Inter
2781 3870 2893 3922 hoc
2914 3883 3156 3935 gemens
3185 3872 3294 3924 iste
3324 3873 3437 3924 ait:
3478 3872 3716 3924 ittustra
3746 3875 3821 3939 fa-

2210 3938 2343 4012 ciem
2360 3947 2684 4006 tuamsuper
2697 3957 2812 3992 serv
2822 3959 2853 3991 u
2864 3958 2915 3992 m
2929 3945 3357 3995 tuunuConfusio
3374 3948 3515 3993 enim
3531 3945 3653 4008 (Ea:
3664 3948 3820 4012 Aug.,

2212 4011 2417 4064 Enarr.
2434 4012 2787 4077 4.)queedam
2797 4020 3200 4080 putatur,cum
3211 4029 3412 4068 omnes
3427 4011 3823 4072 Christiania-

2212 4089 2424 4137 cuntur
2450 4099 2463 4134 :
2488 4091 2546 4137 et
2563 4087 2663 4150 qui
2677 4088 2828 4140 male
2843 4088 3063 4153 vivunt,
3081 4092 3139 4139 et
3152 4089 3253 4152 qui
3268 4089 3415 4140 bene
3430 4092 3667 4144 vivunt.
3696 4094 3822 4143 0m-

2210 4168 2317 4208 nes
2343 4170 2457 4211 uno
2471 4158 2801 4211 charactere
2814 4160 3135 4224 signantur.
3149 4164 3364 4212 Omnes
3376 4161 3451 4213 ad
3464 4175 3663 4215 unum
3676 4168 3821 4213 altare

2210 4231 2497 4283 accedunt
2518 4231 2732 4294 (Ephes.
2758 4234 2849 4296 4.).
2868 4232 3085 4284 Eodem
3098 4233 3447 4297 baptismate
3463 4236 3815 4288 abluuntur:

2210 4302 2477 4356 eamdam
2518 4304 2877 4356 Dominicam
2901 4305 3218 4357 orationem
3254 4305 3579 4369 proferunt:
3608 4308 3817 4359 iisdem

2210 4376 2500 4440 mysteriis
2513 4375 2866 4428 celebrandis
2881 4377 3189 4429 intersunt.
3204 4379 3412 4433 Quando
3424 4380 3791 4431 discernentur
3800 4382 3823 4429 â€™Îž

2211 4448 2449 4510 Quando
2458 4447 2773 4501 illustrabit
2787 4449 2994 4501 faciem
3006 4462 3175 4501 suam
3186 4450 3467 4501 Dominus
3477 4466 3638 4512 super
3650 4466 3825 4502 servos

2210 4524 2390 4571 suos?
2428 4521 2489 4572 in
2520 4521 2758 4585 judicio.
2792 4522 2955 4573 Tunc
2985 4525 3405 4587 separabuntur
3428 4523 3566 4573 boni
3590 4534 3631 4574 a
3654 4525 3825 4576 malis

2207 4592 2418 4656 (Matth.
2439 4592 2565 4655 â€˜25.).
2594 4594 2756 4645 Unde
2775 4594 3057 4658 scriptum
3077 4597 3185 4657 est,
3203 4594 3461 4645 Tollatur
3478 4593 3729 4661 impius,
3755 4612 3823 4648 ne

2208 4667 2401 4719 videat
2434 4668 2674 4731 gloriam
2690 4670 2791 4720 Dei
2815 4669 2963 4731 (Isai.
2990 4666 3116 4731 26.).
3150 4669 3219 4720 Et
3254 4668 3385 4719 ideo
3418 4670 3655 4720 subdit:
3700 4672 3823 4720 Sat-

2132 4762 2188 4836 D
2212 4754 2339 4836 eum
2363 4754 2445 4836 mre
2458 4740 2554 4822 fac.
2570 4740 2631 4789 in
2656 4739 3181 4836 misericor'diaâ€™tua:
3208 4740 3402 4822 nonin
3421 4740 3655 4821 justitia

2272 4809 2357 4865 18.
2393 4812 2640 4872 Domine,
2666 4828 2778 4862 non
2807 4812 3134 4874 confundor,
3158 4813 3423 4876 quoniam
3458 4813 3719 4863 invocavi
3762 4822 3825 4863 te.

2209 4883 2481 4947 Quisquis
2495 4886 2667 4937 modo
2678 4885 2988 4936 Dominum
2998 4885 3245 4948 invocat,
3257 4884 3430 4947 idest,
3449 4886 3645 4934 interea
3658 4895 3822 4950 vocat,

2208 4956 2377 5007 corde
2400 4969 2560 5020 puro,
2591 4958 2761 5009 corde
2782 4958 3025 5021 integro,
3048 4956 3250 5008 devote
3272 4956 3505 5018 orando,
3545 4963 3715 5010 recte
3740 4959 3823 5010 vi-

2209 5028 2413 5091 vendo,
2428 5041 2580 5091 voce,
2594 5028 2783 5092 corde,
2796 5029 3065 5092 operibus
3078 5029 3466 5079 consonando:
3481 5042 3583 5076 non
3596 5032 3821 5078 confun-

2206 5098 2442 5152 deturin
2461 5101 2695 5164 judicio.
2723 5101 3157 5153 Confundentur
3169 5104 3362 5152 autem
3375 5100 3473 5162 illi,
3494 5100 3567 5152 de
3591 5102 3818 5164 quibus

2206 5172 2505 5223 subditur:
2536 5172 2867 5223 Erubescant
2898 5173 3077 5236 impii,
3103 5178 3150 5221 et
3177 5172 3513 5221 deducantur
3540 5172 3602 5220 in
3631 5173 3816 5236 infer-

2203 5258 2356 5295 num.
2373 5246 2407 5295 J
2416 5245 2567 5298 udtï¬i
2585 5245 2803 5297 scilicet
2814 5246 2914 5309 qui
2926 5246 3240 5297 Dominum
3253 5259 3400 5293 suum
3413 5246 3813 5295 cruciï¬xemnt:

2202 5314 2288 5366 vel
2302 5316 2549 5379 gentiles
2576 5318 2673 5380 qui
2684 5317 2837 5369 idola
2851 5316 3173 5369 coluerunt:
3192 5318 3269 5365 vel
3285 5317 3395 5365 falsi
3410 5317 3714 5377 Christiani,
3728 5316 3815 5377 qui

2199 5388 2511 5442 Dominum
2529 5388 2718 5441 colere
2733 5388 3137 5453 neglexerunt.
3159 5389 3323 5440 Tunc
3343 5388 3541 5452 utique
3567 5390 3815 5441 erubes-

2198 5465 2350 5525 cent,
2382 5461 2616 5526 quando
2640 5473 2675 5513 a
2699 5461 2946 5513 Domino
2970 5461 3227 5522 audient,
3256 5464 3444 5512 Amen
3459 5460 3586 5512 dico
3611 5462 3807 5513 vobis.

2199 5534 2404 5584 Nescio
2428 5546 2551 5586 vos.
2575 5535 2645 5585 Et
2660 5546 2882 5598 rursus,
2899 5536 3001 5593 Ite,
3020 5532 3326 5596 maledicti,
3347 5532 3407 5583 in
3422 5532 3615 5597 ignem
3632 5537 3810 5585 teter-

2197 5613 2339 5653 num
2360 5604 2601 5669 (Matth).
2627 5604 2756 5670 â€˜25.).
2784 5608 2950 5659 Tunc
2972 5606 3070 5656 tiet
3090 5605 3245 5669 quod
3277 5604 3578 5656 subditur:

2258 5674 2348 5729 19.
2374 5678 2532 5727 Muta
2556 5680 2702 5741 ï¬unt
2733 5678 2883 5729 labia
2901 5678 3103 5741 dolosa,
3130 5693 3247 5743 quis
3270 5681 3574 5742 toquuntur
3605 5677 3806 5727 adver-

2193 5764 2285 5799 sus
2304 5749 2518 5813 justum
2533 5750 2882 5816 iniquitatem
2904 5752 2967 5801 in
2986 5750 3241 5817 superbia
3254 5755 3300 5800 et
3314 5750 3377 5800 in
3399 5749 3680 5803 abusione.
3705 5752 3803 5802 Su-

2193 5824 2365 5885 perbe
2380 5825 2535 5876 enim
2550 5829 2608 5878 et
2618 5825 2879 5889 abusive,
2892 5824 3061 5889 idest,
3078 5828 3278 5877 contra
3286 5834 3592 5876 servorum
3601 5834 3803 5879 usum.

2191 5895 2586 5960 loquebantur
2608 5897 2798 5950 Judaei
2812 5897 3099 5950 adversus
3115 5895 3445 5954 Dominum,
3457 5894 3619 5959 dum,
3638 5895 3804 5947 Reus

2192 5974 2284 6023 est
2310 5970 2536 6035 mortis,
2561 5974 2619 6023 et
2640 5970 2938 6035 Cruciï¬ge,
2958 5969 3283 6023 clamabant
3302 5968 3516 6033 (Matth.
3550 5965 3641 6022 26.
3665 5967 3804 6017 Luc.
