3890 6390
68 386 179 441 753

1074 393 1148 443 ΙΝ
1180 390 1506 444 PSALMOS
1540 390 1749 444 LXXV
1781 392 2368 446 COMMENTARIUS.

3266 396 3373 453 754

65 499 159 583 βξ).
201 499 367 551 ιΙοαηο
392 501 521 583 ‘19:):
547 507 812 583 Quetidie
832 506 1006 583 modo
1029 506 1278 583 clamant
1300 505 1667 583 malicontra
1693 508 1749 583 Α
1771 506 1898 583 disti
1919 522 2098 583 uocem
2122 506 2390 583 orationis
2406 522 2549 559 mea.
2569 508 2641 583 Et
2661 507 3249 583 meritumquoddam
3263 524 3367 565 ex-

62 574 272 636 bonos,
287 574 518 639 superbi
530 580 729 630 contra
739 579 1008 631 humiles.
1025 577 1284 641 Quotidie
1299 580 1665 640 blasphemant,

62 645 297 706 latrant,
322 645 654 710 detrahunt,
680 650 939 711 garriunt
961 650 1177 715 linguis
1201 650 1468 712 malignis
1489 655 1548 702 et
1570 651 1672 703 do-

60 714 237 767 losis:
258 717 363 769 sed
388 722 527 769 tunc
547 720 871 773 emcientur
886 722 1035 773 labia
1056 714 1256 773 eorum
1275 725 1669 784 muta,quando

62 793 404 841 sanctorum
432 792 728 856 apparebit
752 793 949 857 gloria,
975 796 1031 845 et
1053 794 1161 844 sibi
1189 794 1472 845 videbunt
1490 796 1671 846 immi-
1705 826 1718 839 ι

62 873 207 912 nere
225 865 526 913 tormenta.
558 864 839 928 Strepitus
861 866 1168 917 verborum
1194 867 1523 918 verteturin
1547 866 1670 918 luc-

64 934 213 983 tum.
241 932 329 983 Ibi
353 933 507 985 enim
527 936 698 986 ﬂetus
724 941 781 989 et
802 936 1014 989 stridor
1036 937 1301 989 dentium
1327 938 1534 999 (Matth.
1554 936 1604 991 8.
1623 942 1667 987 et

63 1003 194 1066 13.).
214 1006 338 1067 Quo
355 1008 553 1058 contra
571 1013 907 1060 sanctorum
925 1008 1254 1061 felicitatem
1269 1010 1522 1072 intuens,
1541 1022 1669 1062 sua-

62 1074 309 1128 vitatem
329 1078 494 1142 regni
509 1079 765 1131 caelestis
786 1080 1123 1132 admirando
1147 1080 1421 1145 laudavit,
1435 1081 1665 1134 dicens:

125 1145 219 1203 9.0.
260 1149 436 1208 Quam
470 1165 675 1214 magna
707 1152 993 1202 multitudo
1018 1152 1316 1202 dulcedinis
1336 1157 1454 1217 tua,
1478 1154 1668 1205 Domi-

60 1234 147 1293 ne,
174 1234 346 1285 quam
377 1221 703 1272 abscondisti
739 1224 1047 1274 timentibus
1068 1226 1141 1273 te!
1164 1225 1532 1277 Admirabilis
1556 1232 1664 1293 est,

56 1291 421 1345 delectabilis
432 1298 539 1346 est.
557 1296 758 1347 Verbis
771 1296 1040 1361 explicari
1053 1310 1172 1348 non
1186 1302 1518 1361 potest.Nem
1532 1291 1666 1361 quod

56 1363 269 1417 oculus
292 1378 408 1417 non
431 1366 596 1426 vidit,
612 1378 720 1419 nec
736 1368 890 1420 auris
907 1368 1143 1431 audivit,
1162 1382 1271 1420 nec
1287 1369 1346 1420 in
1366 1383 1465 1421 cor
1480 1370 1666 1424 homi-

54 1434 148 1487 nis
172 1436 464 1501 ascendit,
494 1440 833 1502 praparasti
853 1441 1009 1492 Deus
1035 1439 1411 1504 diligentibus
1437 1446 1493 1493 te
1519 1445 1660 1506 (Isai.

54 1506 145 1561 64.
165 1507 191 1561 i
205 1548 217 1559 .
241 1507 361 1560 Cor.
379 1506 475 1572 9.).
493 1510 866 1562 Abscondisti
882 1516 1074 1565 autem
1093 1511 1432 1565 timentibus
1456 1515 1664 1573 te.Quid

10 1590 11 1607 ξ
50 1583 146 1631 est
166 1581 274 1642 (Ea:
298 1582 438 1645 Aug.
462 1581 635 1646 ibid),
654 1582 1013 1635 abscondisti
1029 1583 1139 1635 illis
1159 1586 1447 1638 ?servasti
1463 1591 1531 1638 ut
1559 1586 1665 1639 soli

10 1670 11 1679 ι
52 1652 127 1703 ad
151 1653 646 1717 eamperveniant.
667 1655 933 1717 Quandiu
950 1656 1105 1707 enim
1129 1656 1320 1709 adhuc
1334 1661 1528 1718 timent,
1543 1674 1666 1708 non-

10 1730 11 1733 ‘
50 1724 196 1775 dum
209 1727 268 1775 et
286 1724 396 1789 ipsi
408 1732 830 1789 pervenerunt:
852 1726 954 1779 sed
970 1728 1217 1780 credunt
1234 1741 1295 1781 se
1312 1736 1661 1791 perventuros,

10 1814 11 1865 j
50 1798 156 1847 eta
178 1795 382 1848 timore
403 1797 701 1861 incipiunt.
716 1798 866 1850 Nihil
881 1798 1033 1850 enim
1054 1799 1280 1851 dulcius
1296 1806 1387 1852 est
1403 1804 1652 1851 immorta-

10 1884 12 1897 ι
48 1868 212 1909 litate
239 1868 681 1909 sanientimsapd
710 1870 935 1909 initium
956 1872 1646 1909 annipniimiimnrnnmini
1676 1833 1729 1909 B

10 1884 12 1937 ξ
48 1868 212 1918 litate
239 1868 537 1932 sapientia
556 1885 567 1919 :
583 1871 686 1922 sed
710 1870 939 1922 initium
956 1872 1255 1934 sapientia
1269 1873 1441 1925 timor
1451 1877 1649 1923 Domini

10 1946 11 1967 ι
56 1939 220 2001 (Psat.
242 1938 364 1994 110.
379 1941 537 1991 Prov.
554 1941 644 2005 1.).
662 1954 836 2005 quam
852 1943 1209 1994 abscondisti
1230 1944 1567 1996 timentibus
1586 1951 1656 1997 te:

10 2016 11 2039 ξ
54 2009 160 2061 sed
172 2010 449 2074 Perfecisti
463 2013 537 2061 eis
552 2014 650 2077 qui
663 2018 882 2077 sperant
899 2014 955 2062 in
974 2019 1036 2077 te,
1050 2014 1109 2062 in
1128 2021 1404 2080 conspectu
1415 2017 1660 2079 ﬁliorum

53 2081 438 2134 hominude
454 2088 561 2142 est,
577 2084 660 2136 eis
676 2085 968 2150 perfecisti
987 2085 1355 2139 dulcedinem
1371 2092 1551 2148 tuam,
1569 2092 1656 2151 qui

8 2154 12 2183 λ
48 2154 110 2205 in
134 2159 459 2218 conspectu
482 2155 731 2209 filiorum
754 2156 1059 2210 hominum
1083 2162 1321 2222 sperant
1340 2159 1403 2212 in
1424 2164 1495 2211 te.
1515 2160 1659 2221 Quo-

8 2224 12 2259 ε
53 2225 231 2278 modo
253 2225 394 2278 dicit
411 2227 716 2291 Dominus,
734 2228 841 2289 Qui
857 2241 951 2281 me
968 2230 1262 2294 negaverit
1276 2243 1468 2283 coram
1483 2232 1661 2283 homi-

8 2322 9 2331 ι
49 2298 248 2359 nibus,
262 2299 485 2362 negabo
499 2304 558 2350 et
573 2312 678 2363 ego
700 2299 864 2352 illum
889 2314 1084 2353 coram
1109 2303 1274 2353 Patre
1299 2315 1427 2354 meo
1444 2304 1656 2365 (Matth.

8 2394 11 2401 -
48 2368 175 2431 10.).
218 2369 369 2434 Ergo
403 2370 453 2421 si
485 2382 683 2435 speras
716 2371 797 2423 inv
818 2372 1081 2435 Domino,
1108 2386 1299 2425 coram
1323 2373 1659 2427 hominibus

8 2442 11 2475 ί
52 2453 226 2506 spera
243 2453 346 2494 :ne
361 2442 505 2495 forte
526 2443 1050 2509 abscondasipsam
1068 2457 1232 2510 spem
1250 2448 1405 2497 tuam
1419 2447 1478 2498 in
1489 2447 1658 2500 corde

8 2524 11 2545 ι
50 2518 169 2572 tuo,
206 2519 268 2566 et
296 2514 502 2566 timeas
525 2516 804 2578 confiteri,
833 2530 966 2569 cum
996 2516 1099 2568 tibi
1124 2529 1224 2580 pro
1249 2518 1487 2569 crimine
1512 2520 1659 2583 obji-

7 2586 11 2622 λ
50 2586 258 2642 ciatur,
284 2586 419 2649 quia
443 2585 799 2639 Christianus
821 2601 904 2640 es.
923 2588 979 2641 Si
994 2590 1086 2639 vis
1098 2590 1391 2641 ambulare
1403 2594 1535 2638 viam
1549 2595 1657 2654 Del,

6 2660 11 2693 ί
52 2659 234 2711 etiam
258 2657 319 2709 in
335 2664 650 2722 conspectu
669 2659 971 2711 hominum
988 2673 1153 2725 spera
1166 2660 1225 2712 in
1237 2664 1519 2724 Dominum,
1534 2665 1661 2711 idest

6 2730 9 2765 ί
51 2730 167 2783 noli
190 2730 534 2781 erubescere
558 2730 628 2782 de
652 2743 755 2795 spe
780 2735 899 2793 tua,
918 2734 1041 2794 Quo
1058 2732 1229 2783 modo
1246 2732 1387 2784 vivit
1406 2733 1466 2784 in
1490 2734 1659 2785 corde

52 2808 169 2868 tuo,
186 2801 277 2853 sic
298 2800 519 2853 habitet
547 2802 607 2853 in
632 2815 727 2854 ore
752 2808 888 2855 tuo:
914 2804 1046 2867 quia
1068 2816 1187 2855 non
1228 2804 1353 2856 sine
1385 2818 1562 2856 causa
1591 2806 1660 2856 si-

6 2878 9 2911 ξ
50 2886 240 2938 gnum
264 2886 438 2925 suum
454 2873 718 2925 Christus
733 2875 792 2925 in
805 2874 991 2926 fronte
1024 2874 1171 2942 |35
1189 2876 1357 2927 nobis
1370 2876 1467 2939 figi
1481 2876 1659 2928 voluit

53 2952 338 3010 tanquam
361 2944 421 2997 in
442 2945 579 2997 sede
600 2946 837 3010 pudoris
852 2960 864 2997 :
881 2960 953 2997 ne
965 2946 1173 2999 Christi
1193 2949 1497 3011 opprobrio
1513 2952 1659 2997 Chri-

6 3022 7 3055 ὲ
52 3019 285 3070 stianus
306 3017 628 3078 erubescat,
648 3018 769 3069 Hoc
795 3031 929 3081 ergo
950 3018 1011 3069 in
1027 3024 1341 3084 conspectu
1357 3019 1657 3071 hominum

5 3106 9 3129 ι
53 3091 99 3141 si
125 3089 356 3154 feceris,
388 3089 437 3140 si
462 3088 599 3140 inde
626 3102 820 3141 coram
844 3090 1177 3143 hominibus
1199 3103 1318 3142 non
1340 3092 1656 3156 erubueris,

3 3168 9 3203 ι
54 3164 102 3216 si
124 3164 185 3215 in
213 3163 529 3227 conspectu
543 3161 792 3215 filiorum
812 3162 1131 3227 hominum,
1145 3176 1251 3215 nec
1267 3175 1380 3225 ore,
1394 3176 1502 3215 nec
1516 3167 1660 3215 factis

4 3240 9 3289 ε
53 3235 356 3287 Christum
378 3234 681 3297 negaveris
709 3247 722 3283 :
760 3245 925 3298 spera
949 3234 1050 3285 tibi
1080 3234 1274 3297 perfici
1298 3233 1657 3288 dulcedinem
1682 3253 1730 3329 Ε

4 3320 7 3329 .
53 3307 150 3329 nA:
192 3306 363 3329 ἵῘη-ειι
382 3310 574 3329 λ-ςιΑ-ικ
601 3304 963 3329 ιιι-ιιιη-υἶςκηννι
982 3305 1176 3329 ἕκηζηει
1195 3308 1349 3329 ﬁ-..—
1373 3306 1504 3329 Ᾱλμη
1522 3307 1632 3329 Ωιι-

53 3307 171 3359 Dei.
192 3306 364 3357 Hanc
381 3310 580 3357 autem
600 3304 968 3357 dulcedinem
982 3305 1181 3370 incipit
1195 3308 1352 3357 Deus
1371 3306 1505 3357 dare
1522 3307 1664 3359 iide-

53 3381 205 3431 libus
233 3377 295 3428 in
317 3376 425 3428 hac
443 3377 579 3437 vita,
601 3376 703 3429 sed
717 3376 939 3441 perficit
956 3377 1015 3427 in
1030 3376 1158 3428 alia.
1171 3378 1255 3429 De
1271 3377 1483 3439 quibus
1498 3382 1663 3429 adhuc

52 3449 328 3502 subditur
347 3467 360 3499 :
379 3448 676 3498 Abscondes
690 3464 774 3497 eos
792 3449 853 3497 in
870 3448 1175 3498 abscondito
1190 3448 1329 3511 facie
1342 3449 1482 3500 ilua.
1503 3453 1555 3499 Id
1570 3459 1661 3515 est,

4 3530 7 3565 ι
47 3523 104 3574 in
127 3524 360 3573 secreto
385 3520 889 3584 contemplationis
913 3520 1148 3573 divina.
1184 3520 1227 3569 Α
1254 3520 1662 3574 conturbatione

4 3610 7 3637 ι
52 3594 370 3644 hominum.
390 3592 462 3644 Ut
478 3591 675 3644 nullus
700 3593 932 3656 eosjam
956 3591 1145 3643 valeat
1168 3592 1529 3645 conturbare.
1549 3596 1658 3647 Sed

4 3692 6 3705 ι
42 3667 262 3720 iterum
284 3676 418 3716 cum
441 3663 881 3729 peregrinantur
894 3664 954 3715 in
970 3664 1080 3716 hoc
1098 3664 1290 3715 seculo
1323 3663 1389 3727 (2.
1420 3666 1539 3715 Cor.
1566 3664 1656 3729 5.),

47 3738 181 3803 quia
212 3736 434 3788 multas
455 3735 758 3801 patiuntur
772 3735 1001 3800 linguas
1025 3735 1675 3801 contradicentes,quid'

47 3812 127 3862 eis
154 3809 301 3861 facit
318 3810 345 3858 ἢ
384 3808 644 3873 sequitur
666 3812 724 3859 et
746 3808 902 3865 dicit,

105 3882 196 3937 21.
232 3881 477 3944 Proteges
498 3895 582 3929 eos
603 3881 663 3929 in
691 3878 1035 3930 tabernaculo
1061 3883 1171 3929 tuo.
1199 3878 1425 3932 Scilicet
1446 3880 1505 3932 in
1522 3895 1662 3947 pra-

48 3954 198 4007 senti
245 3951 517 4014 Ecclesia,
560 3951 622 4003 in
658 3963 773 4015 qua
793 3950 1131 4014 militamus,
1165 3951 1209 4000 Α
1239 3952 1661 4003 contradictione

45 4027 395 4091 linguarum.
423 4025 506 4076 Ne
527 4022 744 4088 lingua
766 4022 1173 4076 hareticorum
1198 4023 1660 4077 contradicentes

46 4094 283 4149 veritati
302 4095 534 4148 valeant
549 4108 647 4148 eos
663 4095 1027 4159 incorporare
1041 4093 1168 4146 sibi.
1188 4094 1406 4147 Deinde
1422 4108 1523 4160 pro
1537 4102 1660 4149 tan-

47 4171 119 4221 tis
145 4167 449 4221 beneilciis
461 4168 533 4221 ad
549 4166 907 4221 laudandum
924 4172 983 4220 et
992 4167 1456 4220 benedicendum
1474 4169 1657 4222 Deum

45 4238 305 4304 erumpit
328 4239 547 4305 dicens,

104 4313 193 4368 ‘22.
237 4312 553 4362 Benedictus
580 4312 868 4375 Dominus,
901 4311 1169 4375 quoniam
1192 4312 1478 4375 viviﬁcavit
1500 4314 1660 4363 mise-

48 4384 355 4435 ricordiam
374 4399 534 4434 suam
556 4384 699 4434 mihi
722 4385 783 4434 in
808 4384 1015 4434 civitate
1038 4384 1274 4433 munita.
1301 4384 1438 4436 Inde
1464 4390 1553 4438 est
1570 4387 1660 4438 be-

44 4455 412 4511 nedicendus
435 4460 493 4508 et
516 4456 926 4520 glorificandus
950 4455 1251 4519 Dominus,
1270 4457 1543 4520 quoniam
1557 4458 1659 4509 mi-

42 4531 292 4583 rabilem
320 4528 575 4581 ostendit
594 4528 1047 4581 misericordiam
1082 4540 1247 4579 suam
1284 4528 1444 4589 mihi,
1470 4529 1524 4579 id
1551 4534 1658 4587 est,

41 4602 115 4654 ad
137 4601 459 4654 utilitatem
472 4600 585 4652 mei
597 4604 653 4651 et
665 4613 922 4651 nieorum
935 4638 945 4658 ,
958 4600 1017 4648 in
1035 4600 1245 4648 civitate
1261 4601 1497 4661 munita,
1513 4604 1659 4662 idest,

40 4674 100 4725 in
126 4672 375 4733 sanctis,
407 4672 505 4736 qui
529 4671 803 4723 dicuntur
824 4672 1031 4725 civitas
1058 4670 1191 4735 quia
1207 4670 1374 4722 multi
1398 4672 1508 4723 sub
1533 4685 1649 4724 una

42 4745 251 4798 divina
273 4745 421 4808 Lege
445 4746 897 4809 conjunguntur,
922 4745 980 4795 et
1002 4742 1225 4794 munita
1248 4746 1479 4807 propter
1501 4744 1653 4795 mul-

44 4824 133 4868 tas
150 4816 424 4880 virtutes,
440 4818 497 4868 et
520 4816 749 4868 diversa
771 4815 925 4867 dona
950 4814 1137 4867 sancti
1162 4814 1424 4879 Spiritus,
1439 4815 1653 4878 quibus

43 4889 410 4941 muniuntur.
434 4888 717 4941 Dominus
742 4888 824 4939 sic
846 4888 1203 4939 mirificavit:
1225 4899 1331 4952 ego
1346 4887 1653 4939 autemha-

46 4961 143 5013 bui
168 4960 457 5013 miserias.
484 4961 645 5013 Unde
669 4964 727 5013 et
752 4958 966 5018 subdit,

102 5032 196 5087 23.
224 5031 340 5096 Ego
365 5037 544 5083 autem
565 5032 763 5082 dixiin
788 5045 995 5081 excessu
1017 5031 1210 5080 mentis
1224 5045 1367 5094 mea,
1382 5032 1653 5095 P-rojeclus

40 5121 161 5154 sum
182 5122 220 5155 α
235 5104 375 5167 facie
395 5104 678 5155 oculorum
703 5109 943 5155 tuorum.
963 5104 1254 5154 Excessus
1279 5102 1504 5165 dicitur,
1526 5103 1651 5153 sive

40 5176 284 5241 quando
296 5175 469 5228 homo
483 5175 784 5241 rapiturad
809 5175 1345 5238 contemplationem
1360 5177 1649 5223 divinorum

41 5250 126 5309 (ut
149 5246 369 5301 Paulus
392 5246 548 5308 dicit,
569 5249 686 5300 sive
698 5251 894 5299 mente
906 5249 1194 5296 excedimus
1208 5249 1305 5295 Deo
1323 5244 1393 5310 [ἓ.
1417 5245 1534 5297 Cor.
1557 5244 1648 5308 5.).

40 5321 163 5373 sive
188 5320 427 5385 quando
447 5319 654 5385 aliquis
674 5331 794 5386 pra
812 5319 1041 5371 tristitia
1058 5318 1317 5382 seipsum
1334 5319 1545 5381 excedit,
1560 5333 1651 5367 nec

37 5395 309 5446 remanet
328 5391 481 5456 apud
504 5404 582 5444 se.
598 5392 688 5444 Sic
702 5396 760 5443 et
772 5391 879 5443 iste
893 5391 1036 5442 vidit
1052 5403 1113 5441 se
1134 5394 1440 5455 paventem
1452 5389 1649 5440 nescio

38 5477 157 5529 qua
184 5463 558 5516 tribulatione
580 5476 808 5528 magna,
839 5463 990 5515 sicut
1011 5476 1127 5515 non
1152 5461 1382 5515 desunt.
1400 5461 1650 5513 Attende

37 5550 137 5590 cor
155 5549 337 5588 suum
354 5536 627 5602 pavidum
651 5539 708 5586 et
722 5535 1006 5601 trepidum
1023 5548 1035 5584 :
1053 5539 1108 5587 et
1124 5534 1219 5595 ait,
1237 5534 1507 5604 Projectus
1527 5549 1649 5583 sum

38 5626 71 5658 a
97 5610 247 5671 facie
268 5608 549 5658 oculorum
575 5614 813 5659 tuorum.
842 5608 894 5660 Si
925 5607 984 5658 in
1007 5607 1148 5659 facie
1172 5612 1272 5659 tua
1295 5620 1504 5670 essem,
1531 5618 1648 5657 non

40 5682 127 5732 sic
153 5680 441 5733 timerem.
469 5681 526 5733 Si
549 5693 640 5733 me
666 5679 1014 5744 attenderes,
1034 5692 1152 5731 non
1180 5679 1261 5731 sic
1286 5678 1648 5744 trepidarem.

39 5755 110 5804 Et
135 5752 279 5816 quia
296 5754 599 5806 confessus
614 5765 761 5817 sum,
784 5757 842 5805 et
862 5751 995 5815 quia
1019 5751 1255 5803 humilis
1274 5751 1373 5806 fui.
1396 5752 1530 5815 quia
1553 5764 1650 5802 cor

39 5835 248 5876 meum
272 5825 539 5877 accusavi
554 5838 566 5885 ;
582 5825 719 5889 quia
730 5823 1026 5888 trepidans
1038 5822 1285 5875 clamavi
1317 5837 1329 5874 :
1355 5823 1474 5874 Ideo
1486 5837 1650 5874 eceau-

107 5980 125 5996 ³
155 5965 305 6020 Vide
328 5968 386 6021 in
410 5968 617 6022 Psalm.
645 5969 848 6021 XVIII.
873 5979 1034 6021 num.
1062 5965 1083 6019 ιι
1099 5966 1149 6021 4.

1768 579 2079 632 auditionis
2103 580 2393 645 supponit,
2417 591 2551 631 cum
2567 578 2725 643 dicit,
2745 580 2890 630 Dum
2905 579 3193 633 clamorem
3216 584 3291 633 ad
3307 589 3369 635 te.

1768 652 1831 702 Id
1847 652 2094 716 est,quia
2110 651 2365 703 clamavi.
2382 651 2607 702 Clamor
2619 650 2691 701 ad
2709 651 3022 703 Dominum
3039 666 3159 706 non
3174 660 3268 708 est
3279 669 3373 708 vo-

1769 736 1850 782 ce,
1879 724 1981 774 sed
2005 724 2192 775 corde.
2220 722 2381 775 Multi
2405 722 2639 773 silentes
2663 720 2851 785 labiis,
2877 722 3045 775 corde
3077 724 3367 780 clamave-

1768 799 1921 846 runt.
1950 794 2107 845 Multi
2132 807 2228 846 ore
2249 796 2593 856 strepentes,
2620 793 2789 845 corde
2812 793 3060 846 adverso
3082 795 3225 848 nihil
3259 798 3367 849 im-

1767 871 1989 931 petrare
2014 870 2342 929 potuerunt.
2365 865 2422 915 Si
2448 877 2583 927 ergo
2599 864 2834 927 clamas,
2860 865 3044 917 clama
3066 866 3248 929 intus,
3266 870 3366 921 ubi

1767 938 1931 989 audit
1952 940 2125 988 Deus.
2146 938 2255 988 Sed
2273 938 2392 999 jam
2415 936 2555 999 quid
2577 948 2685 987 nos
2707 935 2989 998 hortatur,
3020 938 3364 993 audiamus:

1829 1008 1911 1063 ‘24.
1936 1009 2153 1069 Diligite
2173 1008 2471 1057 Dominum
2494 1022 2675 1057 omnes
2697 1008 2870 1057 sancti
2894 1009 3026 1073 ejus.
3062 1010 3362 1074 Tanquam

1766 1081 1981 1133 diceret
2007 1081 2111 1144 (Ea:
2132 1080 2458 1143 Augustino,
2484 1080 2690 1129 Enarr.
2710 1079 2802 1141 4.),
2826 1079 3049 1131 Credite
3070 1081 3230 1133 mihi.
3246 1084 3364 1147 Ego

1768 1165 1900 1204 sum
1924 1156 2218 1217 expertus,
2245 1152 2423 1203 habui
2442 1150 2842 1204 tribulationes
2860 1164 2872 1199 :
2887 1151 3231 1215 invocavi,et
3245 1166 3365 1206 non

1768 1236 1900 1277 sum
1910 1224 2204 1288 deceptus.
2220 1223 2451 1286 Speravi
2464 1223 2525 1274 in
2538 1225 2743 1285 Deum,
2760 1226 2817 1274 et
2827 1235 2945 1275 non
2958 1236 3089 1275 sum
3100 1227 3361 1283 confusus,

1768 1296 2152 1360 Cogitationes
2168 1309 2325 1347 meas
2346 1295 2711 1358 illuminavit,
2724 1294 3163 1359 trepidationem
3174 1309 3364 1350 meam

1766 1368 2031 1420 firmavit.
2048 1368 2267 1431 Diligite
2291 1366 2608 1427 Dominum,
2621 1366 2722 1429 qui
2735 1378 2855 1418 non
2864 1365 3101 1432 diligitis
3113 1371 3360 1418 mundum

1766 1440 1874 1491 hoc
1886 1446 1992 1505 est,
2011 1456 2193 1490 omnes
2209 1441 2382 1489 sancti
2396 1440 2527 1503 ejus.
2547 1439 2822 1498 Quoniam
2838 1439 3113 1489 veritatem
3128 1440 3364 1504 requiret

1765 1513 2049 1563 Dominus.
2070 1513 2224 1565 Licet
2234 1512 2527 1576 permittat
2539 1523 2670 1563 eam
2682 1510 2859 1562 modo
2870 1510 3182 1571 conculari,
3196 1518 3362 1561 tamen

1762 1587 1888 1652 ipse
1912 1586 2160 1649 requiret
2183 1598 2309 1636 eam
2333 1584 2390 1635 in
2407 1596 2514 1636 suo
2529 1588 2800 1646 tempore.
2817 1586 2867 1635 A
2882 1583 3093 1646 quibus
3108 1585 3365 1644 requiret?

1764 1660 1853 1711 Ab
1876 1658 1968 1710 his
1993 1658 2091 1721 qui
2115 1669 2243 1709 eam
2266 1658 2463 1707 contra
2486 1655 2792 1708 falsitatem
2816 1658 3143 1706 tenuerunt.
3164 1654 3364 1717 Requi-

1762 1732 1848 1781 ret
1889 1733 2086 1781 autem
2131 1729 2204 1780 ab
2246 1728 2376 1784 illis.
2416 1730 2483 1779 ut
2518 1729 2859 1779 remuneret.
2887 1725 3162 1789 Requiret
3189 1726 3365 1777 etiam

1760 1802 1833 1853 ab
1880 1800 1972 1851 his
2018 1800 2119 1865 qui
2160 1813 2288 1851 eam
2324 1800 2571 1863 superbe
2594 1797 3005 1861 neglexerunt.
3037 1798 3120 1849 De
3146 1796 3362 1860 quibus

1761 1873 2028 1925 subditur
2053 1889 2064 1921 :
2094 1872 2159 1921 Et
2180 1871 2435 1921 retribuet
2642 1881 2761 1921 non
2789 1868 3032 1930 modice,
3060 1868 3161 1920 sed
3189 1868 3359 1918 abun-

1759 1946 1869 1995 dan
1878 1950 1955 1993 ter
1966 1943 2290 2008 facientibus
2302 1943 2631 2007 superbiam.
2647 1940 2755 2004 Qui
2772 1941 2909 1991 sunt
2920 1940 3019 2003 qui
3032 1940 3359 2003 superbiam

1760 2016 2110 2079 faciunt,nisi
2132 2015 2193 2067 hi
2208 2016 2307 2079 qui
2325 2016 2625 2068 veritatem
2638 2013 2742 2065 Dei
2757 2015 3173 2064 contemnunt?
3186 2012 3268 2063 Ne
3278 2023 3359 2063 er-

1758 2101 1832 2152 go
1862 2102 1997 2140 cum
2026 2088 2109 2140 eis
2146 2087 2621 2145 condemnemur,
2642 2083 2967 2144 audiamus,
2988 2088 3048 2137 et
3071 2084 3358 2136 faciamus

1759 2161 1918 2225 quod
1939 2160 2296 2211 subinfertur
2320 2176 2331 2207 :

1819 2230 1907 2286 ‘25.
1953 2230 2196 2281 Virititer
2217 2231 2372 2294 agite.
2393 2229 2576 2281 Nolite
2597 2226 2771 2280 lasas
2793 2238 3004 2280 manus
3028 2226 3091 2278 in
3118 2226 3359 2279 tribula-

1760 2304 2013 2356 tionibus
2037 2300 2343 2354 dimittere.
2358 2304 2427 2353 Et
2444 2300 2491 2352 si
2512 2300 2571 2351 in
2586 2311 2821 2363 corpore
2837 2303 2929 2351 est
2941 2297 3250 2350 infirmitas
3266 2297 3360 2350 vel

1757 2375 2061 2439 lassitudo,
2095 2374 2167 2426 sit
2189 2375 2249 2426 in
2274 2372 2444 2425 corde
2467 2371 2539 2423 ad
2563 2370 2863 2423 toleranda
2883 2368 3035 2421 mala
3056 2369 3258 2421 mundi
3269 2380 3361 2433 pa-

1758 2448 1979 2500 tientia
2001 2446 2291 2499 fortitudo.
2307 2448 2376 2496 Et
2397 2444 2508 2496 hoc
2529 2447 2621 2495 est
2643 2440 2798 2506 quod
2810 2440 3360 2505 subjungit:Etcon-

1757 2521 1985 2583 fortetur
2001 2534 2091 2567 cor
2112 2524 2362 2567 vestrum.
2379 2515 2488 2567 Sed
2503 2515 2716 2578 quibus
2741 2514 2850 2566 hoc
2875 2514 3048 2566 dicit?
3066 2514 3359 2579 Numquid

1761 2592 1866 2654 (Ea:
1898 2589 2222 2653 Augustino,
2254 2588 2403 2651 ibid.)
2430 2586 2787 2638 amatoribus
2809 2584 3054 2636 mundi?
3076 2586 3221 2637 Non.
3247 2584 3359 2639 Sed

1757 2661 1893 2714 audi
1916 2662 2146 2725 quibus.
2190 2661 2382 2710 Omnes
2406 2658 2501 2723 qui
2552 2657 2777 2723 speratis
2799 2657 2863 2706 in
2885 2656 3137 2706 Domino.
3171 2657 3362 2709 Verba

1759 2746 1890 2797 qua
1915 2731 2161 2785 audistis
2177 2732 2236 2783 in
2258 2731 2500 2793 psalmo,
2521 2729 2743 2792 fratres,
2762 2728 2823 2780 in
2834 2727 3005 2780 corde
3017 2727 3355 2781 describite:

1756 2806 1815 2857 in
1844 2806 2004 2857 vobis
2034 2804 2441 2855 transformate
2461 2821 2473 2851 :
2491 2802 2551 2853 in
2580 2800 2672 2853 his
2700 2800 3009 2853 Dominum
3025 2799 3273 2852 laudate.
3290 2802 3360 2851 Et

1756 2878 1805 2927 si
1851 2881 1976 2928 orat
2022 2875 2308 2941 psalmus,
2346 2878 2523 2937 orate,
2564 2877 2621 2925 et
2648 2873 2696 2923 si
2718 2872 2915 2936 gemit,
2939 2871 3152 2935 gemite
3177 2888 3189 2920 :
3216 2875 3275 2922 et
3308 2871 3359 2922 si

1757 2948 2098 3013 gratulatur,
2124 2947 2372 3012 gaudete
2399 2963 2409 2994 :
2434 2947 2489 2997 et
2515 2944 2564 2996 si
2588 2946 2802 3009 sperat,
2836 2947 3097 3006 sperate:
3132 2946 3191 2994 et
3215 2942 3265 3013 si
3288 2942 3359 2993 ti-

1758 3024 1896 3082 met,
1923 3020 2139 3071 timete.
2154 3018 2361 3070 Omnia
2375 3028 2508 3081 qua
2530 3015 2623 3067 hic
2647 3015 2861 3079 scripta
2876 3017 3033 3075 sunt,
3052 3012 3355 3078 speculum

1758 3097 2024 3143 nostrum
2051 3094 2207 3142 sunt.

2037 3193 2400 3260 TITULUS
2450 3190 2778 3256 PSALMI
2818 3188 3071 3254 XXXI.

1824 3312 2170 3368 iJntelIeclus
2192 3310 2385 3361 David.
2408 3312 2523 3358 Hac
2542 3310 2791 3368 scriptura
2812 3308 2946 3355 edita
2968 3306 3169 3355 aDavid
3195 3308 3364 3361 legen-

1765 3379 1900 3426 tibus
1924 3378 2229 3425 intellectum
2248 3374 2428 3433 gignit.
2462 3375 2564 3420 Hoc
2580 3373 2789 3423 scilicet.
2807 3375 2863 3419 ut
2878 3369 3095 3430 quisque
3111 3370 3359 3433 intelligat

1764 3455 1866 3489 non
1890 3454 2035 3500 posse
2056 3439 2241 3487 salvari
2256 3432 2504 3496 aliquem,
2527 3435 2628 3482 nisi
2650 3448 2735 3494 per
2759 3437 3074 3500 peccatorum
3098 3432 3358 3500 remissio-

1762 3496 1906 3553 nem:
1946 3505 2111 3552 Prima
2139 3501 2475 3559 intelligentia
2515 3502 2604 3557 est,
2635 3503 2689 3545 ut
2727 3502 2770 3544 te
2794 3496 2995 3543 noveris
3029 3499 3357 3559 peculatorem.

1762 3570 2088 3626 Consequens
2118 3558 2456 3623 intelligentia
2472 3566 2572 3626 est,
2606 3565 2662 3626 ut
2680 3573 2873 3626 cumex
2896 3559 3104 3626 ilde_per
3128 3558 3360 3626 dilectio-

1763 3644 1877 3678 nem
1900 3621 2028 3677 béne
2051 3629 2263 3686 caperis
2288 3621 2504 3685 operari,
2520 3621 2581 3671 ne
2606 3623 2699 3670 hoc
2718 3623 2917 3670 viribus
2941 3622 3059 3686 tuis,
3077 3621 3162 3686 sed
3188 3621 3361 3686 gratia

1761 3693 1850 3741 Dei
1875 3682 2196 3756 deputaveris
2224 3682 2473 3756 ((113115).
2494 3682 2699 3756 Materia
2722 3690 2795 3733 est
2818 3685 2973 3756 David
3000 3685 3261 3756 propheta,
3277 3682 3359 3756 vel

1760 3748 2067 3815 quicumque
2090 3748 2698 3815 aliusﬁdelisﬁntellectu
2717 3748 2970 3815 pauitans
2989 3748 3233 3815 {quicum
3244 3750 3361 3815 ante

1760 3808 2039 3877 ignorasset
2064 3821 2261 3875 peccata
2285 3814 2521 3877 suaLjam
2546 3811 2874 3877 recognoscit.
2890 3810 3032 3857 Ponit
3054 3809 3200 3877 etiam
3220 3808 3362 3855 illius

1759 3870 2122 3927 confessionem
2138 3892 2150 3927 :
2164 3878 2344 3924 deinde
2360 3870 2504 3922 illius
2518 3870 3358 3922 confessioniscommendationem.

1762 3943 2077 3991 Postmodum
2102 3940 2298 3987 inducit
2312 3938 2562 3987 Christum
2577 3936 2943 3993 promittentem
2962 3934 3093 3980 bona
3105 3933 3253 3991 plura
3269 3932 3361 3979 hu-

1756 4006 1981 4064 jusmodi
2008 4002 2296 4063 panitenti.
2325 3999 2536 4049 Intentio
2561 3999 2705 4064 illius
2725 3997 3028 4064 paenitentis
3045 4000 3246 4064 est_,n_os
3268 3994 3361 4064 ad-

1760 4055 1964 4116 inonere
1985 4055 2045 4114 ad
2067 4066 2381 4113 intellectum
2406 4062 2702 4121 hujusmodi
2727 4055 3153 4109 confessionis.Et
3177 4058 3232 4104 in
3256 4055 3360 4117 pri-

1760 4147 1840 4179 ma
1864 4134 2000 4191 parte
2033 4129 2253 4177 ostendit
2274 4140 2325 4174 se
2351 4130 2549 4186 peccata
2574 4135 2944 4184 recognoscere,
2970 4134 3085 4170 cum
3110 4121 3231 4169 dicit
3254 4133 3265 4165 :

2212 4239 2611 4306 PSALMUS
2652 4236 2905 4302 XXXI.

1820 4383 1870 4437 2.
1900 4381 2053 4433 Beati
2077 4392 2313 4444 quorum
2328 4376 2558 4428 remissae
2572 4380 2699 4425 sunt
2714 4373 3049 4438 iniquitates,
3066 4377 3111 4422 et
3127 4386 3361 4436 quorum

1760 4461 1889 4505 tecta
1910 4459 2037 4504 sunt
2056 4456 2286 4516 peccata.
2305 4451 2501 4499 Beatus
2524 4448 2610 4497 vir
2631 4447 2720 4497 cui
2741 4461 2852 4496 non
2877 4445 3167 4516 imputavit
3179 4444 3363 4494 Domi-

1762 4543 1865 4577 nus
1896 4515 2171 4591 peccatum
2201 4537 2295 4572 nec
2320 4527 2392 4571 est
2419 4521 2479 4569 in
2502 4519 2703 4583 spiritu
2726 4519 2838 4591 ejus
2858 4515 3030 4565 dolus.
3054 4517 3198 4567 Sunt
3216 4527 3362 4567 non-

1757 4588 1907 4651 nulli
1932 4596 2301 4663 panitentes,
2326 4603 2574 4663 quorum
2599 4602 2701 4654 per
2730 4588 3029 4663 lavacrum
3051 4598 3357 4663 regenera-

1761 4660 2205 4723 tionis'remissa
2230 4669 2369 4717 sunt
2384 4662 2737 4726 iniquitates,
2757 4667 2814 4714 et
2828 4660 2980 4713 beati
2996 4664 3150 4713 sunt.
3163 4662 3357 4709 Rursus

1760 4747 1897 4793 sunt
1920 4740 2195 4806 plerique,
2220 4737 2321 4801 qui
2340 4740 2471 4801 post
2487 4734 2840 4799 baptismum
2853 4736 3257 4806 peccaverunt,
3272 4734 3355 4780 sed
3402 4784 3421 4803 ,

1755 4814 1828 4866 ad
1854 4804 2277 4865 confessionem
2300 4807 2635 4860 redierunt:
2661 4810 2717 4858 et
2744 4818 2842 4870 per
2864 4804 3265 4870 panitentiam
3302 4807 3359 4855 et

1753 4884 2221 4939 emendationem
2246 4884 2397 4933 tecta
2424 4884 2563 4931 sunt
2584 4891 2786 4931 eorum
2810 4883 3063 4943 peccata,
3082 4888 3215 4942 qua
3228 4888 3355 4939 ges-

1756 4961 1975 5009 serunt.
2003 4958 2072 5007 Et
2096 4954 2205 5019 ipsi
2228 4951 2609 5004 nihilominus
2631 4954 2772 5003 sunt
2794 4950 2965 5002 beati.
2980 4950 3081 5000 Est
3099 4947 3249 4999 alius
3272 4946 3360 4999 vir

1755 5034 2046 5091 strenuus,
2061 5032 2119 5080 et
2130 5026 2259 5079 ideo
2272 5023 2586 5088 unus,quia
2596 5034 2780 5086 rarus,
2794 5021 2970 5073 animi
2986 5023 3169 5069 virtute
3178 5019 3358 5078 fultus,

1752 5101 1849 5165 qui
1870 5113 1931 5153 se
1941 5101 2014 5152 ab
2032 5100 2188 5151 omni
2202 5100 2440 5161 peccato
2455 5095 2743 5149 criminali
2758 5093 3048 5152 custodivit,
3059 5092 3149 5152 qui
3161 5091 3358 5165 culpam

1752 5162 1887 5225 eum
1910 5185 2011 5236 per
2025 5169 2311 5222 carnalem
2330 5166 2865 5233 concupiscentiam
2881 5166 3096 5213 oriretur
3115 5176 3203 5223 per
3223 5162 3355 5223 rigo-

1752 5257 1869 5296 rem
1887 5242 2125 5308 spiritus
2148 5241 2367 5294 fortiter
2379 5238 2697 5298 restrinxit,
2720 5250 2839 5287 non
2855 5237 3127 5308 delectatus
3138 5240 3228 5296 est,
3255 5248 3355 5283 non

1751 5306 2064 5368 consensit.
2080 5314 2184 5365 IIic
2194 5317 2288 5363 est
2304 5314 2508 5363 beatus
2524 5310 2630 5371 vir,
2651 5308 2743 5359 cui
2756 5306 3039 5360 Dominus
3055 5308 3354 5370 peccatum

1751 5401 1867 5440 non
1881 5383 2359 5452 imputavit.Hinc
2372 5396 2469 5447 per
2481 5380 2747 5435 eumdem
2761 5378 3126 5452 Psalmistam
3140 5376 3275 5452 alibi
3286 5379 3359 5426 di-

1750 5450 1981 5514 citur.Si
1998 5459 2113 5511 mei
2130 5470 2248 5509 non
2260 5455 2474 5508 fuerint
2490 5464 2508 5484 ·
2525 5452 2826 5516 dominati,
2846 5456 2983 5504 tunc
3006 5450 3355 5499 immaculatus

1749 5548 1845 5588 ero
1862 5533 2019 5597 (Psal.
2038 5530 2162 5593 18.).
2179 5526 2569 5593 EtApostolus
2583 5526 2683 5589 ait,
2698 5524 2850 5576 Nihil
2864 5538 3003 5597 nunc
3016 5523 3355 5597 damnationis

1749 5612 1837 5661 est
1859 5593 1951 5660 his
1976 5604 2076 5669 qui
2102 5605 2238 5656 sunt
2258 5602 2317 5653 in
2334 5599 2563 5652 Christo
2576 5601 2606 5651 J
2612 5613 2643 5650 e
2654 5612 2722 5650 su
2736 5595 3004 5659 (Rom.8.),
3022 5593 3121 5669 qui
3135 5605 3252 5645 non
3272 5606 3357 5644 se-

1749 5667 2011 5733 cundum
2032 5689 2261 5730 carnem
2284 5672 2607 5726 ambulant.
2629 5673 2697 5724 Et
2721 5670 2861 5722 dum
2884 5669 2993 5721 iste
3009 5667 3097 5720 vir
3121 5669 3355 5717 sanctus

1748 5753 1807 5805 in
1830 5752 1939 5804 hoc
1963 5764 2081 5803 non
2108 5762 2169 5801 se
2190 5745 2490 5811 justificat,
2524 5743 2625 5796 sed
2650 5746 3007 5808 peccatorem
3031 5737 3354 5811 confitetur.

1747 5828 1804 5876 et
1829 5824 2088 5888 seipsum
2122 5808 2361 5874 accusat
2393 5834 2407 5871 :
2432 5808 2550 5870 non
2576 5819 2668 5869 est
2688 5814 2747 5868 in
2772 5813 2979 5879 spiritu
3015 5812 3145 5876 ejus
3169 5808 3354 5862 dolus.
