3890 6390
574 380 680 438 755

1632 378 1898 432 RUFINO
1932 376 2391 431 PRESBYTERO
2426 378 2816 432 ASCRIPTUS
3746 383 3811 438 756

573 497 1223 571 Οιιοᾱλᾳωαγραωὶιθηε
1253 497 1361 548 iste
1382 508 1502 571 non
1525 496 1675 571 fecit,
1701 494 1871 558 quale
1893 493 2172 546 damnum
2196 498 2253 571 Α
2276 495 2557 571 poenitet:
2582 500 2779 571 tamen
2813 492 3205 571 conﬁtendum
3235 496 3327 544 est
3359 492 3642 571 ministris
3670 498 3815 571 _Eccle-

574 568 886 636 pertulerit,
912 570 1187 633 insinuat,
1218 580 1353 620 cum
1379 567 1683 631 subjungit
1710 582 1726 615 :

663 639 809 709 I37
859 640 910 695 3.
938 641 1211 699 Quoniam
1242 640 1412 699 tacui,
1438 640 1869 709 inveteraverunt
1892 651 2011 686 ossa
2036 651 2170 697 mea,

575 708 708 763 dum
735 713 1029 761 clamarem
1043 715 1154 760 tota
1173 710 1209 760 d
1216 711 1275 760 ie.
1294 710 1657 762 Contrarium
1674 708 1902 761 videtur
1915 723 2023 757 esse
2038 709 2171 769 quod

571 785 668 843 ait,
686 784 861 834 Tacui
883 783 1021 834 dum
1042 782 1371 834 clamarem.
1389 782 1501 834 Sed
1522 780 1739 844 aliquid
1767 779 1961 841 tacuit,
1974 781 2169 839 aliquid
2204 815 2219 827 .

571 854 857 907 clamavit.
878 853 1080 907 Tacuit
1095 854 1540 915 confessionem,
1552 852 1820 903 clamavit
1831 854 2174 912 praesumptio-

570 938 719 977 nem.
736 925 1002 986 Quandiu
1028 929 1330 989 peccatum
1353 929 1620 975 nostrum
1643 922 2171 984 rettcemus,ipsum

575 1001 869 1053 peccatum
886 996 1098 1048 clamat
1108 997 1181 1047 ad
1194 996 1523 1047 Dominum.
1538 995 1685 1046 Hinc
1706 999 1794 1045 est
1808 993 1959 1057 quod
1982 993 2116 1044 Cain
2138 1004 2172 1045 a

570 1068 1056 1131 Domino‘dicitur,
1076 1070 1216 1119 Ecce
1231 1081 1346 1119 vox
1368 1066 1673 1131 sanguinis
1692 1065 1882 1116 fratris
1901 1064 1983 1116 tui
1999 1066 2182 1113 clamat

569 1138 642 1189 ad
666 1151 761 1191 me
784 1138 856 1190 de
880 1142 1031 1190 terra
1053 1139 1255 1200 (Genes.
1282 1138 1371 1201 4.).
1400 1138 1546 1199 Quia
1568 1136 1724 1187 enim
1747 1134 2173 1199 requisitusne—

568 1215 824 1274 gaverat,
847 1210 974 1275 ipsa
994 1210 1147 1262 fusio
1171 1209 1244 1261 ad
1281 1209 1593 1260 Dominum
1624 1207 1840 1260 clamor
1861 1211 2001 1270 erat,
2028 1207 2172 1264 Quo-

570 1282 727 1332 niam
739 1283 885 1332 tacui
904 1281 1122 1346 (inquit)
1138 1282 1569 1331 inveteraverunt
1586 1295 1707 1329 ossa
1721 1280 1923 1330 mea.Si
1939 1281 2172 1328 clamaret

572 1357 806 1417 peccata
830 1366 960 1419 sua,
987 1353 1402 1405 innovarentur
1416 1364 1553 1404 ossa
1569 1353 1617 1415 ej
1628 1365 1717 1415 us,
1730 1351 1881 1403 idest
1900 1357 1997 1399 tota
2012 1353 2172 1398 virtus

568 1428 698 1490 ejus
720 1427 961 1479 robusta
982 1431 1138 1478 esset
1158 1427 1219 1478 in
1244 1425 1521 1485 Domino;
1547 1425 1684 1489 quia
1711 1425 1770 1477 in
1795 1437 1857 1475 se
1880 1423 2171 1476 invenire-

568 1503 660 1549 tur
680 1498 965 1550 inﬁrmus.
994 1498 1162 1551 Modo
1189 1498 1362 1559 enim,
1387 1498 1525 1561 quia
1544 1498 1603 1548 in
1627 1509 1690 1549 se
1715 1496 1897 1549 voluit
1918 1508 2050 1548 esse
2073 1495 2172 1546 ﬁr-

565 1582 718 1633 mus,
758 1570 945 1623 factus
977 1573 1069 1622 est
1102 1570 1367 1621 inﬁrmus
1397 1588 1409 1618 :
1449 1574 1506 1622 et
1540 1570 2003 1621 inveteraverunt
2036 1577 2172 1618 ossa

565 1644 708 1707 ejus,
752 1642 1034 1694 remansit
1067 1642 1126 1693 in
1153 1646 1464 1705 vetustate,
1515 1641 1617 1704 qui
1638 1639 1823 1692 noluit
1843 1638 2170 1691 conﬁtendo

562 1724 761 1765 amare
783 1714 1112 1766 novitatem.
1142 1713 1292 1776 Quid
1315 1718 1424 1772 est,
1449 1713 1593 1762 Dum
1614 1712 1905 1762 clamarem
1923 1717 2031 1761 tota
2047 1711 2131 1760 die
2146 1713 2171 1761 ?

565 1784 705 1835 dum
738 1797 1167 1849 perseverarem
1204 1784 1267 1835 in
1298 1784 1635 1836 defensione
1671 1783 1905 1846 peccati.
1942 1784 2010 1833 Et
2033 1782 2168 1846 quia

2278 567 2399 631 sim,
2437 567 2575 631 quia
2618 567 2727 617 nisi
2768 565 3193 626 confiterentur,
3227 576 3299 615 ex
3329 576 3437 616 sua
3480 565 3816 623 inobedientia

2269 638 2695 689 damnarentur.
2736 636 2900 700 Quod
2946 640 3247 688 ostensum
3282 640 3368 688 est
3398 636 3462 687 in
3512 639 3729 702 Lazaro,
3750 647 3815 707 qui

2267 715 2576 773 postquam
2608 709 2937 761 viviﬁcatus
2963 712 3072 770 est,
3111 707 3359 768 indiguit
3387 708 3559 760 solvi.

2330 780 2382 836 6.
2415 783 2522 831 Pro
2548 783 2667 845 hac,
2709 781 2976 833 videlicet
2995 779 3289 844 impietate
3324 781 3566 843 peccati,
3606 781 3757 831 orabit
3772 788 3816 833 ad

2269 858 2313 902 te
2346 854 2525 903 omnis
2555 858 2791 904 sanctus.
2830 853 2970 908 Inde
3005 852 3191 904 orabit
3224 850 3297 903 ad
3322 855 3397 914 te,
3427 852 3570 915 quia
3594 852 3816 908 dimisisti

2266 928 2518 990 peccata.
2548 927 2694 977 Nam
2718 926 2767 977 si
2801 937 2919 977 non
2957 923 3275 975 dimitteres
3296 926 3536 987 peccata
3573 936 3687 976 non
3706 935 3817 979 esset

2269 1002 2526 1061 sanctus,
2551 997 2689 1062 quid
2713 996 2788 1049 ad
2814 1002 2869 1047 te
2885 1000 3088 1047 oraret.
3106 995 3303 1047 Orabit
3323 999 3522 1047 autem
3544 996 3613 1045 In
3634 1002 3815 1061 tempore

2268 1074 2587 1133 opportuno.
2611 1069 2780 1120 Modo
2796 1072 2887 1120 est
2905 1068 3289 1132 opportunum
3307 1071 3542 1131 tempus
3553 1070 3719 1117 orandi
3731 1084 3816 1118 con-

2265 1140 2466 1191 ﬁtendi
2483 1144 2715 1205 peccata
2728 1151 2836 1192 sua
2850 1144 2909 1191 et
2924 1137 3261 1202 corrigendi.
3280 1138 3451 1190 Modo
3466 1139 3623 1190 enim
3639 1144 3816 1205 tempus

2267 1213 2724 1277 gratiae,tempus
2748 1210 3171 1271 misericordia,
3194 1210 3267 1262 de
3292 1223 3406 1275 quo
3422 1210 3565 1263 dicit
3585 1216 3817 1273 Apostolus.

2268 1285 2412 1335 Ecce
2435 1297 2592 1335 nunc
2611 1289 2839 1348 tempus
2854 1281 3220 1347 acceptabile,
3232 1294 3361 1334 ecce
3373 1296 3535 1334 nunc
3549 1283 3670 1335 dies
3684 1288 3818 1333 salutis

2268 1352 2337 1415 (‘2.
2359 1355 2479 1407 Cor.
2506 1355 2609 1418 6.);
2638 1355 2810 1407 modo
2839 1354 3586 1419 possunt-appropinquare
3611 1356 3736 1418 Deo,
3754 1359 3819 1419 qui

2267 1426 2487 1491 volunt,
2501 1428 2549 1478 si
2565 1427 2853 1491 prmterita
2864 1425 3017 1478 mala
3031 1425 3242 1487 punian
3250 1425 3344 1491 t,si
3357 1437 3550 1477 mores
3567 1426 3819 1489 corrigunt.

2270 1498 2317 1548 si
2340 1487 2527 1550 sobrie
2543 1487 2765 1561 etjuste
2782 1498 3000 1550 vivant.
3016 1497 3132 1547 Erit
3146 1487 3521 1560 postmodum
3539 1487 3752 1563 tempus
3760 1500 3819 1562 ju-

2268 1569 2422 1633 dicii,
2441 1574 2550 1622 tem
2561 1583 2669 1635 pus
2688 1570 2956 1622 vindicta:
2977 1584 2990 1621 :
3004 1581 3119 1633 quo
3128 1569 3246 1632 jam
3260 1581 3377 1619 non
3388 1572 3819 1630 appropinqunbunt

2269 1643 2366 1707 qui
2378 1642 2549 1694 modo
2565 1642 3021 1706 appropinquare
3037 1643 3437 1692 contemnunt.
3452 1642 3576 1691 Hoc
3590 1645 3691 1701 est,
3705 1642 3815 1705 quod

2270 1715 2395 1773 subj
2404 1714 2584 1778 ungit.
2599 1714 2962 1763 Verumtamen
2975 1714 3035 1763 in
3053 1712 3257 1762 diluvio
3271 1727 3553 1775 aquarum
3566 1712 3815 1761 multarum

2267 1787 2341 1836 ad
2362 1802 2484 1835 eum
2508 1801 2621 1835 non
2645 1785 3131 1850 approximabunt.
3146 1785 3318 1836 Recte
3336 1796 3436 1847 per
3450 1783 3734 1846 diluvium,
3750 1785 3815 1834 Del

565 1856 757 1946 tacuit,
781 1855 1176 1946 vindicantem
1200 1854 1913 1946 DomiuiJmanum'sensit,
1940 1854 2167 1946 dicens,
2189 1872 2244 1946 B
2261 1858 2895 1946 judiciumde‘signatur
2910 1873 2923 1907 :
2938 1856 3072 1946 quia
3091 1857 3242 1946 sicut
3257 1855 3490 1946 priusin
3506 1858 3709 1946 diluvio,
3722 1858 3815 1903 italu

625 1927 678 1981 4.
716 1926 990 1986 Quoniam
1011 1926 1097 1976 die
1118 1942 1180 1976 ac
1207 1933 1373 1990 nocte,
1399 1926 1563 1987 idest,
1588 1925 1824 1978 assidue
1847 1930 2074 1989 gravata
2096 1930 2167 1974 est

560 2012 722 2062 super
742 2013 825 2048 me
846 2013 1047 2047 manus
1069 2003 1180 2047 tua.
1208 1998 1387 2062 Super
1422 1997 1587 2049 illum
1610 1998 1892 2048 Dominus
1925 2009 2162 2048 manum

562 2073 778 2132 gravat,
806 2082 980 2133 quem
1004 2069 1361 2122 exaltantetn
1379 2082 1440 2120 se
1467 2067 1733 2120 humiliat
1756 2068 2035 2132 (Luc.i8.).
2055 2068 2164 2130 Qui

564 2156 598 2192 a
612 2141 974 2194 confessione
990 2141 1330 2193 humilitatis
1350 2154 1473 2193 sum
1485 2141 1671 2192 noluit
1687 2139 2165 2204 humiliari,humi-

561 2212 735 2265 liatus
759 2218 851 2265 est
872 2213 1124 2278 pondere
1146 2226 1356 2265 manus
1380 2214 1498 2264 Dei.
1519 2216 1589 2265 Et
1604 2213 1733 2265 ideo
1756 2212 1953 2264 subdit
1978 2228 1990 2264 :
2016 2213 2162 2262 Con-

563 2298 877 2334 versussum
900 2285 961 2333 in
984 2299 1235 2334 aerumna
1256 2300 1396 2346 mea,
1410 2284 1469 2335 id
1488 2288 1596 2347 est,
1614 2284 1677 2335 in
1700 2283 2162 2336 consideratione

560 2367 706 2407 meae
727 2355 995 2418 miserim,
1022 2356 1166 2406 Dum
1190 2356 1485 2419 configitur
1504 2356 1687 2419 spina.
1714 2356 1867 2407 Dum
1893 2368 2164 2420 compun-

558 2427 713 2491 gitur
728 2429 1096 2481 conscientia.
1119 2430 1223 2481 Per
1234 2428 1531 2481 ferientem
1546 2440 1783 2480 manum
1796 2428 2025 2480 Domini
2038 2440 2164 2480 sen-

560 2499 640 2551 sit
669 2512 843 2563 super
884 2512 947 2552 se
984 2500 1213 2565 pondus
1257 2500 1489 2564 ﬂagelli,
1528 2500 1713 2552 sensit
1749 2500 1900 2551 intra
1923 2512 1985 2552 se
2004 2511 2163 2551 com-

561 2570 928 2634 punctionem
946 2570 1183 2635 peccati.
1214 2572 1397 2623 Datus
1418 2576 1508 2622 est
1531 2571 1583 2622 ei
1609 2583 1821 2622 sensus
1846 2569 2079 2632 doloris,
2103 2574 2163 2622 et

560 2640 641 2691 sic
664 2641 884 2693 invenit
908 2654 1076 2694 suam
1092 2642 1505 2704 inﬁrmitatem,
1530 2643 1631 2706 qui
1657 2648 1916 2696 tacuerat
1941 2643 2157 2695 confes-

561 2711 800 2764 sionem.
826 2713 990 2767 Unde
1018 2714 1281 2779 protinus
1305 2714 1382 2765 ait
1414 2730 1427 2764 :

621 2782 672 2838 5.
697 2785 963 2835 Detictum
988 2801 1170 2836 meum
1192 2786 1468 2849 cognitum
1495 2786 1589 2835 tibi
1610 2785 1731 2849 feci,
1756 2791 1802 2836 et
1825 2787 1882 2835 in
1883 2786 2161 2850 justitiam

562 2870 736 2906 meam
756 2871 868 2907 non
893 2857 1278 2909 abscondi.Per
1300 2857 1575 2910 delictum
1592 2859 1785 2923 potest
1805 2860 2023 2919 intelligi
2038 2873 2158 2918 pec-

559 2933 752 2980 catum
773 2928 1155 2994 cogitationis.
1175 2931 1280 2982 Per
1303 2929 1982 2994 injustitiam,peccatum
1995 2934 2160 2991 operis

562 3000 662 3052 Vel
685 2999 962 3053 delictum
976 3008 1085 3063 est,
1099 3015 1229 3053 cum
1249 3002 1591 3053 mandatum
1604 3002 1708 3054 Dei
1718 3004 2059 3064 relinquimus
2084 3006 2161 3053 in-

559 3072 780 3133 justitia
799 3085 951 3135 vero,
970 3074 1282 3139 quodipsa,
1297 3086 1431 3137 quae
1448 3078 1734 3139 praecepta
1748 3075 1851 3126 Dei
1872 3076 2157 3138 prohibent,

555 3156 721 3207 opere
746 3149 1160 3209 perpetramus.
1188 3146 1510 3210 Utrumque
1538 3146 1647 3196 hoc
1671 3151 1972 3209 peccatum
1999 3147 2158 3210 prius

558 3213 668 3266 iste
697 3216 980 3278 paenitens
995 3216 1240 3268 reticuit.
1261 3216 1445 3280 Unde,
1472 3221 1529 3268 et
1544 3217 1937 3269 vindicantem
1958 3218 2157 3268 Domini

561 3297 799 3338 manum
820 3286 1003 3338 sensit
1023 3290 1105 3339 :et
1123 3287 1205 3338 sic
1220 3287 1545 3350 ﬁagellatus
1561 3292 1617 3339 et
1641 3288 1920 3350 eruditus,
1934 3288 2001 3340 ad
2022 3301 2161 3340 con-

561 3356 870 3408 fessionem
893 3362 950 3409 et
973 3358 1439 3410 emendationem
1475 3358 1711 3410 humilis
1745 3360 1924 3412 venit.
1949 3361 2164 3424 Piaque

560 3427 789 3479 Domini
802 3427 1228 3492 dispensatione
1244 3429 1463 3481 factum
1479 3431 1591 3491 est,
1611 3434 1673 3481 ut
1687 3430 1841 3494 quod
1855 3444 2026 3495 paena
2041 3445 2165 3496 pec-

558 3499 670 3551 cati
689 3498 889 3559 extitit,
914 3501 1027 3550 hoc
1043 3500 1234 3563 ipsum
1261 3500 1490 3552 virtutis
1507 3501 1734 3552 occasio
1755 3501 1937 3555 fuerit.
1955 3505 2093 3551 Unde
2117 3510 2165 3553 et

559 3570 638 3622 ait
663 3584 675 3620 :
702 3569 853 3631 Dixi,
886 3570 1178 3633 confitebor
1201 3571 1489 3621 adversum
1522 3586 1606 3621 me
1630 3572 1963 3637 injustitiam
1984 3589 2165 3625 meam

561 3641 828 3692 Domino:
853 3646 899 3691 et
924 3647 980 3692 tu
1009 3642 1265 3691 remisisti
1289 3642 1623 3707 impietatem
1643 3646 1843 3709 peccati
1866 3646 1989 3698 mei.
2019 3646 2164 3700 Vide

561 3724 738 3774 quam
772 3710 944 3765 velox
982 3712 1058 3764 sit
1077 3713 1180 3765 Dei
1203 3713 1601 3766 misericordia
1623 3729 1760 3780 erga
1782 3721 2159 3781 peccatorem.

561 3782 864 3848 Proposuit
889 3795 951 3835 se
974 3785 1511 3848 pronunciaturum,
1530 3785 1688 3838 etille
1695 3787 1818 3851 jam
1834 3790 2042 3839 dimisit.
2060 3791 2164 3837 Vox

562 3855 821 3907 nondum
862 3859 1097 3907 venerat
1134 3856 1194 3908 in
1222 3869 1338 3922 ore,
1365 3858 1463 3909 sed
1502 3858 1660 3909 auris
1686 3860 1785 3910 Dei
1806 3860 1927 3924 jam
1950 3864 2072 3911 erat
2104 3859 2163 3910 in

561 3925 748 3978 corde.
758 3927 1071 3991 Postquam
1082 3932 1277 3980 autem
1290 3928 1454 3992 dixit,
1463 3929 2018 3994 Confitcbormonfsine
2028 3946 2165 3980 caus-

566 4010 631 4049 sa
645 4010 781 4050 mox
798 3998 1036 4062 addidit,
1055 4000 1341 4049 adversum
1364 4015 1465 4052 me.
1484 4002 1645 4052 Multi
1670 4002 1824 4052 enim
1839 4002 1945 4067 (Ea:
1958 4002 2167 4066 Augus-

565 4070 701 4135 tino,
725 4069 930 4119 Enarr.
944 4068 1015 4133 2.)
1036 4072 1411 4135 pronuntiant
1427 4072 1780 4137 impietatem
1794 4076 2068 4134 suam,sed
2084 4076 2167 4123 ad-

568 4153 769 4192 versus
791 4140 983 4205 ipsum
996 4144 1308 4195 Dominum
1328 4159 1340 4195 :
1359 4143 1589 4207 quando
1602 4143 2044 4196 inveniunturin
2058 4160 2167 4209 pec-

566 4211 728 4274 catis,
754 4210 971 4272 dicunt,
990 4213 1146 4264 Deus
1170 4213 1281 4265 hoc
1309 4213 1513 4265 voluit.
1534 4215 1589 4265 Si
1614 4215 1773 4267 enim
1802 4215 1974 4267 homo
1992 4216 2164 4280 dicat,

568 4283 696 4335 Non
712 4281 849 4334 feci:
873 4286 989 4346 aut,
1017 4285 1139 4336 Hoc
1156 4284 1369 4337 factum
1392 4285 1547 4349 quod
1566 4286 1785 4350 arguis,
1802 4300 1921 4339 non
1936 4293 2027 4340 est
2040 4302 2164 4353 pec-

568 4357 792 4405 catum:
810 4365 927 4405 non
950 4356 1299 4419 pronunciat
1322 4369 1430 4408 nec
1445 4357 1729 4411 adversus
1748 4371 1831 4423 se,
1848 4372 1955 4412 nec
1971 4361 2166 4413 adver-

569 4436 670 4477 sus
694 4425 1023 4478 Dominum.
1044 4427 1100 4478 Si
1124 4432 1319 4479 autem
1345 4427 1517 4490 dicat,
1541 4429 1675 4482 Feci
1703 4440 1721 4460 ·
1740 4443 1994 4495 prorsus,
2030 4446 2166 4497 pec-

568 4500 763 4549 catum
784 4502 892 4569 est,
917 4498 1022 4551 sed
1044 4500 1201 4551 Deus
1224 4499 1335 4553 hoc
1359 4500 1554 4563 voluit,
1573 4502 1729 4565 quod
1754 4516 1862 4566 ego
1884 4503 2008 4565 feci,
2035 4517 2163 4569 pro-

569 4569 801 4620 nuntiat
814 4567 1094 4622 adversus
1118 4572 1443 4624 Dominum.
1464 4573 1743 4626 Multihoc
1754 4573 1970 4625 dicunt.
1988 4567 2167 4625 Dicunt

569 4644 627 4691 et
654 4638 830 4703 aliud,
854 4641 1059 4693 Fatum
1085 4643 1226 4693 mihi
1251 4642 1399 4702 fecit,
1429 4646 1611 4696 Casus
1639 4644 1781 4695 mihi
1805 4646 1953 4698 fecit.
1998 4650 2066 4699 Et
2088 4648 2168 4699 ita

572 4721 669 4774 per
690 4710 995 4763 circuitum
1016 4712 1217 4765 volunt
1240 4714 1439 4766 venire
1461 4715 1534 4766 ad
1551 4716 1947 4769 accusandum
1964 4720 2164 4771 Deum.

571 4778 740 4854 Tollit
763 4793 898 4854 ergo
913 4786 1203 4845 paenitens
1226 4784 1335 4836 iste
1350 4785 1495 4836 tales
1511 4788 1844 4840 occasiones
1859 4789 1916 4840 in
1934 4794 2170 4854 peccatis,

571 4862 645 4901 ne
662 4850 907 4901 declinet
922 4865 1020 4904 cor
1036 4855 1282 4905 suumin
1303 4856 1481 4907 verba
1504 4856 1756 4919 malitiae,
1782 4864 1839 4912 et
1864 4850 2173 4915 conﬁtetur

572 4921 881 4973 adversum
899 4936 961 4976 se
982 4923 1002 4992 |
1017 4923 1130 4992 38
1151 4926 1227 4989 inj
1238 4926 1492 4979 ustitiam
1506 4941 1673 4981 suam
1688 4932 2085 4989 Domino.Quid
2100 4939 2170 4982 est

572 4993 884 5068 adversum
899 5000 999 5068 se?
1015 5002 1311 5050 Accusans
1328 5003 1386 5051 et
1402 5000 1703 5065 increpans
1719 5006 2114 5068 semetipsum,
2127 5014 2174 5055 et

571 5076 690 5117 non
702 5064 1099 5120 alium.Talem
1111 5069 1527 5124 confessionem
1542 5064 1805 5137 Sequitur
1821 5064 1987 5127 velox
2003 5064 2174 5125 remis-

575 5136 676 5211 sio.
702 5137 836 5189 Ideo
860 5138 956 5211 ait,
994 5140 1063 5190 Ει
1088 5146 1145 5190 tu
1172 5141 1426 5192 remisisti
1447 5136 1790 5210 (impietatem
1824 5148 2025 5211 peccati
2048 5148 2169 5197 mei.

573 5209 643 5260 Et
664 5209 1009 5275 notandum,
1031 5212 1183 5275 quod
1200 5225 1318 5266 non
1342 5216 1422 5267 ait
1446 5209 1769 5280 peccatum,
1789 5209 1890 5268 sed
1910 5218 2172 5282 impieta-

575 5283 691 5354 tem
716 5282 953 5345 peccati.
972 5284 1114 5336 Cum
1126 5286 1277 5338 enim
1291 5288 1520 5352 agimus
1531 5289 1770 5352 malum,
1789 5288 1879 5340 vel
1898 5292 2169 5354 loquimur,

574 5353 664 5405 vel
688 5353 1030 5421 cogitamus,
1068 5360 1369 5422 peccatum
1407 5358 1643 5421 quidem
1664 5364 1772 5410 est.
1807 5362 1950 5413 Cum
1973 5367 2171 5414 autem

572 5422 827 5487 idipsum
850 5426 967 5479 Deo
999 5429 1353 5481 abscondere
1377 5430 1667 5495 volumus,
1688 5431 1811 5495 jam
1835 5444 1955 5485 non
1978 5433 2165 5486 solum

570 5500 869 5559 peccatum
885 5504 991 5565 est,
1011 5501 1113 5552 sed
1129 5500 1301 5551 etiam
1318 5500 1584 5565 impietas
1600 5504 1829 5564 peccati.
1846 5507 1931 5557 Ex
1947 5505 2039 5557 his
2051 5523 2166 5568 ergo

569 5568 753 5619 verbis
769 5572 1037 5632 ostendit,
1053 5570 1207 5633 quod
1226 5584 1297 5622 ex
1315 5571 1440 5636 hoc,
1460 5574 1613 5635 quod
1636 5576 1893 5630 conﬁteri
1909 5586 2163 5639 peceatum

569 5650 742 5716 suum
758 5640 1075 5716 disposuit,
1089 5655 1206 5716 non
1218 5642 1406 5695 solum
1428 5644 1479 5696 ei
1489 5646 1832 5716 (Deus,quod
1851 5653 1980 5698 male
1994 5655 2162 5716 gessit,

572 5708 672 5760 sed
697 5711 870 5762 etiam
893 5712 1047 5774 quod
1062 5713 1234 5778 impie
1250 5715 1644 5781 absconderat,
1658 5708 1893 5772 dimisit.
1914 5708 2165 5774 Licetaul

572 5783 688 5833 tem
708 5783 867 5834 Deus
883 5782 1137 5838 dimittat
1153 5790 1404 5852 peccata,
1422 5801 1497 5841 ex
1521 5802 1636 5856 quo
1652 5790 1825 5845 homo
1838 5795 1891 5841 in
1910 5796 2166 5845 voluntate

2188 3243 2237 3318 C

2267 1930 2552 1993 extremoj
2563 1928 2750 1980 udicio
2762 1931 3093 1992 peccatores
3105 1927 3559 1978 damnabuntur.
3579 1928 3744 1977 Nemo
3757 1941 3816 1973 au-

2266 2004 2382 2053 tem
2424 2001 2749 2057 arbitretur,
2793 2011 2923 2050 cum
2959 2002 3194 2062 repente
3223 1997 3355 2049 ﬁnis
3385 1997 3610 2049 venerit
3630 1997 3814 2049 sicutin

2252 2072 2469 2124 diebus
2495 2074 2629 2131 Noe,
2655 2084 2949 2123 remanere
2974 2069 3355 2122 confessionis
3377 2069 3593 2133 locum,
3618 2081 3712 2132 pro
3733 2079 3817 2131 qua

2263 2144 2677 2208 propinquetur
2695 2142 2770 2194 ad
2793 2144 2992 2193 Deum.
3006 2141 3175 2193 Modo
3195 2154 3312 2192 non
3327 2140 3556 2193 videtur
3569 2139 3816 2196 Dominus,

2265 2221 2321 2267 et
2362 2228 2536 2279 prope
2572 2219 2679 2267 est.
2720 2216 2884 2266 Tunc
2919 2219 3113 2266 autem
3148 2213 3453 2273 videbitur,
3481 2217 3541 2264 et
3553 2213 3667 2278 jam
3686 2224 3813 2276 prope

2262 2300 2380 2339 non
2403 2288 2527 2340 erit.
2556 2285 2716 2338 Multi
2738 2287 2952 2338 ﬁuctus
2979 2285 3327 2337 diluviorum
3357 2284 3533 2336 corda
3547 2294 3817 2336 commove-

2264 2360 2411 2411 bunt
2434 2371 2765 2423 pravorum,
2789 2370 2937 2421 quos
2960 2357 3039 2409 illi
3066 2357 3297 2409 sensuri
3319 2369 3438 2408 non
3455 2361 3612 2420 sunt,
3630 2355 3813 2419 quimo-

2263 2431 2336 2483 do
2365 2431 2435 2482 ad
2464 2433 2691 2494 portum
2721 2430 2937 2482 divinae
2958 2428 3677 2493 misericordimrefugiunt.
3693 2425 3811 2488 Quod

2261 2502 2395 2555 fecit
2417 2502 2527 2554 iste
2544 2502 2854 2566 paenitens,
2889 2501 2988 2565 qui
3020 2501 3103 2552 ait
3136 2517 3147 2549 :

2322 2574 2372 2628 7.
2418 2574 2493 2623 Tu
2524 2590 2577 2624 es
2599 2574 2879 2637 refugium
2908 2588 3106 2636 meum,
3147 2589 3182 2621 a
3212 2572 3577 2631 tribulatione,
3615 2584 3721 2634 qur
3741 2570 3815 2619 cir-

2260 2646 2530 2695 cumdedit
2545 2660 2647 2697 me.
2675 2644 2853 2697 Multa
2877 2650 2968 2697 est
2992 2642 3303 2705 tribulatio,
3335 2656 3472 2707 qua:
3489 2656 3596 2695 nos
3610 2641 3814 2703 undique

2261 2717 2599 2779 circumdat,
2613 2722 2759 2769 teste
2768 2716 3064 2780 Apostolo,
3083 2716 3181 2778 qui
3197 2716 3293 2775 ait,
3312 2716 3477 2768 Foris
3488 2716 3813 2780 pugnamus

2262 2788 2494 2840 timores
2519 2787 2589 2851 (2.
2618 2788 2740 2840 Cor.
2772 2787 2863 2851 7.).
2889 2790 2959 2840 Et
2981 2788 3039 2838 in
3055 2786 3165 2838 alio
3181 2786 3408 2851 psalmo
3421 2786 3646 2848 dicitur,
3663 2783 3810 2835 Multa

2261 2859 2960 2923 tribulationesjustorum
2987 2857 3150 2920 (Psal.
3177 2856 3306 2918 33.).
3321 2858 3582 2922 Denique
3597 2860 3705 2907 tota
3729 2855 3809 2903 vita

2259 2930 2371 2982 ista
2391 2930 2647 2983 mortalis
2668 2931 2853 2983 servis
2889 2931 2987 2983 Dei
3026 2930 3318 2983 tribulatio
3342 2934 3433 2982 est
3461 2927 3591 2994 (Job.
3621 2927 3701 2992 7.).
3733 2924 3807 2976 Sed

2258 3002 2331 3054 ab
2359 3002 2466 3054 hac
2491 3001 2874 3062 tribulatione,
2888 3014 3005 3063 qua
3027 3001 3487 3055 circumdaturin
3507 3000 3615 3051 hoc
3636 2995 3807 3050 mundo

2259 3086 2375 3125 non
2396 3073 2616 3125 invenit
2637 3074 2810 3126 homo
2833 3079 2951 3126 tam
2972 3078 3164 3128 tutum
3176 3073 3487 3137 refugium.
3507 3083 3670 3136 quam
3685 3073 3808 3130 ipsum

2257 3147 2465 3197 Deum.
2488 3145 2795 3207 Refugiant
2823 3146 2918 3199 alii
2945 3148 3016 3198 ad
3042 3146 3191 3198 vires
3229 3157 3384 3209 suas,
3410 3145 3486 3196 ad
3511 3142 3807 3196 munitiones

2261 3229 2418 3279 suas,
2434 3217 2506 3269 ad
2530 3217 2895 3270 defensiones
2916 3224 3278 3282 peccatorum
3304 3229 3561 3269 suorum.
3578 3214 3704 3266 Mihi
3727 3222 3809 3262 non

2262 3295 2354 3343 est
2393 3290 2697 3354 refugium,
2742 3290 2854 3341 nisi
2879 3294 2961 3354 tu,
2987 3290 3086 3354 qui
3122 3303 3185 3341 es
3212 3289 3385 3343 etiam
3409 3287 3682 3339 Exultatio
3709 3296 3808 3331 meo.

2262 3361 2405 3422 Quia
2427 3360 2499 3411 de
2524 3365 2578 3412 te
2594 3359 2910 3424 gaudeo.Et
2930 3361 3128 3419 ideo,E
3132 3376 3227 3409 rue
3248 3375 3328 3409 me
3345 3376 3380 3409 a
3402 3354 3810 3411 circumdantibus

2264 3447 2375 3481 me:
2402 3431 2654 3483 Inimicis
2675 3436 2733 3484 et
2757 3432 2934 3484 vitiis.
2966 3432 3155 3485 Audio
3173 3444 3373 3485 vocem
3396 3430 3612 3497 gaudii,
3636 3424 3812 3478 Exuit»

2264 3504 2336 3553 tio
2360 3518 2497 3553 mea.
2524 3503 2715 3556 Audio
2737 3504 3036 3568 gemitum,
3062 3504 3265 3553 redime
3289 3519 3389 3555 me.
3417 3502 3643 3555 Gaudes
3670 3504 3721 3551 et
3740 3508 3810 3560 ge-

2264 3576 2411 3627 mis?
2434 3575 2530 3640 ita,
2561 3575 2764 3638 inquit.
2804 3575 3037 3628 Gaudeo
3062 3574 3124 3627 1n
3147 3588 3267 3640 spe,
3285 3588 3458 3640 gemo
3490 3574 3673 3627 adhuc
3693 3572 3742 3622 in
3758 3578 3809 3618 re.

2264 3647 2374 3711 Spe
2402 3645 2558 3699 enim
2578 3646 2722 3698 salvi
2742 3645 2875 3698 facti
2902 3659 3109 3698 sumus
3134 3648 3299 3710 (Rom.
3328 3646 3397 3710 8.)
3425 3659 3559 3698 ecce
3571 3642 3707 3696 unde
3717 3649 3812 3703 gau-

2264 3717 2443 3770 dium.
2457 3720 2597 3792 Spe_s
2621 3724 2981 3792 autem,qum
3012 3718 3257 3781 videtur,
3274 3731 3391 3769 non
3405 3724 3500 3770 est
3514 3728 3660 3792 spes.
3678 3714 3810 3792 Stal?

2264 3795 2399 3853 tem,
2426 3790 2580 3855 quod
2614 3803 2731 3842 non
2761 3791 3048 3857 videmus,
3070 3803 3371 3856 speramus
3391 3808 3401 3839 :
3420 3803 3523 3855 per
3536 3788 3811 3856 patientiam

2265 3864 2665 3932 expectamus(
2680 3862 2855 3925 Ibid.)
2876 3864 3019 3913 Ecce
3032 3862 3302 3926 gemitus.
3317 3861 3450 3915 Ideo
3468 3863 3568 3921 ait,
3592 3859 3722 3909 Erue
3741 3865 3812 3932 ut:

2353 3921 2502 4002 I39
2527 3933 2578 3988 8.
2604 3921 2945 3998 Diapsatma.
2969 3921 3285 3998 Re—sponsio
3302 3932 3731 4002 DeiJnteltectum
3747 3921 3811 4002 tibi

2248 3990 2502 4057 ’ἀοιδοῗυῖ
2523 3990 2839 4069 cognoscas
2851 4010 2906 4057 te
2928 3990 3171 4070 semper,
3187 4010 3246 4057 et
3270 4018 3496 4069 semper
3511 4001 3744 4070 gaudeas
3762 3990 3810 4044 ad

2264 4079 2447 4129 Deum
2469 4078 2530 4129 in
2546 4068 2665 4142 spe,
2687 4077 2868 4128 donec
2886 4068 3167 4141 (EacAug.,
3185 4076 3333 4141 ibid.)
3357 4068 3429 4129 ad
3453 4068 3607 4128 illam
3622 4068 3811 4138 patriam

2264 4149 2565 4214 pervenias
2580 4166 2591 4198 :
2607 4149 2703 4200 ubi
2715 4149 2837 4213 jam
2848 4161 2964 4200 non
2980 4162 3132 4214 spes,
3147 4149 3249 4201 sed
3261 4162 3352 4201 res
3374 4148 3571 4201 erit.Et
3587 4147 3809 4215 instruat“

2265 4227 2309 4270 te
2338 4240 2350 4280 ;
2376 4222 2566 4273 Armis
2585 4221 2829 4284 justitiee
2854 4220 2924 4283 (1.
2954 4221 3073 4272 Car.
3095 4221 3187 4286 3.),
3223 4220 3483 4293 scientia,
3502 4217 3661 4272 bonis
3692 4221 3811 4264 morr

2266 4294 2374 4343 bus
2398 4298 2457 4345 et
2479 4293 2821 4353 virtutibus;
2847 4297 2904 4345 et
2926 4294 2989 4343 In
3011 4294 3103 4343 via
3129 4295 3248 4353 hac,
3271 4294 3571 4353 virtutum,
3598 4303 3696 4354 qua
3716 4296 3809 4358 9"?

2266 4365 2429 4415 dieris
2450 4364 2679 4430 ﬁrmabo
2702 4379 2863 4428 super
2886 4370 2929 4414 te
2953 4365 3131 4415 oculos
3162 4379 3321 4416 meos.
3349 4365 3533 4429 Super
3562 4372 3664 4414 nos
3683 4358 3735 4409 in
3756 4360 3814 4403 εἵιό

2264 4442 2461 4489 nostra
2476 4436 2757 4509 Dominus
2776 4435 2974 4509 oculos
2998 4436 3206 4500 ﬁrmat,
3244 4435 3815 4509 cumprofectumpofj

2269 4514 2417 4561 trum
2444 4521 2546 4573 Per
2566 4508 2719 4561 Viam
2746 4508 3025 4560 virtutum
3047 4494 3491 4560 misericorditer
3515 4499 3754 4559 attendit.
3770 4494 3815 4544 Et

2266 4594 2373 4633 nos
2395 4582 2457 4633 in
2478 4580 2679 4633 eodem
2700 4580 2904 4632 itinere
2925 4586 3361 4645 perseveranter
3382 4577 3645 4631 custodit.
3665 4573 3814 4645 Neque

2274 4652 2429 4703 enim
2464 4651 2760 4705 sufﬁceret
2788 4636 3143 4705 intellectum
3170 4652 3322 4717 dare,
3362 4655 3419 4703 et
3441 4652 3585 4702 bene
3612 4636 3812 4717 viventi?

2273 4723 2579 4775 infamare
2599 4740 2611 4781 ;
2628 4723 2741 4775 nisi
2757 4727 2815 4774 et
2836 4723 2895 4773 in
2907 4723 2997 4774 his
3013 4736 3121 4775 nos
3137 4711 3348 4777 faceret
3363 4728 3699 4787 permanere.
3716 4711 3814 4787 P05}

2269 4793 2427 4847 hunc
2460 4793 2817 4847 intellectum
2849 4798 2908 4846 et
2948 4782 3562 4859 profectionem'suam
3585 4782 3813 4859 convertit

2270 4879 2328 4918 se
2355 4866 2428 4918 ad
2452 4867 2732 4932 superbos
2766 4858 3143 4918 defendentes
3170 4871 3405 4931 peccata
3434 4876 3558 4930 sua,
3588 4866 3644 4915 et
3664 4858 3810 4910 osten-

2270 4937 2355 4990 dit
2375 4938 2561 4998 nobis,
2588 4937 2724 5002 quid
2744 4937 2820 4987 sit
2847 4938 3196 4989 intellectus.

2332 5008 2398 5080 9.7
2415 4995 2759 5080 rNotiti/‘ieri
2781 5008 2917 5058 sicut
2949 5024 3117 5072 equus
3148 5014 3193 5057 et
3219 5008 3415 5080 mutus,
3441 5006 3630 5080 quibus
3645 5012 3738 5080 non
3757 4995 3810 5080 ff!

2271 5079 2576 5129 intellectus.
2602 5080 2801 5143 Equus
2824 5081 3106 5143 superbos
3122 5079 3434 5143 signiﬁcat,
3452 5075 3808 5143 etluxuriosos

2273 5153 2327 5202 M
2335 5150 2464 5203 ulus
2476 5165 2546 5202 au
2554 5142 2877 5215 tem’pigros
2890 5142 2948 5202 et
2959 5142 3338 5203 infmcundos.
3356 5150 3520 5202 Tales
3540 5148 3669 5199 sunt
3679 5142 3809 5219 liti-ml:

2270 5235 2377 5274 nes
2401 5222 2575 5286 hujus
2600 5210 2779 5275 seculi
2802 5239 2814 5275 :
2841 5223 2901 5275 in
2917 5222 3166 5276 elatione
3191 5236 3251 5275 se
3275 5223 3521 5288 erigunt,
3545 5210 3809 5288 carnalibl}S

2252 5276 2674 5347 voluntatibus
2692 5295 3046 5348 deserviunt:
3065 5294 3291 5347 nullum
3305 5276 3518 5347 animae
3528 5292 3749 5344 fructum
3760 5276 3809 5348 Ῑίέ·

2272 5346 2447 5418 ciunt.
2464 5346 2545 5419 Et
2561 5366 2700 5419 dum
2718 5346 2855 5419 solis
2882 5346 3129 5419 terrenis
3138 5346 3449 5429 inhaerent,
3467 5358 3749 5417 bestialiter
3758 5346 3809 5427 vi

2268 5442 2469 5490 ventes
2503 5439 2652 5491 sicut
2668 5451 2853 5503 equus
2868 5444 2925 5491 et
2947 5440 3163 5501 mulus,
3183 5438 3537 5491 intellectum
3553 5434 3620 5486 de
3641 5429 3805 5503 οωῐοξείν

2272 5509 2382 5561 bus
2398 5523 2513 5562 non
2524 5498 2754 5561 habent.
2764 5510 3017 5573 Qualiter
3032 5498 3314 5563 tractandi
3326 5515 3465 5562 sunt
3476 5498 3807 5578 tales,98(l}1i“‘_’

2266 5584 2323 5631 et
2344 5581 2570 5645 dicit,ln
2590 5582 2783 5631 chamo
2812 5588 2858 5630 et
2876 5583 3033 5645 freno
3057 5582 3317 5632 maxillas
3331 5596 3515 5632 eorum
3537 5576 3802 5645 constrinl‘lff

2270 5654 2365 5717 qui
2383 5633 2499 5703 ηογί
2518 5633 2914 5718 approximarit
2931 5654 3003 5704 ad
3027 5660 3088 5705 te.
3114 5655 3283 5706 Duris
3298 5654 3606 5719 disciplina“.
3618 5633 3803 5723 ὐνφεὶξῙξδ

2268 5723 2482 5777 debent
2501 5717 2764 5791 coerceri,
2784 5726 2997 5779 crebris
3018 5727 3357 5779 verberibus
3376 5717 3473 5777 ora
3484 5717 3803 5791 jactanliafe“

2265 5797 2434 5862 primi
2461 5811 2474 5849 :
2502 5777 2650 5863 quia
2661 5777 2842 5863 prave
2858 5777 3222 5854 vetindomite
3238 5777 3469 5862 rvivunt,
3484 5777 3735 5850 'emenate
3752 5777 3804 5829 λθ

640 5928 657 5951 ι
689 5922 868 5976 Recta
888 5931 1237 5988 punctorum
1257 5929 1676 5989 instauratione
1696 5934 1889 5990 locum
1910 5948 1984 5992 ex
2006 5939 2336 6004 Augustino
2364 5942 2743 5997 restituimus.
