3890 6428
167 392 282 448 757

1184 392 1260 445 IN
1292 390 1613 446 PSALMOS
1644 391 1853 447 LXXV
1872 392 2454 451 COMMENTARIUS.

3366 404 3473 463 758

162 516 452 589 quuntur,
477 510 619 589 dum
641 509 888 589 fugiunt,
912 509 972 589 in
993 512 1518 589 mortemcurrunt.
1541 511 1626 589 De
1650 508 1771 563 tali-
1784 514 1843 589 Α
1869 510 2134 589 abundet
2141 512 2243 589 tibi
2263 516 2555 589 terrenum
2566 512 2801 589 aliquid,
2816 516 2935 589 sive
2945 517 3125 572 desit:
3143 520 3359 585 gratias
3373 538 3467 584 age

161 584 284 637 bus
328 595 450 635 non
487 587 579 635 est
609 583 841 642 mirum,
880 581 930 632 si
951 580 1212 633 adhibito
1234 580 1397 634 freno
1413 580 1643 647 ﬂagella
1676 594 1764 634 se-

160 658 447 719 quuntur.
474 653 636 707 Unde
660 652 929 704 subditur
954 669 965 701 :

232 726 322 782 10.
350 726 520 777 Multa
530 725 740 789 ﬂagella
753 723 1421 789 peccatoris.1ndomitum
1436 723 1649 776 animal
1662 725 1770 788 (Ea:

160 798 498 863 Augustino,
534 796 686 860 ibid.)
723 808 853 849 esse
881 796 1185 860 cupiebat:
1223 796 1491 848 domatur
1521 796 1683 848 freno
1711 802 1769 849 et

161 869 412 931 ﬂagello.
439 871 630 931 Atque
660 867 887 919 utinam
908 866 1291 931 perdometur.
1330 867 1656 919 Verendum
1680 872 1769 919 est

160 942 347 1004 enim,
369 953 443 993 ne
467 940 710 992 nimium
727 938 1051 991 resistendo
1070 948 1087 968 ·
1106 940 1223 990 Deo
1236 939 1769 999 dominatori,relin-

160 1013 270 1076 qui
290 1016 591 1076 mereatur,
608 1013 666 1062 et
680 1011 761 1063 ire
786 1011 844 1061 in
863 1022 1072 1073 vagam
1093 1022 1259 1061 suam
1274 1009 1566 1062 licentiam
1582 1028 1593 1059 :
1608 1015 1674 1062 ut
1689 1010 1769 1062 di-

156 1089 336 1136 catur
362 1084 435 1135 de
465 1082 582 1147 illo,
614 1082 842 1133 Prodiet
862 1081 1029 1145 quasi
1053 1094 1126 1133 ex
1153 1081 1318 1145 adipe
1340 1081 1617 1144 iniquitas
1638 1082 1767 1146 ejus

156 1155 331 1219 (Psal.
358 1154 467 1217 72.)
494 1170 504 1201 :
528 1155 679 1205 sicut
694 1154 764 1205 de
788 1151 921 1211 illis.
946 1153 1161 1216 quibus
1177 1152 1351 1205 modo
1369 1156 1505 1204 sunt
1517 1155 1768 1213 impunita

152 1231 420 1291 peccata.
448 1229 593 1290 Ergo
611 1238 743 1275 cum
756 1224 1097 1288 ﬂagellatur,
1115 1224 1454 1289 corrigatur,
1469 1224 1763 1276 dometur:

156 1299 304 1363 quia
318 1302 377 1350 et
397 1298 490 1349 ille
509 1299 591 1348 sic
614 1310 677 1348 se
692 1297 840 1347 dixit
861 1296 1200 1350 edomitum.
1216 1298 1445 1359 Equum
1465 1300 1522 1347 et
1543 1295 1767 1349 mulum

154 1381 227 1421 se
249 1370 494 1432 dixerat,
519 1368 790 1433 quoniam
811 1368 1005 1420 tacuit.
1036 1368 1144 1420 Sed
1169 1368 1322 1420 unde
1347 1368 1602 1421 domitus
1631 1375 1721 1423 est
1742 1373 1768 1423 ‘i

152 1442 429 1507 ﬂagellis,
453 1452 769 1492 conversus
792 1441 853 1492 in
878 1452 1196 1493 arumnam
1222 1440 1362 1492 dum
1388 1442 1770 1506 configeretur

154 1514 349 1577 spina.
376 1513 510 1566 Sive
526 1511 753 1576 ﬂagella
769 1512 946 1574 dicas,
963 1512 1082 1564 sive
1099 1511 1368 1564 stimulos
1383 1512 1559 1577 dicas,
1573 1514 1771 1567 domat

151 1586 680 1648 Deusjumentum,
698 1584 792 1636 cui
810 1583 1059 1635 insideat
1077 1598 1090 1634 :
1123 1583 1259 1647 quia
1269 1585 1534 1648 jumento
1551 1590 1764 1649 expedit,

151 1660 226 1708 ut
250 1656 589 1720 insideatur,
606 1660 664 1707 et
685 1654 913 1720 ﬂagello
931 1655 1198 1706 dometur
1214 1667 1227 1699 ε
1245 1660 1535 1718 quatenus
1552 1659 1654 1709 Del
1669 1660 1771 1711 mi-

155 1728 536 1780 sericordiam
550 1726 1130 1791 consequatur.Unde
1147 1732 1204 1779 et
1216 1727 1484 1779 subditur
1502 1739 1525 1778 :'
1535 1729 1769 1794 Speran'

153 1805 265 1849 lem
288 1806 468 1850 autem
493 1801 554 1848 in
579 1800 812 1849 Domino
825 1799 1203 1849 misericordia
1217 1800 1587 1851 circumdabit.
1606 1805 1760 1861 Quem

1867 582 1969 644 illi,
1986 584 2085 648 qui
2102 583 2275 646 dedit,
2295 583 2388 637 vel
2402 584 2645 637 abstulit
2667 585 2800 651 (Job.
2819 587 2889 652 1.)
2910 603 2925 651 ;
2942 602 3059 643 non
3081 582 3174 645 est
3183 592 3339 645 enim
3362 582 3465 646 tibi

1866 653 2098 730 ablatus
2114 654 2207 730 ille
2232 655 2332 730 qud
2362 655 2543 721 dedit,
2569 658 2840 730 quamvis
2861 660 2965 712 tibi
2989 661 3245 716 ablatum
3273 663 3468 730 fuerit,

1868 725 2023 790 quod
2065 726 2241 779 dedit.
2285 728 2478 792 Tange
2522 740 2658 793 ergo
2681 729 2791 792 (Eae
2808 732 2923 782 eod.
2949 732 3102 797 ibid.)
3127 734 3375 788 chordas
3408 725 3468 789 in

1867 798 2066 871 corde;
2091 804 2150 851 et
2171 798 2263 851 dic
2288 804 2564 864 tanquam
2585 801 2646 853 in
2672 802 2912 864 cythara
2927 804 3208 871 inferiore,
3224 809 3468 858 Dominus

1868 869 2042 942 dedit,
2079 871 2358 922 Dominus
2387 871 2646 923 abstulit.
2687 873 2846 926 Sicut
2868 877 3113 929 Domino
3150 869 3365 942 placuit
3386 879 3466 931 ita

1868 940 2084 993 factum
2109 945 2196 994 est
2218 943 2351 1004 (Job.
2378 943 2467 1007 1.).
2489 944 2572 996 Sit
2594 958 2805 998 nomen
2820 948 3050 1000 Domini
3071 940 3463 1003 benedictum.

1864 1015 1896 1064 J
1900 1026 1993 1065 am
2020 1027 2156 1086 vero
2173 1027 2304 1066 cum
2328 1015 2580 1066 attendis
2599 1018 2890 1080 superiora
2904 1019 3057 1073 dona
3069 1021 3173 1073 Dei
3190 1021 3355 1086 :quid
3375 1024 3466 1072 tibi

1863 1085 2167 1137 contulerit
2184 1091 2621 1152 praceptorum,
2647 1101 2761 1152 qua
2781 1089 3041 1143 doctrina
3066 1085 3451 1145 C(Blestiteim-

1865 1157 2072 1219 buerit,
2106 1157 2243 1221 quid
2289 1157 2391 1209 tibi
2425 1158 2671 1223 desuper
2711 1172 2784 1212 ex
2808 1161 2962 1213 illius
2983 1164 3240 1217 veritatis
3264 1164 3421 1217 fonte
3443 1165 3465 1195 δ

1865 1240 1985 1292 pra
1998 1229 2222 1281 cateris
2239 1229 2481 1291 dederit,
2497 1236 2830 1284 convertere
2846 1236 2903 1284 et
2917 1233 2990 1285 ad
3004 1237 3293 1296 psalterium
3305 1238 3466 1297 psalle

1864 1301 2003 1364 Deo,
2024 1302 2084 1351 in
2105 1301 2374 1365 psalterio
2397 1302 2598 1354 decem
2627 1301 2994 1356 chordarum.
3017 1307 3309 1371 Praecpta
3325 1309 3463 1357 enim

1866 1372 2036 1436 Legis
2060 1372 2257 1426 decem
2280 1376 2436 1426 sunt.
2455 1375 2522 1425 In
2545 1373 2746 1427 decem
2770 1377 3076 1441 praceptis
3093 1378 3263 1440 Legis
3285 1378 3466 1431 habes

1866 1443 2218 1508 psalterium.
2243 1445 2494 1497 Perfecta
2515 1458 2607 1498 res
2629 1451 2723 1499 est
2744 1464 2755 1496 :
2782 1446 2963 1500 habes
2986 1449 3066 1501 ibi
3103 1449 3466 1503 dilectionem

1866 1517 1970 1569 Dei
1984 1517 2042 1568 in
2059 1517 2322 1578 tribus,et
2334 1517 2706 1571 dilectionem
2720 1520 2968 1584 proximi
2983 1521 3044 1572 in
3057 1525 3359 1586 septem.Et
3371 1524 3464 1572 uti-

1868 1600 1981 1651 que
2003 1589 2417 1641 nostiDomino
2440 1589 2683 1655 dicente,
2709 1591 2845 1655 quia
2862 1591 2922 1643 in
2949 1592 3042 1643 his
3065 1592 3294 1645 duobus
3316 1605 3466 1658 pra-

1869 1662 2049 1726 ceptis
2075 1666 2194 1713 tota
2211 1661 2307 1713 lex
2326 1662 2557 1726 pendet,
2572 1665 2628 1713 et
2638 1663 2933 1727 propheta
2948 1664 3155 1728 (Matth.
3172 1662 3299 1729 2%.).
3316 1665 3466 1717 Dicit

1869 1736 1971 1788 tibi
2004 1737 2160 1787 Deus
2195 1735 2461 1799 desuper,
2488 1734 2624 1798 quia
2658 1736 2940 1787 Dominus
2962 1738 3119 1788 Deus
3147 1741 3286 1788 tuus
3308 1738 3465 1788 Deus

1861 1819 2016 1857 unus
2040 1810 2147 1857 est.
2165 1806 2357 1857 Habes
2374 1817 2551 1856 unam
2576 1804 2872 1857 chordam.
2891 1807 3019 1858 Non
3029 1807 3276 1871 accipias
3287 1807 3348 1859 in
3362 1820 3464 1858 va-

147 1871 684 1965 p_rim2.circumdat
708 1868 1575 1965 tribulatio,prostcaacircumdat
1590 1875 1764 1965 mise-
1784 1891 1839 1965 B
1867 1876 2136 1965 n‘umJ4
2152 1875 2171 1944 |
2190 1888 2441 1965 “nomen
2464 1876 2717 1965 JDomini
2728 1877 2849 1965 LDei
2873 1878 2956 1928 tui
2985 1895 2996 1927 :
3024 1868 3464 1965 habesalteram

150 1943 409 1995 ricordia
432 1961 443 1992 :
470 1943 743 2007 quoniam
757 1942 1210 2015 misericordiam
1226 1942 1405 2015 dabit,
1420 1944 1518 2008 qui
1536 1951 1763 2011 propter
1785 1942 1839 1965 ”
1867 1950 2040 2001 chord
2048 1942 2169 2001 am:
2188 1949 2446 2001 Observa
2457 1948 2606 1999 diem
2621 1948 2862 2010 sabbati,
2880 1962 3003 2002 non
3019 1951 3340 2015 carnaliter,
3362 1966 3464 2001 non

156 2020 401 2080 peccata
421 2019 622 2066 nostra
637 2014 795 2078 juste
820 2014 1077 2066 tribulari
1104 2027 1214 2067 nos
1248 2014 1449 2067 voluit.
1493 2015 1626 2069 Ideo
1653 2019 1760 2070 ad-

147 2086 455 2139 monendo
484 2086 613 2151 subj
623 2086 788 2151 ungit
814 2103 825 2134 :

218 2158 309 2213 11.
350 2158 629 2209 Lalamini
652 2158 715 2206 in
753 2157 987 2207 Domino
1028 2164 1073 2208 el
1108 2157 1342 2207 cxultale
1370 2158 1528 2223 justi.
1573 2160 1760 2213 Lata-

146 2230 303 2282 mini
322 2230 494 2283 corde
510 2247 521 2278 :
548 2229 803 2282 exultate
828 2229 887 2280 in
909 2242 1158 2293 corpore,
1174 2242 1287 2282 non
1299 2229 1358 2280 in
1370 2231 1552 2294 vobis,
1569 2244 1688 2285 non
1701 2234 1760 2286 in

142 2302 378 2355 mundo
404 2318 416 2353 :
442 2314 561 2353 non
584 2301 788 2354 mundi
811 2306 1119 2361 amatores,
1144 2314 1263 2354 non
1287 2308 1632 2368 peccatores,
1654 2305 1757 2357 sed

135 2374 314 2439 justi.
336 2374 402 2423 Et
416 2373 739 2436 glariamini
755 2388 937 2423 omnes
952 2374 1084 2423 recti
1099 2375 1402 2427 corde.Non
1413 2378 1757 2436 estmagnum

141 2444 384 2511 gloriari
405 2445 467 2496 in
491 2444 737 2509 gaudiis.
762 2447 978 2497 Rectus
1004 2445 1174 2497 corde
1196 2445 1468 2510 gloriatur
1490 2449 1663 2501 etiam
1696 2451 1758 2502 in

141 2516 529 2570 tribulatione
552 2516 779 2580 (Philip.
806 2516 896 2578 4.).
922 2516 1067 2568 Vide
1092 2521 1315 2569 rectum
1339 2532 1453 2570 cor.
1478 2520 1753 2583 Scientes,

139 2589 365 2652 inquit,
391 2589 668 2652 quoniam
693 2587 986 2639 tribulatio
1010 2589 1344 2653 patientiam
1357 2596 1646 2656 operatur,
1659 2606 1759 2657 pa-

138 2660 357 2713 tientia
377 2659 792 2723 probationem,
813 2660 1072 2722 probatio
1090 2672 1271 2725 spem.
1285 2663 1426 2726 Spes
1442 2665 1639 2716 autem
1653 2679 1757 2715 non

137 2731 474 2790 confundit,
512 2732 650 2794 quia
685 2732 892 2783 caritas
924 2732 1027 2783 Dei
1057 2732 1266 2784 diii‘usa
1290 2736 1379 2785 est
1399 2735 1459 2787 in
1487 2736 1757 2789 cordibus

132 2803 366 2857 nostris
395 2816 493 2866 per
517 2803 798 2867 Spiritum
819 2803 1113 2867 Sanctum,
1154 2805 1255 2868 qui
1278 2805 1452 2858 datus
1477 2812 1566 2859 est
1588 2809 1755 2861 nobis

141 2876 326 2940 (Rom.
345 2873 443 2937 5.).
469 2875 616 2938 Ergo
641 2874 689 2925 si
708 2875 855 2938 justi
894 2887 1119 2937 sumus,
1145 2877 1193 2926 si
1216 2879 1437 2929 rectum
1461 2891 1559 2930 cor
1579 2879 1758 2933 habe-

139 2959 308 3011 mus,
343 2943 489 3014 |40
517 2945 784 2998 latemur
820 2946 994 2998 corde
1022 2946 1084 2997 in
1108 2948 1354 3000 Domino
1381 2964 1394 3001 :
1427 2950 1756 3004 exaltemus

140 3030 392 3084 corpore
418 3033 431 3068 :
456 3017 767 3083 gloriemur
794 3017 854 3068 in
884 3016 1272 3071 tribulatione.

422 3115 787 3180 TITULUS
829 3114 1153 3180 PSALMI
1195 3117 1484 3185 XXXII.

215 3243 287 3292 1η
308 3242 473 3306 ﬁnem
493 3240 737 3306 psalmus
769 3241 963 3306 David.
996 3244 1233 3291 Psalmus
1244 3246 1336 3292 iste
1352 3247 1585 3294 convenit
1600 3249 1756 3296 David

141 3304 431 3374 propheta.
450 3304 607 3374 Cujus
618 3305 826 3374 materia
849 3312 922 3353 est
938 3306 1171 3374 laus_Dei_,
1192 3308 1307 3374 sive
1315 3309 1557 3374 beneﬁcia
1571 3311 1751 3374 ipsius,

141 3368 262 3419 sive
298 3369 533 3429 potentia.
563 3369 806 3433 Admonet
839 3382 930 3415 nos
948 3368 1011 3414 ad
1047 3369 1248 3418 laudem
1289 3372 1394 3433 Dei,
1431 3368 1755 3433 proponendo

141 3441 353 3494 causas,
396 3444 552 3493 quare
585 3432 854 3496 debeamus
896 3444 1011 3479 eum
1056 3432 1276 3496 laudare.
1324 3432 1387 3481 Et
1410 3432 1529 3483 hac
1549 3441 1621 3485 est
1644 3438 1756 3496 ejus

139 3496 385 3560 intentio.
430 3496 486 3560 in
529 3495 918 3560 secundaparte
938 3495 1290 3560 ostenditillos
1313 3510 1420 3545 esse
1442 3498 1627 3559 beatos,
1665 3495 1754 3560 qui

137 3560 307 3608 Deum
332 3558 686 3605 laudaverunt.
724 3557 805 3604 Sic
828 3562 989 3606 autem
1017 3558 1196 3617 incipit
1220 3572 1234 3609 :

584 3640 995 3729 PSALMUS
1036 3664 1321 3730 XXXII.

209 3787 264 3843 1.
291 3786 549 3838 Exultate
570 3818 573 3821 η
588 3787 728 3852 justi
764 3788 824 3837 in
872 3789 1124 3841 Domino.
1155 3791 1365 3856 Injusti
1397 3793 1662 3848 exultant
1691 3796 1754 3849 in

140 3857 371 3914 seculo.
395 3858 586 3911 Finito
612 3858 824 3923 seculo,
844 3859 1042 3913 ﬁnitur
1066 3862 1417 3926 injustorum
1454 3866 1747 3920 exultatio.

138 3935 523 3985 Permanente
538 3931 806 3997 Domino,
820 3934 1175 3997 permanebit
1181 3935 1200 3997 j
1213 3939 1475 3987 ustorum
1488 3940 1749 3991 exultatio.

138 4008 215 4057 Et
237 4004 388 4056 bene
409 4002 555 4067 dico,
570 4007 635 4055 ut
650 4002 914 4056 exultent
932 4005 1078 4068 justi
1099 4005 1159 4056 in
1178 4006 1448 4059 Domino:
1468 4009 1619 4071 quia,
1633 4012 1752 4060 Rec-

152 4083 235 4127 tos
260 4076 398 4125 decet
415 4074 681 4128 laudatio.
707 4077 834 4128 Non
857 4080 947 4128 est
967 4079 1165 4129 autem
1182 4079 1441 4142 speciosa
1458 4078 1653 4132 lausin
1664 4098 1749 4132 ore

137 4146 484 4214 peccatoris.
515 4146 621 4208 Qui
646 4150 787 4198 sunt
809 4148 947 4199 recti
973 4148 1079 4212 (Ea:
1090 4149 1133 4198 A
1144 4149 1395 4213 ugustino
1411 4150 1617 4203 Enarr.
1633 4151 1705 4217 2.)
1722 4159 1745 4204 ?

136 4220 245 4285 qui
269 4218 528 4284 dirigunt
550 4230 647 4271 cor
674 4220 998 4272 secundum
1012 4221 1371 4274 voluntatem
1388 4224 1510 4286 Dei,
1527 4230 1585 4277 et
1603 4226 1651 4277 si
1667 4242 1749 4276 eos

136 4291 445 4358 perturbat
460 4291 717 4343 humana
731 4291 1027 4356 fragilitas,
1041 4293 1239 4346 divina
1253 4295 1584 4349 consolatur
1597 4301 1750 4361 semii-

135 4368 253 4416 tas.
278 4364 310 4415 J
318 4362 432 4414 usti
459 4367 618 4427 sunt,
633 4363 729 4427 qui
746 4375 844 4427 per
856 4363 1031 4415 fidem
1056 4368 1112 4416 et
1136 4366 1347 4417 bonam
1363 4368 1747 4432 operationem

137 4434 504 4489 deserviunt.
519 4435 680 4486 Recti
705 4439 864 4496 sunt,
879 4436 981 4499 qui
1004 4449 1110 4488 nec
1136 4436 1497 4491 extolluntur
1516 4440 1576 4492 in
1595 4453 1751 4505 pros-

136 4506 319 4572 peris,
344 4518 453 4558 nec
486 4506 836 4571 franguntur
874 4508 936 4559 in
958 4508 1216 4560 adversis
1245 4523 1258 4560 :
1286 4514 1343 4560 et
1364 4510 1425 4561 in
1448 4510 1539 4562 his
1562 4512 1748 4564 eidem

136 4577 392 4631 Domino
415 4578 635 4641 gratias
659 4578 924 4631 referunt.
951 4579 1185 4632 Justitia
1207 4593 1341 4645 ergo
1365 4581 1426 4632 in
1446 4581 1558 4633 fide
1583 4586 1640 4635 et
1663 4596 1747 4636 ac-

138 4650 320 4714 tione,
343 4649 626 4702 rectitudo
651 4651 711 4702 in
735 4650 1053 4704 voluntate.
1077 4653 1184 4715 Qui
1201 4652 1344 4705 tales
1358 4659 1515 4713 sunt,
1538 4654 1612 4707 ad
1634 4655 1749 4708 lau-

1861 2020 2120 2072 Judaicis
2143 2020 2382 2084 deliciis,
2408 2020 2508 2083 qui
2533 2020 2650 2071 otio
2681 2021 3002 2073 abutuntur
3029 2022 3102 2074 ad
3126 2022 3463 2087 nequitiam.

1863 2092 2070 2145 Melius
2095 2097 2252 2144 esset
2273 2092 2378 2154 eis,
2401 2094 2467 2143 ut
2489 2093 2616 2143 tota
2639 2091 2731 2143 die
2759 2092 3226 2158 foderent,quam
3243 2098 3363 2147 tota
3374 2094 3467 2147 die

1863 2165 2161 2217 saltarent.
2215 2163 2325 2216 Sed
2360 2162 2549 2227 cogita
2590 2162 2849 2227 requiem
2887 2165 2949 2215 in
2980 2166 3098 2217 Deo
3140 2170 3239 2217 tuo
3274 2166 3468 2218 omnia

1861 2235 2183 2287 facientem.
2210 2234 2479 2287 Abstinet
2497 2235 2571 2286 ab
2595 2246 2764 2298 opere
2789 2234 3002 2287 servili.
3047 2236 3251 2287 Omnis
3286 2236 3463 2300 enim,

1828 2348 1829 2351 η
1862 2307 1960 2372 qui
1985 2306 2118 2358 facit
2137 2311 2456 2370 peccatum,
2486 2318 2691 2357 servus
2704 2310 2795 2357 est
2821 2305 2997 2369 (Joan.
3033 2306 3133 2370 8.):
3157 2312 3212 2360 et
3238 2308 3466 2360 utinam

1859 2377 2131 2439 hominis,
2184 2382 2243 2430 et
2282 2390 2398 2428 non
2449 2376 2683 2442 peccati.
2721 2378 2866 2429 Hac
2900 2378 3007 2429 tria
3054 2379 3350 2443 pertinent
3389 2378 3462 2431 ad

1859 2449 2226 2501 dilectionem
2251 2447 2373 2500 Dei.
2392 2448 2572 2510 Cujus
2596 2446 2814 2511 cogites
2830 2447 3463 2513 unitatem,veritatem,

1858 2519 2234 2571 voluntatem.
2260 2519 2529 2571 Estenim
2554 2518 2823 2582 quadam
2846 2518 3114 2571 voluntas
3137 2519 3198 2571 in
3219 2521 3358 2584 Deo,
3370 2523 3461 2570 ubi

1859 2604 2056 2644 verum
2083 2592 2410 2651 sabbatum,
2436 2602 2574 2641 vera
2597 2589 2842 2653 requies.
2860 2590 3024 2642 Unde
3048 2590 3271 2653 dicitur,
3291 2594 3462 2642 Delec-

1862 2666 1983 2714 tare
2008 2663 2068 2714 in
2102 2662 2362 2725 Domino,
2398 2665 2457 2713 et
2497 2661 2658 2713 dabit
2696 2660 2800 2713 tibi
2827 2661 3133 2725 petitiones
3166 2663 3356 2715 cordis
3378 2664 3462 2715 tui

1861 2733 2030 2793 (Psal.
2078 2733 2205 2798 36.).
2247 2734 2388 2796 Quis
2425 2732 2579 2785 enim
2617 2732 2700 2784 sic
2723 2731 2986 2795 delectat,
3015 2745 3187 2797 quam
3217 2734 3329 2797 ille,
3357 2735 3459 2798 qui

1860 2805 1995 2857 facit
2006 2806 2216 2867 omnia,
2237 2817 2370 2869 qua
2387 2804 2716 2856 delectant?
2732 2805 2797 2854 In
2810 2803 2902 2855 his
2919 2805 3102 2856 tribus
3114 2805 3322 2858 caritas
3333 2806 3457 2871 Dei,

1857 2876 1919 2928 in
1949 2877 2076 2928 aliis
2116 2880 2341 2942 septem
2365 2877 2574 2929 caritas
2597 2880 2687 2927 est
2726 2875 2990 2940 proximi.
3036 2878 3118 2928 Ne
3141 2877 3319 2929 facias
3343 2877 3457 2937 alii,

1859 2949 2013 3011 quod
2043 2949 2161 3013 pati
2181 2962 2299 3000 non
2322 2948 2415 3000 Vis
2439 2947 2583 3011 (Tob.
2607 2946 2677 3009 4.)
2696 2961 2709 2997 :
2726 2945 2946 2998 honora
2960 2952 3180 3011 patrem
3196 2954 3459 2999 etmatrem

1860 3021 2008 3082 (Luc.
2049 3020 2141 3083 6.),
2187 3020 2320 3084 quia
2362 3020 2453 3071 vis
2498 3023 2554 3070 te
2599 3017 2869 3070 honorari
2902 3029 2937 3068 a
2978 3016 3112 3068 filiis
3158 3019 3292 3070 tuis.
3330 3021 3460 3073 Non

1856 3092 2167 3143 macheris
2214 3090 2406 3154 (Exod.
2444 3088 2580 3153 20.),
2616 3088 2715 3152 qui
2754 3101 2863 3139 nec
2913 3089 3191 3141 machari
3223 3094 3356 3154 post
3401 3095 3459 3143 te

1855 3175 2095 3215 uxorem
2128 3165 2291 3214 tuam
2332 3162 2440 3212 vis.
2468 3163 2596 3213 Non
2620 3159 2866 3224 occidas,
2900 3160 3035 3224 quia
3053 3164 3111 3212 et
3133 3160 3317 3213 occidi
3338 3173 3457 3214 non

1854 3234 1962 3287 vis.
2009 3237 2136 3287 Non
2176 3234 2399 3298 fureris,
2446 3233 2583 3297 quia
2626 3231 2847 3285 furtum
2889 3232 3007 3296 pati
3042 3245 3162 3285 non
3184 3233 3293 3287 vis.
3327 3236 3459 3287 Non

1858 3306 2070 3358 falsum
2096 3305 2497 3358 testimonium
2519 3304 2696 3368 dicas,
2728 3304 2862 3367 quia
2884 3304 3057 3356 odisti
3080 3305 3367 3358 adversus
3402 3311 3459 3359 te

1856 3378 2068 3431 falsum
2114 3377 2510 3431 testimonium
2552 3377 2859 3429 dicentem.
2912 3379 3031 3428 Non
3078 3379 3458 3442 concupiscas

1854 3462 2101 3502 uxorem
2140 3448 2382 3513 proximi
2418 3448 2520 3501 tui.
2560 3448 2695 3512 quia
2730 3449 2787 3499 et
2813 3452 2973 3499 tuam
2995 3460 3115 3499 non
3132 3448 3226 3509 (vis
3250 3449 3322 3500 ab
3345 3449 3457 3502 alio

1855 3521 2204 3586 concupisci.
2233 3522 2360 3572 Non
2384 3519 2763 3584 concupiscas
2776 3531 2899 3570 rem
2924 3518 3174 3582 proximi
3195 3520 3299 3583 tui,
3324 3521 3461 3584 quia

1856 3592 1905 3643 si
1924 3592 2056 3656 quis
2086 3598 2185 3644 tua
2207 3591 2578 3654 concupierit,
2603 3589 2866 3652 displicet
2887 3589 3009 3642 tibi.
3043 3590 3322 3644 Converte
3337 3598 3383 3640 et
3403 3593 3457 3640 in

1854 3666 1913 3716 te
1936 3662 2216 3727 linguam,
2237 3663 2470 3727 quando
2493 3662 2595 3713 tibi
2613 3661 2899 3727 displicet,
2917 3661 3014 3725 qui
3038 3665 3092 3713 te
3106 3666 3294 3714 nocet.
3320 3664 3461 3715 Hac

1854 3735 2050 3786 omnia
2090 3739 2379 3800 pracepta
2398 3735 2500 3785 Dei
2525 3736 2663 3785 sunt
2700 3748 2714 3786 :
2740 3732 3031 3797 Sapientia
3053 3733 3305 3786 donante
3328 3733 3463 3786 data

1853 3808 2029 3857 sunt:
2078 3805 2325 3869 desuper
2370 3809 2603 3858 sonant.
2656 3805 2850 3869 Tange
2895 3805 3250 3869 psalterium,
3283 3804 3461 3871 imple

1850 3874 2038 3939 legem
2084 3887 2260 3939 quam
2308 3878 2467 3928 Deus
2513 3879 2652 3927 tuus
2698 3888 2819 3926 non
2862 3876 3024 3928 venit
3070 3876 3311 3940 solvere,
3355 3876 3459 3929 sed

1849 3946 2165 4012 adimplere
2206 3948 2415 4011 (Matth.
2466 3946 2555 4011 5.).
2591 3945 2863 4010 Implebis
2887 3947 3043 3998 enim
3062 3959 3273 4009 amore,
3299 3947 3460 4011 quod

1852 4019 2058 4072 timore
2103 4031 2219 4070 non
2258 4021 2503 4081 poteras.
2543 4017 2649 4080 Qui
2697 4017 2850 4069 enim
2890 4017 3144 4071 timendo
3177 4029 3296 4069 non
3321 4017 3458 4072 facit

1851 4089 2022 4155 male,
2071 4089 2270 4142 mallet
2304 4089 2487 4141 facere
2520 4088 2569 4139 si
2593 4088 2804 4140 liceret.
2831 4091 3032 4153 Itaque
3055 4092 3114 4141 et
3140 4089 3192 4140 si
3214 4088 3459 4142 facultas

1850 4174 1972 4213 non
2018 4162 2206 4227 datur,
2254 4160 2526 4214 voluntas
2570 4171 2669 4212 rea
2705 4164 2950 4212 tenetur.
2976 4162 3116 4213 Hac
3137 4160 3457 4225 cogitantes

1849 4234 1989 4285 recti
2016 4233 2205 4297 corde,
2234 4232 2593 4295 Confitemini
2612 4233 2850 4283 Domino
2873 4233 2935 4282 in
2958 4232 3206 4297 cythara,
3229 4232 3291 4281 in
3310 4231 3461 4298 psal-

1849 4306 1981 4357 terio
2017 4306 2189 4356 decem
2216 4305 2551 4355 chordarum
2575 4304 2783 4369 psallite
2808 4304 2871 4356 ei.

1911 4374 1964 4431 3.
1993 4378 2217 4427 Canlale
2246 4378 2295 4427 ei
2317 4376 2593 4426 canticum
2610 4391 2830 4427 novum.
2853 4375 3062 4428 Exuite
3087 4378 3454 4428 vetustatem.

1849 4448 1974 4499 Non
1999 4448 2152 4499 enim
2169 4449 2275 4509 (Em
2298 4449 2440 4511 Aug.
2469 4447 2618 4510 ibid.)
2658 4447 2910 4511 pertinet
2934 4446 3222 4498 canticum
3245 4459 3454 4509 novum,

1848 4519 1921 4570 ad
1944 4522 2168 4571 veteres
2192 4518 2475 4571 homines.
2494 4520 2617 4569 Non
2632 4517 2772 4570 illud
2797 4518 3032 4568 discunt
3052 4516 3165 4568 nisi
3185 4515 3455 4569 homines

1846 4591 2107 4643 renovati
2123 4603 2221 4654 per
2232 4589 2473 4653 gratiam
2492 4601 2565 4639 ex
2580 4592 2894 4647 vetustate,
2910 4594 2966 4641 et
2982 4589 3454 4653 pertinentesjam

1844 4662 1917 4714 ad
1944 4664 2378 4715 Testamentum
2394 4673 2629 4725 novum,
2656 4659 2811 4723 quod
2830 4665 2919 4712 est
2934 4673 3180 4723 regnum
3190 4662 3451 4710 calorum.

135 4722 407 4805 dandum
443 4723 649 4805 Deum,
683 4723 827 4805 et‘in
856 4736 923 4774 eo
948 4724 1328 4805 exultandum
1362 4724 1556 4805 idonei
1584 4732 1741 4779 sunt.
1764 4730 1821 4805 D
1848 4733 1911 4805 Ei
1953 4735 2205 4799 suspirat
2236 4733 2426 4786 omnis
2462 4722 2626 4788 amor
2660 4722 2859 4805 noster
2882 4730 2951 4805 (2.
2986 4731 3106 4783 Cor.
3135 4730 3226 4794 5.).
3250 4732 3451 4805 Novus

136 4792 313 4846 Tales
338 4794 615 4846 admonet
642 4794 921 4859 psalmus,
946 4809 1077 4847 cum
1104 4796 1402 4861 subjungit
1428 4811 1439 4846 :

203 4862 259 4919 2.
287 4864 634 4929 Conﬁtemini
665 4866 898 4915 Domino
934 4867 995 4916 in
1015 4868 1265 4933 cythara,
1287 4869 1346 4918 in
1367 4868 1623 4934 psalterio
1657 4870 1747 4919 de-

135 4951 254 4987 cem
277 4937 612 4987 chordarum
636 4937 848 5004 psallite
862 4937 964 4989 illi.
978 4939 1223 5003 Cythara
1242 4953 1315 4992 ex
1331 4940 1594 4993 inferiore
1610 4948 1745 5003 parte

135 5013 329 5061 sonat.
365 5009 707 5061 Psalterium
732 5022 804 5062 ex
822 5010 1130 5074 superiore.
1151 5013 1341 5064 Vitam
1359 5025 1431 5064 ex
1450 5013 1743 5077 istaterra,

138 5086 422 5145 tanquam
439 5093 513 5133 ex
535 5081 805 5133 inferiore
827 5083 987 5147 parte
1007 5082 1313 5135 habemus:
1328 5088 1419 5136 est
1441 5090 1636 5137 autem
1653 5092 1743 5135 ter-

134 5164 282 5204 rena
292 5153 664 5217 prcsperitas,
681 5158 740 5205 et
754 5158 981 5205 terrena
995 5153 1340 5219 adversitas,
1355 5160 1412 5208 et
1424 5156 1485 5208 in
1499 5162 1745 5221 utroque

134 5223 475 5276 laudandus
498 5229 589 5277 est
614 5226 788 5277 Deus.
836 5227 976 5286 Qua
1001 5230 1093 5278 est
1117 5231 1342 5280 terrena
1363 5230 1747 5293 prosperitas?

135 5297 288 5348 Cum
315 5296 420 5360 (Eae
432 5296 613 5346 eodem
624 5296 773 5360 ibid.)
796 5297 923 5348 sani
945 5310 1151 5349 sumus
1172 5299 1475 5351 secundun
1493 5313 1742 5352 carnem:

63 5375 69 5380 '
135 5380 275 5421 cum
298 5367 526 5420 fructus
542 5368 698 5433 large
718 5369 1098 5433 proveniunt:
1118 5382 1251 5421 cum
1266 5370 1746 5423 abundantomnin

136 5442 359 5508 quibus
383 5442 636 5494 vivimus
658 5460 669 5489 :
692 5440 1103 5505 quisquisinde
1115 5455 1234 5494 non
1255 5441 1647 5495 laudatDeum
1664 5444 1746 5495 in-

135 5518 343 5579 gratus
369 5518 478 5565 est.
505 5513 907 5565 Adversitates
945 5526 1082 5566 vero
1106 5519 1245 5566 sunt
1265 5514 1325 5566 in
1346 5513 1660 5580 doloribus,
1683 5516 1745 5568 in

135 5585 540 5652 languoribus,
559 5584 619 5636 in
632 5584 942 5650 pressuris,
957 5585 1019 5637 in
1029 5586 1340 5638 amissione
1362 5598 1573 5650 rerum,
1590 5589 1645 5637 in
1658 5590 1744 5637 tri-

137 5658 561 5711 bulationibus.
576 5658 720 5722 Ergo
736 5656 1009 5710 confitere
1034 5659 1278 5710 Domino
1290 5658 1351 5710 in
1367 5659 1620 5724 cythara,
1637 5662 1745 5709 sive

204 5837 225 5858 ι
248 5828 357 5880 Pro
380 5827 610 5879 duobus
633 5826 825 5880 verbis
847 5826 955 5876 Deo
979 5825 1331 5892 dominatori,
1354 5840 1540 5880 unum
1569 5828 1748 5882 habet

139 5898 421 5965 vulgatus
442 5898 805 5964 Augustinus
826 5896 1160 5948 indomitum
1170 5912 1190 5958 ;
1214 5901 1479 5951 notatum
1499 5913 1636 5955 vero
1666 5900 1746 5954 ibi

139 5970 341 6025 haberi
373 5970 436 6023 in
466 5969 666 6024 multis
699 5970 863 6031 Msa,
890 5969 1179 6020 resistendo
1202 5969 1556 6023 dominatori.

1846 4804 2040 4871 homo,
2085 4819 2232 4859 nova
2263 4805 2465 4869 gratia,
2490 4817 2644 4856 nova
2664 4804 2784 4856 vita
2805 4804 2971 4856 nobis
2994 4803 3450 4856 commendatur.

1845 4879 1929 4929 De
1962 4877 2056 4930 his
2080 4890 2269 4943 agere,
2293 4878 2351 4928 in
2374 4877 2466 4929 his
2489 4876 2804 4929 Dominum
2827 4875 3080 4937 laudare,
3116 4875 3179 4928 in
3199 4875 3453 4928 novitate

1846 4947 2084 5013 spiritus
2108 4949 2399 5002 canticum
2410 4960 2628 5001 novum
2654 4952 2887 5000 cantare
2910 4952 3018 5001 est.
3028 4948 3163 4998 Bene
3173 4945 3382 5011 psallite
3401 4945 3452 4995 ei

1844 5018 1903 5069 in
1921 5020 2322 5083 vociferatione.
2349 5020 2502 5073 Bene
2520 5020 2733 5085 psallit,
2748 5019 2850 5084 qui
2872 5020 3019 5071 bene
3029 5018 3187 5071 vivit.
3211 5016 3321 5070 Sed
3342 5019 3452 5066 hac

1842 5089 1969 5155 ipsa
1992 5092 2146 5144 bona
2162 5093 2284 5144 vita
2298 5096 2501 5144 nostra
2521 5091 2813 5155 quandam
2830 5091 2890 5143 in
2906 5090 3148 5142 auribus
3159 5086 3264 5141 Dei
3279 5086 3451 5139 debet

1840 5159 2053 5214 habere
2082 5161 2440 5226 spiritualem
2455 5163 2949 5225 vociferationem,
2961 5166 3029 5214 ut
3045 5159 3320 5226 quicquid
3329 5161 3455 5208 bene

1841 5232 2093 5287 vrvendo
2116 5233 2364 5298 agimus,
2379 5236 2502 5285 toto
2526 5234 2892 5296 aﬂectu,tota
2904 5234 3034 5297 (ide,
3052 5238 3173 5286 tota
3184 5233 3450 5280 devotione

1840 5305 1914 5357 ad
1954 5304 2187 5356 laudem
2218 5304 2321 5356 Dei
2385 5304 2747 5368 (inquantum
2792 5307 3124 5369 possumus)
3167 5302 3446 5355 faciamus

1842 5376 2033 5438 (Uolos.
2060 5374 2151 5439 3.).
2184 5375 2255 5427 Et
2287 5374 2422 5426 inde
2446 5386 2683 5426 causam
2717 5375 3037 5439 subjungit,
3077 5386 3212 5426 cum
3239 5374 3349 5427 ait:

1905 5447 1957 5500 4.
1999 5448 2142 5507 Quia
2174 5450 2377 5495 rectum
2401 5451 2472 5494 est
2492 5444 2709 5495 verbum
2733 5446 2976 5506 Domini,
3000 5449 3046 5494 et
3067 5444 3261 5494 omnia
3282 5457 3448 5508 opera

1842 5519 1956 5584 ejus
1988 5520 2049 5569 in
2071 5518 2191 5582 ﬁde.
2232 5517 2596 5569 Dominicum
2622 5517 2865 5569 verbum
2901 5520 3123 5568 rectum
3151 5520 3279 5566 est:
3312 5514 3449 5577 quia

1842 5596 2001 5644 recta
2046 5591 2243 5653 docet,
2289 5593 2444 5640 recta
2487 5588 2680 5652 jubet,
2723 5592 2880 5640 recta
2932 5586 3241 5652 pradicet,
3291 5590 3448 5636 recta

1842 5662 2143 5728 promittit.
2194 5660 2285 5713 Ad
2313 5659 2535 5712 nullam
2571 5658 2879 5711 falsitatem
2903 5658 3213 5710 distortum
3236 5660 3345 5718 est,
3371 5654 3445 5707 ad

1907 5833 1930 5863 ⁸³
1953 5834 2092 5885 Hac
2125 5832 2313 5884 verior
2334 5834 2425 5883 est
2451 5828 2621 5881 lectio
2644 5841 2820 5893 quam
2845 5832 2905 5881 et
2917 5825 3328 5893 Augustiniani
3349 5838 3446 5878 co-

1845 5904 2002 5958 dices
2044 5904 2260 5970 Regius
2289 5904 2347 5956 et
2381 5901 2698 5955 Vaticanus
2731 5900 2998 5966 retinent,
3022 5910 3145 5965 pra
3161 5898 3446 5965 impressa

1844 5986 1965 6029 uno
1985 5975 2162 6029 verbo
2181 5973 2505 6040 praeceperit.
