3890 6422
495 385 601 442 759

1554 372 1820 427 RUFINO
1855 367 2317 423 PRESBYTERO
2350 368 2735 423 ASCRIP’I‘US

3706 372 3796 427 761]

495 498 716 553 nullam
737 493 1065 555 vanitatem,
1078 490 1153 544 ad
1175 489 1474 542 dexteram
1494 499 1617 561 non
1636 486 1887 561 declinat
1901 496 2091 549 neque
2115 486 2174 561 Α
2196 483 2449 561 salsugo.
2470 485 2617 561 Hinc
2632 485 2893 561 estquod
2913 484 3051 561 alibi
3064 486 3290 549 dicitur,
3313 488 3603 561 Peccator
3618 485 3797 561 vigebit

494 571 569 625 ad
595 569 910 631 sinistram,
934 568 1087 618 recto
1121 562 1342 624 itinere,
1386 559 1543 623 regia
1565 560 1660 611 via
1681 558 1755 610 ad
1779 568 2090 631 supernam

496 642 738 710 patriam
760 652 868 691 nos
884 629 1159 710 perducit.
1179 632 1366 710 Necin
1389 633 1565 710 verbo
1583 635 1811 710 tantum
1834 629 2092 710 Deusest

497 700 707 775 rectus,
724 710 825 763 sed
841 700 973 763 etin
987 705 1257 770 operibus
1280 704 1401 755 suis
1416 702 1603 775 fidelis
1619 701 1827 775 extitit,
1841 700 2090 775 reddens

497 771 715 838 homini
739 780 893 846 quod
916 778 1196 844 promisit.
1217 772 1966 846 Teneamusildelissimum
1991 771 2091 846 de-

501 842 930 917 bitorem,—quia_
944 855 1210 902 tenemus
1228 842 2090 917 misericordissimumpromis-

497 939 703 980 sorem.
727 913 934 977 Omnia
955 922 1123 984 dona,
1137 919 1348 983 quibus
1371 916 1714 982 gaudemus,
1739 915 1812 967 ab
1834 913 1928 965 illo
1953 919 2091 964 sunt

497 997 567 1060 (2.
613 999 745 1049 Tim.
780 994 871 1059 2.).
898 992 1103 1047 Omnia
1130 1001 1306 1056 opera
1333 991 1459 1053 ejus
1485 988 1546 1040 in
1568 987 1682 1060 ﬁde
1705 990 1861 1038 sunt.
1887 985 2091 1037 Omnia

495 1071 809 1131 instruunt,
835 1065 1030 1120 omnia
1052 1064 1125 1115 ad
1152 1061 1444 1126 superiora
1467 1072 1573 1111 nos
1611 1059 1864 1131 mittunt.

584 1138 732 1208 I42
758 1126 810 1193 5;
858 1136 1054 1208 Ditigit_
1079 1132 1510 1208 misericordiam
1532 1136 1579 1208 et
1606 1129 1902 1208 judicium.
1928 1126 2089 1208 Quod

492 1199 611 1265 non
634 1199 763 1263 ἷᾱῖο
784 1209 941 1273 dicit,
957 1199 1101 1271 quin
1127 1206 1250 1270 ipse
1275 1203 1475 1267 diligat
1497 1201 1608 1253 alia
1632 1217 1644 1252 :
1681 1200 1783 1252 sed
1808 1201 1947 1273 quia
1967 1199 2089 1263 ipse

492 1285 687 1350 potius
713 1280 1035 1335 secundum
1063 1277 1189 1330 haec
1214 1280 1499 1350 operatur.
1521 1273 1851 1350 Secundum
1873 1272 2093 1350 miseri-

492 1343 770 1415 cordiam,
822 1364 955 1405 cum
1000 1353 1235 1415 peccata
1278 1346 1534 1398 remittit.
1579 1344 1907 1415 Secundum
1935 1343 2090 1407 judi-

491 1428 664 1490 cium,
690 1414 825 1477 cum
848 1425 905 1475 et
926 1414 1095 1473 bonis
1118 1424 1176 1472 et
1199 1417 1369 1470 malis
1400 1416 1719 1490 secundum
1751 1414 2091 1490 meritorum

490 1486 829 1563 qualitatem
839 1492 1119 1546 retribuit.
1138 1489 1543 1543 Misericordiae
1554 1493 1783 1563 tempus
1796 1486 1967 1563 modo
1979 1488 2086 1563 est:

484 1558 687 1634 judicii
705 1573 932 1632 tempus
956 1564 1220 1630 posterit.
1244 1562 1427 1613 Vocat
1443 1559 1615 1612 modo
1640 1571 1899 1621 aversos,
1915 1558 2090 1611 donat

493 1645 725 1706 peccata
764 1638 1076 1691 conversis.
1117 1635 1347 1687 Patiens
1396 1637 1487 1684 est
1531 1644 1703 1706 super
1736 1634 2087 1706 peccatores,

491 1703 677 1765 donec
695 1712 1121 1764 convertantur.
1137 1709 1463 1757 Venturum
1476 1708 1565 1755 est
1582 1703 1885 1768 judicium.
1900 1703 2021 1754 Erit
2035 1704 2090 1754 et

494 1790 633 1836 tunc
664 1781 1020 1848 pceniteutia,
1064 1777 1166 1831 sed
1186 1778 1307 1841 jam
1330 1777 1709 1848 infructuosa.
1741 1773 1925 1839 Dilige
1949 1780 2007 1826 et
2032 1778 2093 1826 tu

2193 561 2253 608 et
2274 556 2569 615 irascetur,
2586 555 2858 608 dentibus
2882 558 3005 608 suis
3028 557 3232 611 fremet
3254 564 3313 612 et
3332 559 3617 612 ardescat
3643 557 3795 621 (Ρωι.

2191 628 2355 693 111.).
2380 628 2635 680 Mortalis
2656 627 2812 680 enim
2836 627 2999 691 pellis
3022 630 3277 695 contegit
3298 642 3569 683 amaram
3598 630 3797 694 cogita-

2190 700 2423 753 tionem.
2448 700 2741 752 Timentes
2765 700 2920 752 enim
2948 701 3079 764 pelli
3094 715 3219 755 sua)
3238 702 3396 755 intus
3413 707 3638 755 tenent
3653 703 3795 765 quod

2189 784 2307 823 non
2354 771 2571 823 audent
2602 771 2878 823 emittere.
2920 774 3065 825 Nam
3084 774 3346 826 eamdem
3367 779 3429 827 et
3446 773 3795 835 amaritudo,

2192 843 2294 894 sed
2317 844 2416 907 qui
2438 846 2578 895 tunc
2602 849 2797 907 aperte
2821 845 3159 905 saeviebant,
3185 858 3344 897 nunc
3372 844 3637 898 occulte.
3666 846 3794 897 Pen-

2192 928 2390 967 semus
2422 914 2597 981 igitur
2626 916 2797 967 modo
2819 928 2938 967 non
2961 916 3162 969 deesse
3186 918 3319 980 Deo,
3360 917 3520 969 unde
3550 916 3795 982 proferat

2191 999 2304 1049 quo
2336 1000 2444 1038 nos
2465 986 2749 1050 emendet,
2774 1000 2908 1038 cum
2930 1000 3077 1051 opus
3105 991 3195 1040 est
3219 987 3408 1041 nobis.
3433 988 3585 1041 Ideo
3611 988 3798 1051 sequi-

2191 1060 2311 1109 tur:
2339 1059 2550 1107 Ponens
2572 1060 2632 1107 in
2656 1058 2928 1108 thesauris
2950 1058 3179 1124 abyssos.
3220 1060 3326 1112 Per
3346 1060 3695 1121 thesauros,
3717 1071 3796 1109 se-

2190 1134 2411 1182 cretum
2424 1130 2526 1183 Dei
2544 1130 2671 1182 vult
2685 1129 2942 1194 intelligi.
2961 1131 3067 1182 Per
3079 1131 3344 1195 abyssos,
3369 1131 3682 1195 reprobos.
3705 1131 3798 1181 No-

2189 1202 2275 1253 vit
2297 1201 2390 1253 ille
2414 1201 2673 1254 omnium
2699 1201 2888 1253 corda.
2918 1202 3035 1253 Scit
3053 1202 3209 1265 quod
3232 1202 3306 1254 ad
3328 1207 3576 1266 tempus
3614 1201 3797 1266 profe-

2190 1278 2297 1337 rat,
2311 1274 2466 1326 unde
2496 1273 2761 1337 proferat,
2786 1278 3064 1336 quantam
3082 1277 3422 1337 potestatem
3447 1274 3796 1326 tribuatma-

2188 1343 2259 1396 iis
2274 1345 2334 1396 in
2350 1346 2550 1407 bonos,
2575 1344 2647 1395 ad
2666 1344 3014 1409 judicandos
3038 1345 3266 1409 quidem
3292 1346 3499 1407 malos,
3525 1345 3798 1399 erudien-

2191 1415 2297 1467 dos
2320 1422 2513 1468 autem
2538 1417 2739 1468 bonos.
2776 1416 2900 1468 Fiat
2922 1430 3058 1481 ergo
3082 1417 3236 1480 quod
3266 1419 3537 1482 sequitur
3564 1438 3579 1467 :

2252 1486 2302 1542 8.
2344 1488 2545 1538 Timeat
2568 1488 2869 1538 Dominum
2885 1489 3062 1538 omnis
3081 1493 3244 1539 terra.
3271 1490 3473 1541 Nescis
3489 1489 3662 1542 unde
3677 1502 3793 1553 pro-

2188 1560 2351 1621 ferat,
2369 1560 2526 1625 quod
2550 1574 2694 1626 opus
2718 1565 2809 1612 est
2827 1560 2901 1612 ad
2915 1560 3322 1625 ﬂagellandum
3338 1566 3415 1625 te,
3432 1566 3607 1626 pater
3623 1566 3761 1613 tuus
3783 1576 3793 1610 :

2191 1634 2287 1697 qui
2315 1633 2549 1697 quidem
2572 1634 2643 1684 ad
2662 1632 3023 1698 disciplinam
3055 1638 3217 1685 tuam
3240 1633 3416 1686 habet
3440 1633 3655 1699 abyssi
3682 1634 3791 1685 the-

2192 1718 2395 1757 sauros
2411 1706 2622 1769 quibus
2635 1704 2853 1757 erudiet
2865 1710 2920 1756 te
2934 1705 3007 1757 ad
3029 1704 3334 1758 thesauros
3347 1704 3665 1759 caelorum.
3680 1708 3794 1761 Ergo

2192 1778 2310 1829 redi
2333 1778 2405 1829 ad
2432 1777 2827 1841 timorem,qui
2842 1777 2965 1840 jam
2986 1777 3111 1829 ibas
3133 1777 3208 1829 ad
3229 1778 3631 1830 securitatem.
3649 1778 3718 1828 Et
3732 1789 3794 1828 ne

492 1842 939 1931 misericordiam
984 1855 1043 1931 e_t
1087 1849 1389 1931 judicium.
1432 1847 1718 1931 Scriptum
1772 1851 1861 1931 est
1912 1848 2090 1931 enim:
2120 1842 3607 1931 Bconverteretsehomoadtimendumaliquidaliud
3626 1857 3791 1931 prater

492 1928 650 1982 Beati
692 1923 1125 1984 misericordes,
1170 1921 1442 1985 quoniam
1483 1920 1593 1984 ipsi
1639 1919 2093 1972 misericordiam

493 1999 921 2061 consequentur
944 1994 1153 2056 (Matth.
1172 1991 1265 2056 5.).
1291 1991 1398 2053 Qui
1420 1992 1872 2043 misericordiam
1888 1991 2091 2057 diligit,

494 2072 815 2123 miseretur.
864 2066 970 2127 Qui
1012 2066 1207 2118 autem
1263 2063 1598 2125 miseretur,
1644 2063 2093 2115 misericordiam

495 2144 901 2205 consequetur.
925 2140 1150 2190 Rursus
1180 2136 1250 2187 de
1265 2135 1483 2201 judicio
1509 2135 1785 2200 scriptum
1801 2140 1908 2197 est,
1933 2138 2094 2187 Nun-

493 2212 632 2278 quid
657 2212 758 2276 qui
781 2223 897 2262 non
919 2212 1075 2262 amat
1082 2207 1382 2274 judicium,
1404 2207 1589 2257 sanari
1607 2210 1796 2270 potest
1810 2206 2093 2271 (Job.34,)?

491 2288 665 2338 Amat
679 2282 983 2347 judicium,
1001 2280 1265 2345 quisquis
1278 2278 1403 2330 vias
1416 2291 1553 2330 suas
1568 2279 1853 2330 subtiliter
1865 2282 2089 2338 discutit,

489 2361 548 2409 et
572 2353 944 2409 secretarium
968 2351 1156 2404 cordis
1180 2351 1500 2414 ingressus,
1517 2349 1656 2413 quid
1681 2350 1963 2401 Dominus
1982 2350 2093 2415 ipsi

489 2428 718 2487 tribuat,
745 2424 884 2490 quid
912 2425 1036 2488 ipse
1059 2424 1304 2475 Domino
1327 2425 1448 2474 Deo
1466 2422 1927 2486 debeat,pensat.
1945 2424 2092 2473 Hinc

490 2500 645 2553 idem
686 2496 993 2550 Psalmista
1025 2494 1160 2547 alibi
1198 2495 1354 2557 dicit,
1388 2497 1583 2545 lIonor
1613 2493 1767 2557 regis
1807 2493 2092 2558 judicium

493 2570 678 2634 diligit
702 2568 867 2628 (Psal.
891 2568 1003 2630 98,)
1030 2584 1041 2615 :
1067 2568 1135 2618 ut
1156 2565 1423 2618 videlicet
1449 2564 1547 2628 qui
1562 2564 1685 2628 jam
1705 2567 1889 2617 Deum
1908 2565 2092 2617 hono-

492 2646 578 2694 rat
599 2653 673 2693 ex
694 2640 827 2701 fide,
856 2638 1094 2691 sollicite
1116 2637 1337 2701 judicet
1361 2636 1497 2699 quid
1520 2636 1570 2688 ei
1596 2636 1805 2687 debeat
1826 2637 1887 2689 in
1903 2650 2093 2703 cpera-

494 2714 667 2772 tione,
689 2712 760 2761 Et
783 2709 1053 2761 Salomon
1068 2709 1568 2772 ait,Gogitationes
1581 2708 2094 2773 justorumjudicia

494 2784 670 2845 (Prov.
700 2781 869 2844 12.)..1
875 2783 1043 2832 ustus
1066 2779 1220 2831 enim
1232 2779 1479 2842 quisque
1502 2778 1725 2831 intrase
1746 2780 2091 2844 congitando

490 2858 546 2907 et
569 2853 928 2906 formidando
953 2851 1303 2915 considerat,
1319 2862 1495 2915 quam
1518 2850 2091 2914 districtequaudoquo

486 2926 665 2991 feriat,
679 2925 935 2990 quandiu
949 2923 1235 2988 patienter
1257 2926 1543 2986 expectat.
1566 2922 1837 2975 Metuitin
1856 2924 1946 2975 his
1960 2936 2091 2987 quin

484 3012 545 3051 se
569 2999 760 3063 egisse
785 2996 1065 3049 meminit.
1091 2995 1263 3048 Punit
1293 2994 1485 3046 ﬂendo
1507 3033 1522 3056 ,
1551 2994 1705 3059 quod
1730 2998 2090 3061 perpetrasse

489 3083 550 3123 se
568 3069 850 3133 intelligit.
879 3068 1009 3120 Odit
1035 3081 1115 3130 se,
1141 3067 1369 3132 qualem
1393 3066 1574 3119 fuisse
1586 3069 1871 3131 agnoscit.
1888 3069 2089 3131 Etipse

489 3142 590 3208 qui
636 3147 744 3207 est,
790 3140 1157 3206 persequitur
1186 3154 1320 3192 eum
1356 3140 1454 3203 qui
1490 3140 1630 3191 fuit:
1667 3142 1846 3205 tltque
1877 3142 2004 3193 rixa
2025 3142 2084 3192 in

488 3215 683 3268 animo
714 3213 1040 3308 parturiens
1073 3224 1271 3308 palcem
1302 3226 1435 3308 cum
1459 3212 1595 3263 Deo.
1620 3214 1691 3263 Et
1713 3212 1822 3308 hoc
1843 3212 1997 3308 facit,
2022 3216 2087 3265 ut
2111 3234 2160 3308 Ο

491 3299 653 3308 ----κ.
674 3286 830 3308 ιεΜΛι
860 3286 916 3308 ε..
966 3284 1105 3308 ειυς-ιν.
1166 3284 1366 3308 nun-ﬁn
1421 3283 1714 3308 m:np\h:nnn
1759 3296 1843 3308 Am
1932 3297 2086 3308 Λα...-

487 3299 658 3351 quem
674 3286 837 3337 timet
854 3284 1130 3349 judicem,
1143 3284 1399 3335 inveniat
1421 3283 1865 3336 misericordem.
1880 3285 1961 3337 De
1974 3298 2088 3348 quo

484 3362 542 3410 et
585 3354 852 3408 subditur
888 3369 900 3405 :
944 3354 1320 3403 Misericordia
1358 3354 1579 3403 Domini
1618 3353 1780 3418 plena
1823 3361 1898 3403 est
1924 3359 2085 3406 terra.

488 3427 635 3491 Quid
660 3426 786 3479 εαξιὶ
814 3425 1096 3489 (ΕωΑα9.,
1118 3425 1321 3474 Enarr.
1352 3424 1419 3488 3.)
1438 3428 1464 3474 ‘P
1479 3437 1595 3475 non
1637 3425 1897 3489 indigent
1918 3427 2087 3478 misc-

487 3498 745 3558 ricordia,
759 3497 857 3548 ubi
879 3496 1039 3549 nulla
1062 3501 1152 3548 est
1176 3496 1425 3547 miseria.
1448 3498 1515 3547 In
1540 3499 1690 3547 terra
1708 3497 1968 3549 abundat
1990 3498 2087 3549 ho-

487 3570 663 3623 minis
678 3569 926 3631 miseria,
947 3567 1381 3633 superabundat
1401 3567 1505 3618 Dei
1521 3567 1927 3620 misericordia.
1941 3574 2091 3619 Num-

488 3640 627 3706 quid
651 3652 790 3705 ergo
813 3638 961 3702 caeli,
988 3638 1123 3701 quia
1145 3651 1265 3689 non
1281 3638 1960 3704 indigentmisericordia,
1973 3653 2090 3693 non

489 3710 751 3776 indigent
773 3709 1015 3761 Domino
1030 3712 1056 3759 ‘P
1080 3709 1287 3760 Omnia
1313 3708 1578 3774 indigent
1610 3710 1873 3772 Domino,
1901 3716 1958 3763 et
1980 3712 2089 3763 mi-

490 3782 637 3835 seria
654 3788 712 3835 et
734 3781 1018 3833 fmlicitas.
1034 3781 1167 3833 Sine
1182 3780 1278 3831 illo
1302 3781 1483 3833 miser
1505 3794 1621 3833 non
1647 3782 1996 3843 sublevatur,
2012 3784 2090 3835 si-

491 3867 564 3907 ne
588 3854 683 3907 illo
708 3854 840 3906 felix
858 3865 975 3905 non
992 3853 1243 3917 erigitur.
1260 3855 1406 3917 Ergo
1422 3866 1495 3904 ne
1513 3853 1655 3906 forte
1677 3853 1746 3906 de
1763 3854 1924 3907 caelis
1938 3868 2089 3919 quaa—

491 3938 662 3989 reres,
690 3925 1027 3989 subjungit:

553 3995 603 4051 6.
659 3996 820 4047 Verbo
858 3996 1077 4046 Domini
1109 3995 1223 4046 costi
1258 3997 1467 4058 ﬁrmati
1502 4002 1646 4059 sunt,
1681 4004 1725 4046 et
1757 3998 1957 4062 spiritu
1980 3999 2090 4047 oris

491 4068 601 4130 ejus
637 4068 814 4119 omnis
858 4068 1029 4118 virtus
1057 4083 1262 4117 eorum.
1312 4070 1437 4119 Non
1475 4081 1510 4120 a
1543 4082 1605 4120 se
1642 4069 2089 4122 solidamentum

492 4140 754 4197 fuerunt,
800 4152 907 4192 nec
946 4139 1057 4203 ipsi
1099 4139 1228 4192 cmli
1274 4139 1605 4192 firmitatem
1654 4140 1763 4191 sibi
1805 4142 2090 4206 propriam

491 4213 898 4277 prmetiterunt.
923 4211 1071 4263 Audi
1095 4224 1282 4263 unum
1302 4224 1450 4275 opus
1476 4211 1677 4274 Patris,
1712 4210 1856 4273 Filii,
1883 4218 1939 4263 et
1968 4213 2091 4278 Spi-

493 4284 636 4335 ritus
661 4283 870 4335 Sancti.
890 4285 1033 4335 Cum
1058 4283 1213 4336 enim
1246 4283 1526 4334 Dominus
1540 4285 1703 4334 Pater
1717 4296 1816 4347 per
1835 4284 2090 4336 Verbum

498 4353 695 4407 )‘ilium
712 4355 889 4408 caelos
903 4355 1114 4413 ﬁrmat,
1128 4368 1228 4419 per
1241 4354 1511 4415 Spiritum
1528 4355 1773 4416 roborat,
1786 4357 2089 4410 manifeste

492 4426 831 4489 ostenditur,
879 4427 1017 4489 quia
1060 4438 1244 4477 unum
1282 4426 1448 4476 Pater
1482 4425 1538 4477 et
1561 4423 1737 4477 Filius
1762 4430 1820 4477 et
1845 4427 2088 4491 Spiritus

490 4504 799 4563 operantur
844 4498 1021 4562 (Hebr.
1063 4497 1154 4560 1.).
1190 4495 1300 4548 Sed
1334 4501 1393 4549 et
1413 4495 1507 4548 hic
1527 4495 1669 4549 alios
1695 4498 1872 4551 caelos
1897 4499 2094 4552 divina

491 4571 703 4623 virtute
740 4571 999 4622 firmatos
1030 4567 1422 4634 intelligimus,
1446 4568 1504 4621 id
1530 4573 1639 4633 est,
1670 4571 1994 4635 Apostolos,
2022 4573 2093 4623 de

492 4640 704 4705 quibus
744 4642 1025 4704 scriptum
1069 4644 1177 4703 est,
1225 4639 1361 4691 Coeli
1405 4647 1676 4694 enarrant
1717 4642 1958 4705 gloriam
1992 4644 2092 4696 Dei

2194 1923 2398 1984 Deum,
2416 1920 2719 1973 conﬁrmat
2740 1934 2848 1973 nos
2868 1921 2928 1972 in
2951 1920 3154 1974 timore
3176 1921 3299 1985 Dei,
3315 1934 3453 1973 cum
3470 1920 3790 1985 subiungit.

2193 1993 2233 2042 A
2244 1992 2272 2042 ὁ
2287 2008 2343 2042 eo
2368 1998 2542 2042 autem
2563 1998 2999 2042 commoveantur
3013 2008 3195 2043 omnes
3211 1992 3586 2043 inhabitantes
3603 1992 3789 2043 orbem.

2194 2066 2680 2116 Commoveantur
2704 2076 2907 2116 omnes
2919 2065 2989 2116 ab
3013 2063 3126 2116 illo.
3145 2066 3274 2116 Non
3291 2064 3534 2116 timeant
3551 2064 3790 2116 alterum

2194 2141 2403 2201 praeter
2426 2136 2604 2188 illum.
2641 2136 2819 2197 Furit,
2848 2136 3035 2197 saevit,
3060 2148 3299 2200 serpens
3320 2135 3662 2200 insidiatur,
3684 2135 3790 2186 odit

2194 2209 2385 2271 homo,
2398 2208 2664 2260 diabolus
2676 2208 2980 2272 impugnat
2992 2221 3004 2258 :
3018 2208 3201 2261 Deum
3213 2208 3370 2260 time.
3383 2212 3503 2257 Tota
3513 2210 3660 2257 enim
3674 2222 3791 2258 crea-

2195 2286 2321 2333 tura
2334 2281 2442 2331 sub
2465 2279 2561 2332 illo
2576 2284 2684 2342 est,
2703 2292 2873 2344 quem
2888 2280 3110 2344 juberis
3125 2280 3326 2332 timere
3345 2297 3357 2328 :
3382 2280 3522 2331 Unde
3532 2286 3585 2330 et
3594 2282 3786 2330 subdit:

2256 2352 2306 2407 9.
2347 2352 2621 2413 Quoniam
2654 2351 2764 2415 ipse
2786 2352 2926 2401 dixit
2948 2356 2994 2400 et
3016 2351 3162 2414 facta
3182 2356 3308 2401 sunt
3332 2369 3344 2401 :
3372 2352 3484 2415 ipse
3506 2351 3789 2401 mandavit

2192 2430 2238 2474 et
2281 2430 2457 2474 creata
2497 2428 2643 2474 sunt.
2678 2423 2885 2475 Omnia
2919 2423 3071 2484 fecit,
3095 2424 3289 2475 omnia
3311 2429 3653 2486 sequuntur
3672 2423 3785 2487 ejus

2193 2496 2512 2561 imperium.
2532 2496 2647 2560 Ipse
2666 2494 2829 2558 dirit,
2854 2495 3008 2547 idest
3036 2495 3233 2557 voluit,
3247 2500 3292 2545 et
3312 2494 3461 2558 facta
3473 2501 3614 2546 sunt
3631 2495 3787 2545 omnia

2193 2581 2267 2620 ex
2290 2568 2521 2620 informi
2558 2568 2815 2619 materia.
2840 2568 2925 2619 De
2948 2567 3176 2619 informi
3196 2572 3393 2619 autem
3414 2567 3687 2625 materia,
3700 2579 3787 2631 per

2194 2639 2534 2691 mandatum
2564 2640 2689 2704 ejus
2708 2638 2931 2703 species
2947 2652 3084 2690 suas
3100 2639 3323 2704 accepit
3336 2638 3531 2691 omnis
3547 2645 3781 2688 creatura.

2194 2713 2322 2776 Ipse
2343 2711 2443 2775 qui
2468 2712 2660 2761 omnia
2682 2710 2813 2761 fecit
2829 2712 3022 2768 verbo,
3036 2715 3093 2762 et
3108 2710 3325 2762 creavit
3336 2710 3649 2763 mandato:
3667 2722 3783 2760 cum

2188 2783 2370 2845 jubet,
2398 2786 2699 2834 moventur
2724 2798 2735 2831 :
2762 2794 2895 2833 cum
2913 2781 3098 2847 jubet,
3120 2782 3426 2845 quiescunt
3453 2796 3466 2828 :
3488 2786 3553 2834 et
3579 2780 3781 2833 malitia

2192 2853 2493 2906 hominum
2527 2852 2899 2916 cupiditatem
2922 2853 3167 2906 nocendi
3191 2853 3401 2905 habere
3436 2852 3637 2905 valet:
3668 2863 3782 2917 pro-

2192 2925 2372 2986 priam
2399 2928 2760 2989 potestatem,
2781 2925 2830 2975 si
2851 2924 2943 2976 ille
2958 2938 3071 2977 non
3089 2925 3207 2990 dat,
3219 2938 3334 2977 non
3349 2925 3539 2978 habet.
3560 2927 3694 2978 Non
3706 2928 3781 2975 est

2193 2998 2346 3049 enim
2370 3000 2645 3063 potestas,
2662 2996 2775 3048 nisi
2795 3009 2830 3048 a
2852 2998 2970 3048 Deo
2986 2997 3157 3060 (Rom.
3177 2996 3303 3061 13.).
3322 2996 3452 3048 Ideo
3475 2995 3551 3048 ad
3551 2997 3575 3061 j
3587 2995 3748 3061 ungit
3766 3011 3775 3041 :

2198 3084 2215 3099 ί
2264 3067 2341 3123 [0.
2372 3067 2636 3117 Dominus
2653 3067 2878 3130 dissipat
2901 3068 3128 3117 consilia.
3147 3068 3407 3132 gentium.
3438 3070 3584 3129 Qum
3601 3066 3779 3120 Eccle-

2187 3140 2331 3191 sium
2356 3140 2639 3204 putabant
2662 3139 2974 3202 destruere,
2990 3144 3048 3191 et
3069 3138 3221 3191 idola
3243 3143 3299 3191 et
3321 3139 3562 3192 deorum
3579 3137 3774 3203 templa

2188 3210 2489 3264 aedificare.
2530 3209 2792 3274 Reprobat
2834 3216 3015 3260 autem
3056 3210 3399 3274 cogitationes
3427 3211 3770 3276 populorum,

2186 3282 2242 3334 id
2260 3287 2351 3334 est
2381 3281 2737 3340 Judmorum,
2762 3281 2861 3345 qui
2895 3286 3128 3347 propter
3146 3282 3335 3347 legem
3359 3282 3418 3334 in
3439 3294 3553 3346 qna
3588 3282 3771 3334 vivere

2187 3354 2529 3416 debuerunt,
2565 3352 2759 3416 populi
2797 3366 2911 3405 non
2962 3353 3249 3406 immerito
3297 3353 3565 3418 appellati
3626 3356 3768 3405 sunt.

2186 3425 2573 3489 Cogitationes
2597 3437 2797 3476 eorum
2836 3424 3070 3477 fuerunt
3092 3425 3164 3477 de
3186 3429 3359 3491 gente
3380 3425 3699 3487 retinenda,
3723 3428 3771 3475 et

2187 3497 2309 3549 loco
2356 3497 2535 3559 (Joan.
2591 3494 2715 3559 11.).
2771 3495 2841 3546 Et
2888 3496 3133 3561 reprobat
3182 3496 3409 3547 consilia
3440 3497 3769 3563 principum,

2186 3569 2249 3620 Id
2268 3572 2357 3620 est
2375 3567 2813 3630 daemoniorum,
2828 3572 2886 3619 et
2910 3582 3133 3631 regum,
3150 3572 3207 3621 et
3230 3569 3463 3633 ducum,
3480 3574 3537 3621 et
3560 3567 3771 3633 pontiﬁ-

2188 3654 2321 3692 cum
2341 3654 2353 3689 :
2381 3652 2627 3702 quorum
2657 3640 2892 3703 quidem
2912 3640 3217 3693 consilium
3240 3641 3365 3705 fuit,
3382 3646 3447 3693 ut
3466 3642 3675 3693 Jesum
3694 3640 3771 3691 in-

2188 3712 2515 3763 terﬁcerent
2537 3710 2812 3775 (Ibidem.).
2834 3711 2944 3765 Sed
2959 3712 3017 3763 in
3036 3712 3143 3764 hoc
3160 3718 3246 3764 est
3269 3712 3634 3778 dissipatum,
3652 3711 3767 3775 quia

2187 3796 2320 3835 eum
2344 3795 2519 3846 quem
2543 3782 2895 3841 occiderunt,
2910 3784 3151 3836 retinere
3172 3785 3231 3836 in
3255 3788 3437 3836 morte
3459 3796 3581 3836 non
3597 3782 3768 3837 value-

2187 3858 2341 3908 runt.
2356 3856 2482 3906 Non
2498 3854 2650 3906 enim
2668 3860 2759 3907 est
2782 3855 3079 3920 sapientia,
3095 3868 3210 3908 non
3229 3857 3317 3909 est
3332 3855 3656 3921 prudentia,
3669 3866 3768 3906 non

2188 3932 2275 3979 est
2300 3926 2607 3978 consilium
2630 3930 2831 3979 contra
2857 3926 3166 3980 hominum
3191 3927 3368 3989 (Prov.
3399 3927 3531 3990 21.).

2254 3997 2337 4053 11.
2382 3997 2688 4049 Consilium
2730 4004 2911 4049 autem
2945 3999 3169 4050 Domini
3207 3998 3268 4049 in
3290 4004 3550 4049 aeternum
3580 4003 3765 4049 mna.

2190 4069 2369 4127 Unde,
2397 4069 2509 4121 nisi
2526 4069 2594 4120 de
2618 4069 2805 4132 nobis,
2820 4083 2966 4135 quos
2991 4074 3125 4123 ante
3146 4070 3437 4135 prmscivit
3457 4072 3516 4124 et
3530 4070 3769 4135 prmdes—

2192 4140 2438 4193 tinavit‘?
2463 4140 2602 4203 Quis
2628 4140 2773 4193 tollit
2797 4141 3360 4206 prcedestinationem
3385 4142 3509 4194 Filii
3530 4143 3638 4195 Dei
3656 4140 3769 4192 ante

2188 4212 2394 4265 mundi
2440 4213 2910 4265 constitutionem
2960 4215 3125 4278 (Rom.
3163 4212 3272 4277 8.)?
3306 4212 3464 4266 Vidit
3486 4226 3614 4273 nos,
3651 4210 3769 4265 fecit

2190 4297 2319 4347 nos,
2337 4284 2677 4336 emundavit
2698 4298 2806 4337 nos
2822 4300 2834 4336 :
2850 4285 3007 4338 misit
3031 4285 3105 4337 ad
3127 4298 3251 4349 nos,
3266 4284 3509 4339 redemit
3524 4298 3652 4338 nos.
3664 4284 3766 4336 Hoc

2190 4358 2318 4420 ejus
2338 4355 2645 4408 consilium
2658 4361 2848 4408 manet
2872 4356 2933 4408 in
2953 4361 3253 4410 aeternum.
3288 4358 3646 4422 Cogitationes
3666 4370 3769 4407 cor-

2191 4428 2275 4478 dis
2297 4427 2411 4492 ejus
2437 4428 2493 4477 in
2511 4429 2851 4493 generatione
2879 4432 2929 4479 et
2958 4430 3371 4491 generationem.
3398 4430 3569 4489 Idest.
3594 4429 3770 4492 disptr

2194 4500 2430 4552 sitiones
2463 4500 2608 4564 ejus,
2634 4512 2766 4564 quae
2788 4500 2914 4553 ideo
2953 4499 3103 4569 I44
3128 4500 3399 4569 dicuntur
3420 4501 3629 4565 cordis,
3650 4498 3767 4564 quia

2193 4572 2607 4624 rationabiliter
2629 4568 2986 4631 ordinantur,
3017 4573 3075 4624 in
3101 4568 3333 4626 omnem
3357 4574 3767 4638 generationem

2194 4643 2604 4695 extenduntur.
2633 4643 2799 4695 Unde
2820 4648 2878 4697 et
2900 4643 3168 4696 subditur
3194 4657 3206 4694 :

493 4710 797 4775 (Petit/18.).
814 4714 961 4763 Istos
988 4710 1353 4773 omnipotens
1375 4713 1528 4765 Deus
1554 4713 1624 4765 de
1647 4713 1892 4766 inﬁrmis
1912 4714 2095 4767 homi-
2114 4706 2170 4781 D
2258 4713 2344 4769 12.
2380 4716 2548 4767 Beata
2584 4730 2712 4779 gens
2749 4716 2904 4780 cujus
2934 4723 3003 4764 est
3044 4715 3308 4767 Dominus
3335 4715 3474 4765 Deus
3494 4714 3625 4778 ejus.
3647 4711 3766 4777 Quis

493 4784 665 4835 nibus
688 4781 867 4834 cmlos
890 4781 1041 4842 fecit,
1061 4783 1250 4834 Verbo
1265 4783 1558 4848 instruxit,
1573 4785 1785 4849 Spiritu
1800 4786 2097 4838 confirma

494 4854 595 4917 vit,
634 4866 735 4918 per
773 4864 1005 4905 omnem
1040 4858 1250 4906 terram
1285 4855 1479 4909 misit:
1507 4861 1565 4909 et
1589 4869 1753 4909 suam
1774 4857 2085 4911 misericor-

492 4925 666 4989 diam,
691 4925 749 4976 id
774 4928 883 4987 est,
926 4925 1331 4979 remissionem
1373 4934 1743 4992 peccatorum
1793 4929 2094 4994 praedicari

494 4996 785 5061 praecepit.
812 4996 919 5059 Qui
943 4996 1232 5050 intantum
1260 4999 1471 5064 Spiritu
1492 5000 1607 5051 oris
1624 5000 1723 5051 Dei
1748 5001 1944 5066 repleti
1965 5004 2101 5054 sunt

495 5068 623 5130 (Act.
651 5066 743 5133 2.),
766 5073 830 5120 ut
855 5069 935 5120 eis
960 5067 1261 5133 diceretur,
1283 5072 1406 5121 Non
1437 5071 1591 5122 enim
1620 5084 1723 5123 vos
1741 5072 1883 5124 estis
1907 5073 2004 5137 qui
2021 5074 2097 5124 lo-

494 5139 750 5203 quimini,
767 5139 869 5193 sed
887 5139 1129 5203 Spiritus
1143 5143 1326 5193 Patris
1336 5142 1529 5202 vestri,
1543 5142 1642 5205 qui
1658 5145 1943 5203 loquituriu
1958 5148 2099 5195 vobis

494 5210 700 5274 (Matth.
737 5210 863 5275 10.).
910 5212 1192 5265 Sseviebat
1232 5218 1373 5265 tunc
1394 5225 1571 5274 mare,
1596 5213 1655 5264 id
1679 5218 1786 5275 est,
1815 5215 2096 5275 seculum,

489 5282 825 5347 ingentibus
843 5284 1115 5337 fluctibus
1129 5284 1621 5349 persequentium,
1640 5285 1795 5349 quod
1806 5290 1953 5336 modo
1967 5291 2021 5338 in
2031 5295 2098 5338 ter

492 5367 631 5406 suos
658 5355 936 5407 terminos
955 5359 1152 5408 manet
1173 5355 1485 5408 inclusum.
1513 5355 1675 5408 Unde
1700 5361 1757 5408 et
1792 5359 2092 5411 subditur:

554 5425 605 5479 7.
638 5425 1003 5489 .Congregans
1043 5429 1180 5477 sicut
1223 5426 1284 5475 in
1328 5431 1447 5475 utre
1495 5442 1669 5492 aquas
1706 5430 1896 5481 maris.
1938 5431 2095 5483 Salsa

491 5496 643 5548 enim
671 5497 776 5562 (Ea:
800 5498 963 5562 Aug.,
988 5498 1137 5560 ibid.)
1163 5508 1315 5561 aqua
1335 5498 1533 5563 maris,
1549 5499 1605 5552 id
1619 5504 1727 5566 est,
1744 5501 1988 5567 populus
2012 5503 2098 5554 in-

491 5568 680 5644 f_ld_el_is
716 5574 773 5621 et
804 5583 1057 5644 amarus,
1083 5570 1183 5633 qui
1205 5571 1487 5644 remansit
1511 5583 1528 5644 ἡ·
1551 5573 1696 5626 inter
1720 5574 2095 5638 Christianos,

500 5637 771 5708 I43iam
787 5654 906 5696 non
920 5640 1099 5694 audet
1116 5642 1337 5696 saevire.
1358 5643 1660 5697 Occultum
1685 5653 1849 5695 autem
1865 5637 2096 5697 murmur

487 5712 638 5764 rodit
673 5712 816 5779 ipse,
849 5713 999 5766 intra
1033 5714 1332 5768 mortalem
1368 5716 1574 5782 pellem
1610 5718 1801 5771 fremit
1824 5718 2096 5771 conclusa

2197 4786 2303 4849 (Εω
2338 4787 2500 4851 Aug.,
2540 4787 2747 4839 Enarr.
2796 4786 2865 4853 3.)
2914 4787 3025 4839 hoc
3057 4786 3274 4851 audito,
3314 4800 3427 4839 non
3470 4787 3651 4847 erigat
3672 4786 3766 4835 se?

2192 4861 2407 4910 Amant
2450 4858 2713 4911 homines
2751 4860 2854 4925 [Αι.
2893 4861 3114 4923 omnes)
3144 4858 3552 4923 beatitudines,
3578 4864 3636 4911 et
3657 4856 3765 4925 ideo

2196 4930 2451 4993 perversi
2475 4934 2613 4983 sunt
2645 4922 2931 4990 homines,
2966 4922 3111 4994 quia
3124 4930 3258 4982 mali
3281 4942 3412 4982 esse
3434 4929 3656 4989 volunt,
3681 4922 3764 4978 sed

2196 5000 2392 5053 miseri
2436 5001 2658 5054 nolunt.
2699 5004 2769 5055 Et
2806 5014 2936 5053 cum
2981 5002 3057 5054 sit
3088 5001 3324 5054 malitiae
3356 5014 3548 5053 comes
3582 4995 3765 5053 indivi-

2199 5072 2313 5124 dua
2333 5073 2578 5137 miseria,
2615 5074 2709 5125 isti
2735 5087 3002 5137 perverse
3022 5073 3126 5138 (At.
3154 5074 3428 5138 perversi]
3459 5086 3574 5125 non
3599 5072 3760 5125 solum

2195 5144 2332 5197 mali
2366 5158 2493 5197 esse
2518 5146 2742 5219 volunt,
2772 5150 2828 5198 et
2844 5145 3047 5219 miseri
3069 5145 3311 5219 nolunt:
3348 5143 3504 5219 quod
3528 5144 3649 5219 ﬁeri
3667 5152 3761 5219 non

2196 5220 2387 5282 potest
2423 5233 2435 5268 :
2474 5218 2577 5270 sed
2608 5217 2736 5271 ideo
2770 5217 2971 5272 volunt
2995 5229 3126 5270 esse
3148 5216 3303 5281 mali,
3329 5230 3402 5269 ne
3438 5216 3555 5268 sint
3573 5216 3759 5267 miseri.

2198 5290 2440 5341 Furtum
2463 5290 2596 5342 facit
2621 5289 2847 5355 aliquis.
2863 5289 3086 5353 Qumris
3112 5291 3325 5355 quare?
3339 5291 3572 5354 Propter
3586 5291 3762 5343 famem,

2194 5362 2425 5434 propter
2449 5362 3036 5427 necessitatem.Ergo
3059 5374 3134 5434 ne
3154 5360 3334 5413 miser
3357 5361 3451 5425 sit,
3469 5360 3655 5434 malus
3676 5356 3760 5434 est:

2196 5433 2265 5484 Et
2309 5432 2436 5484 ideo
2472 5434 2756 5497 miserior,
2794 5434 2930 5498 quia
2962 5432 3172 5486 malus.
3208 5434 3442 5499 Semper
3470 5446 3605 5498 ergo
3637 5429 3759 5483 beati

2194 5516 2324 5556 esse
2354 5504 2576 5569 volunt,
2604 5506 2725 5559 sive
2749 5506 2898 5559 male
2924 5506 3208 5569 viventes,
3245 5506 3365 5557 sive
3387 5506 3534 5558 bene
3550 5504 3759 5557 viventes,

2195 5578 2321 5628 Non
2345 5582 2515 5629 erunt
2538 5583 2751 5643 autem,
2782 5578 2894 5631 nisi
2918 5578 3015 5641 illi,
3041 5578 3141 5643 qui
3164 5578 3308 5643 justi
3333 5577 3556 5630 fuerint.
3591 5580 3761 5640 Quam!

2193 5648 2369 5713 igitur
2393 5649 2533 5713 quid
2556 5650 2799 5716 habeas,
2827 5654 2892 5703 ut
2917 5651 3125 5704 beatus
3152 5650 3251 5703 sis.
3285 5649 3434 5703 Fieri
3456 5654 3648 5703 autem
3666 5654 3759 5701 non

2195 5725 2407 5786 potest,
2455 5727 2523 5775 ut
2566 5735 2659 5776 res
2696 5723 2943 5777 deterior
2972 5728 3025 5776 te
3048 5723 3219 5778 faciat
3239 5722 3550 5778 meliorem.
3582 5718 3760 5782 Accipe

556 5885 572 5905 ⁸
611 5877 901 5954 Veriusin
933 5877 1094 5943 vulg.
1121 5881 1472 5946 Augustino,
1501 5883 1780 5945 remansit,
1821 5884 1873 5932 in
1915 5885 2256 5937 Christianos
2293 5887 2476 5939 saevire
2505 5903 2619 5941 non
2648 5890 2829 5954 audet,
2855 5890 3119 5942 occultum
3144 5895 3323 5942 autem
3359 5904 3614 5940 murmur
3644 5882 3758 5937 rodit

496 5946 551 5995 in
576 5961 643 6007 se,
671 5952 717 5996 ct
747 5947 920 6006 intra,
946 5954 1055 6000 etc.
