3890 6420
90 422 196 479 761

86 618 234 681 quid
269 618 350 671 sit
376 619 583 673 melius
619 622 703 673 te:
751 626 809 674 et
832 621 967 674 inde
989 622 1256 687 efﬁcieris
1284 622 1485 675 melior
1518 627 1593 676 te.
1632 627 1699 677 In

83 690 291 742 animo
313 694 406 743 est
429 692 584 755 quod
611 693 844 757 quieris.
882 696 1094 746 Beatus
1116 694 1272 746 enim
1303 707 1434 747 esse
1457 696 1567 760 vis,
1596 706 1613 725 ·
1638 698 1700 748 in

87 761 292 813 animo
307 766 409 815 tuo
420 775 619 827 quaere
631 764 771 828 quid
787 765 1099 817 sitmelius.
1120 768 1261 818 Cum
1280 766 1433 817 enim
1448 767 1562 819 duo
1581 769 1698 820 sint

87 834 386 897 quaedam,
404 835 633 887 animus
657 840 715 887 et
728 849 961 901 corpus:
988 841 1045 889 et
1069 838 1129 888 in
1151 838 1281 889 istis
1305 838 1532 890 duobus
1557 840 1698 891 illud

88 905 171 957 sit
191 906 406 958 melius
422 907 578 970 quod
597 907 805 960 dicitur
821 909 1050 960 animus
1066 923 1079 959 :
1093 914 1285 974 potest
1298 923 1508 975 corpus
1532 915 1696 963 tuum

88 977 304 1031 melius
318 978 440 1030 fieri
459 990 557 1042 per
568 978 882 1041 meliorem,
895 980 1029 1044 quia
1042 981 1369 1045 subjectum
1387 985 1476 1033 est
1486 995 1697 1047 corpus

86 1049 307 1101 animo.
329 1052 403 1103 Ut
427 1062 561 1102 cum
579 1050 749 1103 fuerit
771 1051 969 1115 justus
993 1052 1223 1105 animus
1245 1051 1413 1117 tuus,
1428 1054 1502 1104 sit
1525 1054 1695 1106 etiam

88 1126 301 1186 postea
323 1121 645 1175 immortale
683 1135 890 1188 corpus
937 1128 1102 1175 tuum
1140 1123 1209 1187 (1.
1250 1124 1370 1175 Cor.
1420 1123 1545 1187 15.).
1594 1127 1695 1178 Per

84 1192 272 1244 animi
296 1192 959 1246 etiamilluminationem
983 1197 1237 1247 meretur
1260 1207 1469 1260 corpus
1494 1196 1554 1247 in
1571 1208 1697 1248 cor-

85 1264 419 1328 ruptionem
448 1282 461 1312 :
478 1269 541 1316 ut
558 1265 656 1317 iiat
670 1265 953 1319 inferioris
969 1266 1250 1331 reparatio
1268 1279 1368 1332 per
1379 1267 1691 1321 meliorem.

87 1336 147 1386 Si
183 1347 322 1400 ergo
344 1336 596 1401 corporis
629 1336 711 1389 tui
753 1338 970 1389 bonum
999 1338 1230 1389 animus
1255 1343 1393 1391 tuus
1426 1341 1533 1403 est,
1560 1339 1697 1403 quia

87 1419 331 1473 corpore
356 1412 455 1459 tuo
492 1408 694 1461 melior
716 1415 838 1462 est:
881 1422 1014 1461 cum
1047 1410 1262 1474 quaeris
1289 1412 1483 1461 bouun
1506 1413 1693 1477 tuum,

88 1479 238 1531 illud
266 1491 463 1544 quaere
497 1480 650 1544 quod
688 1481 895 1534 melius
928 1487 1020 1533 est
1050 1482 1244 1534 animo
1277 1487 1394 1533 tuo.
1436 1482 1581 1543 Quid
1606 1489 1694 1536 est

84 1554 291 1603 autem
333 1550 561 1603 animus
595 1556 772 1604 tuus?
806 1553 1086 1604 Attende:
1128 1554 1184 1604 in
1223 1553 1414 1605 animo
1460 1556 1559 1605 tuo
1601 1558 1697 1607 est

32 1644 33 1659 ξ
86 1623 284 1683 imago
301 1623 419 1674 Dei.
440 1624 599 1674 Mens
614 1623 865 1675 hominis
881 1624 1102 1689 accepit
1116 1636 1269 1687 eam,
1287 1628 1345 1676 et
1362 1623 1694 1677 inclinando

32 1728 33 1733 η
83 1707 153 1746 se
175 1694 250 1747 ad
274 1698 571 1759 peccatum
589 1695 939 1748 decoloravit
957 1708 1103 1749 eam.
1135 1698 1264 1760 Ipse
1280 1696 1354 1748 ad
1378 1709 1507 1748 eam
1532 1699 1695 1750 venit

32 1798 33 1837 χ
82 1767 438 1827 reformator,
455 1767 555 1831 qui
571 1773 693 1819 erat
706 1767 754 1831 ej
763 1780 830 1819 us
843 1781 916 1819 an
924 1773 1013 1820 tea
1024 1767 1314 1820 formator.
1332 1769 1504 1820 Venit
1522 1770 1689 1829 ipsum

32 1842 35 1879 ἱ
87 1840 364 1904 Verbum,
383 1844 448 1891 ut
461 1839 796 1892 audivimus
812 1841 884 1891 ab
895 1839 1189 1903 Apostolo:
1208 1839 1617 1891 Reformamini
1633 1841 1692 1893 in

32 1918 35 1951 ί
83 1911 352 1964 novitate
363 1923 572 1963 sensus
593 1912 766 1964 vestri
780 1910 1090 1975 (Rom.i2.).
1110 1912 1240 1963 Jam
1264 1923 1396 1973 ergo
1410 1917 1690 1976 superest,

1081 428 1155 480 ΙΝ
1187 427 1514 481 PSALMOS
1551 430 1758 482 LXXV
1790 432 2376 486 COMMENTARIUS.

86 547 293 620 itaque
308 546 838 620 iideleconsilium.
872 548 1072 603 Melior
1096 555 1152 602 te
1176 550 1265 602 vis
1298 553 1465 603 esse?
1500 564 1698 616 quaere
1725 549 1773 620 Α

3296 438 3401 494 762

1862 545 1947 602 15.
1996 548 2101 607 Qui
2136 547 2303 611 ﬁnxit
2346 545 2669 611 singillatim
2713 546 2880 597 corda
2901 562 3108 602 eorum.
3130 548 3277 613 Quia
3301 552 3400 605 alii

1798 618 1968 670 datus
1991 624 2081 672 est
2105 632 2294 672 sermo
2315 618 2630 684 sapientiai,
2656 618 2751 670 alii
2768 631 2958 672 sermo
2981 620 3263 681 scientiae,
3304 624 3398 678 alii

1797 703 2006 755 genera
2030 691 2377 757 linguarum,
2404 690 2532 742 aliis
2552 690 2741 753 aliaet
2763 689 2992 743 diversa
3013 692 3163 744 dona
3182 696 3400 758 gratia-

1798 778 1946 827 rum,
1961 777 2096 829 qum
2119 778 2273 817 unus
2290 764 2555 827 idemque
2569 763 2632 815 in
2646 764 2730 816 eis
2748 768 3020 829 operatus
3036 770 3128 818 est
3149 767 3396 830 Spiritus

1797 837 1870 899 (1.
1903 838 2021 889 Cor.
2042 836 2166 901 12.).
2193 838 2298 897 Qui
2313 837 2563 899 intelligit
2577 837 2767 886 omnia
2790 851 2953 900 opera
2968 851 3174 889 eorum.
3201 839 3263 890 Id
3287 846 3401 905 est,

1799 910 2081 961 secretius
2096 909 2407 960 etinterius
2418 908 2593 960 videt.
2613 908 2959 971 Expressius
2971 907 3080 960 hoc
3097 910 3224 958 dixit
3240 925 3392 970 quam

1800 982 1847 1033 si
1871 982 2118 1034 diceret:
2145 981 2316 1033 Videt
2338 981 2532 1033 omnia
2553 994 2724 1045 opera
2747 992 2965 1033 eorum.
2986 982 3112 1032 Non
3130 982 3286 1034 enim
3310 996 3398 1036 so-

1795 1052 2092 1106 lummodo
2108 1052 2266 1105 videt
2286 1054 2443 1105 Deus
2459 1053 2650 1104 omnia
2665 1065 2852 1116 opera,
2867 1064 3000 1116 quae
3017 1052 3266 1117 agimus,
3291 1055 3395 1107 sed

1796 1126 1966 1177 etiam
1992 1123 2257 1187 intelligit
2272 1128 2330 1176 et
2357 1124 2644 1176 subtiliter
2660 1123 2924 1185 attendit,
2945 1136 3060 1187 qua
3080 1124 3396 1187 voluntate,

1796 1210 1912 1262 qua
1934 1197 2252 1250 intentione
2287 1195 2489 1248 cadam
2509 1196 2809 1248 faciamus.
2831 1197 2983 1247 Dant
3004 1195 3119 1247 duo
3146 1198 3400 1262 pauperi-

1797 1270 1906 1321 bus
1924 1268 2031 1331 (Ea:
2048 1270 2212 1332 Aug.,
2239 1268 2453 1317 Ennar.
2477 1266 2572 1333 3.):
2595 1280 2749 1319 unus
2769 1266 2879 1318 sibi
2893 1266 3220 1318 mercedem
3241 1280 3400 1331 quae-

1795 1341 1870 1394 rit
1883 1340 2179 1394 ccelestem
2196 1354 2210 1402 ;
2223 1339 2371 1392 alius
2386 1339 2706 1392 humanam
2722 1338 2854 1391 laud
2862 1350 2972 1390 em.
2992 1338 3079 1390 Tu
3095 1337 3156 1389 in
3168 1338 3397 1394 duobus

1797 1426 1971 1465 unam
1986 1425 2111 1466 rem
2134 1412 2318 1473 vides,
2336 1413 2492 1465 Deus
2508 1412 2655 1464 duas
2667 1409 2951 1474 intelligit.
2971 1412 3041 1462 Et
3061 1411 3213 1462 sicut
3232 1410 3399 1465 intel-

1796 1486 1939 1549 ligit,
1963 1485 2044 1537 ita
2062 1484 2286 1549 judicat
2307 1488 2364 1536 et
2378 1483 2670 1535 discernit.
2686 1481 2850 1535 Unde
2865 1484 2922 1534 et
2935 1480 3247 1545 aliquando
3263 1497 3400 1537 con-

1797 1556 1985 1621 tingit,
2006 1557 2142 1609 utin
2157 1569 2275 1609 uno
2287 1556 2606 1620 eodemque
2622 1566 2791 1617 opere
2804 1553 2983 1607 alium
3001 1555 3223 1614 damnet,
3237 1551 3397 1599 alium

1795 1642 1913 1681 rem
1923 1630 2136 1681 uneret.
2156 1630 2221 1680 Et
2237 1628 2372 1692 quia
2385 1626 2652 1689 superius
2675 1626 2916 1687 dixerat,
2935 1627 3143 1677 Beatus
3159 1624 3398 1685 populus,

1792 1714 1969 1765 quem
1994 1701 2168 1765 elegit
2189 1700 2249 1751 in
2271 1699 2674 1753 hasreditatem
2688 1698 2799 1750 sibi
2818 1713 2831 1749 :
2848 1711 2921 1751 ne
2942 1698 3232 1751 videretur
3253 1693 3395 1747 divi-

1796 1778 1882 1826 tes
1899 1776 1957 1825 et
1969 1776 2254 1838 potentes,
2267 1783 2386 1824 non
2401 1783 2685 1835 pauperes
2697 1770 2961 1834 elegisse,
2975 1771 3088 1819 ideo
3103 1768 3395 1828 subjungit:

1856 1845 1941 1900 16.
1968 1845 2095 1895 Νοη
2120 1844 2365 1894 solvatur
2381 1860 2476 1894 rese
2498 1860 2594 1906 per
2614 1843 2848 1892 multam
2882 1842 3151 1901 virtutem,
3177 1844 3222 1889 et
3243 1839 3397 1903 gigas

1797 1933 1911 1968 non
1932 1917 2233 1967 salvabitur
2255 1916 2317 1965 in
2340 1916 2694 1966 multitudine
2716 1914 2931 1964 virtutis
2945 1928 3072 1964 suae.
3098 1913 3290 1964 Terra
3315 1922 3397 1962 re-

31 1986 36 2024 ί
80 1987 155 2034 ut
175 1962 567 2047 quaerasiquid
584 1962 896 2042 Sitmélius.
917 1962 1092 2046 quid!
1108 1962 1517 2034 animu§tuu§-
1536 1962 1691 2046 Quid
1719 1962 1772 2036 Β
1797 1962 1906 2054 ἐέὲὲ
1926 1962 2475 2053 assesasses;
2487 1962 2857 2051 uestes...
2879 1962 3028 2038 inse
3053 1962 3279 2048 genus
3298 1983 3403 2033 for-

32 2062 35 2093 ι
80 2054 212 2118 erit,
225 2055 485 2119 obsecro,
502 2055 1102 2107 nisiDeustuus?Non
1130 2057 1332 2104 invenis
1348 2057 1489 2104 aliud
1501 2058 1687 2105 melius

32 2132 36 2168 ι
76 2126 281 2179 animo
296 2131 414 2191 tuo,
440 2127 576 2190 quia
598 2140 731 2179 cum
748 2126 913 2179 fuerit
936 2126 1189 2191 perfecta
1211 2130 1417 2179 natura
1438 2131 1557 2192 tua,
1585 2140 1686 2180 an-

32 2230 35 2241 ι
77 2197 232 2261 gelis
245 2199 572 2264 mquabitur
586 2199 796 2264 (Matth.
816 2197 941 2262 22.).
966 2200 1094 2249 Jam
1121 2211 1294 2264 supra
1315 2211 1431 2249 non
1455 2202 1547 2251 est
1570 2199 1681 2250 nisi

31 2282 36 2312 ι
77 2272 335 2323 Greater.
354 2270 518 2334 Erige
541 2274 598 2322 te
622 2270 693 2322 ad
716 2270 893 2321 illum.
922 2269 1049 2321 Noli
1074 2269 1295 2321 dicere:
1322 2268 1569 2321 Multum
1594 2275 1684 2321 est

31 2354 37 2385 ι
76 2342 157 2393 ad
180 2354 276 2394 me
289 2342 484 2405 (Matth
508 2340 598 2405 6.).
623 2343 790 2393 Forte
806 2341 995 2404 magis
1017 2340 1269 2392 multum
1291 2345 1379 2392 est
1403 2341 1476 2391 ad
1501 2345 1558 2393 te
1583 2341 1686 2392 ha-

32 2426 37 2455 ι
78 2414 222 2465 bere
252 2426 480 2476 aurum,
511 2425 688 2477 quam
715 2413 1048 2465 Dominum.
1074 2415 1299 2464 Aurum
1331 2412 1380 2464 si
1412 2410 1685 2475 volueris,

32 2496 37 2531 ξ
78 2485 331 2537 forsitan
352 2497 471 2537 non
486 2484 758 2537 habebis:
790 2487 976 2537 Deum
988 2495 1121 2536 cum
1141 2483 1409 2545 volueris,
1425 2483 1682 2536 habebis.

32 2570 37 2601 ι
77 2557 226 2619 Quia
250 2560 310 2610 et
348 2562 659 2621 antequam
683 2556 877 2618 velles,
906 2557 1071 2608 venit
1108 2555 1183 2609 ad
1211 2560 1294 2608 te:
1322 2560 1381 2608 et
1413 2568 1547 2607 cum
1587 2556 1683 2605 ad-

32 2642 37 2677 l
77 2641 254 2681 versa
286 2628 584 2682 voluntate
608 2642 788 2692 esses,
829 2629 1057 2681 vocavit
1078 2634 1134 2681 te
1162 2629 1343 2691 (Prov.
1375 2628 1449 2694 1.)
1484 2646 1497 2681 :
1536 2635 1595 2682 et
1622 2635 1686 2682 ut

31 2716 38 2746 ι
75 2711 402 2754 conversus
426 2714 609 2760 esses,
634 2701 833 2753 terruit
851 2704 938 2752 te:
967 2705 1167 2752 etcum
1193 2700 1430 2751 territus
1449 2702 1687 2753 conﬁte—

32 2788 37 2819 ;
76 2772 241 2831 reris,
266 2772 596 2824 consolatus
620 2777 709 2824 est
725 2777 798 2823 te.
817 2774 931 2823 Iste
960 2771 1058 2835 qui
1085 2770 1184 2822 tibi
1211 2774 1449 2835 praestat
1471 2773 1685 2837 omnia,

31 2858 38 2893 ι
76 2844 302 2907 istequi
319 2843 451 2897 fecit
472 2849 536 2896 ut
551 2857 733 2905 esses,
757 2844 855 2909 qui
879 2843 970 2894 his
995 2843 1094 2906 qui
1120 2848 1312 2895 tecum
1331 2846 1487 2905 sunt,
1514 2845 1685 2896 etiam
1718 2876 1723 2883 -

33 2928 38 2975 έ
76 2914 270 2979 malis,
313 2920 553 2981 prastat
584 2915 780 2976 solem,
817 2914 1093 2980 pluviam,
1125 2914 1367 2975 fructus,
1404 2916 1681 2968 salutem:

31 3001 38 3039 ι
79 2992 282 3039 servat
301 2987 401 3039 tibi
416 2985 651 3050 aliquid,
670 2987 821 3051 quod
847 3000 965 3038 non
1000 2986 1099 3039 det
1125 2987 1240 3038 nisi
1270 2987 1393 3038 tibi.
1426 2988 1571 3051 Quid
1598 2992 1688 3040 est

32 3072 39 3119 ί
78 3064 281 3112 autem
314 3060 469 3124 quod
506 3059 605 3111 tibi
638 3064 844 3123 servat,
878 3058 993 3110 nisi
1032 3063 1134 3110 se?
1166 3059 1347 3111 Sonat
1381 3060 1683 3124 cupiditas,

32 3146 38 3181 ε
79 3130 227 3183 dicit
246 3130 543 3195 iniquitas.
570 3131 779 3184 Beatus
808 3131 975 3195 cujus
997 3135 1087 3183 est
1106 3129 1238 3182 villa
1262 3131 1391 3194 ista,
1415 3132 1585 3196 cujus
1600 3136 1689 3183 est

31 3217 38 3254 ι
82 3203 199 3255 ista
212 3202 444 3266 domus,
468 3203 638 3268 cujus
661 3207 751 3256 est
770 3203 881 3255 iste
903 3214 1055 3266 ager.
1081 3204 1393 3268 Compesce
1417 3204 1692 3269 cupidita-

31 3292 37 3319 ι
82 3282 240 3328 tem:
275 3274 409 3327 audi
433 3276 753 3327 veritatem.
780 3276 951 3325 Beata
983 3290 1116 3339 gens
1138 3275 1293 3340 cujus
1318 3280 1391 3325 est
1412 3276 1700 3342 Dominus,

1794 2060 2045 2115 titudine
2062 2060 2420 2113 confidentes
2432 2072 2549 2111 non
2565 2059 2951 2112 salvabuntur
2971 2075 2982 2107 :
3002 2057 3141 2120 Quis
3152 2067 3283 2120 rege
3300 2066 3402 2118 po-

1787 2132 2000 2186 tentior
2018 2136 2045 2184 ‘t
2062 2132 2204 2195 Quis
2221 2132 2455 2196 gigante
2466 2130 2664 2183 fortior
2676 2133 2703 2182 ?
2718 2132 2862 2183 Cum
2879 2129 3053 2194 igitur
3076 2127 3170 2180 isti
3188 2138 3293 2179 sua
3308 2138 3404 2190 po-

1787 2205 1967 2257 tentia
1983 2208 2042 2256 et
2052 2203 2395 2256 fortitudine
2406 2215 2524 2255 non
2537 2202 2850 2262 salventur,
2864 2212 3037 2253 nemo
3049 2199 3159 2252 nisi
3176 2196 3401 2250 miseri-

1787 2276 2042 2328 cordiam
2069 2275 2174 2327 Dei
2197 2274 2271 2327 ad
2301 2274 2555 2327 salutem
2580 2276 2823 2337 quaerat.

1848 2347 1934 2402 17.
1967 2346 2163 2397 Fallax
2184 2360 2352 2410 equus
2380 2346 2454 2396 ad
2473 2344 2724 2396 salutem:
2755 2345 2817 2394 in
2846 2342 3193 2395 abundantia
3215 2345 3397 2392 autem

1781 2418 1993 2467 uirtutis
2020 2433 2129 2468 sua
2152 2433 2273 2467 non
2331 2416 2649 2469 salvabitur.
2681 2417 2896 2480 Equus,
2922 2415 2979 2467 id
3003 2419 3110 2476 est,
3146 2414 3402 2467 humana

1784 2490 2046 2551 felicitas,
2068 2501 2203 2553 quae
2228 2488 2393 2542 suble
2406 2494 2509 2543 vat
2527 2488 2821 2541 hominem
2843 2487 2991 2540 sicut
3011 2499 3199 2551 equus
3225 2497 3398 2538 suum

1787 2572 2093 2621 sessorem,
2111 2560 2280 2613 fallax
2303 2564 2393 2614 est
2418 2560 2501 2613 ad
2529 2560 2807 2613 salutem:
2826 2572 3003 2625 quam
3026 2559 3256 2611 videtur
3271 2557 3400 2621 qui-

1785 2634 1918 2686 dem
1950 2633 2299 2699 promittere,
2337 2633 2446 2685 sed
2489 2645 2608 2685 non
2636 2636 2829 2701 potest
2853 2632 3086 2684 donare.
3114 2632 3257 2682 Cum
3287 2629 3399 2692 (Eas

1785 2705 1882 2755 eod
1890 2743 1924 2770 .,
1951 2705 2100 2768 ibid.)
2126 2704 2185 2756 in
2203 2703 2461 2768 quolibet
2483 2704 2701 2757 honore
2720 2705 3008 2769 superbus
3030 2701 3268 2763 incedis,
3286 2713 3402 2765 quo

1785 2777 1965 2829 altius
1989 2776 2352 2842 ingredieris,
2380 2789 2447 2828 eo
2472 2781 2528 2829 te
2551 2788 2666 2828 non
2691 2780 2921 2828 tantum
2947 2774 3265 2833 celsiorem,
3300 2772 3399 2824 sed

1786 2849 1971 2902 etiam
1990 2850 2261 2902 tutiorem
2274 2847 2422 2901 falso
2439 2848 2648 2900 credis.
2676 2845 2828 2916 [46
2853 2847 3149 2908 Quomodo
3165 2844 3320 2898 enim
3347 2849 3402 2896 te

1785 2921 2033 2986 dejiciat,
2060 2921 2250 2973 nescis
2266 2924 2293 2972 ?
2308 2925 2471 2973 tanto
2496 2920 2706 2972 elisum
2722 2919 2974 2983 gravius,
2995 2922 3213 2981 quanto
3230 2916 3401 2969 subli-

1784 2993 1939 3045 mius
1952 2992 2245 3045 ferebaris.
2263 2995 2380 3044 Nec
2397 2992 2525 3043 dico
2542 2992 2697 3055 quod
2720 3003 2891 3053 parva
2901 3002 3133 3054 quoque
3161 2987 3402 3040 felicitas

1784 3064 1961 3129 hujus
2006 3064 2215 3116 mundi
2275 3062 2642 3116 solummodo
2700 3061 2880 3114 fallax
2914 3061 3015 3113 sit:
3075 3059 3177 3113 sed
3223 3060 3398 3111 etiam

1785 3141 2329 3200 quantumcumque
2343 3134 2528 3199 possit
2540 3146 2668 3185 esse
2679 3131 3089 3197 magna,fallax
3102 3131 3317 3183 existit.
3330 3132 3402 3182 Et

1796 3209 1906 3261 hoc
1931 3211 2039 3265 est,
2063 3206 2220 3271 quod
2233 3206 2331 3268 ait,
2350 3207 2408 3258 in
2421 3204 2779 3258 abundantia
2802 3203 3034 3257 virtutis
3060 3214 3203 3267 sum,
3220 3201 3276 3252 id
3291 3206 3399 3260 est,

1799 3280 1857 3332 in
1884 3278 2204 3331 abundanti
2228 3278 2440 3330 virtute
2477 3279 2783 3339 bonorum,
2818 3280 2877 3327 et
2906 3274 3258 3338 divitiarum,
3283 3286 3397 3326 non

31 3359 38 3397 ι
80 3349 227 3398 Deus
256 3346 383 3411 ejus.
411 3347 558 3410 Quid
583 3350 674 3398 est
697 3346 840 3399 hoc?
859 3337 1063 3398 Nonne
1086 3337 1346 3399 omnium
1369 3360 1561 3400 rerum
1586 3337 1702 3400 D04
1728 3337 1778 3412 C
1801 3352 2116 3404 salvabitur
2130 3351 2340 3415 aliquis
2359 3349 2682 3402 hominum.
2698 3337 2863 3403 Unde
2887 3361 3022 3411 ergo
3040 3337 3400 3400 salvus’eroi’

31 3434 38 3471 ι
83 3419 283 3470 minus
296 3419 469 3482 Deus,
488 3419 584 3484 qui
597 3419 790 3471 omnia
801 3418 937 3471 fecit
948 3422 1007 3470 et
1020 3418 1194 3482 regit?
1206 3418 1482 3470 Omnium
1496 3421 1701 3480 quidem

31 3508 36 3543 ι
83 3490 193 3543 sed
212 3491 400 3556 magis
423 3497 638 3549 noster,
667 3491 767 3556 qui
790 3490 1046 3543 vivimus
1071 3491 1144 3543 de
1167 3490 1280 3554 illo,
1307 3495 1606 3555 tamquam
1629 3492 1701 3544 de

32 3582 35 3612 |
81 3567 207 3616 Deo
244 3564 407 3615 Patre
442 3567 665 3616 nostro.
699 3566 826 3626 [pse
857 3564 933 3615 sit
955 3563 1243 3616 Dominus
1273 3565 1433 3615 Deus
1471 3568 1698 3616 noster:

31 3650 37 3689 ι
82 3636 213 3701 ipse
246 3639 404 3701 regat
440 3647 566 3697 nos,
603 3635 702 3700 qui
731 3635 978 3688 creavit:
1015 3640 1079 3688 ut
1118 3635 1301 3688 simus
1340 3636 1505 3687 beata
1550 3634 1698 3703 |45

32 3734 37 3761 ι
84 3720 236 3773 gens
251 3708 397 3771 ejus,
414 3708 583 3759 beata
602 3708 897 3772 possessio
915 3709 1044 3772 ejus
1064 3725 1077 3758 :
1106 3712 1165 3760 et
1179 3707 1250 3759 ad
1268 3719 1381 3758 nos
1400 3708 1702 3775 pertineat,

31 3794 37 3843 ι
85 3777 248 3843 quod
271 3779 542 3832 subditur
560 3793 572 3830 :
587 3780 770 3829 beatus
783 3779 1039 3844 populus,
1066 3794 1225 3843 quem
1242 3778 1396 3843 elegit
1411 3780 1467 3827 in
1489 3779 1705 3829 haeredi-

31 3868 36 3905 i
90 3855 259 3900 tatem
282 3850 401 3900 sibi.
420 3851 800 3904 Commendat
818 3852 1014 3903 autem
1035 3850 1490 3904 misericordiam
1515 3862 1700 3907 suam.

32 3940 37 3977 π
85 3922 225 3988 quia
244 3923 497 3988 respexit
511 3928 744 3988 gentem
761 3923 915 3974 hanc
934 3923 1163 3974 beatam
1185 3939 1195 3970 :
1221 3934 1354 3973 cum
1373 3922 1584 3985 subjun
1593 3921 1700 3986 git:

152 3993 240 4049 13.
289 3995 363 4044 De
417 3995 542 4046 calo
583 3996 815 4060 respexit
857 3995 1135 4045 Dominus
1172 3993 1310 4042 vidit
1353 4008 1537 4043 omnes
1562 3993 1703 4056 ﬁlios

32 4086 36 4117 ι
88 4066 399 4117 hominum.
418 4066 579 4118 Prius
595 4067 742 4119 dixit
762 4068 989 4118 beatam
1011 4078 1077 4118 es
1095 4079 1157 4117 se
1175 4065 1706 4129 gentem,cujusest

32 4158 36 4195 ι
87 4138 374 4191 Dominus
406 4140 561 4191 Deus
595 4139 912 4204 possessio,
935 4140 994 4190 et
1018 4136 1344 4190 haereditas
1376 4137 1523 4201 ejus.
1552 4136 1619 4187 Et
1638 4141 1704 4188 ut

31 4226 36 4265 ι
88 4209 333 4263 eandem
356 4211 581 4262 Domini
599 4210 929 4264 ostenderet
953 4222 1091 4261 esse
1114 4207 1374 4261 similiter
1396 4208 1705 4273 posscssio-

32 4300 35 4335 I
88 4294 245 4347 nem,
271 4281 758 4346 ethaereditatem,
785 4282 1083 4347 adjungit,
1109 4280 1370 4346 Populus,
1389 4277 1705 4344 que'melegil

31 4359 35 4409 |
92 4355 147 4403 in
188 4354 551 4404 hereditatem
572 4355 691 4406 sibi.
718 4357 789 4407 Et
819 4356 903 4406 sic
930 4354 1084 4405 miro
1111 4358 1169 4406 et
1197 4352 1512 4404 delectabili
1538 4351 1707 4403 modo

32 4448 35 4479 |
91 4431 405 4490 utrumque
437 4430 497 4478 et
517 4426 795 4492 possidet,
831 4431 889 4479 et
911 4424 1246 4490 possidetur
1268 4426 1341 4476 ab
1357 4425 1553 4483 altero,
1578 4426 1706 4474 tan-

31 4516 37 4553 i
92 4509 269 4563 quam
302 4498 495 4551 hmres
534 4504 591 4551 et
614 4497 943 4559 haereditas,
979 4510 1288 4562 possessor
1308 4502 1364 4548 et
1385 4494 1701 4561 possessio-

32 4588 35 4623 ι
93 4574 261 4623 Nunc
271 4571 427 4635 dicit,
450 4571 587 4635 quia
600 4571 752 4622 idem
768 4570 1048 4622 Dominus
1066 4568 1136 4621 de
1153 4568 1318 4632 ccelo,
1337 4573 1615 4631 tanquam
1632 4565 1703 4618 de

31 4658 35 4697 l
93 4642 324 4696 excelso
347 4643 489 4701 loco,
533 4642 658 4694 sive
682 4642 754 4695 de
790 4641 904 4693 alto
939 4639 1258 4692 divinitatis
1290 4651 1435 4702 suae,
1476 4637 1600 4690 sive
1631 4637 1703 4689 de

95 4713 439 4768 celsitudine
449 4713 862 4766 misericordiae
878 4725 1002 4765 sua:
1019 4711 1164 4764 vidit
1181 4710 1369 4762 inimo
1388 4710 1700 4775 positos,et

32 4874 33 4909 ἢ
95 4870 293 4923 quam,
316 4863 373 4910 et
386 4857 828 4910 misericorditer
852 4855 1116 4909 attendit.
1135 4854 1309 4915 Vidit,
1338 4853 1474 4918 quia
1498 4852 1697 4904 miser-

32 4946 34 4981 ξ
97 4936 194 4984 tus
218 4935 309 4982 est
329 4942 547 4982 eorum.
568 4929 731 4984 Unde
747 4929 1087 4994 plerumque
1104 4930 1372 4992 rogantes
1387 4925 1701 4978 misericor-

32 5020 33 5053 i
98 5004 277 5065 diam,
304 5002 551 5054 dicimus
569 5000 804 5065 homini,
829 5000 973 5052 Vide
994 5012 1103 5051 me.
1130 5002 1230 5051 Est
1249 5010 1404 5063 ergo,
1430 4996 1699 5061 quaedam

32 5112 33 5117 η
100 5074 249 5128 visio
279 5074 611 5127 miserantis
654 5072 864 5132 cordis,
898 5084 1017 5123 non
1052 5071 1196 5122 visio
1231 5069 1541 5135 punientis.
1582 5071 1702 5120 Hoc

32 5168 33 5195 .
101 5145 275 5199 modo
292 5145 567 5211 dignatus
586 5150 675 5197 est
694 5143 978 5196 Dominus
1003 5141 1197 5195 videre
1212 5154 1414 5194 omnes
1436 5140 1583 5193 ﬁlios
1607 5140 1704 5191 ho-

32 5262 33 5265 η
102 5219 323 5272 minum
346 5218 701 5282 pertinentes
734 5215 809 5268 ad
845 5214 1052 5267 Filium
1083 5214 1358 5266 hominis.

32 5308 33 5317 ‘
159 5290 252 5346 14.
285 5290 360 5340 De
392 5293 697 5356 praeparato
744 5286 1049 5337 habitaculo
1087 5300 1202 5337 suo.
1230 5284 1393 5347 Quod
1428 5283 1538 5335 sibi
1561 5294 1704 5347 prae-

32 5404 33 5411 .
103 5360 351 5425 paravit:
376 5361 435 5413 id
458 5364 569 5424 est,
599 5360 670 5412 de
687 5357 998 5424 Apostolis,
1016 5358 1086 5410 de
1106 5355 1584 5423 praedicatoribus
1599 5367 1704 5407 ve—

105 5434 291 5487 ritatis
320 5432 393 5485 de
415 5431 655 5498 angelis,
681 5442 830 5495 quos
853 5430 925 5483 ad
950 5443 1056 5482 nos
1083 5429 1260 5481 misit.
1282 5427 1706 5495 Respexitsupcr

104 5520 300 5567 omnes,
315 5505 413 5571 qui
426 5503 672 5555 habitant
685 5509 905 5554 terram.
920 5503 1221 5566 Tanquam
1235 5500 1518 5566 peregrini
1533 5499 1591 5551 in
1607 5511 1705 5565 pe-

106 5578 331 5644 regrino
353 5576 495 5629 loco.
522 5575 687 5630 Unde
720 5573 853 5627 alibi
877 5575 1048 5627 beata
1072 5572 1385 5626 haereditas
1426 5571 1621 5635 gemit,
1649 5574 1708 5622 et

108 5643 274 5704 dicit:
299 5649 429 5701 Heu
460 5647 621 5713 mihi,
660 5646 798 5712 quia
831 5646 1115 5700 incolatus
1139 5657 1307 5699 meus
1330 5643 1707 5711 prolongatus

109 5728 211 5787 est,
236 5720 514 5785 habitavi,
540 5732 675 5773 cum
697 5719 1096 5773 habitantibus
1121 5718 1300 5772 Cedar
1319 5732 1331 5766 :
1352 5717 1602 5769 multum
1624 5715 1710 5769 in-

112 5795 231 5850 cola
262 5793 373 5847 fuit
393 5792 588 5846 anima
617 5803 747 5846 mea
768 5790 932 5855 (Psal.
959 5788 1123 5853 199.).

171 5948 190 5969 ·
212 5936 701 6004 Interpunctionis
727 5935 886 5999 vitia,
925 5934 1154 5999 aliaque
1182 5930 1572 6004 leviamenda
1601 5933 1710 6004 Au-

111 6002 420 6074 gustiniani
440 6007 786 6076 exemplaris
802 6019 907 6073 ope
933 6004 1302 6059 sustulimus.
1321 6002 1599 6066 Quaedam
1620 6002 1705 6056 vi-

95 4765 321 4840 an...
345 4799 406 4837 se
421 4765 672 4838 remotos
683 4765 886 4838 omnes
904 4784 1053 4836 filios
1064 4765 1587 4844 hominumeidit,
1613 4765 1696 4832 in-
1720 4765 1776 4838 D

1801 3423 1932 3477 Noli
1960 3423 2062 3475 diu
2095 3436 2369 3487 quaerere.
2395 3421 2520 3474 Noli
2543 3421 2732 3485 longe.

1869 3494 1950 3550 18.
1975 3499 2099 3546 Ecce
2138 3495 2278 3545 oculi
2308 3492 2533 3545 Domini
2565 3508 2728 3555 super
2750 3495 3034 3541 metuentes
3065 3505 3206 3540 eum.
3235 3491 3397 3549 Ecce,

1800 3567 1856 3619 id
1881 3572 1988 3631 est,
2016 3568 2078 3619 in
2102 3566 2406 3619 manifesto
2428 3564 2677 3617 habetur
2692 3561 2956 3616 saivatio.
2974 3564 3102 3614 Non
3126 3561 3225 3619 ait,
3250 3559 3402 3613 oculi

1802 3638 2032 3691 Domini
2059 3652 2233 3704 super
2260 3651 2447 3704 reges,
2483 3649 2658 3702 super
2681 3635 2926 3692 nobiles,
2960 3646 3134 3699 super
3159 3632 3399 3686 divites:

1804 3711 1906 3763 sed
1929 3726 2090 3775 super
2109 3716 2396 3761 metuentes
2420 3723 2559 3760 eum.
2588 3710 2714 3760 Non
2735 3707 2888 3761 enim
2914 3708 3068 3760 Deus
3091 3717 3402 3772 personam

1801 3782 2053 3833 hominis
2092 3782 2299 3844 accipit
2321 3780 2537 3844 (Matth.
2561 3778 2650 3839 22.
2688 3780 2801 3829 Act.
2830 3778 2969 3842 10.):
3003 3790 3123 3829 non
3155 3776 3400 3837 divitias,

1803 3852 1897 3906 vel
1910 3852 2159 3905 honores
2170 3852 2417 3905 attendit
2430 3868 2445 3899 ε
2466 3850 2563 3903 sed
2578 3849 2983 3902 tantummodo
3001 3850 3326 3901 metuentes
3344 3860 3404 3898 se

1803 3927 1860 3977 et
1884 3926 2183 3988 sperantes
2216 3924 2275 3976 in
2294 3937 2357 3976 se
2374 3921 2823 3975 misericorditer
2834 3920 3079 3984 respicit.
3092 3919 3300 3971 Etideo
3311 3918 3405 3970 ad-

1799 3996 2012 4061 jungit,
2042 3996 2111 4046 Et
2132 3995 2189 4044 in
2218 3995 2309 4054 eis,
2335 3995 2432 4059 qui
2454 3997 2677 4059 sperant
2700 4007 2863 4057 super
2877 3991 3254 4040 misericordia
3268 3989 3397 4053 ejus.

1805 4067 2112 4132 Subaudis,
2147 4071 2287 4120 sunt
2318 4066 2469 4119 oculi
2494 4065 2739 4118 Domini.
2765 4063 2854 4117 Ad
2878 4062 3051 4127 quid?

1868 4139 1954 4195 19.
1988 4140 2053 4191 Ut
2075 4144 2228 4191 eruat
2249 4155 2285 4189 a
2322 4144 2490 4189 morte
2509 4142 2709 4189 aeterna
2731 4136 2952 4186 animas
2974 4147 3182 4185 eorum.
3206 4133 3401 4185 Vitam

1805 4213 1960 4264 enim
1996 4217 2278 4265 aeternam
2317 4211 2428 4273 (Ea:
2470 4210 2668 4270 eodem,
2716 4208 2871 4269 ibid.)
2904 4206 3072 4258 nobis
3124 4204 3405 4270 promittit

1804 4287 1980 4348 Deus,
2009 4296 2115 4335 nec
2134 4285 2327 4335 tamen
2346 4282 2406 4334 in
2433 4281 2541 4333 hac
2564 4279 3018 4345 peregrinatione
3040 4289 3149 4329 nos
3173 4275 3402 4329 deserit.

1805 4357 1950 4408 Nam
1974 4355 2237 4419 sequitur
2257 4372 2266 4403 :
2288 4355 2356 4405 Et
2372 4353 2483 4404 alat
2494 4368 2577 4403 eos
2592 4353 2655 4402 in
2677 4354 2840 4417 fame.
2859 4353 3114 4414 Tempus
3130 4348 3299 4401 famis
3316 4350 3406 4400 est

1805 4427 1995 4487 modo,
2042 4427 2292 4491 Tempus
2319 4425 2637 4478 saturitatis
2662 4424 2795 4490 post
2818 4422 2941 4474 erit.
2966 4420 3123 4473 Beati
3148 4419 3248 4483 qui
3269 4431 3405 4472 esu-

1805 4499 1964 4550 riunt
1977 4500 2034 4551 et
2050 4497 2255 4550 sitiunt
2262 4498 2281 4562 j
2292 4497 2570 4557 ustitiam,
2583 4494 2850 4559 quoniam
2862 4491 2972 4556 ipsi
2995 4491 3308 4562 saturabun
3316 4495 3408 4543 tur

1809 4570 2020 4632 (Matth.
2046 4570 2079 4625 4
2100 4571 2135 4635 ).
2155 4561 2391 4622 Alitnos
2412 4568 2635 4620 interim
2650 4565 2781 4631 plus
2804 4563 3084 4617 Dominus
3103 4563 3162 4614 in
3186 4561 3294 4614 hac
3309 4562 3407 4635 he-

1801 4654 1960 4695 remo
1976 4633 2351 4695 sacramentis
2369 4639 2508 4693 suis.
2530 4641 2705 4692 verbo
2724 4650 2850 4697 suo,
2868 4636 3053 4701 gratia
3067 4646 3173 4687 sua
3192 4651 3203 4684 :
3221 4646 3293 4685 ne
3305 4633 3407 4686 de-

1804 4715 2084 4779 ficiamus,
2127 4714 2188 4766 in
2225 4713 2336 4766 via.
2378 4714 2541 4765 Tunc
2566 4715 2763 4762 autem
2801 4710 2908 4760 erit
2952 4707 3123 4772 plena
3151 4705 3405 4767 refectio,

1802 4778 2390 4851 quandoimplebitur,
2407 4782 2560 4850 quod
2575 4782 2710 4835 alibi
2729 4780 2955 4833 dicitur.
2976 4778 3255 4844 Satiabor,
3274 4791 3407 4830 cum

1799 4859 2126 4923 apparuerit
2151 4858 2331 4925 gloria
2351 4858 2451 4910 tua
2477 4856 2637 4921 (Psat.
2664 4854 2796 4918 16.).
2823 4852 2971 4925 Quid
2992 4851 3221 4925 interim
3238 4862 3408 4915 agere

1801 4934 1859 4980 et
1885 4930 2132 4994 profiteri
2158 4923 2485 4983 debemus?
2518 4927 2788 4993 Sequitur
2826 4927 2885 4978 et
2914 4923 3090 4976 dicit:

1864 4992 1954 5056 ΞΟ.
1978 5002 2187 5053 Anima
2208 5007 2396 5052 nostra
2430 4992 2655 5051 sustinet
2678 4998 3000 5051 Dominum.
3028 4992 3295 5059 Quandiu
3330 4993 3398 5045 fa.

1806 5085 1927 5124 mes
1956 5077 2064 5131 est,
2081 5073 2339 5137 quandiu
2352 5072 2736 5140 peregrinatio
2760 5072 2866 5135 est,
2888 5069 3081 5124 anima
3098 5068 3297 5140 nostra
3310 5078 3409 5130 pa-

1803 5144 1951 5196 tiens
1968 5145 2074 5197 erit
2088 5145 2147 5197 in
2164 5137 2427 5196 Domino.
2448 5144 2689 5197 Talibus
2708 5143 2971 5195 dicturus
2993 5144 3087 5194 est
3102 5137 3405 5195 Dominus,

1804 5219 1920 5268 Vos
1945 5216 2105 5277 estis,
2124 5216 2221 5279 qui
2239 5215 2642 5281 permansistis
2661 5227 2890 5267 mecum
2905 5214 2967 5265 in
2980 5210 3401 5265 tentationibus

1804 5289 1930 5350 (Luc
1963 5286 2089 5351 22.).
2127 5291 2249 5351 Quo
2291 5292 2491 5339 contra
2525 5286 2809 5350 scriptum
2850 5289 2955 5343 est,
3006 5286 3109 5335 Vm
3160 5281 3273 5335 illis
3307 5281 3405 5346 qui

1805 5358 2177 5423 perdiderunt
2201 5356 2614 5410 sustinentiam
2653 5354 2833 5419 (Eccli.
2870 5354 2964 5418 2.).
3000 5356 3070 5406 Et
3113 5352 3405 5417 quomodo

1805 5430 2018 5495 poteris
2032 5430 2316 5482 sustinere
2329 5428 2638 5480 Dominum
2653 5424 2823 5490 (Phil.
2839 5424 2932 5489 3.),
2947 5423 2992 5476 Ο
3007 5430 3175 5473 sancta
3191 5424 3363 5472 anima
3378 5426 3402 5469 γ

1807 5501 2093 5567 Sequitur,
2121 5506 2178 5555 et
2212 5500 2375 5553 dicit:
2407 5498 2679 5559 Quoniam
2700 5497 2925 5562 adjutor
2954 5500 3000 5545 et
3021 5498 3285 5567 protector
3308 5507 3408 5543 ηο-

1806 5564 1914 5625 ειεῦ
1923 5580 2011 5626 cst.
2024 5574 2107 5627 Ad
2111 5575 2278 5640 juvat
2300 5573 2359 5624 in
2376 5582 2591 5638 pugna,
2607 5568 2853 5635 protegit
2869 5568 2941 5621 ab
2964 5572 3134 5621 aestu.
3152 5564 3410 5640 Adjuvat

1806 5647 1867 5699 in
1908 5636 2393 5711 bonisfprotegit
2430 5643 2489 5694 in
2523 5641 2802 5694 adversis.
2850 5643 2973 5702 Qua
3014 5636 3277 5691 mercede
3327 5640 3411 5689 to-

1970 5722 1994 5750 9

1970 5722 1994 5750 9

1807 5719 2126 5850 legalibuia
2154 5790 2215 5837 in.
2239 5802 2296 5838 eo
2323 5785 2587 5838 laetabitur
2609 5799 2700 5835 eor
2729 5787 2976 5833 nostrum
2999 5795 3012 5832 :
3037 5780 3160 5830 etin
3184 5778 3407 5829 nomine

1808 5932 2009 6055 CiSSiltIl
2034 5932 2161 5986 heic
2191 5930 2567 5995 sunt,quibus
2592 5928 2716 5996 ipse
2732 5924 3022 5982 emendari
3038 5922 3403 5990 Augustinus

1810 6015 1953 6055 quea
1980 6040 2000 6052 η.

1810 6015 2000 6066 queat.
