3890 6400
517 399 623 455 763

1571 386 1841 441 RUFINO
1884 381 2347 437 PRESBYTERO
2379 377 2766 435 ASCRIPTUS

3717 371 3807 427 764

515 519 700 564 sancto
713 509 1187 577 ejussperavimus.
1203 508 1331 559 Non
1346 500 1770 577 eniminnobis,
1788 499 1887 551 ubi
1899 509 2109 564 magna
2131 503 2187 577 Α
2274 499 2323 547 4.
2354 493 2701 577 Magni/ticam

519 586 645 638 sine
660 574 755 636 illo
769 574 959 647 inopia
973 585 1079 641 est,
1098 577 1207 629 sud
1220 578 1282 628 in
1296 577 1422 641 ipso
1433 574 1722 647 laetabitur
1732 584 1830 624 cor
1858 578 2103 647 nostrum.

520 660 589 709 Et
612 656 739 707 ideo
757 656 838 706 sic
855 642 1213 719 sperabimus
1225 652 1501 701 venturos
1523 645 1595 699 ad
1612 658 1761 707 eum,
1779 644 1917 719 quia
1938 642 2107 719 nobis

514 728 855 782 absentibus
872 714 971 791 per
984 723 1158 775 ﬁdem
1180 720 1338 772 misit
1353 731 1562 771 nomen
1581 730 1753 791 suum
1778 714 2104 791 _Spera_hic,

517 806 581 854 ut
601 800 812 853 lieteris
834 786 930 848 ibi.
967 795 1132 847 Esuri
1158 798 1217 845 et
1234 792 1328 844 siti
1353 792 1465 852 hic,
1490 794 1556 842 ut
1578 788 1825 855 epuleris
1850 786 1945 839 ibi.
1974 788 2109 837 Pro-

515 872 708 937 posuit
728 871 913 933 nobis,
949 867 1089 933 quid
1124 877 1388 918 amemus
1421 863 1480 914 in
1513 874 1646 937 quo,
1672 865 1729 913 et
1746 859 1961 937 _de_quo
1987 861 2107 937 sglo

513 928 1252 1010 praesumamus—Implevit
1267 950 1373 1010 nos
1400 933 1613 1010 gaudio
1633 928 2106 1010 _spei_(Ro_ni._15.).

577 1013 663 1068 22.
690 1016 826 1066 Post
843 1013 972 1065 huic
987 1011 1053 1062 ﬁt
1075 1000 1255 1062 oratio
1279 1006 1472 1059 brevis
1492 1009 1549 1057 et
1565 1004 1830 1057 salubris.
1856 1003 1976 1052 Fiat
2002 1000 2109 1049 mi-

514 1086 809 1135 sericordia
840 1090 952 1145 tua,
993 1082 1239 1141 Domine,
1289 1095 1452 1143 super
1489 1092 1604 1137 nos,
1652 1073 2111 1141 quemadmodum

512 1158 850 1222 speravimus
872 1157 981 1205 inte
1007 1194 1019 1207 .
1041 1156 1171 1207 Jam
1188 1152 1343 1205 enim
1357 1152 1417 1203 in
1440 1156 1497 1203 te
1521 1162 1684 1215 spem
1699 1151 1959 1200 nostram
1982 1158 2114 1198 con-

514 1229 837 1281 stituimus:
873 1228 996 1293 jam
1021 1238 1235 1279 nomen
1245 1228 1515 1277 sanctum
1525 1227 1712 1286 tuum,
1725 1222 1786 1273 in
1799 1232 1915 1284 quo
1928 1230 2114 1293 spera-

513 1313 666 1363 mus,
715 1291 1078 1363 veneramur,
1116 1303 1174 1351 et
1210 1310 1385 1362 super
1425 1308 1533 1348 nos
1566 1295 1925 1347 invocamus.
1958 1291 2114 1343 Sicut

511 1384 647 1437 ergo
694 1371 1051 1435 speravimus
1075 1372 1134 1422 in
1159 1374 1235 1434 te,
1268 1370 1352 1423 sic
1370 1379 1547 1434 supra
1573 1379 1681 1418 nos
1705 1370 1865 1418 tuam
1888 1363 2115 1417 miseri-

517 1443 770 1496 cordiam
795 1443 1158 1495 sentiamus.

761 1560 1132 1626 TITULUS
1176 1556 1508 1625 PSALMI
1549 1555 1869 1621 XXXIII.

576 1669 627 1725 1.
644 1667 892 1720 Psalmus
911 1668 1107 1732 David,
1126 1667 1348 1732 quando
1374 1664 1603 1715 mutavit
1622 1664 1838 1732 uultum
1844 1678 2007 1732 suum
2029 1678 2117 1713 co-

514 1746 635 1781 ram
646 1732 1002 1793 Achimelech,
1014 1737 1060 1781 et
1071 1729 1277 1781 dimisit
1286 1736 1482 1790 eum,et
1492 1731 1720 1782 abiitﬂoc
1732 1729 2120 1793 modoimmuta-

517 1798 603 1843 vit.
622 1798 739 1843 Nam
761 1798 1127 1855 tympanizabat
1144 1797 1185 1853 (1
1200 1796 1341 1857 .Reg.
1356 1794 1453 1855 21),
1469 1794 1744 1854 allectabat,
1762 1793 1997 1857 manibus
2012 1792 2119 1838 suis

522 1859 743 1917 seipsum
770 1860 996 1917 feriebat,
1021 1863 1067 1905 et
1090 1860 1265 1907 salivas
1289 1855 1376 1918 per
1414 1858 1613 1903 barbam
1638 1858 1749 1915 ejus
1768 1855 2111 1918 decurrebant,

2211 582 2335 617 men
2346 557 2466 631 ejus
2483 566 2540 615 in
2555 564 2815 628 idipsum.
2837 558 3111 623 Quisquis
3136 562 3226 611 est
3248 557 3310 609 in
3333 569 3573 631 corpore
3586 557 3809 621 Christi,

2208 640 2281 691 ad
2301 628 2411 691 hoc
2434 638 2605 689 debet
2620 636 2755 686 dare
2771 644 3023 697 operam,
3040 635 3107 682 ut
3120 641 3255 681 cum
3272 628 3589 680 Dominum
3604 631 3813 689 magni-

2208 711 2362 774 ﬁcat,
2386 710 2528 761 alios
2558 718 2755 758 secum
2790 703 2863 755 ad
2885 700 3374 774 magniﬁcandum
3396 701 3585 753 Deum
3609 700 3810 752 trahat.

2209 773 2517 833 Dominum
2530 776 2763 841 magniﬁ
2771 787 2990 837 camus,
3006 773 3236 837 quando
3252 785 3389 825 eum
3406 785 3714 835 magnum,
3732 776 3818 821 mi-

2211 852 2451 905 rabilem
2487 855 2546 903 et
2579 846 2926 900 ineffabilem
2951 844 3376 910 prmdicamus:
3413 843 3565 911 I48
3605 857 3816 896 nomen

2209 926 2337 987 ejus
2359 921 2634 983 exaltare,
2659 922 2749 970 est
2772 930 2872 981 per
2897 928 3100 967 omnes
3120 920 3326 979 gentes
3348 916 3815 979 quibuscumque

2210 1006 2523 1060 possumus
2540 992 2723 1044 altum
2741 995 2797 1041 et
2812 996 3097 1041 aeternum
3114 987 3424 1051 propalare.
3444 988 3595 1049 Quid
3611 993 3711 1040 est
3724 1001 3819 1038 au-

2212 1072 2326 1119 tem
2349 1068 2409 1115 in
2428 1067 2663 1129 idipsum
2676 1066 2703 1113 ?
2722 1064 2787 1113 In
2802 1060 3041 1119 unitate,
3058 1060 3120 1110 in
3134 1060 3456 1111 concordia.
3472 1060 3547 1116 (1.
3570 1060 3701 1110 Cor.
3720 1060 3811 1119 1.):

2211 1140 2360 1191 sicut
2395 1140 2654 1190 fecerunt
2686 1133 3088 1200 praadicatores
3127 1132 3311 1196 primi,
3338 1133 3549 1193 quibus
3573 1137 3705 1185 erat
3727 1146 3819 1184 cor

2212 1224 2396 1263 unum
2416 1217 2473 1263 et
2498 1209 2688 1261 anima
2711 1219 2825 1258 una
2841 1206 2978 1269 (Act.
3001 1204 3092 1267 4.).
3118 1204 3334 1257 Deinde
3349 1204 3490 1257 dicit
3512 1206 3673 1258 bona
3697 1216 3818 1267 sua,

2212 1284 2368 1335 unde
2393 1282 2501 1335 sibi
2523 1283 2864 1340 evenerunt,
2892 1289 3027 1329 cum
3066 1276 3295 1328 subdit:

2276 1354 2327 1409 5.
2347 1352 2635 1418 Eacquisivi
2653 1350 2973 1407 Dominum,
2998 1353 3048 1397 et
3067 1347 3348 1397 exaudivit
3362 1362 3465 1408 me,
3480 1353 3526 1397 et
3546 1362 3620 1398 ex
3635 1349 3825 1399 omni-

2214 1427 2309 1475 bus
2329 1424 2773 1475 tribulationibus
2789 1421 2921 1470 meis
2936 1420 3137 1483 eripuit
3156 1434 3255 1471 me.
3269 1421 3444 1471 Extra
3457 1420 3656 1471 omnia
3672 1426 3829 1484 post-

2215 1498 2416 1563 positis
2434 1494 2866 1561 temporalibus,
2888 1490 2980 1543 vel
3001 1504 3075 1543 ex
3092 1495 3212 1563 toto
3228 1491 3417 1554 corde,
3431 1504 3507 1543 ex
3528 1491 3672 1544 totis
3694 1493 3826 1543 viri—

2218 1562 2326 1621 bus
2348 1568 2595 1634 quaasivi
2618 1569 2837 1618 Deum:
2861 1566 2923 1615 et
2956 1562 3260 1615 exaudivit
3282 1575 3393 1625 me,
3415 1568 3479 1614 ut
3498 1563 3823 1615 invenirem

2216 1654 2366 1693 eum.
2388 1641 2494 1693 Sed
2516 1639 2885 1703 exquirentes
2904 1635 3208 1687 Dominum
3223 1635 3424 1686 multis
3437 1634 3629 1687 modis
3639 1635 3704 1687 in
3716 1635 3826 1689 hoc

2218 1714 2414 1766 seculo
2441 1711 2809 1765 tribulantur.
2835 1708 3053 1760 Omnes
3076 1708 3249 1769 enim,
3275 1707 3376 1770 qui
3396 1707 3602 1759 volunt
3624 1708 3722 1772 pie
3745 1708 3825 1759 vi.

2216 1799 2346 1839 vere
2358 1785 2419 1836 in
2430 1784 2674 1843 Christo,
2689 1779 3153 1846 persecutionem
3164 1779 3461 1842 patiuntur
3475 1777 3545 1841 (2.
3567 1779 3709 1830 Tim.
3733 1778 3823 1841 3.).

2216 1860 2283 1908 In
2306 1856 2416 1908 hoc
2431 1867 2567 1908 vero
2583 1858 2671 1905 est
2692 1850 3026 1913 consolatio,
3048 1850 3203 1913 quod
3223 1850 3591 1913 postmodum
3607 1863 3685 1902 ex
3702 1863 3825 1902 om-

518 1922 702 1999 951199.
723 1922 779 1999 te
794 1927 953 1999 ,Ρςπίει
988 1922 1205 1999 sive“?
1232 1917 1399 1999 “sui
1418 1917 2111 1999 Ἇεξεῖὲξιξξιξιίὲηὒιέξλξιιένί
2140 1922 2196 1999 Β
2218 1925 3173 1999 nibustribulationibuseruamur-
3188 1922 3463 1999 Onusta?
3474 1923 3622 1973 Cum
3632 1922 3827 1974 absor-

517 1984 808 2044 quaarebant
845 1998 963 2031 eum
989 1985 1214 2044 perdere.
1251 1984 1401 2031 Achis
1426 1982 1606 2030 videns
1642 1983 1764 2039 haec,
1792 1981 1879 2041 qui
1902 1987 2005 2028 erat
2028 1995 2112 2027 rex

520 2056 666 2114 Geth,
711 2056 853 2114 dixit,
905 2056 1088 2115 thuid
1127 2056 1404 2104 induxistis
1440 2055 1566 2101 mihi
1611 2053 1923 2112 arreptitium

523 2127 718 2176 istum?
752 2128 1140 2187 Tympanizabat
1178 2126 1352 2186 David,
1378 2126 1430 2173 id
1464 2130 1557 2186 est,
1597 2126 1825 2173 Christus
1868 2125 1924 2173 in
1970 2137 2116 2171 cruce

521 2190 854 2238 moriebatur:
878 2191 1151 2248 allectabat,
1177 2190 1381 2250 quando
1401 2187 1712 2235 misericordi
1742 2189 1920 2235 affectu
1943 2200 1995 2233 se
2019 2188 2118 2233 hu-

519 2252 771 2301 miliabat:
810 2254 1047 2300 manibus
1082 2254 1191 2300 suis
1214 2266 1266 2299 se
1291 2252 1489 2306 ferebat,
1517 2264 1633 2297 cum
1666 2250 1877 2307 dicebat,
1910 2252 2011 2297 Hoc
2046 2254 2118 2295 est

514 2327 695 2374 corpus
718 2328 885 2363 meum
917 2315 981 2377 (1.
1018 2317 1137 2365 Cor.
1164 2315 1281 2377 11.).
1306 2316 1362 2360 Et
1411 2314 1583 2361 alivas
1609 2326 1697 2372 per
1718 2312 1919 2377 barbam
1943 2312 2118 2377 decur-

516 2378 708 2439 rebant,
744 2378 796 2424 id
820 2384 911 2439 est,
926 2375 1088 2425 verba
1110 2391 1220 2437 sua,
1246 2375 1449 2436 quando
1472 2377 1682 2439 dicebat.
1708 2375 1815 2422 Nisi
1832 2375 2118 2439 manduca-

522 2437 914 2488 veritis'carncm
938 2442 1033 2489 ﬁlii
1062 2441 1302 2497 hominis,
1319 2445 1366 2486 et
1394 2446 1569 2487 caetera
1595 2437 1773 2501 (Joan.
1799 2437 1874 2501 6)._
1899 2437 2117 2501 Puerilia

522 2504 627 2549 visa
649 2507 767 2550 sunt
790 2505 881 2563 eis,
906 2505 993 2562 qui
1013 2510 1131 2551 sunt
1155 2504 1306 2552 Achis
1324 2502 1428 2562 (qui
1455 2498 2117 2560 interpretatur,0uomodo

519 2570 608 2623 est,
633 2566 733 2621 vel,
761 2564 901 2623 Quid
918 2570 990 2613 est
1013 2564 1143 2614 hoc?
1168 2566 1386 2614 barbatis
1409 2578 1542 2627 vero,
1577 2565 1628 2610 id
1662 2568 1749 2620 est,
1781 2564 1905 2610 viris
1927 2563 2112 2627 virilia,

523 2628 680 2675 Verus
710 2628 868 2675 David
886 2642 1050 2676 coram
1081 2628 1421 2687 Achimelech,
1444 2628 1496 2674 id
1521 2624 1612 2689 est,
1638 2639 1803 2674 coram
1830 2625 2007 2688 patris
2029 2624 2117 2674 sui

522 2702 703 2750 regno,
726 2690 777 2736 id
793 2694 884 2747 est,
909 2692 965 2737 in
990 2696 1134 2750 gente
1154 2691 1463 2751 Judaeorum,
1480 2690 1693 2737 mutavit
1710 2689 1926 2751 vultum,
1951 2689 2001 2734 id
2026 2692 2115 2751 est,

522 2752 706 2812 prioris
730 2753 963 2800 sacriﬁcii
978 2754 1181 2802 modum
1204 2752 1312 2814 (hoc
1326 2757 1397 2799 est
1413 2750 1690 2799 secundum
1708 2750 1888 2810 Aaron)
1907 2756 1955 2797 et
1970 2750 2117 2798 dimi-

523 2815 587 2861 sit
624 2828 758 2874 eum,
783 2821 831 2862 et
869 2815 974 2862 abit
1016 2817 1076 2863 ad
1102 2820 1291 2875 gentes,
1320 2815 1405 2862 ubi
1432 2816 1710 2863 secundum
1734 2815 1964 2862 ordinem
1990 2814 2115 2860 Mel-

518 2878 784 2925 chisedech
808 2879 1140 2926 sacerdotium
1165 2879 1399 2926 instituit.
1419 2878 1618 2925 Materia
1641 2882 1713 2925 est
1729 2878 2009 2924 immutatio
2032 2890 2113 2923 sa-

520 2941 728 2988 cerdotii
753 2942 1031 2989 secundum
1049 2942 1277 2989 ordinem
1289 2942 1667 3001 Melchisedech,
1681 2954 1794 3000 qua:
1817 2944 2012 2986 notatur
2026 2939 2108 2986 ubi

523 3004 661 3062 dicit,
679 3005 988 3062 Magniﬁcate
1008 3006 1273 3052 Dominum
1290 3017 1504 3051 mecum.
1518 3003 1893 3051 Commendatio
1908 3002 2113 3062 quando

522 3066 608 3126 ait,
636 3067 880 3121 Quoniam
909 3068 1083 3115 suavis
1122 3074 1193 3115 est
1226 3068 1485 3116 Dominus.
1520 3067 1762 3113 Admonet
1794 3067 2037 3125 propheta
2057 3065 2111 3111 in

517 3129 610 3176 hoc
641 3128 854 3188 psalmo,
889 3135 947 3177 ut
979 3130 1194 3191 quisque
1234 3132 1387 3177 Deum
1412 3129 1598 3191 timeat,
1634 3129 1874 3189 quoniam
1908 3140 2015 3191 non
2039 3132 2112 3175 est

512 3191 685 3251 inopia
731 3191 1023 3241 timentibus
1065 3190 1215 3241 eum:
1262 3194 1324 3240 ad
1367 3190 1593 3248 ﬁlialem,
1637 3191 1910 3239 atl‘ectando
1954 3190 2113 3237 bonos

511 3264 761 3314 quosque,
786 3256 1031 3317 timorem,
1060 3267 1179 3306 cum
1208 3256 1331 3303 dicit
1357 3269 1369 3301 :
1396 3256 1571 3303 Venite
1596 3254 1709 3313 ﬁlii,
1736 3254 2023 3317 auditeme.
2040 3253 2118 3317 Et

512 3303 605 3380 hoc
633 3303 843 3377 faciens,
878 3303 1198 3366 intendi'teis
1247 3331 1487 3377 generare
1527 3303 1803 3377 caritatem,
1830 3316 1920 3380 ubi
1951 3315 2072 3362 dicit
2100 3330 2111 3363 :
2138 3303 2188 3380 C

512 3378 740 3427 Custodit
778 3382 1020 3429 Dominus
1049 3381 1222 3429 omnia
1250 3395 1365 3429 ossa
1403 3393 1594 3436 eorum,
1634 3392 1794 3427 unum
1818 3393 1880 3426 ex
1906 3378 1989 3425 his
2010 3390 2110 3425 non

511 3447 795 3489 conteretur
814 3457 827 3492 :
845 3444 1139 3492 deterrendo
1160 3457 1224 3492 ne
1239 3444 1553 3504 delinquant,
1572 3442 1747 3490 dicens
1768 3448 1973 3490 mortem
1998 3452 2114 3501 pee-

512 3510 731 3551 catorum
780 3519 887 3553 esse
920 3509 1210 3566 pessimam.

912 3610 1319 3677 PSALMUS
1388 3608 1704 3674 XXXIII.

572 3716 624 3772 2.
658 3717 979 3769 Benedicam
1016 3718 1321 3769 Dominum
1353 3718 1415 3768 in
1445 3717 1601 3767 omni
1637 3722 1884 3782 tempore,
1907 3731 2114 3784 semper

513 3788 632 3840 laus
666 3790 781 3854 ejus
812 3790 874 3840 in
906 3806 996 3841 ore
1031 3805 1165 3842 meo.
1206 3790 1367 3843 Dixit
1392 3790 1502 3843 hoc
1547 3788 1828 3853 Christus,
1858 3788 2014 3842 dicat
2055 3796 2113 3845 et

511 3861 866 3915 Christianus
892 3880 903 3913 :
936 3863 1073 3928 quia
1100 3863 1162 3916 in
1186 3875 1420 3928 corpore
1444 3861 1653 3914 Christi
1679 3863 1785 3913 est.
1814 3860 1994 3923 Omni,
2018 3862 2111 3915 in-

510 3933 651 3999 quit,
677 3938 922 3999 tempore,
946 3935 1004 3987 id
1032 3938 1143 3999 est,
1176 3935 1238 3987 in
1261 3934 1549 4000 prosperis
1574 3938 1633 3985 et
1657 3932 1912 3985 adversis
1937 3933 2113 3986 bene-

510 4004 696 4057 dicam
708 4011 767 4058 et
776 4006 1022 4059 laudabo
1033 4007 1364 4060 Dominum.
1384 4005 1624 4070 Quando
1636 4017 1908 4070 prospera
1921 4018 2113 4058 succe-

510 4076 670 4141 dunt,
697 4078 832 4130 boni
875 4078 1050 4131 simul
1073 4082 1132 4131 et
1156 4077 1292 4131 mali
1314 4079 1501 4131 Deum
1525 4076 1764 4129 laudant
1794 4080 1853 4129 et
1874 4077 2110 4130 benedi-

509 4152 668 4201 cunt.
692 4149 747 4201 Si
771 4149 1019 4203 adversa
1033 4151 1291 4215 veniunt,
1308 4152 1676 4202 murmurant
1696 4147 1931 4212 quidem
1954 4148 2109 4213 mali,

509 4219 613 4272 sed
628 4220 975 4274 benedicunt
988 4222 1143 4273 boni.
1163 4222 1310 4274 Hinc
1324 4220 1579 4285 estquod
1595 4221 1801 4271 beatus
1810 4220 1921 4273 Job
1937 4221 2113 4273 amis-

510 4290 593 4343 sis
604 4292 799 4356 rebus,
814 4293 1050 4345 orbatus
1068 4292 1219 4349 i’illis,
1232 4292 1329 4355 ait,
1341 4292 1623 4343 Dominus
1640 4290 1813 4354 dedit,
1828 4292 2111 4345 Dominus

509 4363 778 4424 abstulit;
816 4364 891 4416 sit
924 4376 1140 4416 nomen
1177 4363 1408 4416 Domini
1431 4362 1798 4415 benedictum
1823 4363 1971 4425 (Job.
2018 4364 2109 4429 1.).

510 4434 620 4487 Sed
655 4436 789 4499 quia
830 4438 968 4488 sunt
989 4434 1273 4498 nonnulli,
1287 4436 1387 4499 qui
1402 4434 1471 4487 de
1483 4434 1634 4487 bono
1651 4447 1755 4487 suo
1773 4435 1974 4489 volunt
1985 4434 2112 4489 lau-

508 4506 651 4569 dari,
677 4512 837 4561 cavet
873 4508 982 4561 hoc
1005 4508 1229 4571 vitium,
1258 4520 1391 4560 cum
1418 4507 1748 4572 subjungit:

571 4578 623 4633 3.
659 4579 724 4629 In
748 4580 971 4630 domino
994 4579 1305 4630 laubabitur
1329 4580 1522 4630 anima
1555 4595 1693 4629 mea.
1711 4579 1837 4632 Non
1851 4577 2112 4632 laudabi-

512 4655 606 4703 tur
627 4651 687 4702 in
721 4664 801 4712 se,
825 4665 945 4704 non
972 4652 1033 4704 in
1069 4652 1355 4717 sapientia
1375 4651 1597 4715 mundi,
1627 4663 1745 4703 non
1768 4650 1827 4702 in
1851 4651 2113 4704 sublimi-

512 4724 629 4806 tate
654 4723 959 4806 verborum
990 4723 1058 4806 (1.
1089 4724 1208 4806 Cor.
1235 4721 1307 4787 2.)
1334 4737 1346 4774 :
1381 4723 1831 4806 sed-in_Dom.ino
1855 4735 1889 4774 a
1914 4736 2030 4806 quo
2048 4727 2112 4806 et
2134 4733 2191 4806 D

510 4792 803 4855 virtutem,
830 4798 887 4846 et
915 4796 1229 4858 potentiam
1254 4796 1521 4860 sumpsit.
1549 4796 1619 4847 Et
1641 4795 1774 4858 quia
1798 4796 1979 4847 sancti
2008 4795 2112 4848 viri

511 4864 663 4916 bona
697 4878 818 4929 sua,
858 4868 1285 4919 communicare
1319 4867 1448 4919 aliis
1472 4866 1816 4928 desiderant,
1851 4866 2113 4930 protinus

510 4935 672 4988 addit
699 4937 981 4988 :Audiam
1017 4940 1307 5000 mansueti,
1345 4944 1391 4989 et
1430 4939 1688 4989 letentur.
1736 4938 1891 4990 Bene
1918 4944 2114 4991 autem

508 5019 626 5059 non
639 5007 738 5072 ait,
752 5008 1030 5071 iracundi,
1047 5010 1150 5062 sed
1166 5010 1628 5063 mansueti.Nam
1652 5008 1883 5072 quando
1898 5012 2115 5060 audiunt

508 5092 626 5132 non
651 5082 956 5143 mansueti,
973 5095 1091 5134 non
1106 5082 1398 5145 laetantur,
1423 5080 1885 5132 sedirascuntur.
1918 5082 1988 5133 Et
2003 5081 2114 5147 ipsi

510 5154 648 5204 sunt
672 5151 777 5217 (Ea:
799 5154 962 5218 Aug.,
995 5154 1170 5205 Enar.
1197 5150 1290 5215 2.),
1317 5152 1416 5216 qui
1440 5151 1659 5216 dicunt,
1696 5151 1831 5215 quia
1852 5165 1970 5204 non
2005 5166 2113 5206 nos

508 5224 705 5277 asinos
721 5224 1049 5287 fecerimus,
1062 5226 1336 5276 Jumenta
1350 5227 1659 5275 mansueta
1672 5224 1794 5275 vult
1805 5224 2014 5277 habere
2027 5228 2116 5273 Do-

507 5296 721 5348 minus.
739 5298 939 5360 Equus
955 5296 1129 5356 enim,
1156 5301 1214 5348 et
1229 5296 1442 5357 mulus,
1462 5294 1533 5347 de
1553 5296 1765 5359 quibus
1785 5296 1952 5361 paulo
1975 5302 2111 5349 ante

507 5366 635 5420 locu
642 5369 682 5421 ti
695 5380 918 5429 sumus,
935 5367 1161 5433 erigunt
1174 5366 1479 5431 aliquando
1492 5368 1785 5429 cervicem,
1800 5373 1859 5421 et
1872 5381 1981 5420 sua
1989 5371 2112 5418 fero-

506 5440 679 5493 citate
705 5452 742 5492 a
771 5451 835 5492 se
874 5440 1180 5493 excutiunt
1215 5452 1522 5492 sessorem.
1563 5442 1886 5492 Domantur
1911 5441 2106 5501 frenis,

509 5512 611 5564 cha
620 5525 732 5573 mo,
749 5513 1010 5565 verbere:
1030 5512 1210 5564 donec
1224 5512 1451 5564 discant
1465 5513 1779 5565 Dominum
1795 5525 1966 5565 suum
1979 5525 2109 5577 por-

508 5588 641 5637 tare.
667 5586 755 5636 Tu
778 5590 973 5637 autem
996 5588 1311 5649 antequam
1338 5585 1497 5636 freno
1524 5584 1842 5637 tundantur
1865 5597 1965 5636 ora
1989 5589 2105 5651 tua,

503 5658 626 5705 esto
653 5660 1017 5717 mansuetus,
1036 5660 1093 5708 et
1109 5662 1271 5721 porta
1287 5658 1621 5709 Dominum.
1642 5655 1768 5708 Noli
1794 5660 1849 5707 te
1868 5655 2105 5720 laudari,

507 5728 610 5779 sed
641 5728 908 5780 laudetur
940 5728 1053 5791 ille,
1079 5729 1178 5793 qui
1211 5729 1371 5783 sedet
1393 5742 1566 5795 super
1592 5734 1667 5782 te.
1692 5728 1803 5780 Sed
1819 5727 1943 5791 jam
1967 5728 2104 5791 quid

509 5810 618 5851 nos
640 5799 928 5862 admonet,
954 5800 1278 5853 audiamus.

2216 2001 2444 2052 bebitur
2467 2011 2624 2051 mors
2652 1999 2713 2048 in
2737 1994 3055 2057 victoriam,
3078 1999 3136 2045 et
3165 1993 3405 2045 mortale
3427 1993 3539 2045 hoc
3569 1994 3827 2045 induerit

2216 2072 2643 2125 immortalitem
2681 2068 2751 2130 (1.
2778 2068 2899 2118 Cor.
2922 2064 3048 2129 15.).
3074 2065 3292 2117 Deinde
3325 2070 3547 2118 amator
3569 2066 3709 2129 iste,
3736 2067 3827 2129 qui

2214 2157 2335 2197 non
2349 2143 2509 2196 solus
2536 2142 2660 2195 vult
2675 2138 2960 2205 amplecti,
2977 2137 3132 2201 quod
3152 2142 3325 2202 amat,
3343 2136 3607 2190 hortatur
3620 2149 3759 2202 nos,
3773 2143 3829 2189 et

2216 2217 2356 2269 dicit
2377 2234 2390 2265 :

2280 2288 2331 2344 6.
2356 2286 2597 2338 Accedite
2620 2283 2693 2335 ad
2715 2297 2859 2343 eum,
2883 2286 2930 2331 et
2952 2280 3375 2342 ittuminamini,
3398 2285 3445 2330 et
3459 2280 3627 2342 facies
3642 2286 3826 2330 mtrce

2216 2375 2327 2411 non
2341 2374 2435 2409 con
2439 2357 2761 2422 fundentur.
2776 2353 2864 2405 Ad
2876 2355 3062 2405 Deum
3072 2352 3399 2404 accedimus
3411 2352 3577 2404 bonis
3590 2351 3826 2415 studiis,

2217 2437 2275 2484 et
2287 2429 2684 2495 spiritualibus
2697 2425 3005 2484 exercitiis,
3018 2424 3280 2486 legendo,
3293 2423 3644 2483 meditando,
3656 2435 3824 2476 oran-

2218 2504 2310 2568 do,
2323 2502 2591 2556 amando.
2606 2499 3005 2552 lliuminamur
3016 2502 3212 2549 autem
3223 2509 3322 2562 per
3332 2496 3691 2568 intellectum
3700 2534 3718 2557 ,
3730 2510 3827 2561 per

2215 2576 2480 2640 gratiam,
2496 2586 2597 2637 per
2610 2571 2953 2631 doctrinam,
2966 2581 3067 2633 per
3079 2570 3276 2620 vitam.
3291 2567 3605 2620 Illuminati
3628 2573 3824 2621 autem

2215 2660 2333 2700 non
2350 2644 2802 2701 confunduntur,
2816 2642 2875 2693 id
2888 2646 2995 2705 est,
3008 2653 3126 2694 non
3137 2642 3490 2693 erubescunt
3500 2643 3567 2693 de
3579 2645 3823 2702 peccatis:

2218 2718 2309 2772 vel
2323 2732 2440 2771 non
2456 2718 2811 2770 erubescunt
2825 2713 2895 2765 de
2917 2713 3236 2778 opprobriis
3250 2718 3308 2765 et
3322 2712 3694 2765 contumeliis
3716 2714 3828 2765 sibi

2212 2791 2404 2843 illatis.
2417 2790 2563 2840 Hinc
2576 2786 2789 2839 Paulus
2800 2798 2918 2837 non
2931 2784 3253 2837 erusbescit
3266 2784 3637 2849 evangelium
3645 2785 3823 2849 (Rom.

2216 2863 2241 2919 1
2255 2864 2283 2926 .)
2295 2901 2307 2912 .
2325 2862 2472 2913 Hinc
2489 2859 2749 2925 Apostoli
2759 2870 2878 2909 non
2889 2856 3336 2916 confunduntur,
3351 2856 3466 2908 imo
3479 2855 3822 2921 gloriantur,

2214 2935 2350 3000 quia
2359 2933 2519 2998 digni
2536 2931 2714 2984 habiti
2732 2936 2871 2983 sunt
2888 2942 2987 2994 pro
3004 2929 3237 2981 nomine
3252 2930 3282 2980 J
3288 2940 3393 2980 esu
3408 2929 3823 2982 contumeliam

2213 3006 2330 3071 pati
2353 3008 2487 3068 (Act.
2522 3002 2619 3067 5.).
2655 3001 2925 3067 Proponit
2948 3002 3147 3052 autem
3170 3000 3338 3052 nobis
3365 3000 3425 3051 in
3462 3001 3819 3066 exemplum,

2211 3077 2523 3143 quemdam
2548 3086 2874 3139 pauperem,
2902 3085 3037 3124 cum
3067 3071 3403 3136 subjungit:

2274 3148 2324 3202 7.
2350 3148 2449 3197 Iste
2468 3161 2680 3212 pauper
2695 3144 2966 3204 clamavit,
2993 3148 3038 3192 et
3060 3142 3328 3192 Dominus
3348 3141 3636 3192 ewaudivit
3657 3158 3815 3193 eum:

2212 3220 2331 3270 etde
2344 3234 2471 3269 omn
2480 3217 2594 3269 ibus
2607 3215 3043 3267 tribulationibus
3053 3214 3279 3264 saluauit
3290 3228 3420 3264 eum.
3454 3214 3589 3277 Quis
3601 3221 3679 3264 est
3688 3218 3784 3264 iste
3794 3218 3819 3264 ?

2216 3289 2510 3352 Notabilis,
2524 3287 2808 3351 amabilis,
2826 3286 3139 3350 imitabilis,
3159 3291 3217 3338 et
3229 3288 3433 3335 fortasse
3452 3285 3565 3348 ipse
3582 3289 3819 3336 estChri-

2217 3368 2345 3416 stus
2371 3380 2382 3412 :
2402 3361 2502 3427 qui
2514 3374 2649 3413 cum
2665 3359 2922 3411 omnium
2942 3358 3105 3410 dives
3122 3362 3291 3417 esset,
3310 3357 3371 3409 in
3385 3361 3618 3410 tantum
3635 3358 3819 3410 factus

2216 3440 2307 3489 est
2329 3447 2431 3500 pro
2456 3433 2624 3485 nobis
2653 3444 2867 3497 pauper
2888 3429 2963 3493 (2.
2993 3430 3098 3480 Cor
3119 3428 3209 3493 8.).
3241 3429 3523 3481 Clamavit
3540 3433 3743 3482 autem
3765 3431 3821 3480 in

2215 3507 2400 3559 forma
2418 3505 2565 3557 servi
2589 3503 2810 3569 (Philip.
2837 3502 2932 3567 2.),
2953 3507 3009 3554 et
3031 3502 3318 3553 Dominus
3341 3504 3505 3555 Pater
3519 3503 3823 3555 exaudivit

2215 3592 2367 3632 eum.
2386 3580 2503 3629 Iste
2520 3589 2739 3642 pauper
2755 3576 2941 3627 factus
2965 3578 3057 3627 est
3078 3574 3355 3627 obediens
3370 3587 3558 3638 usque
3574 3575 3651 3628 ad
3669 3588 3820 3629 mor-

2217 3655 2331 3704 tem
2343 3648 2533 3702 crucis
2548 3648 2739 3713 (Ibid).
2757 3648 2994 3712 Propter
3009 3646 3164 3710 quod
3179 3646 3629 3699 exaltavitillum
3641 3649 3818 3709 Deus,

2214 3727 2271 3776 et
2286 3720 2533 3775 deditilli
2545 3732 2760 3771 nomen
2775 3718 2929 3783 quod
2953 3722 3043 3770 est
3055 3730 3229 3782 super
3239 3730 3407 3770 omne
3417 3730 3634 3770 nomen
3645 3718 3818 3781 (Ibid).

2213 3797 2358 3847 Ecce
2369 3792 2659 3858 quomodo
2671 3791 2955 3843 Dominus
2967 3790 3408 3843 exaudiviteum
3425 3791 3535 3842 :De
3546 3791 3818 3843 omnibus

2212 3871 2407 3919 autem
2420 3863 2882 3916 tribulationibus
2893 3863 3183 3926 liberatur,
3200 3862 3337 3926 quia
3350 3861 3610 3914 Christus
3625 3874 3819 3914 resur-

2213 3950 2354 4002 gens
2369 3949 2443 3989 ex
2460 3936 2709 3988 mortuis
2714 3936 2837 3999 jam
2847 3947 2966 3987 non
2986 3934 3246 3997 moritur,
3263 3945 3419 3985 mors
3434 3932 3514 3985 illi
3530 3934 3688 3985 ultra
3700 3947 3817 3985 non

2212 4008 2601 4063 dominabitur
2622 4008 2773 4070 (Rom
2790 4006 2881 4071 6.).
2900 4009 3003 4057 Per
3028 4006 3186 4058 hunc
3214 4017 3522 4071 pauperem
3537 4008 3819 4055 ostenditur

2214 4081 2315 4133 tibi
2337 4080 2449 4142 via,
2488 4090 2604 4143 qua
2625 4079 2827 4131 redeas
2849 4078 2922 4129 ad
2945 4078 3207 4141 patriam.
3236 4080 3445 4129 Factus
3466 4081 3560 4129 est
3581 4088 3818 4142 pauper,

2213 4156 2278 4204 ut
2298 4156 2363 4204 tu
2385 4163 2503 4203 non
2528 4150 2756 4210 timeas,
2781 4149 2897 4201 imo
2921 4148 3127 4213 diligas
3162 4152 3574 4214 paupertatem.
3600 4148 3817 4200 Passus

2210 4227 2317 4287 est,
2338 4227 2405 4275 ut
2420 4222 2655 4287 patiaris
2675 4228 2727 4273 et
2745 4225 2824 4273 tu.
2843 4220 3145 4284 Clamavit,
3164 4224 3231 4272 ut
3249 4218 3461 4272 clames
3479 4224 3536 4271 et
3552 4223 3634 4271 tu.
3654 4220 3818 4271 Libe-

2210 4299 2372 4354 ratus
2396 4298 2503 4359 est,
2540 4298 2608 4345 ut
2630 4292 2855 4345 liberari
2896 4305 3091 4357 speres
3114 4296 3172 4344 et
3204 4296 3287 4344 tu.
3322 4292 3588 4356 Magnam
3619 4294 3818 4343 autem

2210 4366 2315 4419 tibi
2333 4365 2645 4432 praetendit
2661 4366 3048 4426 securitatem,
3066 4376 3201 4417 cum
3223 4363 3442 4416 subdit:
3463 4363 3695 4413 Immilit
3716 4378 3818 4411 an-

2209 4438 2356 4501 gelus
2373 4437 2599 4487 Domini
2617 4437 2677 4486 in
2692 4437 2925 4486 circuitu
2937 4436 3248 4486 timentium
3262 4450 3385 4485 eum
3405 4450 3418 4487 :
3440 4440 3486 4484 et
3504 4434 3696 4498 eripiet
3719 4449 3817 4483 eos.

2211 4511 2298 4561 Tu
2315 4514 2542 4563 tantum
2558 4509 2698 4561 time
2714 4510 2915 4573 Deum,
2933 4513 2992 4560 et
3003 4510 3126 4560 esto
3140 4520 3403 4560 securus.
3418 4506 3699 4569 Quoniam
3713 4507 3819 4557 iste

2209 4594 2443 4647 pauper,
2457 4580 2767 4646 quidictus
2780 4584 2869 4632 est
2880 4579 3078 4644 magni
3089 4579 3312 4631 consilii
3325 4577 3564 4644 angelus
3586 4578 3718 4642 (lsai
3731 4578 3820 4637 9.),

2211 4652 2446 4705 immitit
2458 4665 2521 4705 se
2539 4652 2599 4704 in
2616 4652 2859 4704 circuitu
2877 4651 3207 4703 timentium
3222 4664 3373 4713 eum,
3399 4649 3651 4712 undique
3684 4662 3821 4701 cus—

2220 4724 2460 4787 todiens,
2499 4728 2556 4776 et
2588 4724 2908 4777 defendens
2937 4736 3057 4787 eos,
3082 4728 3148 4775 ut
3170 4723 3228 4774 in
3251 4722 3410 4776 nulla
3430 4726 3590 4787 parte
3608 4720 3819 4773 irrum-

2218 4809 2354 4863 pere
2379 4796 2572 4849 valeat
2602 4796 2891 4849 inimicus.

2276 4867 2328 4922 9.
2364 4872 2575 4932 Aperte
2596 4873 2791 4920 autem
2820 4867 2893 4919 de
2924 4866 3049 4932 ipso
3080 4870 3443 4918 sacramento
3464 4863 3585 4917 vult
3607 4862 3815 4925 dicere,

2216 4952 2331 5004 quo
2346 4939 2637 4992 ferebatur
2650 4940 2711 4991 in
2726 4939 2997 4990 manibus
3014 4938 3152 5001 suis,
3172 4951 3305 4990 cum
3322 4936 3648 5001 subjungit:
3679 4936 3814 4986 Gus-

2217 5015 2320 5060 tate
2347 5016 2394 5060 et
2419 5011 2605 5075 videte,
2641 5011 2910 5075 quoniam
2941 5011 3125 5059 suavis
3149 5014 3221 5058 est
3241 5010 3521 5059 Dominus.
3548 5008 3813 5059 Ostendit

2210 5081 2317 5134 tibi
2328 5082 2439 5147 (Ea:
2450 5083 2491 5131 Α
2501 5082 2775 5146 ugustino,
2796 5082 3011 5131 Ennar.
3024 5079 3096 5144 2.)
3117 5079 3273 5131 illam
3289 5091 3493 5132 sanam
3507 5078 3809 5131 insaniam.

2212 5157 2268 5205 et
2284 5154 2537 5205 sobriam
2554 5154 2891 5207 ebrietatem
2904 5152 3059 5205 illius
3082 5152 3268 5205 David
3285 5167 3298 5203 :
3322 5152 3422 5216 qui
3435 5152 3495 5203 in
3511 5152 3697 5216 tlgura
3712 5163 3808 5202 ne-

2214 5227 2350 5291 scio,
2366 5226 2506 5289 quid
2519 5226 2880 5289 ostendebat,
2892 5225 3125 5290 quando
3140 5223 3219 5276 illi
3236 5233 3254 5253 ·
3264 5224 3459 5276 miseri
3479 5234 3669 5275 coram
3682 5235 3808 5287 rege

2211 5297 2385 5349 Acbis
2399 5297 2686 5363 dixerunt,
2714 5297 3012 5361 Quomodo
3035 5301 3125 5349 est
3146 5298 3258 5360 (Ps.
3278 5295 3423 5359 110.)
3436 5300 3459 5346 9
3482 5294 3572 5347 Sic
3587 5294 3805 5346 dicebat

2210 5369 2511 5428 Dominus,
2550 5370 2672 5421 Nisi
2721 5370 2853 5434 quis
2897 5368 3336 5420 manducaverit
3390 5363 3537 5435 I49
3581 5378 3805 5418 carnem

2210 5453 2417 5505 meam,
2448 5446 2507 5494 et
2531 5442 2737 5494 biberit
2759 5441 3106 5505 sanguinem
3129 5452 3345 5503 meum,
3362 5453 3479 5491 non
3498 5439 3733 5490 habebit
3755 5439 3804 5487 in

2209 5526 2273 5565 se
2299 5514 2475 5566 vitam
2501 5513 2678 5578 (Joan.
2706 5514 2798 5577 6.).
2825 5515 2895 5564 Et
2920 5512 3002 5564 illi
3024 5514 3083 5565 in
3103 5513 3316 5576 quibus
3339 5513 3617 5575 regnabat
3640 5510 3804 5562 Achis

2210 5589 2274 5649 (1.
2306 5586 2426 5649 Reg.
2454 5584 2584 5649 21.),
2616 5584 2674 5636 id
2707 5587 2816 5648 est,
2854 5597 3013 5638 error
3040 5587 3098 5635 et
3124 5584 3460 5649 ignorantia,
3498 5582 3801 5633 dixerunt:

2206 5656 2498 5718 Quomodo
2528 5657 2633 5708 iste
2653 5661 2845 5721 potest
2867 5657 3001 5708 dare
3018 5656 3184 5707 nobis
3205 5668 3437 5715 carnem
3464 5666 3625 5706 suam
3651 5665 3803 5704 man-

2205 5728 2415 5781 ducere
2442 5729 2617 5793 (Joan.
2648 5728 2695 5783 6.
2718 5731 2775 5791 )?
2800 5730 2855 5780 Si
2881 5728 3133 5793 ignoras,
3155 5732 3331 5791 gusta
3356 5742 3367 5777 :
3393 5732 3451 5778 et
3473 5725 3620 5785 vide,
3636 5736 3800 5789 quam

2203 5801 2401 5853 suavis
2425 5804 2516 5853 est
2533 5800 2836 5853 Dominus.
2853 5802 3078 5865 Gustat,
3100 5800 3199 5864 qui
3214 5802 3373 5852 amat
3394 5814 3407 5850 :
3425 5797 3593 5861 videt,
3611 5796 3710 5861 qui
3726 5796 3802 5847 in-

576 5944 593 5964 ·
628 5934 794 5999 Quod
820 5942 1102 5998 respuunt
1121 5937 1474 5993 Benedictini
1498 5939 1741 5993 verbum
1760 5938 1947 5990 miseri
1968 5938 2030 5992 in
2053 5950 2162 5993 suo
2190 5940 2538 6005 Augustino,
2561 5942 2772 5995 Noster
2796 5939 2933 5995 olim
2954 5939 3112 6008 legit,
3136 5944 3311 6006 atque
3331 5937 3562 5992 adserit.
