3890 6392
136 382 255 440 765

1156 385 1229 437 IN
1262 384 1585 438 PSALMOS
1617 383 1826 445 LXXV
1858 385 2440 439 COMMENTARIUS.

3342 386 3448 442 766

135 498 383 582 teni-git...
399 499 455 550 Si
480 502 676 582 autem
697 513 816 582 non
829 499 1118 582 intelligit,
1145 513 1247 552 rex
1277 502 1366 582 est
1393 500 1569 582 Achis
1590 501 1743 582 :“im-
1766 509 1821 582 Α
1848 503 2005 582 Finis
2033 503 2228 553 autem
2246 502 2518 582 perfecta
2549 502 2797 582 justitia
2820 506 2926 562 est,
2951 501 3034 582 ita
3055 501 3294 582 intra‘se
3315 514 3452 582 esse

137 571 393 623 mutavit
417 583 584 622 suam
609 572 811 624 faciem
829 571 1033 633 David,
1047 577 1104 624 et
1118 572 1405 624 recessita
1426 577 1502 633 te,
1515 573 1747 625 etdimi—

139 644 223 694 sit
264 647 336 705 te,
380 648 436 694 et
459 643 613 695 abiit.
647 646 716 695 Et
739 644 885 707 ideo,
909 645 1106 693 Beatus
1128 645 1214 693 vir
1236 645 1332 708 qui
1357 650 1533 709 sperat
1569 646 1630 694 in
1666 660 1741 694 eo.

142 714 274 764 Non
298 714 359 764 in
380 713 630 774 homine,
649 727 764 765 non
779 715 838 765 in
860 715 1093 773 mundo,
1115 728 1231 766 non
1252 716 1311 766 in
1337 717 1548 779 seipso:
1569 715 1669 767 sed
1687 717 1746 766 in

143 787 282 842 Deo,
308 789 430 848 Quo
455 789 655 838 contra
671 786 767 849 qui
788 799 906 838 non
929 792 1120 850 sperat
1136 788 1192 837 in
1213 789 1349 846 Deo,
1364 788 1539 838 miser
1552 792 1659 839 est.
1679 791 1749 839 Et

137 870 217 909 ne
235 862 548 921 postquam
561 859 1073 921 gustarent,securi
1090 860 1568 922 essent,protinus
1580 861 1740 909 addit:

208 928 295 983 10.
328 930 521 979 Timete
545 930 846 979 Dominum
875 946 1058 979 omnes
1088 931 1261 980 sancti
1298 931 1428 993 ejus.
1465 932 1648 981 Deum
1673 931 1748 982 ti-

141 1014 324 1063 mere,
362 1007 452 1053 est
473 1014 666 1052 coram
696 1014 764 1054 eo
800 1015 862 1054 se
895 1002 1216 1061 humiliare,
1241 1007 1296 1054 et
1320 1002 1629 1053 metuendo
1651 1015 1747 1053 ca-

136 1085 294 1136 vere,
311 1086 384 1124 ne
409 1073 468 1124 in
484 1073 594 1133 his,
609 1086 742 1137 qua
758 1074 1003 1137 agimus,
1023 1074 1149 1125 sive
1173 1073 1232 1124 in
1250 1074 1613 1138 cogitatione,
1638 1075 1746 1122 sive

136 1144 204 1196 in
253 1145 446 1209 verbo,
484 1145 601 1198 sive
640 1146 700 1196 in
722 1158 890 1209 opere
913 1145 1075 1196 illum
1099 1145 1476 1197 offendamus.
1503 1145 1610 1207 Qui
1637 1145 1747 1196 hoc

135 1215 386 1281 faciunt,
413 1217 598 1268 sancti
625 1221 778 1268 sunt.
818 1219 887 1268 Et
924 1217 1088 1280 quasi
1113 1217 1244 1279 quis
1266 1222 1568 1281 quareret,
1598 1217 1746 1279 Quid

135 1289 381 1353 prodest
400 1289 596 1340 timere
612 1289 923 1341 Dominum
939 1295 961 1338 ?
979 1289 1539 1352 sequitur:0uonia~m
1556 1301 1660 1338 non
1677 1293 1745 1336 est

136 1359 338 1421 inopia
364 1359 671 1409 timentibus
693 1375 832 1410 eum.
859 1363 932 1411 Et
950 1361 1060 1412 hoc
1072 1361 1293 1424 probat,
1312 1373 1445 1412 cum
1462 1362 1742 1420 subjungit:

207 1430 294 1486 11.
327 1432 526 1481 Divites
558 1438 820 1495 eguerunt
842 1438 889 1482 et
911 1433 1220 1482 esurierunt
1244 1447 1257 1484 :
1285 1433 1621 1496 inquirentes
1643 1447 1748 1479 au-

135 1507 247 1552 tem
271 1504 570 1553 Dominum
591 1519 703 1554 non
732 1505 1056 1553 minuentur
1085 1505 1237 1554 omni
1267 1505 1421 1554 bono.
1447 1503 1749 1556 Videretur

138 1575 247 1626 tibi
276 1576 480 1640 magis,
497 1582 563 1627 ut
584 1575 664 1627 illi
683 1577 985 1636 esurirent,
1017 1577 1115 1639 qui
1139 1578 1466 1640 contempto
1484 1575 1674 1627 seculo
1691 1579 1748 1627 et

135 1659 424 1712 pauperes
456 1648 608 1712 facti,
647 1649 960 1699 Dominum
995 1648 1405 1711 exquirerent:
1452 1647 1530 1698 illi
1554 1653 1748 1698 autem

133 1730 264 1795 non
283 1719 685 1795 minuerentur
723 1720 1035 1795 bonis,_qui
1061 1720 1302 1771 terrenis
1328 1718 1633 1795 abundant
1662 1719 1751 1795 di-

138 1790 439 1843 vitiis.'Sed
463 1791 578 1842 noli
602 1791 902 1843 attendere
925 1792 1192 1842 homines
1215 1791 1539 1843 secundum
1573 1790 1752 1842 facul-

1846 574 2174 638 pacitlcum,
2198 579 2264 626 ut
2285 587 2415 627 caro
2439 575 2751 627 concordet
2778 586 2910 625 cum
2928 573 3144 638 animo,
3173 578 3230 626 et
3248 576 3452 623 animus

1847 659 1980 697 cum
2005 648 2142 707 Deo,
2158 651 2222 698 ut
2232 649 2354 710 jam
2373 647 2534 699 nulla
2555 647 2744 712 possit
2761 646 3110 698 adversitate
3133 645 3355 698 moveri
3380 646 3451 696 ab

1847 717 1954 768 hac
1980 718 2190 781 quiete.
2205 718 2308 769 Vel
2333 720 2489 783 pacis
2521 719 2755 770 nomine
2767 730 3082 783 possumus
3096 718 3351 781 accipere
3365 721 3454 766 Do-

1847 789 2067 840 minum
2095 791 2402 849 Christum,
2425 791 2522 853 qui
2547 794 2634 842 est
2657 803 2768 854 pax
2793 803 2947 855 vera,
2970 790 3068 852 qui
3085 789 3218 841 fecit
3241 795 3453 849 utraque

1848 875 2034 912 unum
2077 862 2288 926 (Ephes.
2323 861 2413 920 2.).
2447 863 2616 913 Hunc
2649 863 2928 914 debemus
2965 865 3085 913 toto
3113 861 3305 922 corde,
3331 863 3452 912 toto

1847 935 2056 984 atl'ectu
2080 933 2228 985 inter
2249 947 2355 985 nos
2379 946 2639 998 quarere
2664 953 2674 982 :
2697 947 2868 998 quem
2890 933 3142 998 profecto
3160 933 3448 997 persequi-

1851 1018 1998 1066 mur,
2025 1005 2075 1055 si
2092 1017 2223 1056 eum
2249 1005 2499 1069 perfecte
2525 1005 2774 1058 vivendo
2800 1005 3110 1057 imitamur.
3125 1004 3452 1054 Commendat

1847 1083 2043 1129 autem
2064 1078 2165 1128 Dei
2188 1077 2640 1129 misericordiam
2662 1090 2838 1141 super
2858 1089 3135 1135 nos,cum
3155 1079 3267 1136 subj
3276 1077 3447 1136 ungit:

1911 1148 1996 1204 16.
2027 1148 2177 1198 Oculi
2203 1149 2427 1198 Domini
2450 1164 2613 1213 super
2623 1150 2814 1212 justos.
2848 1149 2911 1200 Id
2945 1151 3052 1209 est,
3077 1147 3327 1199 intuitus
3364 1146 3445 1197 di-

1847 1221 2002 1274 vina
2025 1220 2434 1272 misericordia
2458 1223 2598 1272 sunt
2621 1233 2796 1285 super
2811 1233 2930 1282 eos,
2947 1220 3048 1282 qui
3068 1220 3224 1282 juste
3249 1218 3454 1282 vivunt

1848 1296 1917 1345 Et
1939 1293 1986 1344 si
2009 1293 2119 1358 ipsi
2141 1296 2348 1357 petunt
2371 1292 2587 1355 aliquid
2606 1307 2618 1343 :
2636 1293 2812 1342 Aures
2835 1292 2966 1356 ejus,
2993 1290 3050 1342 id
3075 1295 3180 1352 est,
3197 1290 3452 1341 clemen-

1847 1365 1929 1418 tia
1972 1370 2029 1416 et
2067 1364 2339 1429 potentia,
2377 1368 2516 1416 sunt
2539 1369 2756 1428 parata
2778 1365 2841 1413 in
2863 1378 3039 1427 preces
3060 1376 3247 1412 eorum
3273 1372 3454 1413 exau-

1851 1436 2107 1488 diendas.
2144 1435 2317 1487 Videt
2349 1440 2652 1500 operantes
2689 1440 2746 1487 et
2775 1435 3124 1487 laborantes.
3150 1432 3329 1485 Audit
3350 1445 3450 1496 ge-

1850 1513 2095 1570 mentes,
2122 1514 2180 1561 et
2216 1515 2466 1561 orantes.
2494 1509 2582 1560 Sic
2607 1522 2742 1572 ergo
2765 1508 2916 1568 vive,
2940 1512 3006 1560 ut
3030 1507 3211 1559 oculis
3237 1507 3336 1558 Dei
3362 1518 3453 1558 va-

1848 1581 1968 1633 leas
1991 1581 2203 1644 dignus
2232 1593 2522 1645 apparere.
2549 1581 2640 1633 Sic
2662 1592 2778 1643 ora,
2792 1584 2858 1631 ut
2884 1592 3106 1644 praces
3131 1584 3245 1631 tua
3262 1589 3453 1642 usque

1850 1653 1921 1704 ad
1969 1666 2138 1705 aures
2183 1654 2310 1715 ejus
2354 1653 2702 1717 pertingant.
2743 1651 2852 1703 Sed
2890 1651 3034 1703 forte
3067 1651 3218 1703 dicet
3241 1649 3452 1714 aliquis

1852 1726 2058 1786 malus,
2081 1726 2329 1776 Securus
2343 1737 2534 1790 pecco,
2551 1724 2687 1787 quia
2708 1736 2802 1775 me
2824 1736 2942 1774 non
2970 1723 3125 1775 videt
3145 1725 3318 1775 Deus.
3333 1725 3455 1774 Au-

1855 1798 1931 1857 di,
1962 1797 2116 1861 quod
2135 1797 2416 1859 sequitur.

137 1867 527 1959 Etesiarum,
543 1863 659 1959 sed"
671 1863 994 1959 secpndum
1016 1863 1260 1959 virtutes
1278 1862 1626 1959 animoru‘m.
1639 1861 1745 1959 lsti
1774 1885 1828 1959 B
2039 1869 2228 1959 qum
2249 1873 2429 1959 (iure?
2457 1867 2682 1917 Domini
2704 1881 2866 1948 super
2891 1866 3142 1930 facientes
3164 1863 3350 1959 mala:
3377 1864 3452 1959 a‘d

136 1933 380 1997 quidem
404 1934 607 1986 mundi
631 1939 939 1992 amatores,
957 1935 1054 1997 qui
1075 1935 1212 1986 foris
1227 1935 1503 1997 apparent
1515 1933 1743 1991 divites,

137 2017 262 2056 non
303 2017 539 2068 parvam
568 2007 728 2057 intus
766 2006 975 2057 mentis
1012 2007 1313 2070 patiuntur
1335 2005 1607 2069 inopiam.
1639 2004 1750 2065 Qui

134 2079 336 2129 autem
358 2077 509 2130 intra
525 2091 586 2130 se
612 2080 792 2130 Deum
813 2079 1100 2142 quarunt,
1133 2082 1191 2129 et
1206 2083 1370 2129 extra
1387 2079 1575 2128 Deum
1605 2075 1750 2127 nihil

135 2150 579 2213 concupiscunt,
603 2162 722 2201 non
761 2151 1108 2201 minuuntur
1144 2150 1300 2201 omni
1324 2150 1492 2208 bono,
1520 2148 1636 2199 imo
1659 2160 1750 2199 re-

136 2220 374 2285 plentur
398 2234 628 2272 summo
649 2222 822 2281 bono,
836 2221 991 2285 quod
1005 2225 1095 2273 est
1118 2223 1289 2272 Deus.
1304 2220 1620 2284 Replentur
1635 2218 1748 2270 ﬁde

141 2306 248 2356 spe
274 2298 333 2345 et
356 2294 609 2346 caritate.
638 2293 948 2358 Replentur
963 2294 1183 2344 sanctis
1204 2294 1467 2344 moribus
1491 2296 1547 2344 et
1569 2292 1750 2343 virtu-

141 2364 324 2428 tibus,
351 2378 483 2428 qua
508 2370 648 2417 sunt
672 2378 826 2418 vera
847 2366 1087 2429 divitia,
1105 2377 1236 2429 qua
1260 2365 1436 2416 animi
1463 2362 1752 2427 expellant

136 2445 484 2506 egestatem.
513 2443 581 2493 Et
603 2441 730 2492 ideo
755 2453 865 2492 nos
895 2441 1187 2502 admonet,
1215 2439 1413 2490 dicens
1439 2456 1452 2488 :

212 2511 293 2566 12.
340 2513 520 2562 Venite
542 2513 665 2576 ﬁlii,
704 2514 892 2562 audite
916 2528 1016 2576 me,
1040 2513 1293 2560 timorem
1315 2509 1542 2560 Domini
1565 2507 1752 2558 docebo

139 2598 250 2634 vos.
293 2584 538 2636 Multum
579 2598 686 2636 nos
727 2585 996 2649 aedificat,
1037 2583 1194 2648 quod
1236 2583 1333 2644 ait,
1379 2583 1576 2643 Venite,
1612 2593 1679 2632 ac
1704 2581 1752 2632 si

140 2655 379 2712 diceret,
405 2659 524 2707 Vos
550 2658 649 2720 qui
674 2659 894 2709 vacatis
920 2657 1055 2718 otio,
1072 2657 1198 2707 sive
1215 2655 1313 2719 qui
1339 2654 1576 2706 terrenis
1599 2653 1754 2705 vani-

143 2727 364 2779 tatibus
411 2728 767 2791 incumbitis,
814 2729 911 2791 qui
943 2728 1218 2780 laboratis
1257 2731 1314 2778 et
1358 2726 1577 2778 onerati
1611 2726 1754 2777 estis

144 2800 364 2865 (Matth.
394 2800 497 2862 11.)
527 2817 539 2852 :
568 2801 878 2865 relinquite
902 2814 986 2863 ea,
1024 2813 1158 2864 qua
1196 2812 1302 2851 vos
1336 2799 1674 2863 impediunt,
1698 2803 1756 2849 et

143 2873 343 2924 venite
366 2873 438 2924 ad
461 2886 573 2925 me.
602 2875 810 2925 Audite
837 2879 1030 2925 autem
1054 2873 1291 2925 auribus
1309 2871 1513 2923 cordis.
1535 2873 1735 2919 Obedile

143 2948 220 2996 ut
242 2945 342 2995 filii
369 2962 379 2993 :
409 2948 647 3009 paterno
665 2945 872 2998 affectu
892 2947 1110 2998 docebo
1128 2958 1235 2996 vos
1251 2945 1517 2996 timorem
1537 2944 1753 2991 Domini.

146 3018 222 3068 Et
267 3019 678 3070 convenienter
705 3019 804 3075 ait,
854 3019 1136 3069 Timorem.
1186 3019 1314 3080 Ipse
1342 3016 1498 3068 enim
1535 3014 1757 3079 primus

151 3087 376 3151 gradus
423 3089 739 3153 spiritualis
773 3090 1052 3142 doctrina
1077 3094 1135 3141 et
1157 3088 1410 3140 caelestis
1441 3085 1756 3150 sapientia,

153 3160 311 3212 sicut
336 3163 613 3224 scriptum
640 3165 748 3227 est,
764 3163 998 3214 Initium
1014 3162 1316 3226 sapientia
1333 3157 1758 3211 timorDomini.

154 3233 327 3295 (Psal.
376 3232 498 3288 110.
529 3234 688 3285 Prov.
717 3233 807 3297 1.).
853 3234 1127 3297 Quisquis
1166 3233 1385 3284 accedit
1414 3231 1487 3283 ad
1511 3230 1615 3282 Dei
1641 3242 1764 3281 ser-

155 3305 389 3366 vitium,
436 3306 546 3357 hoc
583 3306 756 3358 debet
783 3318 913 3358 esse
937 3307 1187 3370 primum
1214 3305 1368 3356 illius
1393 3302 1665 3361 studium,
1695 3306 1762 3352 ut

151 3376 345 3428 discat
373 3377 616 3440 qualiter
661 3379 867 3430 debeat
904 3378 1103 3430 timere
1127 3379 1327 3429 Deum.
1357 3376 1466 3427 Sed
1491 3375 1654 3439 prius
1674 3377 1762 3425 at-

153 3449 516 3503 tendendum
558 3455 669 3512 est,
694 3455 911 3515 quanta
934 3451 1024 3502 vir
1047 3455 1284 3502 sanctus
1309 3449 1484 3500 utitur
1514 3448 1608 3498 hic
1639 3452 1760 3498 arte

151 3522 490 3586 magisterii.
531 3523 694 3574 Prius
733 3523 887 3574 enim
922 3522 1120 3574 studet
1156 3522 1486 3574 auditorum
1515 3520 1763 3571 benevo-

149 3593 390 3646 lentiam
411 3597 660 3657 captare.
707 3595 777 3645 Et
813 3594 1080 3658 proponit
1109 3595 1212 3658 eis,
1253 3591 1410 3657 quod
1437 3591 1626 3656 magis
1662 3604 1761 3642 eos

153 3665 410 3717 delectat
432 3666 648 3727 audire,
676 3666 876 3718 dicens
901 3680 914 3716 :

223 3736 310 3791 13.
348 3737 477 3796 Quis
520 3745 587 3787 est
624 3739 802 3801 homo,
845 3739 943 3802 qui
994 3737 1335 3789 vultvitam?
1366 3738 1484 3788 Nec
1528 3736 1656 3788 dico
1691 3735 1762 3787 de

154 3809 284 3860 vita
306 3809 494 3873 posita
535 3810 595 3860 in
626 3809 897 3861 miseria:
937 3808 1039 3860 sed
1072 3809 1172 3872 qui
1203 3813 1293 3860 est
1323 3807 1437 3870 ille,
1463 3808 1563 3871 qui
1586 3806 1762 3869 diligit

154 3880 274 3930 dies
311 3881 484 3930 videre
513 3880 675 3930 bonos
695 3884 723 3932 ‘l
751 3882 884 3933 Ideo
907 3881 1036 3939 hoc,
1073 3881 1228 3943 quod
1265 3893 1466 3932 omnes
1505 3879 1757 3943 cupiunt,

153 3953 486 4018 pratendit,
523 3955 589 4004 ut
615 3954 696 4005 sic
719 3954 999 4005 accendat
1021 3965 1118 4003 eos
1149 3953 1220 4003 ad
1246 3965 1314 4003 ea
1335 3951 1615 4014 facienda,
1631 3961 1763 4014 qua

153 4023 437 4090 pracipit.
466 4024 521 4075 Si
546 4025 635 4075 vis
659 4025 850 4087 vitam,
868 4025 1009 4076 velis
1035 4029 1331 4076 aternam.
1351 4024 1406 4074 Si
1431 4023 1622 4086 diligis
1640 4021 1763 4072 dies

154 4098 368 4159 bonos,
393 4096 564 4160 dilige
595 4101 862 4150 aternos.
894 4099 1032 4148 Hac
1061 4101 1152 4148 est
1168 4107 1302 4147 vera
1318 4095 1456 4156 vita,
1485 4095 1680 4146 vivere
1703 4094 1764 4144 in

154 4171 302 4221 Deo.
351 4169 585 4232 Semper
608 4169 731 4220 dies
756 4169 890 4220 mali
912 4169 1207 4235 iniseculo.
1228 4168 1464 4230 Semper
1492 4166 1614 4216 dies
1630 4165 1765 4216 boni

154 4242 224 4294 in
246 4241 384 4292 Deo.
413 4242 562 4302 Ergo
588 4241 637 4292 si
661 4240 748 4292 vis
772 4241 953 4292 vitam
972 4246 1031 4292 et
1048 4240 1172 4292 dies
1193 4241 1398 4302 bonos,
1415 4238 1551 4289 audi
1575 4242 1632 4290 et
1656 4237 1761 4288 fac.

227 4311 315 4366 14.
346 4311 578 4362 Prohibe
623 4312 870 4376 linguam
913 4317 1067 4362 tuam
1112 4328 1148 4361 a
1183 4311 1346 4362 malo.
1374 4313 1458 4363 Ne
1486 4311 1544 4361 in
1567 4312 1764 4374 aperto

156 4385 418 4448 loquaris
439 4385 675 4436 malum.
708 4385 776 4434 Et
795 4384 940 4435 labia
960 4390 1053 4434 tua
1077 4399 1146 4434 ne
1162 4383 1460 4448 loquantur
1475 4382 1676 4431 dolum.
1692 4383 1766 4433 Ut

157 4459 319 4509 bona
343 4458 520 4508 verba
543 4469 641 4509 ore
671 4457 943 4520 proferas,
983 4462 1041 4508 et
1063 4455 1280 4508 malum
1329 4452 1476 4522 |50
1509 4453 1568 4503 in
1594 4451 1765 4503 corde

155 4527 490 4581 abscondas
522 4543 532 4576 :
561 4527 713 4578 sicut
734 4527 813 4579 illi
840 4529 1075 4592 faciunt,
1103 4527 1201 4591 qui
1224 4527 1540 4590 loquuntur
1563 4536 1764 4588 pacem

159 4613 300 4652 cum
323 4599 582 4663 proximo
608 4613 733 4663 suo,
765 4599 916 4652 mala
937 4604 1131 4650 autem
1154 4599 1214 4649 in
1248 4598 1518 4650 cordibus
1543 4609 1760 4648 eorum.

160 4673 330 4724 Prius
353 4671 610 4736 linguam
622 4685 821 4767 ,qufm
836 4677 1043 4724 catera
1058 4672 1316 4767 memera
1335 4671 1550 4767 jubft'a
1565 4674 1761 4729 peccato
1785 4694 1840 4767 D

160 4744 470 4767 _A-\—:ml\nn
500 4759 512 4767 .
549 4744 674 4767 εμεεη
757 4756 821 4767 ΑΛ
864 4748 953 4767 Ληι
989 4745 1172 4767 mund...
1199 4743 1252 4767 ξ...
1303 4755 1424 4767 nmu
1477 4742 1548 4767 ἶη
1583 4751 1758 4767 mnm-

159 4744 472 4808 reprimere
500 4759 512 4794 :
547 4744 681 4808 quia
712 4743 824 4796 hoc
862 4748 960 4796 est
989 4745 1174 4808 magis
1199 4742 1550 4794 indomabile
1583 4751 1758 4790 mem-

161 4818 340 4867 brum
366 4816 424 4866 in
455 4818 574 4868 toto
598 4828 850 4881 corpore,
876 4816 946 4867 de
969 4828 1082 4879 qua
1107 4816 1386 4878 scriptum
1406 4818 1511 4871 est,
1547 4813 1613 4863 In
1641 4821 1766 4861 ma-

158 4888 343 4939 nibus
362 4887 580 4952 lingua
603 4888 723 4939 vita
746 4891 805 4939 et
825 4900 982 4939 mors
1009 4887 1182 4952 (Prov.
1210 4885 1335 4949 18.).
1355 4887 1437 4937 De
1460 4896 1574 4948 qua
1597 4882 1769 4934 etiam

162 4959 481 5023 Apostolus
505 4959 601 5019 ait,
628 4960 851 5023 Lingua
872 4959 1193 5022 inquietum
1216 4957 1455 5022 malum,
1478 4955 1646 5020 plena
1678 4966 1772 5006 ve-

163 5043 324 5082 neno
365 5031 657 5082 mortifero
698 5031 895 5093 (Jacob.
943 5029 1033 5092 3.).
1081 5030 1224 5093 Quia
1255 5042 1392 5090 ergo
1415 5028 1625 5081 occidit
1647 5026 1770 5077 ani-

164 5115 346 5166 mam,
380 5103 429 5153 si
452 5116 568 5154 non
592 5103 936 5155 refrenatur:
962 5103 1096 5166 quia
1117 5103 1176 5153 in
1193 5102 1392 5165 lingua
1415 5099 1771 5163 frequentius

162 5175 421 5228 labimur
458 5191 471 5226 :
511 5176 716 5226 merito
743 5175 828 5226 vir
852 5179 1088 5226 sanctus
1111 5174 1367 5239 linguam
1400 5173 1652 5237 primum
1678 5183 1773 5222 co-

160 5249 368 5301 hibere
417 5247 696 5311 pracipit,
741 5259 917 5310 quam
960 5246 1192 5312 magnis
1247 5246 1308 5298 in
1355 5257 1590 5311 corpore
1629 5255 1775 5308 pra-

162 5320 361 5374 valere
397 5321 470 5371 ad
511 5319 870 5386 peccandum
901 5319 1059 5373 vidit.
1110 5319 1331 5372 Deinde
1370 5317 1776 5370 universaliter

164 5391 474 5456 subiungit
501 5409 512 5440 :

232 5463 320 5520 15.
350 5463 572 5514 Declina
594 5479 630 5514 a
645 5464 810 5515 malo.
838 5465 909 5515 Et
925 5462 1070 5527 quia
1087 5463 1196 5515 hoc
1229 5475 1350 5514 non
1373 5461 1605 5525 sufﬁcit,
1644 5473 1778 5526 pro-

164 5537 330 5590 tinus
347 5534 526 5598 addit,
541 5535 606 5584 Et
622 5535 711 5599 fac
722 5535 941 5585 bonum.
959 5537 1203 5596 Rursus,
1222 5535 1357 5598 quia
1376 5533 1448 5585 ad
1466 5533 1775 5598 perfectam

157 5607 461 5675 justitiam
486 5605 614 5660 hac
637 5607 750 5658 duo
773 5619 888 5658 non
912 5612 1153 5671 possent
1178 5606 1460 5667 sufficere,
1499 5605 1774 5656 continuo

167 5679 445 5744 adjunxit
470 5695 483 5730 :
522 5679 752 5743 Inquire
778 5693 966 5743 pacem
988 5685 1034 5728 et
1055 5693 1367 5743 persequere
1395 5692 1532 5728 eam.
1559 5676 1774 5727 Malum

164 5753 515 5816 relinquere,
549 5750 945 5802 inchoantium
979 5753 1084 5802 est.
1119 5751 1344 5801 Bonum
1376 5749 1578 5809 facere,
1617 5747 1779 5812 proﬁ-

167 5825 470 5877 cientium.
484 5825 550 5875 ln
560 5823 652 5875 his
679 5821 906 5874 duobus
925 5822 1229 5888 praceptis
1247 5821 1514 5873 consistit
1526 5819 1774 5884 justitia.

241 5979 259 5998 ·
291 5967 462 6033 Apud
494 5966 891 6033 Augustinum
911 5965 1058 6016 Justi
1079 5969 1276 6017 autem.

1854 1941 1991 2005 quid
2021 1955 2035 1991 :
2072 1941 2133 1990 Ut
2155 1940 2346 2004 perdat
2368 1940 2429 1988 de
2453 1944 2596 1988 terra
2618 1939 2940 1988 memoriam
2963 1952 3168 1989 eorum.
3195 1939 3298 1988 Per
3326 1935 3455 1988 vul-

1847 2017 1975 2064 tum
1998 2013 2191 2077 accipe
2213 2015 2489 2064 terrorem
2515 2011 2840 2063 severitatis
2875 2011 2994 2061 Dei.
3019 2009 3193 2062 Bonis
3220 2008 3455 2072 quidem

1849 2085 2097 2137 blandus
2141 2089 2250 2146 est,
2289 2089 2349 2137 et
2389 2083 2668 2148 propitius
2697 2102 2711 2134 :
2753 2081 2924 2134 malis
2946 2095 3078 2134 vero
3105 2081 3374 2134 terribilis
3398 2083 3457 2132 et

1848 2157 2164 2208 districtus.
2200 2159 2268 2207 Et
2292 2156 2442 2207 sicut
2462 2155 2522 2206 in
2547 2155 2828 2207 memoria
2861 2159 3080 2206 aterna
3115 2157 3286 2205 erunt
3310 2151 3456 2216 justi

1853 2228 2014 2292 (Psal.
2044 2227 2209 2290 111.),
2243 2228 2324 2278 ita
2352 2227 2423 2279 de
2460 2226 2737 2279 memoria
2761 2230 2980 2278 aterna
3006 2224 3276 2276 tollentur
3297 2223 3452 2274 mali.

1850 2303 2012 2353 Tunc
2036 2300 2144 2351 erit
2168 2299 2388 2363 perdita
2410 2299 2691 2351 memoria
2705 2310 2926 2355 eorum,
2951 2309 3086 2348 cum
3105 2295 3303 2348 nullus
3318 2307 3456 2347 san-

1852 2377 2074 2424 ctorum
2114 2384 2287 2436 super
2321 2384 2422 2423 eos
2452 2371 2642 2434 aliqua
2670 2371 2765 2436 pia
2785 2370 3085 2422 affectione
3111 2368 3450 2420 movebitur.

1853 2443 2015 2498 Unde
2028 2442 2174 2495 dixit
2190 2443 2661 2496 Abraham.1nter
2671 2455 2778 2494 nos
2793 2447 2854 2495 et
2868 2455 2974 2495 vos
2988 2441 3164 2493 chaos
3175 2452 3455 2504 magnum

1852 2515 2146 2568 ﬁrmatum
2190 2517 2281 2566 est
2326 2516 2469 2576 (Luc.
2521 2514 2641 2578 16.).
2678 2515 2888 2566 Probat
2911 2517 3104 2564 autem
3129 2523 3261 2576 qua
3284 2523 3455 2564 aures

1855 2587 2084 2639 Domini
2113 2593 2250 2638 sunt
2273 2587 2334 2639 in
2355 2601 2555 2652 preces
2574 2589 2888 2651 justorum,
2915 2598 3047 2637 cum
3073 2584 3393 2648 subjungit,

1919 2657 2005 2713 18.
2048 2658 2433 2710 Clamaverunt
2459 2659 2596 2722 justi
2637 2664 2683 2708 et
2727 2658 2995 2708 Dominus
3022 2656 3304 2707 exaudivit
3333 2669 3416 2704 eos
3442 2667 3462 2705 :-

1855 2736 1901 2781 et
1921 2747 1987 2780 eac
2010 2731 2260 2780 omnibus
2288 2731 2726 2781 tribulationibus
2748 2745 2936 2780 eorum
2962 2728 3318 2779 liberaviteos.
3335 2726 3455 2778 Cla-

1856 2807 2167 2855 maverunt
2190 2807 2307 2854 tres
2331 2803 2492 2868 pueri
2518 2803 2578 2854 in
2603 2803 2829 2854 fornace
2859 2800 3089 2864 (Daniel.
3124 2799 3214 2862 3.).
3243 2798 3457 2851 Clama-

1856 2876 1945 2927 vit
1989 2875 2190 2926 Daniel
2236 2876 2297 2927 in
2318 2874 2448 2927 lacu
2489 2874 2720 2938 (Daniel.
2760 2873 2889 2936 14.).
2925 2873 3328 2925 Clamaverunt
3359 2868 3460 2921 filii

1858 2947 2035 2999 Israel
2077 2947 2140 2998 in
2175 2947 2504 3008 captivitate
2529 2946 2722 3008 (Ea-od.
2751 2945 2843 3008 3.).
2876 2944 3157 2995 Clamavit
3189 2941 3456 2994 Christus

1858 3019 1919 3070 in
1949 3031 2116 3070 cruce
2140 3018 2314 3083 (Hebr.
2356 3017 2447 3081 5.).
2473 3018 2875 3069 Clamaverunt
2897 3013 3157 3079 Apostoli
3179 3015 3239 3066 in
3263 3024 3458 3078 perse-

1860 3091 2118 3142 cutione:
2142 3095 2423 3153 martyres
2451 3090 2511 3141 in
2537 3094 2737 3153 morte,
2756 3087 3119 3139 confessores
3133 3089 3190 3139 et
3205 3085 3457 3149 virgines

1859 3163 1920 3213 in
1943 3162 2210 3223 ﬁde.Quo
2230 3162 2797 3224 quotclamaverunt,
2824 3159 3083 3212 exauditi
3113 3161 3254 3210 sunt
3286 3169 3320 3208 a
3342 3159 3458 3208 Do-

1857 3234 2036 3296 mino,
2060 3233 2153 3284 vel
2181 3232 2564 3297 corporaliter,
2587 3232 2681 3284 vel
2711 3231 3086 3296 spiritualiter
3110 3247 3121 3280 :
3149 3234 3206 3281 et
3229 3241 3302 3280 ex
3335 3240 3456 3279 om-

1785 3310 1832 3384 C
1860 3307 2034 3384 nibus
2076 3304 2543 3384 tribulationibus
2577 3304 2817 3384 liberati.
2854 3301 3188 3384 Conﬁrmati
3218 3313 3352 3384 ergo
3376 3304 3460 3384 tot

1863 3382 2194 3430 sanctorum
2219 3377 2518 3441 exemplis,
2543 3376 2860 3428 clamemus
2891 3375 2967 3426 ad
2998 3373 3314 3426 Dominum
3340 3377 3460 3424 tota

1857 3449 2182 3502 humilitate
2203 3454 2262 3500 et
2289 3449 2598 3500 afﬂictione
2621 3448 2843 3500 cordis:
2867 3450 2934 3498 ut
2955 3447 3166 3510 pariter
3189 3443 3461 3497 exaudia-

1857 3534 2006 3585 mur,
2038 3525 2097 3573 et
2119 3533 2154 3572 a
2178 3519 2543 3572 tribulatione
2565 3520 2890 3572 liberemur.
2919 3518 3188 3582 Sequitur
3207 3516 3362 3568 enim
3381 3535 3393 3565 :

1922 3593 2009 3648 19.
2034 3593 2207 3643 Juacta
2229 3597 2298 3642 est
2323 3593 2590 3642 Dominus
2617 3593 2719 3650 his,
2745 3592 2842 3656 qui
2865 3591 3117 3640 tribulato
3136 3593 3262 3639 sunt
3287 3587 3457 3652 corde,

1859 3668 1905 3715 et
1931 3664 2160 3714 humiles
2186 3664 2389 3728 spiritu
2411 3663 2653 3715 salvabit.
2679 3666 2935 3726 Quatuor
2957 3660 3146 3714 modis
3195 3659 3317 3729 |5|
3361 3659 3460 3710 tri-

1860 3737 2139 3789 bulantur
2178 3736 2353 3788 corda
2387 3741 2721 3788 sanctorum
2745 3735 2804 3787 in
2827 3735 2937 3787 hoc
2972 3733 3168 3786 seculo
3199 3747 3212 3782 :
3245 3731 3462 3784 scilicet

1859 3813 1963 3862 aut
1978 3807 2172 3860 dolore
2185 3809 2562 3872 poenitentia,
2577 3812 2679 3860 aut
2699 3807 2992 3859 anxietate
3010 3803 3308 3869 prasentis
3323 3804 3460 3856 vita

1859 3884 1962 3932 aut
2002 3878 2286 3931 desiderio
2322 3880 2578 3930 caelestis
2621 3880 2840 3943 patria,
2889 3883 2991 3930 aut
3025 3877 3228 3928 timore
3249 3875 3461 3928 futura

1859 3963 2068 4018 pana.
2093 3953 2372 4003 Nostrum
2399 3955 2490 4002 est
2517 3963 2653 4014 ergo
2677 3962 2774 4001 cor
2797 3945 3348 4010 conterere,Domini
3371 3947 3462 4018 est

1860 4015 1962 4089 per
1999 4035 2162 4074 suam
2198 4021 2647 4073 misericordiam
2682 4025 2739 4072 et
2761 4020 3005 4084 gratiam
3035 4018 3190 4070 cordi
3215 4015 3461 4069 contrito

1861 4095 2262 4160 propinquare,
2283 4098 2347 4145 ut
2371 4092 2513 4145 illud
2536 4092 2841 4151 illuminet,
2876 4091 3201 4143 corroboret
3232 4092 3292 4141 et
3325 4101 3458 4139 con-

1861 4168 2067 4219 firmet.
2094 4165 2254 4216 Unde
2283 4177 2382 4216 cor
2408 4164 2742 4226 conteritur,
2760 4162 2894 4214 inde
2913 4161 3214 4214 humilitas
3227 4171 3465 4224 genera-

1864 4243 1974 4291 tur.
2002 4240 2086 4289 Ex
2111 4250 2280 4301 opere
2307 4236 2462 4288 enim
2479 4235 2739 4301 procedit
2761 4234 2966 4286 virtus.
3006 4235 3092 4285 Ex
3121 4230 3463 4283 contritione

1863 4310 2051 4362 cordis
2074 4309 2332 4360 divinam
2371 4309 2657 4360 sentimus
2690 4305 3076 4371 prasentiam.
3113 4305 3200 4355 Ex
3233 4302 3466 4355 humili-

1863 4386 1980 4432 tate
2005 4380 2244 4444 spiritus
2264 4381 2384 4444 jam
2408 4380 2597 4442 ipsam
2623 4377 3035 4441 consequimur
3065 4375 3461 4427 salvationem.

1862 4453 1970 4505 Ubi
1993 4466 2160 4517 opus,
2186 4452 2264 4504 ibi
2291 4451 2617 4515 gratia;ubi
2642 4451 2847 4510 virtus,
2873 4449 2950 4499 ibi
2969 4449 3088 4512 jam
3115 4446 3333 4498 sanitas
3354 4447 3462 4497 est.

1860 4527 2136 4590 Magnum
2160 4526 2524 4588 mysterium.
2549 4525 2705 4577 Deus
2740 4535 2913 4587 super
2934 4521 3128 4573 omnia
3149 4523 3258 4572 est.
3282 4518 3468 4584 Erigis

1866 4601 1940 4662 te,
1967 4603 2026 4650 et
2063 4611 2182 4650 non
2215 4597 2377 4650 illum
2411 4597 2600 4662 tangis
2632 4611 2646 4648 :
2685 4592 2957 4646 humilias
2985 4598 3060 4654 te,
3087 4597 3142 4644 et
3167 4593 3290 4656 ipse
3313 4590 3386 4642 ad
3413 4595 3468 4642 te

1867 4670 2179 4722 descendit.
2203 4671 2499 4734 Proprium
2517 4673 2713 4722 autem
2733 4668 3027 4732 justorum
3051 4669 3160 4730 est,
3185 4666 3251 4716 ut
3277 4664 3339 4716 in
3359 4663 3471 4715 hoc

1870 4743 2065 4794 seculo
2092 4743 2455 4794 tribulentur.
2482 4741 2644 4795 Unde
2668 4747 2726 4793 et
2761 4739 3061 4791 subditur:

1928 4813 2016 4869 ‘20.
2053 4814 2232 4863 Multae
2278 4814 2647 4864 tribulationes
2681 4815 2976 4878 justorum.
3011 4810 3119 4863 Sed
3160 4809 3222 4861 in
3252 4808 3345 4861 his
3383 4821 3472 4860 se-

1867 4886 2064 4950 quitur
2085 4885 2420 4951 consolatio,
2439 4900 2570 4938 cum
2593 4886 2856 4951 protinus
2882 4883 3042 4936 addit
3066 4897 3078 4934 :
3110 4882 3177 4932 Et
3207 4881 3268 4931 de
3301 4879 3474 4951 omni-

1867 4955 1962 5006 bus
1999 4957 2084 5006 his
2118 4956 2358 5006 liberabit
2398 4950 2480 5007 eos
2523 4950 2810 5008 Dominus.
2857 4958 2983 5008 Non
3017 4953 3146 5005 ideo
3178 4952 3294 5004 sint
3317 4950 3475 5002 Chri-

1870 5028 2040 5080 stiani
2082 5029 2226 5092 justi
2262 5043 2274 5078 :
2311 5041 2431 5080 non
2467 5028 2595 5081 ideo
2632 5029 2874 5082 audiant
2897 5026 3133 5079 verbum
3157 5023 3278 5087 Dei,
3313 5027 3379 5074 ut
3413 5035 3475 5073 se

1869 5100 2206 5153 existiment
2228 5099 2695 5152 tribulationibus
2719 5112 2836 5152 non
2861 5098 3198 5160 afﬂigi.Non
3214 5095 3323 5147 hoc
3345 5107 3476 5158 pro-

1869 5172 2046 5223 mittit
2067 5173 2235 5221 Deus.
2265 5171 2446 5234 Magis
2471 5172 2520 5222 si
2543 5171 2744 5234 iniusti
2764 5172 2920 5229 sunt,
2942 5169 3243 5234 pauciores
3263 5166 3478 5218 habent

1871 5242 2271 5295 tribulationes
2299 5258 2311 5294 :
2336 5243 2384 5294 si
2414 5242 2560 5306 justi
2602 5242 2835 5294 multas.
2879 5241 2989 5293 Sed
3026 5242 3130 5306 (Ea:
3151 5238 3477 5304 Augustino,

1870 5314 2042 5364 Enar.
2079 5313 2151 5376 2.)
2177 5315 2308 5375 post
2342 5325 2558 5377 paucas
2593 5317 2696 5364 aut
2735 5311 2927 5363 nullas
2953 5311 3369 5370 tribulationes,
3399 5307 3479 5360 illi

1867 5386 2110 5439 veniunt
2131 5384 2204 5437 ad
2229 5383 2655 5437 tribulationem
2679 5382 3116 5446 sempiternam,
3142 5381 3301 5433 unde
3325 5394 3478 5432 nun-

1871 5471 2046 5523 quam
2071 5461 2365 5510 eruantur.
2391 5456 2524 5507 'Isti
2548 5459 2744 5506 autem
2767 5458 2899 5519 post
2915 5452 3127 5505 multas
3154 5453 3478 5504 tribulatio-

1870 5542 1972 5581 nes
1996 5530 2232 5582 venient
2259 5528 2332 5580 ad
2364 5539 2563 5592 pacem
2592 5525 3019 5588 sempiternam,
3049 5524 3150 5575 ubi
3175 5535 3479 5586 nunquam

1870 5602 2088 5666 aliquid
2112 5602 2246 5653 mali
2277 5601 2590 5665 patiuntur.
2619 5597 2729 5650 Sed
2752 5597 3004 5649 interim.

1934 5673 2023 5728 2'1.
2059 5673 2297 5724 Custodit
2318 5671 2584 5722 Dominus
2623 5669 2813 5720 omnia
2847 5683 2967 5717 ossa
2991 5679 3481 5717 eorumzunumea:

1874 5747 1958 5795 his
1977 5762 2088 5795 non
2110 5744 2581 5796 conte-retur.Ossa
2597 5746 2736 5794 sunt
2753 5741 3114 5793 ﬁrmamenta
3129 5736 3480 5790 ﬁdelium.Et

1873 5817 2022 5870 sicut
2032 5818 2265 5870 ossibus
2278 5829 2430 5881 caro,
2456 5815 2539 5868 sic
2551 5814 2863 5869 virtutibus
2876 5812 3072 5866 anima
3096 5811 3475 5864 sustentatur.
