3890 6400
490 375 596 431 767

1545 375 1814 428 RUFINO
1855 340 2315 427 PRESBYTERQ
2345 372 2736 429 ASCRIPTUS

3695 387 3794 441 768

490 491 756 544 Custodit.
784 504 918 554 ergo
947 490 1228 543 Dominus
1257 491 1451 543 omnia
1484 502 1622 543 ossa
1644 503 1871 553 eorum,
1901 489 1983 541 ita
2018 492 2083 541 ut.
2109 488 2171 561 Α
2254 485 2305 561 ‘2.
2343 488 2699 561 Appreltende
2733 504 2895 541 arma
2921 497 2969 542 et
2989 498 3220 554 scutum,
3255 500 3300 545 et
3324 510 3525 559 exurge
3549 495 3617 546 in
3641 476 3798 560 adju.

490 575 676 616 unum
712 575 787 616 ex
819 563 910 615 his
933 576 1052 615 non
1086 566 1445 617 conteratur:
1478 564 1612 627 quia
1635 564 1719 616 sic
1747 568 2080 615 sanctorum

489 648 728 687 suorum
749 635 992 687 virtutes
1010 640 1222 699 servat,
1240 642 1305 689 ut
1320 637 1479 690 nulla
1493 649 1693 689 earum
1708 638 1768 689 in
1781 638 2093 689 tentatione

2192 558 2399 633 larium
2417 560 2576 610 mihi.
2593 560 2876 633 (Magnum
2906 564 3011 626 (Ea:
3032 566 3360 629 Augustino,
3384 558 3540 631 ibid.)
3565 558 3797 633 specta-

2192 630 2388 683 culum
2411 637 2516 693 est,
2546 632 2741 685 videre
2758 634 2939 686 Deum
2963 642 3253 688 armatum
3276 651 3377 701 pro
3398 642 3475 691 te.
3495 630 3682 692 Arma
3703 652 3792 692 au-

488 706 733 759 deﬂciat.
760 708 829 759 Et
855 708 1000 761 bene
1029 721 1148 761 non
1169 709 1266 774 ait,
1294 711 1485 762 Unum
1510 722 1584 762 ex
1617 709 1708 761 his
1732 722 1849 761 non
1874 710 2096 773 frange-
2193 707 2309 777 tem
2332 704 2480 767 ejus,
2506 705 2720 768 quibus
2745 707 3029 770 percutiat
3052 708 3336 773 inimicos,
3364 711 3413 762 si
3430 712 3580 763 bene
3604 712 3795 777 profe-

487 783 602 842 tur,
629 779 731 831 sed
760 779 839 830 ait
874 796 986 829 non
1012 788 1345 831 conteretur:
1374 783 1511 846 quia
1542 787 1876 834 sanctorum
1901 782 2089 833 virtus

487 849 796 913 aliquando
829 852 1062 914 quidem
1100 854 1381 919 frangitur
1403 855 1462 905 in
1489 857 1822 913 tentatione,
1849 853 1949 905 sed
1973 866 2090 906 non

485 922 815 986 conteritur,
832 923 1013 987 idest,
1031 938 1105 976 ex
1131 930 1250 978 toto
1275 940 1391 977 non
1420 927 1641 989 deperit
1663 942 1673 973 :
1695 925 1831 990 quia
1865 926 2091 990 integra

486 999 678 1046 manet
699 994 761 1046 in
786 996 1123 1050 intentione.
1148 1000 1217 1050 Et
1237 998 1392 1050 unde
1407 998 1608 1050 tentati
1632 998 1706 1049 ad
1728 1002 2087 1050 momentum

487 1065 720 1127 cadunt,
748 1067 880 1119 inde
906 1069 1139 1122 excitati
1170 1070 1243 1121 ad
1268 1070 1536 1122 virtutem
1573 1069 1871 1122 robustius
1894 1082 2089 1122 resur-

483 1142 649 1201 gunt.
676 1140 786 1201 Qui
800 1146 995 1194 autem
1016 1142 1088 1195 de
1105 1143 1366 1206 reprobis
1384 1143 1717 1207 subjungat,
1744 1143 2050 1194 audiamus
2077 1159 2087 1191 :

547 1208 634 1265 22.
660 1212 805 1263 Mors
829 1220 1168 1277 peccatorum
1188 1216 1439 1279 pessima.
1467 1214 1576 1266 Sed
1588 1214 1722 1279 quia
1746 1214 1929 1266 multa
1948 1220 2087 1267 sunt

485 1294 699 1348 genera
735 1290 1122 1350 peccatorum,
1162 1292 1218 1339 et
1254 1300 1372 1339 non
1416 1300 1545 1339 esse
1578 1290 1938 1351 peccatorem
1973 1287 2084 1339 dif-

485 1354 653 1420 ﬁcile,
687 1360 791 1409 aut
831 1358 972 1409 forte
1000 1358 1355 1423 impossibile
1396 1361 1486 1411 est
1519 1359 1580 1410 in
1613 1358 1724 1411 hac
1761 1360 1911 1411 vita:
1946 1360 2087 1411 sub-

479 1426 619 1491 jecit
640 1429 857 1494 statim,
887 1431 1055 1495 cujus
1095 1430 1324 1495 generis
1347 1432 1710 1496 peccatorum
1738 1435 1896 1483 esset
1927 1443 2084 1485 mors

482 1501 752 1567 pessima.
781 1503 849 1552 Et
881 1503 979 1567 qui
1021 1504 1249 1553 oderunt
1275 1504 1495 1567 justum
1536 1502 1863 1567 delinquent.
1903 1507 2084 1568 Quem

474 1573 721 1637 justum,
754 1573 865 1625 nisi
896 1586 1029 1625 eum
1055 1574 1152 1639 qui
1174 1575 1456 1638 justiflcat
1477 1575 1761 1640 impium?
1783 1577 1966 1639 Quem
1988 1577 2084 1640 ju-

483 1647 639 1696 stum
664 1644 768 1709 (Ea:
796 1646 994 1711 eodem,
1028 1645 1275 1710 ibidem),
1308 1646 1421 1698 nisi
1463 1646 1774 1699 Dominum
1818 1652 2082 1699 nostrum

480 1716 684 1767 Jesum
712 1715 1021 1780 Christum,
1052 1718 1150 1782 qui
1179 1721 1270 1771 est
1292 1719 1466 1771 etiam
1488 1718 1811 1785 propitiatio
1834 1732 1936 1783 pro
1953 1733 2083 1785 pec-

480 1786 623 1839 catis
665 1789 879 1840 nostris
927 1790 1095 1852 (Rom.
1142 1789 1264 1853 3.)?
1289 1791 1397 1857 Qui
1438 1803 1575 1853 ergo
1614 1790 1772 1843 hunc
1812 1792 2079 1856 oderunt,

2190 775 2459 837 cerimus,
2485 790 2594 827 nos
2618 777 2855 830 erimus.
2882 779 3040 830 Sicut
3062 781 3215 832 enim
3241 794 3368 841 nos,
3395 788 3462 835 ut
3491 775 3787 836 armemur

2188 848 2261 899 ab
2280 847 2376 899 illo
2397 847 2705 900 habemus:
2732 851 2815 901 sic
2836 851 2961 915 ipse
2977 858 3236 905 armatur
3257 854 3330 907 de
3344 856 3529 907 nobis.
3546 857 3792 910 Scutum

2188 924 2278 971 est
2300 920 2453 971 bona
2479 920 2746 972 voluntas
2772 923 2818 986 ej
2830 935 2927 981 us;
2953 924 3103 975 sicut
3121 925 3256 977 alibi
3271 926 3498 992 dicitur,
3522 928 3792 991 Domine,

2188 997 2251 1044 ut
2268 997 2434 1044 scuto
2450 993 2621 1047 boum
2639 993 2955 1047 voluntatis
2968 999 3087 1049 tum
3101 1000 3393 1052 coronasti
3403 1013 3531 1052 nos.
3543 1000 3655 1053 Vel
3672 1013 3796 1053 scu-

2189 1067 2313 1117 tum
2339 1071 2430 1119 est
2452 1066 2595 1118 fldes
2624 1069 2838 1132 nostra,
2862 1080 2978 1131 qua
3002 1071 3356 1134 protegimur
3383 1086 3457 1125 ne
3478 1073 3673 1137 igneis
3697 1073 3796 1124 ini-

2187 1138 2321 1190 mici
2331 1138 2540 1201 jaculis
2565 1139 2855 1191 feriamur.
2875 1140 2983 1193 Sed
3004 1141 3142 1204 quid
3159 1156 3365 1196 sumus
3379 1158 3487 1196 nos
3496 1146 3621 1210 jam
3634 1156 3797 1197 arma

2188 1210 2308 1281 Dei,
2346 1211 2614 1271 quamvis
2639 1211 2957 1276 Splendida,
2992 1214 3261 1277 quamvis
3296 1220 3484 1278 acuta,
3516 1217 3789 1281 quamvis

2186 1278 2314 1345 luce
2340 1282 2633 1346 sapientiae
2650 1283 3030 1346 coruscantia,
3057 1284 3195 1347 quid
3211 1278 3670 1349 possumus—nisi
3685 1302 3797 1341 nos

2184 1352 2578 1417 apprehendat
2609 1355 2780 1416 Deus,
2814 1358 2873 1405 et
2902 1357 3121 1418 pugnet
3159 1355 3232 1407 de
3268 1358 3440 1409 nobis
3460 1362 3489 1409 ‘2
3511 1359 3799 1421 Qumlibet

2184 1426 2399 1489 optima
2425 1426 2807 1490 armajacent,
2839 1425 2889 1478 si
2913 1426 3248 1481 bellatorem
3272 1442 3388 1483 non
3414 1430 3654 1483 habent.
3685 1433 3801 1496 Ap-

2183 1497 2505 1564 prehendat
2519 1511 2655 1561 ergo
2678 1510 2787 1549 nos
2809 1500 2992 1551 Deus:
3015 1503 3222 1551 etcum
3245 1500 3306 1553 in
3327 1515 3505 1555 manu
3529 1506 3656 1564 ejus
3681 1504 3799 1555 fue-

2183 1569 2368 1620 rimus
2402 1574 2605 1621 utatur
2639 1570 2807 1621 nobis
2828 1569 3120 1633 quomodo
3150 1574 3294 1628 vult.
3319 1576 3562 1639 Exurge,
3580 1576 3797 1640 inquit,

2182 1641 2246 1690 in
2268 1642 2609 1704 adjutorium
2636 1641 2797 1701 mihi,
2822 1641 2880 1693 id
2902 1646 2996 1693 est
3029 1640 3179 1708 |53
3211 1649 3526 1709 innotesce,
3553 1659 3796 1713 apparo,

2185 1714 2415 1776 sentire,
2433 1713 2651 1777 adjuva
2683 1713 2755 1765 ad
2790 1713 3191 1777 pugnandum.

2241 1783 2292 1840 3.
2325 1784 2564 1848 Effunde
2584 1786 2877 1848 frameam,
2915 1790 2960 1834 et
2993 1782 3250 1835 conclude
3277 1782 3536 1833 adversus
3567 1797 3651 1832 eos
3689 1782 3792 1847 qui

483 1860 728 1911 mortem
752 1860 971 1913 habent
1001 1852 1350 1927 pessimam:
1382 1852 1532 1926 quia
1570 1862 1630 1914 in
1675 1864 1926 1928 peccatis
1958 1852 2068 1918 sui:

2185 1863 2581 1930 persequuntur
2595 1859 2797 1930 me._Ac
2810 1857 2860 1908 si
2870 1928 2877 1930 _
2887 1856 3121 1930 diceret.
3144 1854 3455 1930 Multiplici):
3469 1852 3791 1906 vindictam

479 1931 807 1985 moriuntur
832 1924 1020 1997 (JoanI
1043 1934 1137 1997 8.),
1181 1935 1281 2000 qui
1304 1947 1403 1998 per
1414 1924 1565 1987 eum
1599 1924 1717 1987 Deo
1740 1948 1859 1988 non
1883 1950 2083 1989 recon-
2109 1924 2155 1930 ”
2185 1933 2243 1981 et
2256 1928 2632 1981 concludatur
2647 1928 2840 1981 aditus
2865 1927 2996 1988 illis,
3019 1927 3125 2000 qui,
3143 1927 3351 2000 volunt
3365 1924 3557 2000 delere
3571 1937 3791 2000 nomen

478 2003 757 2056 ciliantur.
780 2006 1108 2058 Secundum
1127 2008 1383 2059 animam
1411 2006 1785 2071 intelligenda
1796 2013 1888 2061 est
1904 2022 2078 2073 mors,

478 2080 582 2128 aut
627 2077 901 2140 pessima,
936 2083 1037 2130 aut
1072 2078 1309 2143 optima,
1346 2091 1463 2131 non
1499 2078 1823 2132 secundum
1869 2094 2079 2146 corpus

476 2146 768 2201 damnatis
791 2150 1215 2214 peccatoribus.

536 2218 623 2275 23.
655 2222 871 2273 Iterum
895 2221 967 2274 de
986 2222 1164 2287 justis
1179 2222 1288 2275 ait:
1312 2223 1553 2275 Redimet
1579 2223 1844 2275 Dominus
1860 2223 2079 2275 animas

472 2305 750 2342 servorum
772 2308 1020 2344 suorum.
1049 2295 1263 2347 Omnes
1287 2295 1444 2348 enim
1468 2297 1622 2350 servi
1641 2302 1809 2349 erant
1836 2296 2073 2360 peccati.

474 2364 667 2416 Fusus
689 2368 779 2417 est
811 2364 1051 2428 sanguis
1080 2366 1309 2431 Christi,
1334 2374 1392 2420 et
1430 2373 1589 2421 tanto
1613 2369 1796 2433 pretio
1821 2371 1959 2421 sunt
1987 2381 2077 2420 re-

474 2434 710 2500 dempti.
737 2436 983 2488 Attende
1001 2450 1141 2502 ergo
1167 2440 1299 2503 quis
1324 2445 1380 2492 te
1405 2440 1665 2504 redemit,
1699 2444 1757 2493 et
1779 2453 1813 2493 a
1837 2453 1951 2505 quo
1985 2440 2075 2493 vel

474 2507 632 2571 quali
656 2507 835 2571 pretio
869 2512 925 2560 te
949 2509 1278 2563 redimendo
1295 2512 1560 2564 salvavit.
1578 2514 1707 2576 Ipse
1728 2514 1886 2564 Deus
1903 2514 2073 2564 Crea-

476 2584 564 2633 tor
590 2583 731 2632 tuus
765 2578 1007 2631 redemit
1052 2585 1134 2641 te,
1169 2582 1292 2647 ipse
1327 2583 1671 2649 sanguinem
1705 2596 1878 2635 suum
1922 2583 2073 2637 fudit

472 2662 576 2714 pro
618 2654 695 2702 te.
727 2651 815 2701 Ab
858 2650 983 2713 ipso
1020 2652 1245 2707 diabolo
1283 2658 1342 2707 et
1384 2669 1418 2707 a
1458 2661 1693 2720 peccato
1725 2655 1972 2709 salvavit
1994 2661 2066 2709 te.

475 2721 915 2801 Servus-itaque
951 2722 1140 2776 factus
1183 2727 1329 2801 tanti
1358 2728 1603 2801 Domini,
1643 2727 1811 2801 stude
1847 2731 1912 2801 ut
1954 2740 2070 2801 ser-

478 2792 605 2845 vias
628 2792 709 2845 illi
745 2792 896 2863 I52
924 2802 984 2852 in
1010 2799 1317 2852 sanctitate
1339 2804 1396 2851 et
1417 2800 1643 2864 justitia
1667 2800 1809 2864 (Luc.
1838 2799 1929 2863 1.).
1960 2800 2067 2856 Sed

471 2875 685 2929 magna
705 2873 953 2933 Quaestio
977 2872 1174 2932 oritur,
1193 2884 1327 2922 cum
1351 2871 1719 2932 subinfertur,
1742 2871 1810 2920 Et
1842 2884 1955 2919 non
1980 2869 2064 2919 de-

470 2935 717 3009 tinquent
738 2958 919 2993 omnes
942 2945 1041 3009 qui
1064 2944 1355 3006 spcrantin
1378 2958 1454 2994 eo.
1474 2943 1619 3006 Quid
1644 2942 1801 2994 enim
1823 2941 1904 2992 ait
1926 2943 2071 3005 Apo-

469 3008 685 3062 stelus?
713 3014 767 3065 Si
796 3008 1112 3067 dixerimus
1143 3014 1279 3077 quia
1301 3019 1605 3078 peccatum
1627 3026 1745 3066 non
1762 3013 2066 3073 habemus,

464 3091 571 3132 nos
608 3083 765 3149 ipsos
806 3088 1141 3141 seducimus
1182 3088 1250 3151 (1.
1287 3088 1455 3139 Joan.
1489 3087 1579 3150 1.).
1628 3089 1697 3139 Et
1744 3086 1975 3146 iterum,
2002 3087 2067 3136 In

469 3154 670 3208 multis
699 3160 1047 3214 offendimus
1063 3172 1263 3212 omnes
1280 3159 1476 3221 (Jacob.
1501 3159 1590 3223 3.).
1619 3158 1729 3211 Sed
1744 3157 1893 3210 hanc
1909 3170 2071 3222 quae-

472 3228 714 3309 stionem
739 3231 913 3309 solvit
933 3232 1099 3284 nobis
1112 3231 1337 3293 Paulus,
1362 3232 1461 3282 ubi
1484 3231 1604 3309 ait:
1616 3231 1891 3309 siautem
1916 3229 2070 3309 quod
2097 3234 2144 3309 ρ

468 3299 597 3352 volo
654 3313 781 3366 ago,
822 3304 943 3368 jam
988 3315 1108 3354 non
1152 3314 1258 3366 ego
1308 3315 1511 3366 operor
1549 3301 1726 3354 illud:
1766 3301 1868 3354 sed
1912 3303 2065 3366 quod

468 3369 691 3425 habitat
724 3374 785 3425 in
820 3387 913 3426 me
948 3380 1252 3441 peccatum
1274 3375 1448 3437 (Rom.
1473 3374 1566 3437 7.).
1599 3373 1657 3425 Si
1679 3385 1815 3438 ergo
1843 3373 1940 3435 illi,
1967 3375 2067 3438 qui

467 3449 704 3506 sperant
729 3445 792 3497 in
816 3446 949 3507 Deo,
977 3459 1077 3510 per
1105 3446 1634 3511 concupiscentiam
1658 3446 1847 3497 carnis
1882 3445 2066 3498 delin-

468 3520 659 3577 quunt
690 3516 829 3579 (Gal.
870 3518 969 3581 5.):
1005 3521 1129 3583 jam
1164 3519 1275 3583 ipsi
1305 3531 1420 3571 non
1445 3523 1756 3584 operantur
1777 3516 1936 3579 illud,
1961 3520 2063 3573 sed

468 3586 625 3649 quod
646 3587 870 3640 habitat
885 3590 944 3642 in
964 3591 1047 3643 eis
1064 3597 1382 3655 peccatum.
1409 3594 1471 3644 In
1496 3604 1563 3642 eo
1588 3590 1740 3643 enim
1766 3592 1919 3657 quod
1945 3606 2068 3658 spe-

466 3660 599 3729 rant
630 3658 711 3729 in,
729 3660 866 3711 Deo.
884 3662 1005 3725 jam
1034 3675 1151 3714 non
1188 3667 1327 3714 sunt
1350 3662 1409 3715 in
1433 3675 1623 3727 carne,
1650 3663 1752 3715 sed
1775 3664 1835 3715 in
1859 3664 2064 3729 spiritu

469 3727 640 3791 (Rom.
689 3728 777 3794 8.).
834 3733 997 3794 Quod
1059 3733 1107 3785 si
1167 3747 1299 3786 caro
1353 3734 1705 3799 concupiscit
1752 3727 1923 3797 (Rom.
1968 3735 2060 3799 7.),

466 3799 576 3863 ipsi
607 3802 707 3865 qui
746 3803 802 3854 in
834 3804 1037 3868 spiritu
1065 3811 1219 3870 sunt,
1253 3818 1373 3859 non
1404 3807 1798 3860 consentiunt:
1838 3809 1896 3859 et
1931 3806 2062 3859 ideo

468 3885 584 3924 non
607 3873 971 3940 delinquunt.

684 3983 1052 4054 TITULUS
1122 3988 1447 4055 PSALMI
1517 3989 1834 4054 XXXIV.

521 4095 569 4159 1.
598 4094 794 4159 Titulus
828 4096 1009 4144 Psalmi
1035 4100 1296 4159 sequentis
1318 4104 1412 4159 est,
1442 4098 1692 4148 Psalmus
1719 4098 1846 4148 huic
1883 4098 2060 4149 David

461 4156 811 4223 Psalmustste
834 4156 1125 4209 attribuitur
1149 4164 1323 4223 David,
1355 4156 1410 4210 id
1432 4168 1505 4209 est
1529 4163 1747 4223 Christo,
1775 4162 1867 4222 qui
1888 4164 1972 4211 hic
1993 4164 2062 4211 lo-

460 4218 652 4277 quitur.
677 4219 817 4286 Quod
845 4223 985 4286 dicit,
1012 4225 1157 4286 Huic,
1182 4227 1246 4273 ad
1260 4218 1592 4273 differentiam
1608 4225 1689 4272 vel
1712 4218 2055 4275 excellentiam

458 4285 618 4349 potest
650 4283 846 4349 accipi:
884 4284 1018 4343 huic,
1056 4288 1109 4334 id
1137 4283 1226 4344 est,
1262 4288 1470 4335 notabili
1495 4288 1702 4349 scilicet,
1729 4302 1830 4337 non
1868 4289 2059 4338 carnali

460 4344 586 4415 regi,
618 4345 705 4415 sed
742 4348 846 4415 regi
874 4352 1299 4415 regu_m__l)omiuo.
1330 4350 1482 4415 David
1509 4344 1862 4415 interpretatur
1884 4367 2057 4401 manu

453 4404 612 4467 fortis
627 4408 704 4478 v_el
728 4404 1121 4478 desidefabitis.
1152 4413 1206 4460 In
1232 4413 1325 4461 hoc
1340 4413 1475 4460 enim
1500 4404 1763 4478 (Exi-ing.
1795 4413 1967 4465 Serm.
1988 4416 2059 4478 1.)

456 4482 613 4518 manu
645 4472 802 4529 fortis,
828 4474 949 4531 quia
975 4480 1183 4522 mortem
1215 4481 1436 4523 nostram
1462 4472 1597 4524 vicit.
1618 4479 1671 4524 In
1690 4472 1783 4525 h'oc
1798 4472 2056 4527 desiderai

457 4531 596 4596 bilis,
615 4535 899 4593 quiavitam
914 4542 1147 4583 aeternam
1165 4540 1409 4596 promisit.
1423 4540 1550 4594 Quid
1564 4540 1700 4588 enim
1713 4540 1893 4588 fortius
1904 4555 2059 4589 manu

2183 2012 2396 2053 meum.
2419 2000 2518 2052 Vel
2536 2012 2634 2064 per
2648 2000 2925 2053 frameam
2940 1999 3258 2064 quamlibet
3273 1997 3502 2051 fidelem
3521 1995 3796 2060 designat

2180 2072 2451 2124 animam.
2476 2072 2968 2136 Abundentjusti,
2984 2075 3041 2122 et
3054 2069 3376 2123 effunditur
3391 2069 3625 2121 framea.
3645 2070 3796 2120 Con-

2180 2144 2409 2196 clusum
2436 2147 2528 2195 est
2542 2147 2738 2196 autem
2759 2142 3045 2195 adversus
3060 2154 3215 2206 eum,
3231 2142 3330 2206 qui
3352 2153 3472 2193 non
3492 2140 3666 2192 habet
3688 2138 3794 2191 ad-

2179 2228 2390 2267 versus
2416 2218 2648 2267 sanctos
2672 2214 2810 2279 quid
2834 2214 2987 2266 dicat
3009 2225 3274 2277 pravum.
3308 2214 3378 2266 Et
3414 2211 3547 2276 quia
3572 2223 3688 2263 vox
3721 2210 3795 2262 il-

2176 2288 2365 2341 lorum
2390 2292 2501 2350 est,
2528 2300 2648 2340 non
2670 2291 2763 2340 est
2787 2287 2946 2341 salus
2964 2287 3078 2352 ipsi
3098 2287 3159 2339 in
3187 2288 3306 2339 Deo
3329 2286 3454 2350 ejus
3484 2284 3644 2347 (Psat.
3671 2282 3749 2346 3.)
3778 2300 3789 2331 :

2177 2360 2261 2410 die
2280 2360 2481 2410 anima:
2503 2374 2649 2420 mea,
2692 2359 2851 2410 Salus
2876 2365 2971 2409 tua
2994 2374 3087 2421 ego
3110 2372 3253 2409 sum.
3294 2358 3417 2419 Dic,
3462 2360 3522 2408 et
3563 2355 3791 2408 factum

2176 2433 2299 2483 erit.
2325 2432 2514 2483 Aliam
2550 2431 2796 2484 salutem
2832 2444 2952 2483 non
2986 2431 3300 2495 requiram,
3350 2434 3554 2493 praeter
3594 2429 3791 2480 Deum

2174 2515 2391 2556 meum.
2417 2505 2487 2555 Et
2502 2503 2552 2555 si
2568 2503 2740 2555 homo
2763 2502 3038 2554 subvenit
3055 2502 3222 2564 mihi,
3242 2500 3294 2553 si
3313 2499 3574 2564 angelus,
3602 2498 3653 2550 si
3666 2499 3788 2551 alia

2172 2579 2469 2628 creatura:
2519 2587 2619 2639 per
2668 2574 2826 2626 illam
2853 2573 3000 2625 mihi
3052 2573 3329 2625 subvenit
3373 2572 3545 2624 Deus.
3579 2571 3793 2623 Omnia

2171 2647 2329 2699 enim
2352 2645 2431 2698 illi
2462 2646 2734 2708 subjecta
2756 2650 2919 2715 sunt:
2945 2650 3005 2697 et
3023 2644 3156 2697 ideo
3178 2656 3296 2697 non
3319 2642 3431 2707 illa,
3456 2641 3559 2715 sed
3577 2640 3671 2715 ille
3692 2647 3790 2715 est

2172 2730 2302 2772 mea
2350 2718 2534 2770 salus.
2569 2712 2795 2769 Deinde
2821 2717 3024 2781 incipit
3064 2728 3227 2768 orare
3256 2728 3356 2780 pro
3378 2712 3650 2766 inimicis:
3679 2713 3787 2765 sed

2169 2790 2262 2842 hic
2284 2790 2588 2855 prophetia
2614 2794 2718 2841 est.
2761 2791 2831 2841 Et
2853 2801 2987 2852 qua:
3010 2788 3198 2852 figura
3220 2786 3454 2852 optandi
3479 2785 3785 2838 dicuntur:

2168 2863 2362 2914 animo
2398 2860 2780 2925 prophetandi
2813 2860 3193 2926 explicantur.
3225 2858 3369 2911 Illud
3401 2857 3519 2921 flat,
3549 2862 3607 2909 et
3639 2856 3786 2909 illud

2170 2933 2286 2997 flat,
2319 2932 2465 2984 nihil
2494 2936 2584 2983 est
2615 2932 2788 2993 aliud,
2821 2944 2996 2995 quam
3032 2930 3143 2983 hoc
3175 2934 3235 2982 et
3269 2930 3532 2984 futurum
3553 2933 3662 2983 est.
3689 2930 3785 2981 Sic

2167 3017 2302 3069 ergo
2325 3004 2526 3056 audite
2554 3004 2945 3068 prophetiam:

2231 3076 2284 3131 4.
2315 3075 2747 3139 Confundantur
2769 3081 2816 3126 et
2838 3081 3191 3126 revereantur
3213 3078 3504 3139 quaerentes
3526 3074 3784 3125 animum

2170 3161 2365 3198 meam.
2385 3149 2467 3199 Ac
2480 3148 2528 3199 si
2544 3147 2780 3211 diceret,
2799 3146 3252 3201 Confundentur
3266 3151 3324 3200 et
3335 3146 3785 3199 reverebuntur:

2168 3219 2384 3273 factum
2408 3224 2499 3271 est
2514 3220 2687 3273 enim.
2706 3219 2867 3271 Multi
2890 3219 3010 3281 (Ea:
3028 3219 3353 3284 Augustino,
3370 3218 3524 3281 ibid.)
3545 3218 3790 3270 salubri-

2170 3299 2256 3347 ter
2266 3295 2401 3346 conf
2402 3295 2487 3346 usi
2502 3296 2657 3357 sunt,
2671 3293 2840 3346 multi
2850 3292 3081 3345 reveriti
3099 3305 3133 3344 a
3150 3290 3545 3356 persecutione
3554 3289 3788 3348 Christi.

2169 3368 2225 3417 et
2249 3365 2323 3416 ad
2356 3366 2698 3417 societatem
2750 3364 3150 3417 membrorum
3183 3364 3306 3425 ejus
3339 3362 3550 3414 devota
3572 3361 3789 3427 pietate

2170 3437 2561 3490 transierunt:
2592 3439 2650 3489 et
2672 3449 2792 3489 non
2814 3436 2977 3488 fieret
3005 3435 3134 3499 hoc,
3154 3434 3269 3487 nisi
3295 3433 3789 3487 confunderentur

2169 3514 2228 3561 et
2241 3510 2705 3561 revererentur.A
2716 3513 2999 3558 vertantur
3008 3513 3299 3558 retrorsum
3312 3512 3356 3557 et
3366 3505 3787 3567 confundantur

2166 3582 2456 3643 cogitantes
2479 3581 2621 3631 mihi
2646 3581 2816 3631 mata.
2851 3582 2979 3631 Non
3003 3578 3355 3644 praecedant,
3391 3578 3496 3630 sed
3528 3590 3782 3641 sequan-

2169 3657 2281 3705 tur.
2308 3654 2436 3704 Non
2463 3653 2600 3704 dent
2622 3651 2949 3709 consilium,
2973 3651 3073 3703 sed
3090 3650 3389 3715 accipiant.
3415 3651 3560 3701 Nam
3578 3650 3783 3702 Petrus

2166 3724 2493 3788 prmcedere
2530 3722 2713 3777 voluit
2738 3724 3051 3776 Dominum
3066 3736 3200 3774 cum
3219 3723 3315 3782 ait,
3335 3722 3502 3774 Absit
3523 3734 3558 3772 a
3581 3727 3656 3776 te.
3676 3723 3783 3774 Do-

2166 3795 2342 3860 mine,
2361 3796 2647 3861 propitius
2672 3796 2775 3848 tibi
2801 3800 2945 3851 esto.
2971 3807 3089 3847 non
3106 3794 3207 3846 flat
3221 3794 3397 3846 istud.
3416 3791 3525 3846 Sed
3543 3794 3689 3857 quid
3704 3794 3781 3845 ait

2165 3868 2492 3920 Dominus?
2525 3867 2672 3920 Redi
2697 3872 2866 3929 retro,
2894 3866 3141 3919 sathana
3174 3866 3381 3929 (Matth.
3408 3864 3535 3927 16.).
3565 3866 3781 3917 Prmce~

2167 3938 2360 3991 dendo
2387 3940 2665 3991 sathanas
2689 3950 2770 4001 es,
2797 3941 2855 3991 et
2870 3936 3168 4002 sequendo
3192 3937 3481 4000 dicipulus
3503 3935 3633 3988 eris.
3654 3937 3780 3988 Hoc

2165 4024 2299 4075 ergo
2317 4014 2377 4064 et
2387 4012 2534 4063 istis.
2553 4012 2597 4061 Α
2607 4016 2889 4061 vertantur
2904 4016 3203 4059 retrorsum
3214 4014 3261 4060 et
3271 4008 3691 4072 confundantur
3705 4008 3777 4061 de

2165 4083 2417 4145 peccatis
2436 4100 2446 4132 :
2477 4084 2828 4135 erubescant
2843 4082 2916 4134 ad
2934 4081 3337 4146 paenitentiam
3355 4098 3366 4129 :
3393 4084 3596 4133 etcum
3612 4092 3774 4145 cepe-

2164 4154 2283 4207 rint
2302 4160 2621 4207 retrorsum
2643 4154 2825 4219 sequi,
2837 4154 2955 4218 jam
2969 4165 3087 4205 non
3107 4153 3444 4218 cogitabant
3463 4151 3605 4204 mihi
3617 4154 3773 4215 mala,

2165 4224 2268 4277 sed
2293 4226 2708 4279 desiderabunt
2732 4227 2901 4278 bona.
2926 4226 3069 4278 Haec
3092 4226 3237 4277 bene
3259 4223 3370 4277 illis
3398 4223 3635 4288 optavit.
3664 4223 3773 4274 Sed

2164 4297 2304 4361 quia
2325 4303 2463 4349 sunt
2477 4298 2593 4350 duo
2614 4310 2827 4362 genera
2841 4310 3042 4350 eorum
3063 4297 3163 4361 qui
3179 4296 3644 4349 confunduntur:
3668 4301 3776 4347 aut

2164 4369 2318 4420 enim
2353 4369 2427 4422 ad
2475 4369 2585 4421 hoc
2639 4369 3091 4432 confunduntur,
3137 4373 3204 4422 ut
3248 4369 3659 4421 convertantur
3698 4367 3771 4419 ad

2164 4440 2455 4492 Christum
2472 4455 2483 4492 :
2502 4445 2604 4493 aut
2620 4441 3073 4503 confunduntur,
3098 4440 3172 4492 ad
3189 4441 3315 4503 hoc,
3336 4442 3402 4491 ut
3422 4439 3775 4491 damnentur

2158 4523 2193 4562 a
2216 4511 2442 4564 Christo
2465 4531 2477 4564 :
2503 4513 2659 4576 quod
2680 4512 2752 4564 de
2768 4512 3063 4565 conversis
3086 4511 3251 4575 dixit,
3271 4510 3343 4563 de
3357 4509 3612 4576 reprobis
3628 4510 3776 4561 sub-

459 4583 723 4658 hac,'q.ua3
763 4598 920 4653 tetigit
945 4583 1207 4658 loculum,
1224 4583 1550 4651 etimortuosﬁ
1569 4583 1891 4651 ᾗ
2154 4583 2389 4658 inegit;

456 4657 637 4735 fortius
661 4673 818 4735 manu
843 4662 953 4735 hac,
979 4676 1095 4735 quin
1118 4657 1367 4735 mundum
1398 4667 1537 4735 vicit,
1570 4666 1825 4735 neuterro
1857 4673 2059 4726 armata,

453 4720 536 4766 sed
562 4720 704 4791 ligno
739 4720 1019 4791 transfixa?
1042 4725 1169 4780 Quid
1197 4733 1365 4777 autem
1395 4720 1787 4777 desiderabilius
1808 4743 1883 4791 eo,
1910 4720 2058 4788 quem

456 4796 559 4853 non
584 4784 815 4830 videntes
833 4791 1099 4853 martyres,
1115 4791 1241 4838 mori
1258 4794 1546 4849 voluerunt,
1564 4796 1619 4839 ut
1642 4792 1703 4838 ad
1725 4784 1881 4839 illum
1894 4784 2063 4852 perve-

454 4850 909 4919 nirenmererentur
932 4850 1121 4919 ?__Ergo
1154 4854 1381 4912 psalmus
1411 4853 1649 4919 illi,‘illi,
1689 4868 1772 4919 cor
1810 4850 2052 4913 nostrum,

455 4907 534 4982 illi
566 4907 745 4982 lingua
768 4916 936 4982 nostra
953 4907 1108 4982 digna
1131 4907 1312 4982 cantet.
1340 4907 1559 4982 Intendit
1585 4907 1676 4964 nos
1701 4918 1968 4982 admonere
1990 4907 2053 4967 ad

458 4969 771 5041 _tol_erantiam
793 4969 1123 5041 passionismt
1139 4981 1481 5028 sustineamus
1501 4979 1729 5041 advorsa,
1750 4981 1792 5028 si
1818 4983 2056 5031 volumus

453 5032 1118 5109 habere-prmmiagloriosa.
1152 5043 1350 5089 Materia
1373 5048 1445 5089 est
1470 5043 1635 5109 passio
1670 5032 2050 5109 et'resurrectio.

455 5095 570 5143 Eam
608 5098 682 5165 sic
704 5103 996 5161 exequitur:
1036 5105 1251 5164 primam
1287 5095 1484 5164 partem.
1511 5106 1654 5165 ponit
1675 5108 1967 5163 orationem,
1998 5111 2053 5157 in

450 5161 944 5233 secundaenumerat
961 5161 1245 5233 passionem
1263 5161 1381 5233 cum
1398 5161 1706 5217 exultatione
1730 5161 2054 5219 resurrectio-

451 5224 573 5334 msh
577 5224 652 5334 i130
658 5227 805 5334 1goat-tia
819 5224 1218 5289 partdquidilla
1249 5232 1420 5290 passio
1447 5239 1492 5281 et
1516 5235 1811 5281 resurrectio
1835 5235 2049 5283 efficiat:

450 5298 519 5334 ιω
542 5298 716 5337 (1100118
736 5304 746 5335 ε

868 5393 1272 5464 PSALMUS
1317 5398 1631 5467 XXXIV.

511 5499 560 5555 1.
618 5500 835 5565 Judica,
885 5504 1135 5567 Domine,
1192 5515 1431 5560 nocentes
1484 5526 1597 5562 me:
1644 5527 1902 5577 expugna
1944 5514 2019 5563 im

445 5581 749 5636 pugnantes
772 5592 873 5628 me.
899 5578 1181 5632 Nocentes
1202 5586 1261 5633 et
1279 5587 1682 5647 expugnantes
1708 5589 1845 5637 sunt
1868 5587 2051 5638 nostri

450 5647 706 5721 visibiles
750 5655 803 5703 et
840 5651 1161 5707 invisibiles
1195 5654 1415 5709 inimici
1465 5655 1654 5717 (Cotos.
1696 5656 1786 5721 1.).
1828 5659 2046 5721 Judica,

445 5718 649 5793 inquit,
686 5727 745 5774 et
768 5738 1045 5789 expugna.
1084 5728 1167 5780 Ac
1192 5728 1243 5779 si
1278 5732 1471 5793 aperte
1493 5727 1664 5793 dicat,
1700 5718 1957 5785 discerne
1991 5718 2050 5786 et

448 5792 695 5845 destrue.
723 5794 1020 5856 Quomodo
1035 5799 1062 5847 ‘I

511 5916 525 5934 ·
593 5908 1048 5964 Emendavtmus
1068 5925 1139 5965 ex
1155 5916 1484 5980 Augustino
1499 5929 1512 5973 :
1530 5920 1699 5973 antea
1716 5920 1912 5984 proilti
1927 5928 2049 5976 erat

2231 4652 2281 4708 5.
2310 4655 2473 4707 Fiant
2510 4660 2778 4719 tanquam
2798 4655 2979 4720 pulvis
3014 4658 3138 4705 ante
3173 4654 3369 4718 faciem
3391 4653 3549 4713 venti,
3584 4657 3631 4703 et
3659 4667 3773 4701 an-

2165 4725 2245 4790 get
2252 4741 2312 4775 us
2327 4727 2555 4777 Domini
2565 4732 2849 4777 coarctans
2868 4742 2969 4779 eos.
2990 4728 3214 4779 Ventus
3228 4725 3465 4779 tentatio
3475 4730 3579 4789 est,
3594 4725 3773 4786 pulvis

2162 4796 2416 4862 iniquus.
2434 4800 2673 4861 Quando
2690 4800 2910 4852 venerit
2926 4800 3167 4852 tentatio
3184 4798 3403 4852 tollitur
3432 4796 3639 4863 pulvis,
3658 4809 3773 4849 nec

2158 4874 2293 4934 stat,
2309 4884 2418 4923 nec
2434 4872 2669 4924 resistit.
2691 4871 2858 4924 Tales
2872 4876 3128 4925 coarctat
3141 4870 3403 4935 angelus,
3418 4868 3650 4934 quando
3665 4880 3772 4921 eos

2157 4942 2268 4992 sub
2304 4947 2586 5006 potestate
2624 4955 2731 4995 sua
2755 4942 3062 4996 invisibilis
3100 4943 3309 5007 redigit
3343 4940 3646 4995 inimicus:
3684 4941 3769 4992 De

2156 5014 2369 5077 quibus
2393 5015 2582 5067 adhuc
2609 5014 2806 5067 subdit
2841 5032 2852 5064 :

2216 5088 2263 5136 6.
2299 5086 2424 5136 Fiat
2460 5088 2551 5136 via
2574 5086 2793 5136 illorum
2821 5086 3044 5136 tenebras
3075 5088 3123 5135 et
3149 5084 3441 5139 lubricum:
3471 5089 3516 5135 et
3540 5082 3766 5149 angelus

2153 5157 2377 5208 Domini
2409 5173 2731 5223 persequens
2769 5174 2870 5209 eos.
2916 5158 2936 5187 ¹’
2966 5159 3365 5212 Tenebrosum
3402 5158 3592 5211 solum
3633 5156 3766 5219 quis

2150 5241 2269 5281 non
2291 5228 2539 5294 horreat,
2570 5230 2862 5282 lubricum
2890 5230 3082 5282 solum
3115 5231 3245 5295 quis
3285 5243 3405 5283 non
3439 5230 3675 5283 caveat?
3701 5230 3765 5279 In

2154 5302 2407 5355 tenebris
2434 5305 2491 5354 et
2516 5302 2739 5355 lubrico
2770 5303 2872 5355 ubi
2898 5303 3104 5367 pedem
3134 5303 3300 5368 figis?
3338 5305 3484 5356 Sunt
3502 5304 3616 5354 ista
3650 5299 3763 5352 duo

2152 5373 2304 5425 mala
2330 5385 2565 5439 magnae
2581 5387 2774 5440 pmnse
2801 5375 3042 5427 humani
3067 5375 3310 5439 generis,
3329 5375 3428 5438 qui
3451 5371 3763 5439 procedunt

2152 5445 2223 5498 de
2254 5447 2576 5499 tentatione
2596 5446 2789 5511 angeli
2815 5446 3181 5499 coarctantis.
3200 5449 3305 5499 Per
3328 5448 3484 5499 viam
3507 5446 3762 5509 designa-

2149 5520 2245 5569 tur
2261 5517 2433 5570 actio.
2452 5520 2555 5571 Per
2578 5520 2869 5583 tenebras,
2887 5520 3117 5571 caacitas
3138 5518 3343 5572 cordis.
3360 5521 3466 5572 Per
3480 5518 3754 5572 lubricum

2153 5588 2537 5655 praecipitatio
2559 5592 2768 5655 operis.
2795 5591 3038 5653 Quando
3070 5592 3296 5657 reprobi
3314 5591 3519 5644 tentati
3542 5595 3599 5643 et
3621 5601 3755 5641 con-

2148 5660 2261 5712 fusi
2300 5661 2373 5712 ab
2420 5662 2629 5727 angelo
2678 5663 2831 5717 malo
2857 5668 3247 5716 coarctantur:
3289 5663 3537 5728 primum
3574 5666 3665 5714 est
3695 5661 3755 5711 ut

2151 5732 2368 5785 mentis
2409 5735 2671 5787 caecitate
2713 5735 3104 5799 tenebrentur,
3142 5734 3348 5788 deinde
3380 5736 3441 5788 in
3479 5734 3749 5787 lubricum

2146 5803 2433 5858 malorum
2446 5806 2800 5862 dilabuntur.
2820 5809 3061 5874 Necjam
3074 5813 3322 5874 possunt
3334 5807 3612 5870 converti,
3623 5804 3751 5871 quia

2206 5921 2227 5950 ι’
2252 5922 2436 5987 Magis
2456 5923 2583 5979 hac
2600 5924 2767 5980 lectio
2786 5925 3018 5987 arridet,
3034 5938 3210 5992 quam
3225 5926 3509 5991 impressa
3524 5928 3747 5989 Augus-

2146 5992 2385 6059 tiniana,
2418 5995 2677 6049 Tenebras
2698 5998 2862 6050 solas.
