3890 6434
129 448 226 503 769

128 564 339 616 tentato
361 561 606 626 angelus
642 575 741 614 eos
772 563 1155 628 persequitur,
1180 564 1247 613 ut
1266 560 1547 624 impingat
1570 562 1718 625 [Ant.

123 632 456 698 impinguatj
485 632 555 685 de
581 633 730 687 malo
754 635 815 685 in
837 636 1024 700 pejus,
1050 634 1235 685 donec
1260 631 1522 683 incidant
1550 632 1611 684 in
1634 632 1720 684 fo-

126 716 286 759 veam
300 703 642 769 iniquitatis,
660 710 718 758 et
736 711 1073 769 mergantur
1086 706 1144 756 in
1162 703 1509 769 profundum
1526 704 1723 768 despe-

124 775 358 829 rationis
401 780 461 827 et
503 777 725 829 mortis.
778 777 941 829 Unde
982 781 1179 829 autem
1204 779 1365 827 tanta
1384 774 1574 827 mala?
1597 778 1721 837 Quo

34 914 40 921 ο
124 847 369 921 me_ri_to_‘l
391 847 667 921 Sequitur
690 852 750 900 et
772 849 911 921 dicit
938 866 950 897 :

209 916 229 984 I
243 914 356 984 54
390 916 440 971 7.
468 919 744 978 Quoniam
766 920 937 984 gratis
959 917 1349 968 absconderant
1363 917 1505 967 mihi
1530 918 1724 968 interi-

124 996 236 1040 tum
277 989 458 1053 laquei
497 990 602 1041 sui.
646 990 824 1055 Idest,
850 992 1113 1042 occultos
1139 989 1305 1041 dolos
1326 988 1399 1040 ad
1427 989 1722 1042 interitum

123 1073 314 1114 meum
328 1068 698 1126 paraverunt.
720 1065 790 1115 Et
807 1063 916 1114 hoc
934 1062 1126 1128 gratis,
1145 1062 1282 1125 quia
1297 1060 1589 1113 nihilmali
1606 1060 1719 1123 feci,

124 1146 228 1186 nec
258 1132 343 1185 eis
366 1133 559 1186 nocui.
595 1134 937 1197 Supervacua
963 1133 1432 1199 exprobrauerunt
1470 1134 1722 1182 animam

122 1219 310 1255 meam.
357 1205 538 1258 Multa
573 1207 727 1259 enim
761 1208 1068 1271 opprobria
1090 1207 1384 1260 adversus
1409 1208 1722 1259 Dominum

123 1278 402 1329 dixerunt.
430 1277 541 1329 Sed
560 1277 671 1329 hoc
693 1292 1022 1343 supervacue
1037 1294 1053 1327 :
1071 1278 1207 1343 quia
1230 1278 1439 1329 falsum
1463 1279 1725 1331 dicentes

121 1353 176 1399 et
194 1347 334 1399 nihil
368 1350 697 1413 probantes.
735 1350 847 1402 Sed
889 1349 1181 1415 quomodo
1218 1345 1652 1401 abscdnderunt
1673 1350 1726 1400 ei

121 1421 403 1482 laqueum,
443 1420 544 1483 qui
584 1420 820 1473 videbat
851 1420 1026 1474 corda
1063 1420 1591 1472 abscondentium?
1615 1421 1720 1473 Sed

125 1495 350 1543 tantum
371 1496 495 1543 erat
515 1492 663 1543 inter
681 1491 811 1543 illos
837 1492 1122 1556 ignoranti
1145 1492 1353 1542 similis
1374 1492 1541 1555 quasi
1566 1491 1725 1543 fallo-

124 1567 295 1626 retur,
323 1574 456 1613 cum
498 1562 579 1614 illi
602 1564 664 1614 in
688 1576 755 1615 eo
779 1563 1201 1627 deciperentur,
1228 1564 1284 1614 in
1306 1575 1423 1626 quo
1449 1575 1584 1614 eum
1609 1563 1726 1615 falli

121 1634 563 1686 arbitrabantur.
607 1637 729 1686 lIoc
752 1640 949 1686 autem
975 1635 1049 1687 ad
1075 1636 1407 1698 exemplum
1434 1634 1725 1698 patientia

30 1736 31 1755 ς
124 1709 335 1757 nostris
358 1704 575 1756 factum
601 1711 709 1763 est,
728 1706 944 1769 quibus
960 1719 1199 1758 necesse
1216 1710 1355 1767 erat,
1369 1706 1597 1757 utinter
1613 1717 1728 1757 ma-

125 1777 207 1828 los
233 1777 584 1828 viveremus:
601 1782 658 1829 et
681 1777 886 1841 malos,
904 1778 1030 1829 sive
1047 1778 1317 1839 scientes,
1335 1776 1453 1829 sive
1469 1778 1727 1828 nescien-

124 1853 205 1900 tes
229 1847 626 1900 toleraremus.
665 1848 775 1899 Sed
803 1848 942 1911 quid
963 1848 1209 1911 contigit
1232 1848 1368 1899 huic
1394 1846 1604 1912 populo
1629 1859 1721 1899 re-

124 1920 472 1984 proborum?
508 1920 778 1983 Sequitur
806 1924 864 1971 et
886 1920 1025 1972 dicit
1051 1937 1061 1968 :

178 1988 227 2043 8.
264 1991 454 2040 Veniat
477 1991 561 2040 illi
584 1990 810 2055 laqueus
839 2005 999 2055 quem
1020 1990 1259 2054 ignorat.
1284 1990 1590 2053 Magniﬁca
1618 1989 1721 2053 (Ea:

122 2062 277 2126 Aug.,
320 2061 475 2125 ibid.)
523 2063 839 2114 retributio.
880 2061 1034 2113 Nihil
1062 2062 1302 2125 justius.
1328 2061 1413 2112 Illi
1446 2061 1721 2125 laqueum

120 2133 568 2198 absconderant,
586 2137 643 2184 et
664 2133 804 2185 inde
823 2133 1192 2198 decipiuntur
1205 2134 1550 2196 nescientes,
1568 2133 1725 2186 unde

121 2203 379 2269 decipere
402 2205 730 2256 voluerunt.
748 2205 890 2256 Inde
914 2204 1029 2255 illis
1053 2209 1311 2265 nocetur,
1331 2205 1485 2256 unde
1509 2204 1591 2255 illi
1618 2217 1724 2257 no-

121 2287 243 2326 cere
283 2276 481 2327 conati
525 2280 682 2327 sunt.
721 2277 992 2340 Sequitur
1023 2277 1216 2327 enim:
1256 2275 1325 2325 Et
1358 2276 1533 2340 captio
1556 2290 1725 2341 quam

120 2346 394 2395 abscondit
423 2346 799 2410 apprehendat
820 2360 973 2399 eum.
1012 2348 1314 2410 Tanquam
1338 2347 1388 2397 si
1413 2347 1724 2411 quisquam

122 2418 327 2469 veneni
353 2417 591 2469 calicem
613 2423 962 2482 prmpararet
984 2418 1172 2480 alicui,
1209 2422 1265 2469 et
1299 2417 1515 2470 oblitus
1544 2420 1720 2471 bibat.

122 2490 188 2539 Et
230 2493 534 2553 tamquam
568 2490 618 2540 si
661 2491 888 2541 foveam
924 2490 1118 2553 fodiat,
1144 2489 1493 2541 utinimicus
1517 2491 1641 2555 ejus
1664 2490 1725 2543 in

121 2572 244 2612 eam
263 2561 514 2614 incidat:
535 2565 593 2614 et
616 2561 708 2613 ille
732 2563 950 2613 oblitus
977 2560 1134 2625 quod
1156 2560 1394 2624 foderat,
1413 2562 1724 2614 ambulans

123 2643 188 2684 ea
218 2633 316 2685 via
348 2633 500 2695 prior
519 2633 656 2685 illuc
680 2633 864 2684 cadat.
893 2634 983 2683 Sic
1008 2632 1197 2684 omnis
1223 2632 1324 2695 qui
1348 2638 1515 2684 nocet
1538 2633 1720 2696 alteri,

123 2703 275 2767 prius
298 2703 415 2754 sibi
437 2707 609 2756 nocet
640 2716 817 2768 quam
842 2703 1005 2755 alteri
1030 2721 1042 2752 :
1075 2708 1226 2755 recte
1252 2715 1388 2768 ergo
1415 2704 1725 2768 subjungi-

30 2796 35 2827 θ
84 2779 101 2839 1,
127 2780 232 2838 tur,
282 2775 358 2824 Et
404 2775 464 2823 in
504 2775 693 2839 laqueo
717 2776 875 2825 cadat
900 2777 960 2824 in
983 2776 1116 2839 ipso.
1148 2776 1274 2826 Non
1295 2776 1357 2826 in
1383 2774 1514 2838 alio,
1540 2776 1644 2827 sed
1664 2776 1727 2828 in

30 2824 35 2901 ε
84 2822 111 2912 ξ
124 2822 260 2911 ίιῖἐὸ.
276 2822 810 2899 sescentiens
825 2822 1089 2911 alapas
1100 2822 1487 2912 appulisse;
1500 2822 1725 2909 ἑθξρξαῖ

29 3000 37 3049 ἱ

29 3228 36 3266 l

30 3302 37 3337 l

30 3366 38 3410 l

29 3446 37 3483 ἰ

30 3588 35 3621 l

127 2921 378 2983 primum
408 2919 636 2985 decipit.
670 2922 742 2972 Et
764 2921 884 2972 fieri
911 2925 1121 2984 potest,
1146 2923 1213 2972 ut
1235 2920 1456 2971 malitia
1481 2933 1590 2973 sua
1610 2933 1724 2973 non

128 2997 327 3045 noceat
354 2992 552 3044 alteri:
586 2991 709 3044 fieri
732 2997 928 3044 autem
950 3005 1071 3045 non
1096 2996 1288 3057 potest
1306 2994 1373 3044 ut
1387 3004 1504 3045 non
1525 2997 1728 3045 noceat

128 3063 251 3115 sibi.
270 3062 416 3116 Mihi
439 3068 635 3115 autem
662 3063 803 3129 quid
822 3066 848 3115 εξ

186 3134 234 3189 9.
256 3136 475 3186 Anima
495 3150 615 3186 mea
640 3135 905 3187 exultabit
927 3136 989 3184 in
1007 3135 1259 3185 Domino.
1277 3136 1600 3200 Tamquam
1622 3133 1727 3197 (Ea;

128 3207 285 3272 Aug.,
305 3207 463 3271 ibid.)
486 3207 548 3259 in
569 3219 706 3270 eo,a
720 3220 837 3271 quo
860 3207 1096 3267 audivit,
1122 3208 1287 3260 Salus
1313 3211 1412 3260 tua
1425 3220 1532 3272 ego
1556 3220 1687 3259 sum
1712 3219 1725 3257 :

130 3283 411 3344 tanquam
451 3292 570 3332 non
610 3292 880 3343 quaerens
910 3278 1052 3331 alias
1087 3280 1452 3333 extrinsecus
1476 3279 1725 3332 divitias.

1109 448 1180 498 IN
1233 445 1551 498 PSALMOS
1601 446 1807 499 LXXV
1862 446 2445 503 COMMENTARIUS.

1746 1942 1798 2015 Β

3316 455 3421 510 770

1747 567 1803 642 Α
1818 562 2141 642 ignorabat,
2180 563 2281 627 qui
2310 563 2643 642 iniquorum
2681 565 2855 642 corda
2879 566 2937 618 et
2959 565 3129 642 dolos
3152 566 3422 642 videbat?

1818 636 2125 699 Ignorabat
2153 638 2469 699 peccatum,
2493 648 2610 687 non
2633 636 2799 700 quasi
2832 649 2947 689 non
2963 638 3295 705 judicando,
3321 640 3420 692 sed

1818 718 1935 757 non
1958 707 2391 759 committendo.
2410 709 2556 759 Sunt
2575 708 2909 770 huiusmodi
2933 708 3253 763 locutiones
3270 714 3419 761 etiam

1818 779 2190 842 quotidianae.
2222 780 2361 830 Cum
2388 779 2532 830 dicis
2563 779 2635 831 de
2657 780 2863 844 aliquo.
2910 783 3036 833 Non
3060 784 3218 835 novit
3241 784 3421 836 male-

1818 850 2020 914 facere,
2040 850 2177 914 quia
2196 862 2315 901 non
2330 850 2635 902 malefacit.
2651 851 2813 914 Quod
2830 851 3084 905 alienum
3101 856 3277 907 estab
3295 868 3424 921 ope-

1818 934 1896 982 re,
1924 921 2174 972 alienum
2197 924 2287 972 est
2323 933 2358 972 a
2390 923 2762 974 conscientia.
2809 924 2973 986 Quod
2997 925 3249 977 alienum
3275 931 3364 979 est
3387 939 3423 979 a

1820 993 2189 1055 conscientia,
2206 992 2461 1044 alienum
2485 998 2576 1045 est
2602 1007 2637 1045 a
2662 994 2932 1046 scientia:
2959 1001 3016 1048 et
3038 997 3265 1062 dicitur,
3282 999 3422 1050 Nes-

1820 1065 1973 1116 civit.
1999 1064 2305 1127 Ignorabat
2325 1064 2585 1115 Christus
2601 1064 3018 1131 blasphemare,
3036 1067 3171 1119 hinc
3188 1068 3422 1120 interro-

1819 1137 2066 1199 gabatur
2092 1148 2126 1185 a
2149 1136 2619 1198 persecutoribus
2643 1137 2850 1199 (Matth.
2869 1135 2955 1190 22.
2992 1136 3081 1192 20'.
3104 1143 3150 1188 et
3178 1137 3283 1203 27.)
3307 1153 3319 1190 :
3349 1139 3421 1192 de

1821 1207 2033 1273 quibus
2059 1207 2340 1271 sequitur,

1883 1278 1970 1333 12.
2004 1278 2385 1328 Retribuebant
2413 1277 2558 1328 mihi
2583 1277 2729 1328 mala
2748 1292 2851 1343 pro
2874 1278 3026 1329 bonis
3053 1297 3064 1328 :
3089 1280 3421 1332 sterilitatem

1822 1352 2023 1401 animae
2057 1365 2201 1400 mete.
2234 1353 2351 1412 Ego
2391 1349 2502 1413 (Eae
2523 1350 2689 1415 Aug.,
2714 1350 2864 1414 ibid.)
2890 1351 3057 1404 attuli
3082 1351 3423 1406 facundita-

1825 1427 1957 1485 tem,
1984 1421 2096 1486 ipsi
2126 1422 2524 1473 retribuebant
2546 1422 2925 1474 sterilitatem.
2961 1424 3079 1487 Ego
3101 1424 3423 1489 vitam,ipsi

1820 1498 2085 1545 mortem.
2104 1494 2223 1557 Ego
2244 1492 2543 1555 honorem,
2564 1492 2673 1557 ipsi
2693 1493 3092 1546 contumelias.
3113 1497 3231 1560 Ego
3253 1496 3426 1548 medi-

1821 1565 2029 1629 cinam,
2074 1564 2183 1629 ipsi
2220 1563 2473 1615 vulnera.
2512 1565 2581 1614 Et
2615 1564 2675 1615 in
2698 1564 2789 1615 his
2814 1565 3085 1617 omnibus
3106 1578 3238 1631 qum
3260 1565 3423 1619 retri-

1823 1637 2097 1699 buebant,
2121 1635 2321 1700 utique
2346 1636 2621 1687 sterilitas
2644 1640 2781 1687 erat.

1886 1708 1971 1761 13.
2006 1707 2118 1769 Ego
2160 1712 2342 1757 autem
2377 1721 2502 1756 cum
2537 1707 2681 1755 mihi
2722 1706 2927 1757 molesti
2950 1713 3132 1769 essent,
3158 1709 3424 1759 induebat:

1823 1779 2017 1829 cilicio.
2046 1780 2172 1830 Non
2203 1778 2528 1829 invenimus
2547 1778 2719 1842 juxta
2742 1778 2966 1830 literam
2990 1780 3305 1832 Dominum
3325 1783 3420 1831 Je-

1821 1863 1954 1901 sum
1984 1853 2251 1913 portasse
2276 1848 2542 1900 cilicium.
2569 1849 3014 1912 Intelligendum
3037 1855 3126 1902 est
3150 1864 3287 1915 ergo
3307 1853 3423 1903 Do-

1823 1922 2048 1973 minum
2070 1932 2172 1984 per
2186 1918 2628 1971 similitudinem
2640 1920 2963 1984 appellasse
2980 1921 3245 1986 cilicium,
3258 1926 3425 1972 carnis

1825 2004 1948 2044 sua:
1970 1990 2396 2043 mortalitatem.
2417 1992 2599 2053 Quare
2618 1990 2905 2043 cilicium?
2922 1993 3154 2057 Propter
3170 1994 3428 2047 similitu-

1821 2064 2014 2115 dinem
2027 2063 2219 2114 carnis
2241 2062 2475 2127 peccati.
2494 2061 2801 2126 Apostolus
2813 2062 2969 2114 enim
2987 2063 3092 2127 (Eac
3101 2065 3144 2113 A
3156 2079 3264 2127 ug.,
3278 2064 3422 2129 ibid.)

1822 2134 1978 2195 dicit,
2006 2134 2156 2187 Misit
2180 2136 2335 2185 Deus
2360 2132 2565 2185 Filium
2588 2147 2757 2185 suum
2773 2134 2834 2184 in
2852 2134 3288 2188 similitudinem
3305 2149 3428 2189 car-

1821 2206 1913 2257 nis
1955 2204 2190 2269 peccati,
2239 2209 2307 2256 ut
2339 2204 2410 2255 de
2445 2208 2678 2269 peccato
2712 2204 3018 2257 damnaret
3038 2210 3340 2269 peccatum
3369 2211 3427 2260 in

1823 2289 1994 2328 carne
2028 2277 2205 2340 (Rom.
2230 2275 2339 2337 8.):
2379 2275 2491 2327 hoc
2534 2279 2644 2334 est,
2682 2274 2891 2327 Filium
2924 2288 3098 2327 suum
3125 2276 3316 2329 induit
3344 2279 3427 2330 ci-

1820 2348 1969 2412 licio,
2012 2351 2078 2399 ut
2101 2347 2172 2416 de
2195 2346 2377 2398 cilicio
2402 2346 2703 2398 damnaret
2725 2346 2928 2397 haedos
2955 2364 2967 2395 :
2994 2359 3111 2398 non
3136 2350 3273 2411 quia
3297 2362 3427 2413 pec-

1822 2423 2019 2471 catum
2046 2423 2167 2470 erat
2181 2418 2244 2469 in
2264 2418 2530 2481 Domino,
2556 2417 2660 2469 sed
2678 2417 2994 2471 similitudo
3010 2421 3180 2468 carnis
3202 2424 3424 2481 peccati:

1823 2492 1959 2555 quia
1994 2502 2152 2541 mors
2184 2501 2302 2541 non
2337 2494 2427 2540 est
2465 2489 2580 2540 nisi
2605 2490 2675 2540 de
2700 2493 2955 2553 peccato,
2987 2494 3044 2541 et
3065 2491 3268 2555 utique
3291 2503 3427 2544 caro

1822 2561 1918 2613 illa
1931 2566 2054 2614 erat
2075 2560 2355 2612 mortalis.
2373 2562 2517 2611 Cum
2531 2572 2668 2624 ergo
2691 2561 2741 2612 ei
2758 2560 2991 2613 molesti
3005 2567 3224 2619 essent,
3240 2564 3427 2612 induc-

1824 2634 1994 2685 batur
2016 2631 2219 2695 cilicio,
2243 2632 2415 2696 idest,
2437 2631 2903 2683 abscondebatur
2925 2633 2989 2683 in
3009 2644 3197 2686 carne.
3221 2634 3345 2685 Non
3363 2646 3426 2686 se

1824 2704 2174 2765 vindicabat,
2192 2716 2311 2755 non
2327 2716 2389 2755 se
2404 2702 2851 2757 demonstrabat.
2869 2704 3016 2756 Hinc
3026 2716 3135 2757 nos
3151 2704 3429 2758 admonet

1825 2776 2138 2840 Apostolus
2151 2774 2370 2838 dicens,
2388 2776 2516 2826 Non
2536 2774 2924 2838 vosmetipsos
2941 2775 3331 2841 defendentes,
3343 2787 3430 2828 ca-

1825 2847 2081 2899 rissimi:
2117 2848 2219 2899 sed
2257 2846 2390 2898 date
2423 2847 2614 2898 locum
2650 2846 2751 2898 ira:
2778 2847 2947 2911 (Rom.
2974 2844 3104 2911 12.).
3128 2846 3263 2900 Ideo
3288 2848 3430 2900 sub-

1820 2919 2032 2983 jungit,
2067 2916 2446 2967 Humiliabam
2478 2917 2541 2965 in
2562 2916 2778 2980 jejunio
2802 2917 3055 2967 animam
3078 2932 3274 2967 meam.
3300 2920 3428 2972 Non

1826 2990 2075 3054 legimus
2108 2988 2431 3041 secundum
2466 2986 2709 3053 literam,
2733 2990 2801 3040 in
2823 2988 3093 3053 passione
3116 2990 3427 3042 Dominum

1825 3062 2118 3125 jejunasse
2145 3076 2159 3111 :
2188 3059 2291 3111 sed
2339 3059 2711 3123 spiritualiter
2753 3060 2938 3111 esurit
2974 3059 3239 3113 Christus
3276 3062 3429 3116 bona

1827 3145 1996 3197 opera
2007 3136 2221 3184 nostra.
2239 3130 2453 3194 thuia
2466 3131 2525 3182 in
2544 3130 2658 3182 illis
2674 3131 3145 3194 crucifigentibus
3162 3134 3294 3182 nihil
3307 3136 3428 3184 boni

1824 3205 2170 3264 inveniebat,
2188 3202 2316 3255 ideo
2328 3204 2404 3266 jej
2417 3204 2649 3254 unabat.
2664 3204 3083 3255 Retribuebant
3096 3205 3252 3255 enim
3268 3207 3430 3257 steri-

1826 3277 2045 3328 litatem
2066 3275 2277 3327 animae
2299 3275 2447 3338 ejus.
2463 3275 2607 3325 Nam
2621 3273 3083 3338 qualejejunium
3094 3275 3279 3339 ipsius
3294 3276 3423 3341 fuit,

125 3350 447 3438 Tamquam
481 3363 605 3402 non
629 3363 900 3433 quaerens
925 3351 1302 3432 circonnuere
1334 3351 1730 3438 voluptatibus
1753 3361 1803 3438 ρ
1826 3349 2047 3438 quinvinir
2059 3345 2794 3438 unum‘latronemlnvenit‘,
2810 3346 3059 3438 quemmi‘n
3075 3359 3245 3438 cruce
3262 3356 3427 3438 sgitti-

128 3424 418 3488 bonisque
459 3423 704 3475 terrenis
729 3437 742 3473 :
789 3432 806 3453 ·
831 3435 1035 3475 verum
1058 3423 1238 3487 gratis
1262 3435 1487 3475 amans.
1506 3424 1632 3474 Non
1653 3422 1727 3473 ab
1756 3417 1803 3438 ν
1826 3427 1913 3472 ret
1932 3424 1957 3470 ἓν
1984 3422 2053 3471 Et
2075 3418 2336 3484 Apostoli
2358 3430 2493 3471 eum
2518 3418 2792 3483 fugerunt
2811 3419 2954 3482 (Luc.
2972 3417 3059 3473 23.
3077 3419 3271 3471 Matth.
3295 3419 3424 3484 26.).

30 3518 37 3554 ε
126 3494 218 3547 1110
242 3497 447 3549 volens
472 3508 540 3547 ac
550 3496 733 3560 cipere
755 3495 907 3559 quod
930 3495 1193 3556 delectet,
1213 3495 1522 3560 sedipsum
1538 3494 1727 3548 solum

130 3567 235 3619 sibi
257 3579 613 3634 proponens,
635 3568 694 3619 in
718 3580 834 3631 quo
858 3567 1192 3619 delectetur.
1209 3566 1358 3628 Quid
1377 3568 1531 3620 enim
1543 3571 1728 3618 melius

127 3640 284 3693 Deo?
303 3639 381 3690 Et
411 3638 754 3690 delectabitur
781 3654 942 3703 super
976 3638 1209 3688 salutari
1241 3653 1356 3689 suo.
1383 3639 1447 3691 Id
1470 3645 1578 3703 est,
1612 3639 1728 3691 filio

129 3724 248 3776 suo,
280 3724 389 3777 per
425 3718 599 3776 quem
639 3712 850 3765 salva‘ti
883 3724 1090 3763 sumus
1117 3711 1260 3776 (Luc.
1287 3711 1402 3773 2.):
1433 3725 1532 3775 per
1556 3725 1727 3776 quem

128 3794 432 3837 accessum
470 3783 755 3836 habemus
795 3783 866 3834 ad
910 3784 1094 3834 Deum
1131 3783 1350 3848 (Ephes.
1374 3780 1466 3846 2.),
1494 3786 1559 3835 ut
1574 3783 1732 3836 exul-

130 3860 315 3911 tantes
362 3856 424 3908 in
457 3868 523 3908 eo
558 3854 728 3907 corde
750 3854 1055 3907 credamus
1077 3855 1149 3906 ad
1169 3854 1477 3918 justitiam,
1506 3867 1604 3907 ore
1624 3867 1731 3908 au-

128 3932 240 3980 tem
286 3927 665 3981 coniiteamur
707 3926 782 3979 ad
832 3926 1081 3979 salutem
1118 3926 1288 3987 (Rom.
1326 3925 1453 3990 10.).
1482 3926 1647 3980 Unde
1670 3930 1731 3980 et

128 4000 401 4052 subditur
427 4015 439 4051 :

188 4072 274 4127 10.
286 4072 493 4124 Omnia
508 4085 629 4121 ossa
647 4084 763 4121 mea
778 4071 970 4129 dicent,
985 4070 1233 4133 Domine,
1251 4069 1374 4134 quis
1387 4070 1586 4119 similis
1602 4071 1697 4120 tibi
1705 4074 1731 4123 ?

128 4144 273 4196 Ossa
309 4145 425 4208 (Ea:
455 4145 621 4208 Aug.,
644 4142 804 4207 ibid.)
842 4142 1117 4195 dicuntur
1140 4141 1199 4192 in
1221 4153 1460 4207 corpore
1483 4142 1731 4205 Domini,

30 4242 33 4273 ε
128 4228 329 4270 omnes
354 4216 522 4280 justi,
547 4215 718 4276 ﬂrmi,
735 4216 905 4268 corde
923 4214 1119 4277 fortes,
1133 4212 1308 4265 nullis
1325 4214 1731 4277 persecutioni-

130 4287 239 4340 bus
263 4293 322 4341 et
350 4287 765 4340 tentationibus
780 4287 1047 4338 cedentes
1064 4286 1137 4337 ad
1153 4288 1569 4335 consentiendum
1580 4288 1732 4337 malo.

30 4386 33 4421 ι
133 4360 198 4412 Et
230 4360 391 4412 unde
431 4362 679 4422 possunt
713 4358 889 4410 nullis
928 4356 1340 4410 tentationibus
1364 4358 1584 4419 cedere,
1620 4357 1735 4409 nisi

131 4433 363 4496 quando
377 4431 621 4484 credunt
634 4433 816 4483 Deum
829 4430 1732 4494 omnipotentem,inaestimabilem,

30 4530 33 4563 ι
130 4501 419 4556 valentem
441 4514 539 4554 eos
558 4502 801 4554 liberare
817 4502 889 4553 de
906 4501 1063 4552 omni
1076 4501 1447 4554 tribulatione
1458 4504 1486 4551 ‘t
1501 4500 1665 4553 Unde
1677 4505 1736 4552 et

30 4602 33 4635 θ
131 4574 353 4638 dicunt,
381 4568 628 4634 Domine,
653 4574 777 4638 quis
794 4574 990 4623 similis
1006 4572 1101 4621 tibi
1117 4573 1411 4636 ?Eripiens
1433 4573 1653 4637 inopem
1673 4572 1735 4621 de

135 4661 306 4696 manu
329 4647 624 4711 fortiorum
644 4647 755 4711 ejus
781 4661 793 4696 :
813 4659 1043 4709 egenum
1059 4649 1106 4694 et
1117 4643 1737 4709 pauperemadiripiew

30 4752 33 4773 ν
131 4718 269 4768 tibus
291 4734 434 4771 cum.
456 4719 676 4771 Fortior
699 4718 855 4770 enim
878 4723 1000 4769 erat
1022 4717 1292 4768 diabolus
1315 4716 1389 4768 ad
1413 4715 1735 4769 tenendum

30 4820 33 4845 λ
137 4793 207 4853 te,
231 4793 367 4856 quia
390 4792 514 4857 ipse
537 4796 594 4843 te
619 4791 754 4843 vicit
776 4794 835 4842 et
857 4789 1112 4863 diripuit,
1128 4789 1220 4841 cui
1245 4788 1601 4863 consensisti.
1620 4789 1729 4863 Sed
1760 4790 1813 4863 ι)
1836 4785 2263 4863 batgognrﬂﬁ)
2290 4795 2302 4844 ;
2329 4783 2601 4863 ostendit,
2628 4797 2764 4837 cum
2792 4784 3094 4863 subjungit
3118 4798 3130 4836 :

30 4890 33 4909 ι
134 4863 273 4926 quid
289 4864 426 4916 fecit
450 4875 628 4915 manu
645 4863 842 4915 fortis?
857 4862 1130 4926 Alligavit
1146 4863 1369 4926 fortem,
1383 4861 1732 4913 effundenda

30 4970 31 4991 ι
134 4934 414 4987 frameam
454 4941 512 4987 et
555 4935 629 4987 ad
668 4934 1127 4986 concludendum
1160 4947 1331 4986 eum:
1360 4939 1419 4986 et
1444 4933 1516 4985 de
1540 4945 1734 4994 manu,

30 5042 31 5061 ι
135 5005 192 5057 id
206 5011 316 5072 est,
343 5009 414 5060 de
438 5013 725 5072 potestate
749 5009 875 5072 ejus
898 5007 1048 5058 eruit
1075 5007 1326 5070 inopem,
1354 5007 1480 5057 sine
1500 5006 1737 5068 viribus,

133 5090 447 5143 pauperem
472 5078 696 5144 spiritu,
720 5090 972 5143 egenum
988 5078 1214 5129 cuinon
1228 5080 1351 5129 erat
1365 5076 1736 5141 adjutorium.

134 5152 272 5211 Quis
290 5151 450 5203 enim
472 5151 541 5203 ad
542 5153 702 5216 jutor
728 5151 849 5214 tibi,
874 5151 986 5201 nisi
1009 5149 1123 5213 ille,
1148 5150 1239 5200 cui
1264 5149 1424 5209 dicis,
1455 5148 1740 5200 Dominus

134 5222 368 5286 adjutor
398 5235 565 5274 meus
599 5227 659 5274 et
680 5222 1007 5287 redemptor
1032 5234 1196 5272 meus
1219 5221 1383 5283 (Psal.
1410 5218 1555 5284 18.)?
1579 5221 1636 5271 Si
1669 5219 1741 5271 de

138 5294 251 5346 tuis
285 5295 513 5347 viribus
539 5305 888 5360 prensumere
914 5294 1185 5355 volueris,
1214 5292 1348 5345 inde
1371 5292 1561 5355 cades,
1587 5292 1742 5345 unde

132 5368 580 5429 praesumseris:
627 5366 677 5418 si
724 5366 795 5418 de
848 5365 1103 5426 alterius,
1133 5364 1416 5417 dominari
1441 5364 1589 5429 vult,
1622 5375 1742 5416 non

137 5438 468 5492 subvenire.
516 5440 615 5492 Ille
649 5451 785 5504 ergo
833 5436 981 5505 155
1012 5437 1364 5502 quaerendus
1397 5442 1505 5500 est,
1546 5436 1644 5500 qui
1685 5441 1743 5487 et

133 5511 382 5562 redemit
404 5514 461 5563 et
481 5511 693 5563 liberos
720 5509 876 5562 facit.
902 5511 1050 5572 Quid
1074 5514 1272 5562 autem
1294 5510 1355 5561 in
1377 5520 1624 5574 persona
1637 5519 1745 5560 sua

139 5581 265 5645 subj
276 5588 457 5646 ungat
477 5581 782 5635 audiamus
804 5598 816 5633 :

200 5652 287 5708 11.
319 5654 604 5720 Surgentes
627 5660 769 5705 testes
792 5654 999 5720 iniqui,
1024 5668 1140 5719 quae
1168 5652 1490 5718 ignorabam
1513 5653 1743 5702 interro-

139 5724 345 5787 gabant
366 5741 466 5778 me.
485 5728 689 5779 Testes
710 5727 893 5790 iniqui
910 5730 1305 5785 surrexerunt,
1318 5724 1551 5791 quando
1568 5727 1747 5786 iniquo

1826 3491 2060 3544 Nullum
2104 3495 2301 3543 autem
2339 3492 2530 3554 majus
2562 3495 2665 3542 aut
2697 3490 2905 3543 melius
2929 3493 3235 3555 negocium
3256 3496 3344 3545 est
3365 3494 3426 3544 in

1829 3563 2210 3626 tribulatione,
2235 3574 2411 3627 quam
2433 3562 2698 3615 recedere
2719 3564 2794 3615 ab
2813 3575 2880 3615 eo
2897 3565 3274 3630 strepitu,qui
3292 3564 3428 3617 foris

1826 3641 1915 3688 est
1940 3654 1951 3685 :
1994 3644 2050 3687 et
2071 3636 2132 3687 in
2154 3635 2425 3687 interiora
2448 3638 2669 3686 secreta
2689 3636 2904 3687 mentis
2927 3635 3025 3701 ire,
3049 3635 3245 3700 ibique
3268 3649 3428 3691 orare

1827 3709 2158 3771 Dominum,
2199 3720 2275 3759 ne
2307 3707 2370 3759 in
2408 3706 2724 3760 tentatione
2760 3707 3080 3760 vincamur.
3114 3709 3335 3762 Deinde
3364 3714 3431 3762 ut

1827 3781 1998 3833 etiam
2017 3778 2097 3830 illi
2124 3778 2223 3843 qui
2239 3790 2349 3830 nos
2374 3780 2820 3842 persequuntur,
2836 3778 2910 3830 ad
2936 3780 3244 3833 sanitatem
3253 3780 3431 3846 justi-

1829 3852 1926 3905 tite
1948 3853 2370 3904 convertantur.
2396 3848 2530 3902 Ideo
2555 3850 2934 3913 subjunctum
2956 3851 3049 3903 est
3072 3867 3084 3900 :

1891 3924 1977 3979 14.
2030 3924 2097 3973 Et
2141 3924 2317 3973 oratio
2351 3936 2473 3972 mea
2516 3921 2579 3970 in
2622 3922 2753 3971 sinu
2795 3937 2910 3972 meo
2950 3927 3299 3974 convertetur.
3325 3926 3432 3979 Per

1829 3996 2064 4061 signum
2077 3993 2452 4060 agnoscimus
2474 3996 2781 4044 secretum.
2799 3994 2864 4044 In
2880 3997 3101 4045 secreto
3117 3993 3307 4045 cordis
3328 3994 3432 4047 de-

1830 4069 2038 4121 bemus
2058 4080 2239 4127 orare,
2265 4065 2365 4118 ubi
2387 4066 2545 4117 Deus
2571 4063 2746 4124 videt,
2767 4064 2864 4116 ubi
2880 4066 3037 4117 Deus
3052 4065 3232 4117 audit.
3268 4067 3430 4119 Unde

1830 4138 1893 4193 in
1921 4140 2229 4205 Evangelio
2252 4138 2480 4202 dicitur,
2505 4138 2592 4189 Tu
2613 4138 2808 4188 autem
2827 4148 2960 4188 cum
2985 4138 3257 4199 oraveris,
3281 4138 3431 4191 intra

1830 4214 1892 4265 in
1932 4213 2266 4264 cubiculum
2305 4215 2493 4271 tuum,
2537 4213 2595 4261 et
2632 4212 2843 4260 cietera
2867 4208 3081 4273 (Matth.
3107 4206 3202 4272 6.).
3230 4211 3299 4261 Et
3320 4209 3432 4261 hoc

1833 4286 1981 4337 bene
2024 4284 2422 4336 admonemur.
2458 4280 2570 4333 Sed
2591 4280 2651 4331 in
2677 4279 2901 4331 Christo
2930 4280 3178 4332 Domino
3208 4280 3429 4344 aliquid

1831 4355 2084 4420 amplius
2105 4355 2422 4420 intelligere
2444 4352 2743 4405 debemus.
2768 4354 2886 4416 Ego
2908 4351 3184 4416 intelligo,
3214 4355 3349 4416 quia
3370 4352 3429 4404 in

1833 4428 1967 4479 sinu
1992 4439 2099 4479 suo
2127 4427 2378 4479 habebat
2397 4427 2642 4478 Patrem.
2661 4426 2815 4476 Deus
2838 4424 2992 4475 enim
3008 4426 3194 4475 eratin
3214 4427 3428 4489 Christo,

1831 4498 2120 4551 mundum
2147 4497 2523 4551 reconcilians
2560 4496 2670 4549 sibi
2693 4494 2762 4559 (2.
2802 4496 2923 4547 Cor.
2952 4494 3048 4555 5.).
3089 4496 3155 4546 In
3200 4507 3264 4546 se
3296 4507 3430 4559 ergo

1834 4570 2101 4633 habebat,
2165 4582 2339 4632 quem
2397 4570 2836 4634 deprecaretur:
2874 4567 3014 4631 quia
3035 4565 3159 4631 ipse
3184 4566 3429 4619 dixerat.

1834 4645 1952 4708 Ego
1992 4643 2054 4694 in
2100 4642 2287 4703 Patre,
2325 4644 2386 4693 et
2417 4643 2581 4693 Pater
2602 4641 2664 4693 in
2682 4652 2776 4692 me
2799 4644 2888 4693 est
2911 4639 3088 4702 (Joan.
3115 4638 3201 4692 10.
3225 4644 3274 4688 et
3298 4638 3424 4700 14.).

1835 4718 2060 4779 Quanto
2083 4716 2279 4765 autem
2300 4712 2507 4763 affectu
2531 4725 2629 4764 eos
2653 4712 2941 4777 diligebat,
2958 4723 3058 4776 pro
3081 4711 3293 4775 quibus
3309 4721 3430 4762 ora-

1924 4856 2072 4927 |56
2099 4856 2184 4912 15.
2205 4856 2372 4915 Quasi
2390 4856 2731 4920 proximum,
2749 4859 2908 4920 quasi
2921 4856 3150 4919 fratrem
3172 4860 3433 4911 nostrum.

1834 4933 1908 4981 sic
1926 4926 2322 4996 com’placebam
2348 4943 2361 4980 :
2396 4927 2556 4991 quasi
2587 4926 2774 4991 lugens
2795 4934 2841 4977 et
2871 4929 3217 4978 contristatae
3237 4928 3311 4978 sic
3336 4927 3434 4977 hu-

1836 5002 2117 5053 miliabar.
2135 5004 2273 5053 Ilaec
2285 5000 2488 5053 dicunt
2503 4997 2757 5062 quidam,
2777 4999 2911 5062 quia
2925 5001 3159 5063 ponitur
3171 5014 3318 5049 casus
3329 5014 3437 5060 pro-

1838 5087 1980 5127 casu
1998 5090 2009 5125 :
2027 5088 2094 5127 ac
2114 5074 2161 5125 si
2180 5073 2412 5133 diceret,
2426 5070 2591 5135 quasi
2605 5069 2676 5120 de
2692 5069 2954 5133 proximo
2972 5076 3030 5123 et
3044 5074 3105 5119 de
3121 5073 3284 5121 fratre.
3299 5073 3437 5121 Com-

1838 5147 2098 5212 placebat
2115 5158 2252 5268 eligo
2272 5144 2534 5223 Christus
2563 5143 2679 5193 Deo
2705 5141 2855 5222 Patri
2880 5140 2952 5222 de
2973 5142 3437 5225 persecutoribus

1840 5219 1985 5268 suis.
2012 5230 2158 5268 quas
2204 5216 2275 5268 de
2302 5216 2572 5268 fratribus
2596 5218 2652 5265 et
2675 5224 2958 5268 Drommis
2983 5226 3135 5264 suis:
3163 5215 3437 5268 diligebat

1840 5211 1985 5278 suis,
2012 5211 2182 5281 quasi
2204 5216 2275 5269 de
2302 5216 2572 5268 fratribus
2596 5218 2652 5265 et
2675 5211 2958 5277 proximis
2983 5214 3135 5264 suis:
3163 5215 3437 5278 diligebat

1839 5291 1990 5342 enim
2015 5302 2130 5350 eos,
2160 5293 2436 5352 tanquam
2461 5286 2751 5352 proximos
2775 5288 2831 5335 et
2858 5283 3064 5335 fratres
3088 5297 3229 5336 suos
3256 5287 3435 5350 (Joan.

1842 5361 1976 5424 '15.).
2003 5362 2277 5425 Majorem
2300 5364 2497 5411 autem
2520 5360 2627 5411 hac
2661 5357 3024 5409 dilectionem
3052 5368 3222 5408 nemo
3243 5358 3436 5419 habet,

1841 5445 2017 5498 quam
2056 5439 2121 5483 ut
2145 5433 2401 5482 animam
2426 5443 2595 5482 suam
2618 5434 2792 5495 ponat
2814 5428 2946 5493 quis
2967 5439 3067 5492 pro
3090 5427 3291 5478 amicis
3317 5428 3439 5479 suis

1844 5504 2034 5571 (Ibid).
2076 5501 2141 5555 Et
2179 5503 2315 5567 quia
2352 5502 2404 5553 ei
2427 5501 2699 5554 nolebant
2721 5502 3066 5565 aquiescere,
3092 5498 3441 5571 humiliaba-

1845 5569 1938 5630 tur
1962 5582 2255 5639 tamquam
2288 5572 2496 5638 lugens
2526 5573 2588 5624 in
2624 5584 2877 5639 corpore,
2903 5576 2960 5624 et
2983 5569 3357 5624 contristatus
3381 5569 3442 5620 in

1843 5649 2049 5702 anima.
2076 5643 2348 5711 Exemplo
2368 5657 2504 5707 ergo
2521 5645 2821 5696 Dominico
2837 5644 3234 5705 admonemur,
3248 5645 3442 5693 utnon

1847 5722 2036 5775 solum
2071 5733 2216 5785 quos
2250 5717 2580 5778 toleramus,
2618 5727 2920 5768 amemus:
2947 5717 3047 5768 sed
3071 5715 3244 5768 etiam
3264 5723 3445 5785 prava

140 5782 338 5850 animo
363 5798 647 5852 adversus
666 5782 1039 5851 eumialsum
1055 5782 1453 5850 testimonium
1476 5782 1749 5848 dixerunt
1847 5805 2045 5847 eorum
2083 5782 2253 5857 opera
2275 5788 2597 5843 contristati
2623 5786 2959 5839 deﬂeamus.
2986 5789 3105 5852 Ego
3130 5789 3211 5839 sic
3233 5797 3334 5851 pro
3357 5782 3442 5836 eis

141 5868 360 5932 (Matth.
403 5869 528 5936 20.).
578 5871 687 5924 Sed
720 5870 858 5935 quid
897 5870 1002 5936 (Eac
1023 5870 1359 5935 Aug.,serm.
1382 5866 1455 5932 2.)
1484 5871 1572 5923 est
1593 5868 1750 5933 quod
1846 5865 2217 5919 humiliabar:
2247 5862 2327 5917 illi
2349 5865 2546 5914 autem
2568 5858 2743 5924 quid?
2768 5859 3042 5923 Sequitur
3060 5864 3120 5911 et
3141 5859 3277 5911 dicit
3304 5870 3319 5910 :

207 6019 224 6041 '
264 6013 437 6077 Apud
483 6013 901 6079 Augustinum,
954 6011 1043 6062 sed
1087 6012 1367 6077 conjugem
1418 6021 1603 6062 verum
1648 6009 1835 6074 gratis,
1881 6014 1986 6061 etc.
