  <div class='ocr_page' id='page_1' title='image "/cluster/home/n/w/nwhite01/storage/ocr_20150623/21/umn.319510024773153/387.png"; bbox 0 0 3890 6422; ppageno 0'>
   <div class='ocr_carea' id='block_1_1' title="bbox 471 406 571 463">
    <p class='ocr_par' dir='ltr' id='par_1_1' title="bbox 471 406 571 463">
     <span class='ocr_line' id='line_1_1' title="bbox 471 406 571 463; baseline 0.02 -2"><span class='ocrx_word' id='word_1_1' title='bbox 471 406 571 463; x_wconf 85' lang='grc'><strong>771</strong></span> 
     </span>
    </p>
   </div>
   <div class='ocr_carea' id='block_1_2' title="bbox 1533 395 2719 454">
    <p class='ocr_par' dir='ltr' id='par_1_2' title="bbox 1533 395 2719 454">
     <span class='ocr_line' id='line_1_2' title="bbox 1533 395 2719 454; baseline -0.004 -2"><span class='ocrx_word' id='word_1_2' title='bbox 1533 399 1801 454; x_wconf 83' lang='lat' dir='ltr'>RUFINO</span> <span class='ocrx_word' id='word_1_3' title='bbox 1840 395 2304 451; x_wconf 85' lang='lat' dir='ltr'>PRESBYTERO</span> <span class='ocrx_word' id='word_1_4' title='bbox 2336 395 2719 449; x_wconf 81' lang='lat' dir='ltr'>ASCBIPTUS</span> 
     </span>
    </p>
   </div>
   <div class='ocr_carea' id='block_1_3' title="bbox 3677 393 3782 450">
    <p class='ocr_par' dir='ltr' id='par_1_3' title="bbox 3677 393 3782 450">
     <span class='ocr_line' id='line_1_3' title="bbox 3677 393 3782 450; baseline 0.01 -1"><span class='ocrx_word' id='word_1_5' title='bbox 3677 393 3782 450; x_wconf 72' lang='grc'>772</span> 
     </span>
    </p>
   </div>
   <div class='ocr_carea' id='block_1_4' title="bbox 525 505 3781 586">
    <p class='ocr_par' dir='ltr' id='par_1_4' title="bbox 525 505 3781 586">
     <span class='ocr_line' id='line_1_4' title="bbox 525 505 3781 586; baseline -0.003 -18"><span class='ocrx_word' id='word_1_6' title='bbox 525 517 612 573; x_wconf 86' lang='grc'>16.</span> <span class='ocrx_word' id='word_1_7' title='bbox 648 515 717 566; x_wconf 86' lang='lat' dir='ltr'>Et</span> <span class='ocrx_word' id='word_1_8' title='bbox 741 514 1036 586; x_wconf 6' lang='lat' dir='ltr'>aduersum,</span> <span class='ocrx_word' id='word_1_9' title='bbox 1065 526 1147 586; x_wconf 59' lang='lat' dir='ltr'>nte</span> <span class='ocrx_word' id='word_1_10' title='bbox 1170 512 1334 562; x_wconf 71' lang='lat' dir='ltr'>laetati</span> <span class='ocrx_word' id='word_1_11' title='bbox 1358 515 1504 586; x_wconf 52' lang='lat' dir='ltr'>sunt.</span> <span class='ocrx_word' id='word_1_12' title='bbox 1531 512 1625 563; x_wconf 91' lang='lat' dir='ltr'>De</span> <span class='ocrx_word' id='word_1_13' title='bbox 1647 510 1742 563; x_wconf 87' lang='lat' dir='ltr'>his</span> <span class='ocrx_word' id='word_1_14' title='bbox 1765 522 1900 586; x_wconf 63' lang='lat' dir='ltr'>qua</span> <span class='ocrx_word' id='word_1_15' title='bbox 1928 509 2073 562; x_wconf 89' lang='lat' dir='ltr'>mihi</span> <span class='ocrx_word' id='word_1_16' title='bbox 2096 507 2527 586; x_wconf 66' lang='lat' dir='ltr'>Ainsuitatoria</span> <span class='ocrx_word' id='word_1_17' title='bbox 2539 508 2798 586; x_wconf 49' lang='lat' dir='ltr'>lausest:</span> <span class='ocrx_word' id='word_1_18' title='bbox 2817 505 3080 556; x_wconf 83' lang='lat' dir='ltr'>Viderunt</span> <span class='ocrx_word' id='word_1_19' title='bbox 3100 505 3243 555; x_wconf 78' lang='lat' dir='ltr'>oculi</span> <span class='ocrx_word' id='word_1_20' title='bbox 3256 506 3478 586; x_wconf 78' lang='lat' dir='ltr'>nostris.</span> <span class='ocrx_word' id='word_1_21' title='bbox 3503 505 3781 586; x_wconf 63' lang='lat' dir='ltr'>Xidimus</span> 
     </span>
    </p>
   </div>
   <div class='ocr_carea' id='block_1_5' title="bbox 466 582 2072 643">
    <p class='ocr_par' dir='ltr' id='par_1_5' title="bbox 466 582 2072 643">
     <span class='ocr_line' id='line_1_5' title="bbox 466 582 2072 643; baseline -0.009 0"><span class='ocrx_word' id='word_1_22' title='bbox 466 589 711 643; x_wconf 88' lang='lat' dir='ltr'>adversa</span> <span class='ocrx_word' id='word_1_23' title='bbox 724 591 779 639; x_wconf 90' lang='lat' dir='ltr'>et</span> <span class='ocrx_word' id='word_1_24' title='bbox 795 584 1077 638; x_wconf 91' lang='lat' dir='ltr'>contraria</span> <span class='ocrx_word' id='word_1_25' title='bbox 1090 584 1343 635; x_wconf 90' lang='lat' dir='ltr'>fuerunt.</span> <span class='ocrx_word' id='word_1_26' title='bbox 1361 582 1428 632; x_wconf 85' lang='lat' dir='ltr'>Et</span> <span class='ocrx_word' id='word_1_27' title='bbox 1444 587 1805 631; x_wconf 81' lang='lat' dir='ltr'>convenerunt</span> <span class='ocrx_word' id='word_1_28' title='bbox 1822 582 1883 630; x_wconf 87' lang='lat' dir='ltr'>in</span> <span class='ocrx_word' id='word_1_29' title='bbox 1894 594 2072 629; x_wconf 85' lang='lat' dir='ltr'>unum</span> 
     </span>
    </p>
   </div>
   <div class='ocr_carea' id='block_1_6' title="bbox 469 652 2074 718">
    <p class='ocr_par' dir='ltr' id='par_1_6' title="bbox 469 652 2074 718">
     <span class='ocr_line' id='line_1_6' title="bbox 469 652 2074 718; baseline -0.008 -3"><span class='ocrx_word' id='word_1_30' title='bbox 469 662 771 715; x_wconf 87' lang='lat' dir='ltr'>consilium</span> <span class='ocrx_word' id='word_1_31' title='bbox 794 663 853 711; x_wconf 89' lang='lat' dir='ltr'>et</span> <span class='ocrx_word' id='word_1_32' title='bbox 866 657 1130 709; x_wconf 82' lang='lat' dir='ltr'><strong>eamdem</strong></span> <span class='ocrx_word' id='word_1_33' title='bbox 1150 656 1528 718; x_wconf 76' lang='lat' dir='ltr'>voluntatem,</span> <span class='ocrx_word' id='word_1_34' title='bbox 1544 656 1609 705; x_wconf 92' lang='lat' dir='ltr'>ut</span> <span class='ocrx_word' id='word_1_35' title='bbox 1628 665 1721 704; x_wconf 90' lang='lat' dir='ltr'>me</span> <span class='ocrx_word' id='word_1_36' title='bbox 1742 652 1872 704; x_wconf 90' lang='lat' dir='ltr'>dolo</span> <span class='ocrx_word' id='word_1_37' title='bbox 1890 653 2074 703; x_wconf 88' lang='lat' dir='ltr'>trade-</span> 
     </span>
    </p>
   </div>
   <div class='ocr_carea' id='block_1_7' title="bbox 465 724 2071 794">
    <p class='ocr_par' dir='ltr' id='par_1_7' title="bbox 465 724 2071 794">
     <span class='ocr_line' id='line_1_7' title="bbox 465 724 2071 794; baseline -0.009 -7"><span class='ocrx_word' id='word_1_38' title='bbox 465 740 594 786; x_wconf 89' lang='lat' dir='ltr'>rent</span> <span class='ocrx_word' id='word_1_39' title='bbox 637 738 694 785; x_wconf 90' lang='lat' dir='ltr'>et</span> <span class='ocrx_word' id='word_1_40' title='bbox 738 732 1006 794; x_wconf 78' lang='lat' dir='ltr'>caperent</span> <span class='ocrx_word' id='word_1_41' title='bbox 1046 728 1254 791; x_wconf 92' lang='lat' dir='ltr'><strong><em>(Matth.</em></strong></span> <span class='ocrx_word' id='word_1_42' title='bbox 1304 725 1435 790; x_wconf 71' lang='lat'>26.).</span> <span class='ocrx_word' id='word_1_43' title='bbox 1485 726 1840 789; x_wconf 88' lang='lat' dir='ltr'>Congregata,</span> <span class='ocrx_word' id='word_1_44' title='bbox 1879 724 1937 775; x_wconf 93' lang='lat' dir='ltr'>id</span> <span class='ocrx_word' id='word_1_45' title='bbox 1962 729 2071 786; x_wconf 87' lang='lat' dir='ltr'>est,</span> 
     </span>
    </p>
   </div>
   <div class='ocr_carea' id='block_1_8' title="bbox 464 795 2073 868">
    <p class='ocr_par' dir='ltr' id='par_1_8' title="bbox 464 795 2073 868">
     <span class='ocr_line' id='line_1_8' title="bbox 464 795 2073 868; baseline -0.009 -11"><span class='ocrx_word' id='word_1_46' title='bbox 464 803 838 868; x_wconf 87' lang='lat' dir='ltr'>multiplicata</span> <span class='ocrx_word' id='word_1_47' title='bbox 860 805 917 851; x_wconf 88' lang='lat' dir='ltr'>et</span> <span class='ocrx_word' id='word_1_48' title='bbox 954 800 1281 851; x_wconf 87' lang='lat' dir='ltr'>coadunata</span> <span class='ocrx_word' id='word_1_49' title='bbox 1308 803 1437 848; x_wconf 81' lang='lat' dir='ltr'>sunt</span> <span class='ocrx_word' id='word_1_50' title='bbox 1465 811 1628 861; x_wconf 82' lang='lat' dir='ltr'>super</span> <span class='ocrx_word' id='word_1_51' title='bbox 1662 811 1746 845; x_wconf 87' lang='lat' dir='ltr'>me</span> <span class='ocrx_word' id='word_1_52' title='bbox 1769 795 2001 859; x_wconf 82' lang='lat' dir='ltr'>ﬂagetta,</span> <span class='ocrx_word' id='word_1_53' title='bbox 2028 802 2073 844; x_wconf 85' lang='lat' dir='ltr'>et</span> 
     </span>
    </p>
   </div>
   <div class='ocr_carea' id='block_1_9' title="bbox 470 868 2076 940">
    <p class='ocr_par' dir='ltr' id='par_1_9' title="bbox 470 868 2076 940">
     <span class='ocr_line' id='line_1_9' title="bbox 470 868 2076 940; baseline -0.004 -15"><span class='ocrx_word' id='word_1_54' title='bbox 470 874 737 940; x_wconf 82' lang='lat' dir='ltr'>ignoravi.</span> <span class='ocrx_word' id='word_1_55' title='bbox 752 871 1087 924; x_wconf 88' lang='lat' dir='ltr'>Nesciebam</span> <span class='ocrx_word' id='word_1_56' title='bbox 1104 871 1259 923; x_wconf 92' lang='lat' dir='ltr'>enim</span> <span class='ocrx_word' id='word_1_57' title='bbox 1271 872 1330 921; x_wconf 94' lang='lat' dir='ltr'>in</span> <span class='ocrx_word' id='word_1_58' title='bbox 1342 882 1436 921; x_wconf 93' lang='lat' dir='ltr'>me</span> <span class='ocrx_word' id='word_1_59' title='bbox 1453 869 1701 933; x_wconf 85' lang='lat' dir='ltr'>culpam,</span> <span class='ocrx_word' id='word_1_60' title='bbox 1713 880 1830 931; x_wconf 92' lang='lat' dir='ltr'>qua</span> <span class='ocrx_word' id='word_1_61' title='bbox 1841 868 2012 919; x_wconf 89' lang='lat' dir='ltr'>debui</span> <span class='ocrx_word' id='word_1_62' title='bbox 2023 881 2076 917; x_wconf 82' lang='lat' dir='ltr'>s-</span> 
     </span>
    </p>
   </div>
   <div class='ocr_carea' id='block_1_10' title="bbox 465 941 2075 1010">
    <p class='ocr_par' dir='ltr' id='par_1_10' title="bbox 465 941 2075 1010">
     <span class='ocr_line' id='line_1_10' title="bbox 465 941 2075 1010; baseline -0.005 -11"><span class='ocrx_word' id='word_1_63' title='bbox 465 961 589 999; x_wconf 88' lang='lat' dir='ltr'>sem</span> <span class='ocrx_word' id='word_1_64' title='bbox 612 944 899 1010; x_wconf 83' lang='lat' dir='ltr'>ﬂagellari.</span> <span class='ocrx_word' id='word_1_65' title='bbox 928 943 1190 1007; x_wconf 84' lang='lat' dir='ltr'>Dissipati</span> <span class='ocrx_word' id='word_1_66' title='bbox 1212 947 1342 991; x_wconf 83' lang='lat' dir='ltr'>sunt</span> <span class='ocrx_word' id='word_1_67' title='bbox 1370 957 1463 991; x_wconf 86' lang='lat' dir='ltr'>nec</span> <span class='ocrx_word' id='word_1_68' title='bbox 1487 956 1604 989; x_wconf 88' lang='lat' dir='ltr'>com</span> <span class='ocrx_word' id='word_1_69' title='bbox 1613 941 1827 1005; x_wconf 86' lang='lat' dir='ltr'>puncti.</span> <span class='ocrx_word' id='word_1_70' title='bbox 1858 943 2075 991; x_wconf 85' lang='lat' dir='ltr'>Secun-</span> 
     </span>
    </p>
   </div>
   <div class='ocr_carea' id='block_1_11' title="bbox 466 1012 2075 1073">
    <p class='ocr_par' dir='ltr' id='par_1_11' title="bbox 466 1012 2075 1073">
     <span class='ocr_line' id='line_1_11' title="bbox 466 1012 2075 1073; baseline -0.007 -1"><span class='ocrx_word' id='word_1_71' title='bbox 466 1020 607 1072; x_wconf 91' lang='lat' dir='ltr'>dum</span> <span class='ocrx_word' id='word_1_72' title='bbox 621 1019 773 1070; x_wconf 90' lang='lat' dir='ltr'>enim</span> <span class='ocrx_word' id='word_1_73' title='bbox 790 1016 1117 1067; x_wconf 87' lang='lat' dir='ltr'>interiorem</span> <span class='ocrx_word' id='word_1_74' title='bbox 1128 1014 1423 1065; x_wconf 85' lang='lat' dir='ltr'>hominem</span> <span class='ocrx_word' id='word_1_75' title='bbox 1439 1017 1579 1063; x_wconf 91' lang='lat' dir='ltr'>sunt</span> <span class='ocrx_word' id='word_1_76' title='bbox 1594 1012 1892 1070; x_wconf 86' lang='lat' dir='ltr'>destructi,</span> <span class='ocrx_word' id='word_1_77' title='bbox 1925 1019 2075 1073; x_wconf 85' lang='lat' dir='ltr'>atque</span> 
     </span>
    </p>
   </div>
   <div class='ocr_carea' id='block_1_12' title="bbox 467 1083 2075 1147">
    <p class='ocr_par' dir='ltr' id='par_1_12' title="bbox 467 1083 2075 1147">
     <span class='ocr_line' id='line_1_12' title="bbox 467 1083 2075 1147; baseline -0.007 -4"><span class='ocrx_word' id='word_1_78' title='bbox 467 1104 501 1143; x_wconf 91' lang='lat' dir='ltr'>a</span> <span class='ocrx_word' id='word_1_79' title='bbox 520 1089 773 1142; x_wconf 89' lang='lat' dir='ltr'>caritatis</span> <span class='ocrx_word' id='word_1_80' title='bbox 790 1085 1021 1139; x_wconf 89' lang='lat' dir='ltr'>vinculo</span> <span class='ocrx_word' id='word_1_81' title='bbox 1037 1085 1221 1137; x_wconf 84' lang='lat' dir='ltr'>divisi.</span> <span class='ocrx_word' id='word_1_82' title='bbox 1248 1084 1350 1136; x_wconf 89' lang='lat' dir='ltr'>Vel</span> <span class='ocrx_word' id='word_1_83' title='bbox 1378 1083 1645 1147; x_wconf 80' lang='lat' dir='ltr'>dissipati</span> <span class='ocrx_word' id='word_1_84' title='bbox 1668 1087 1824 1147; x_wconf 91' lang='lat' dir='ltr'>sunt,</span> <span class='ocrx_word' id='word_1_85' title='bbox 1843 1084 2075 1146; x_wconf 85' lang='lat' dir='ltr'>quando</span> 
     </span>
    </p>
   </div>
   <div class='ocr_carea' id='block_1_13' title="bbox 468 1151 2076 1221">
    <p class='ocr_par' dir='ltr' id='par_1_13' title="bbox 468 1151 2076 1221">
     <span class='ocr_line' id='line_1_13' title="bbox 468 1151 2076 1221; baseline -0.006 -7"><span class='ocrx_word' id='word_1_86' title='bbox 468 1164 829 1215; x_wconf 73' lang='lat' dir='ltr'>terraemotus</span> <span class='ocrx_word' id='word_1_87' title='bbox 852 1163 910 1210; x_wconf 90' lang='lat' dir='ltr'>et</span> <span class='ocrx_word' id='word_1_88' title='bbox 946 1159 1115 1221; x_wconf 90' lang='lat' dir='ltr'>signa</span> <span class='ocrx_word' id='word_1_89' title='bbox 1149 1156 1418 1209; x_wconf 89' lang='lat' dir='ltr'>viderunt</span> <span class='ocrx_word' id='word_1_90' title='bbox 1440 1155 1657 1217; x_wconf 86' lang='lat' dir='ltr'><strong><em>(Matth.</em></strong></span> <span class='ocrx_word' id='word_1_91' title='bbox 1703 1151 1834 1218; x_wconf 71' lang='lat'>28.).</span> <span class='ocrx_word' id='word_1_92' title='bbox 1868 1156 1995 1205; x_wconf 86' lang='lat' dir='ltr'>Non</span> <span class='ocrx_word' id='word_1_93' title='bbox 2018 1155 2076 1206; x_wconf 93' lang='lat' dir='ltr'>in</span> 
     </span>
    </p>
   </div>
   <div class='ocr_carea' id='block_1_14' title="bbox 466 1226 2075 1296">
    <p class='ocr_par' dir='ltr' id='par_1_14' title="bbox 466 1226 2075 1296">
     <span class='ocr_line' id='line_1_14' title="bbox 466 1226 2075 1296; baseline -0.006 -10"><span class='ocrx_word' id='word_1_94' title='bbox 466 1234 576 1286; x_wconf 90' lang='lat' dir='ltr'>hoc</span> <span class='ocrx_word' id='word_1_95' title='bbox 592 1229 924 1296; x_wconf 88' lang='lat' dir='ltr'>compuncti</span> <span class='ocrx_word' id='word_1_96' title='bbox 937 1234 1076 1281; x_wconf 92' lang='lat' dir='ltr'>sunt</span> <span class='ocrx_word' id='word_1_97' title='bbox 1099 1228 1172 1279; x_wconf 90' lang='lat' dir='ltr'>ad</span> <span class='ocrx_word' id='word_1_98' title='bbox 1197 1228 1624 1293; x_wconf 61' lang='lat' dir='ltr'>paenitentiam.</span> <span class='ocrx_word' id='word_1_99' title='bbox 1645 1226 1785 1277; x_wconf 92' lang='lat' dir='ltr'>Inde</span> <span class='ocrx_word' id='word_1_100' title='bbox 1804 1237 2075 1290; x_wconf 88' lang='lat' dir='ltr'>magnam</span> 
     </span>
    </p>
   </div>
   <div class='ocr_carea' id='block_1_15' title="bbox 470 1297 1918 1368">
    <p class='ocr_par' dir='ltr' id='par_1_15' title="bbox 470 1297 1918 1368">
     <span class='ocr_line' id='line_1_15' title="bbox 470 1297 1918 1368; baseline -0.005 -11"><span class='ocrx_word' id='word_1_101' title='bbox 470 1305 734 1368; x_wconf 86' lang='lat' dir='ltr'>designat</span> <span class='ocrx_word' id='word_1_102' title='bbox 756 1313 958 1354; x_wconf 91' lang='lat' dir='ltr'>eorum</span> <span class='ocrx_word' id='word_1_103' title='bbox 981 1299 1171 1351; x_wconf 84' lang='lat' dir='ltr'>cordis</span> <span class='ocrx_word' id='word_1_104' title='bbox 1197 1298 1472 1350; x_wconf 86' lang='lat' dir='ltr'>duritiam</span> <span class='ocrx_word' id='word_1_105' title='bbox 1495 1303 1552 1350; x_wconf 89' lang='lat' dir='ltr'>et</span> <span class='ocrx_word' id='word_1_106' title='bbox 1581 1297 1918 1362; x_wconf 83' lang='lat' dir='ltr'>nequitiam.</span> 
     </span>
    </p>
   </div>
   <div class='ocr_carea' id='block_1_16' title="bbox 535 1368 2077 1432">
    <p class='ocr_par' dir='ltr' id='par_1_16' title="bbox 535 1368 2077 1432">
     <span class='ocr_line' id='line_1_16' title="bbox 535 1368 2077 1432; baseline -0.002 -8"><span class='ocrx_word' id='word_1_107' title='bbox 535 1374 621 1430; x_wconf 88' lang='grc'>17.</span> <span class='ocrx_word' id='word_1_108' title='bbox 674 1375 1027 1423; x_wconf 85' lang='lat' dir='ltr'>Tentaverunt</span> <span class='ocrx_word' id='word_1_109' title='bbox 1052 1386 1151 1421; x_wconf 88' lang='lat' dir='ltr'>me.</span> <span class='ocrx_word' id='word_1_110' title='bbox 1177 1371 1465 1421; x_wconf 79' lang='lat' dir='ltr'>Dixerunt</span> <span class='ocrx_word' id='word_1_111' title='bbox 1486 1369 1660 1432; x_wconf 90' lang='lat' dir='ltr'>enim,</span> <span class='ocrx_word' id='word_1_112' title='bbox 1686 1370 1742 1420; x_wconf 89' lang='lat' dir='ltr'>Si</span> <span class='ocrx_word' id='word_1_113' title='bbox 1772 1368 1952 1421; x_wconf 87' lang='lat' dir='ltr'>Filius</span> <span class='ocrx_word' id='word_1_114' title='bbox 1974 1368 2077 1421; x_wconf 87' lang='lat' dir='ltr'>Dei</span> 
     </span>
    </p>
   </div>
   <div class='ocr_carea' id='block_1_17' title="bbox 472 1441 2073 1511">
    <p class='ocr_par' dir='ltr' id='par_1_17' title="bbox 472 1441 2073 1511">
     <span class='ocr_line' id='line_1_17' title="bbox 472 1441 2073 1511; baseline -0.006 -12"><span class='ocrx_word' id='word_1_115' title='bbox 472 1453 581 1511; x_wconf 89' lang='lat' dir='ltr'>est,</span> <span class='ocrx_word' id='word_1_116' title='bbox 599 1444 913 1498; x_wconf 87' lang='lat' dir='ltr'>descendat</span> <span class='ocrx_word' id='word_1_117' title='bbox 926 1456 1085 1494; x_wconf 92' lang='lat' dir='ltr'>nunc</span> <span class='ocrx_word' id='word_1_118' title='bbox 1100 1442 1170 1493; x_wconf 86' lang='lat' dir='ltr'>de</span> <span class='ocrx_word' id='word_1_119' title='bbox 1193 1454 1378 1503; x_wconf 84' lang='lat' dir='ltr'>cruce,</span> <span class='ocrx_word' id='word_1_120' title='bbox 1398 1447 1456 1494; x_wconf 92' lang='lat' dir='ltr'>et</span> <span class='ocrx_word' id='word_1_121' title='bbox 1476 1442 1766 1493; x_wconf 85' lang='lat' dir='ltr'>credimus</span> <span class='ocrx_word' id='word_1_122' title='bbox 1786 1443 1837 1493; x_wconf 89' lang='lat' dir='ltr'>ei</span> <span class='ocrx_word' id='word_1_123' title='bbox 1860 1441 2073 1505; x_wconf 80' lang='lat' dir='ltr'>(Matth.</span> 
     </span>
    </p>
   </div>
   <div class='ocr_carea' id='block_1_18' title="bbox 473 1512 2075 1583">
    <p class='ocr_par' dir='ltr' id='par_1_18' title="bbox 473 1512 2075 1583">
     <span class='ocr_line' id='line_1_18' title="bbox 473 1512 2075 1583; baseline -0.007 -11"><span class='ocrx_word' id='word_1_124' title='bbox 473 1519 600 1583; x_wconf 72' lang='lat'>27.).</span> <span class='ocrx_word' id='word_1_125' title='bbox 616 1517 1193 1569; x_wconf 85' lang='lat' dir='ltr'>Subsannaveruntme</span> <span class='ocrx_word' id='word_1_126' title='bbox 1203 1512 1645 1563; x_wconf 87' lang='lat' dir='ltr'>subsannatione.</span> <span class='ocrx_word' id='word_1_127' title='bbox 1660 1512 1801 1574; x_wconf 84' lang='lat' dir='ltr'>Quia</span> <span class='ocrx_word' id='word_1_128' title='bbox 1811 1521 2075 1574; x_wconf 82' lang='lat' dir='ltr'>postquam</span> 
     </span>
    </p>
   </div>
   <div class='ocr_carea' id='block_1_19' title="bbox 475 1584 2074 1654">
    <p class='ocr_par' dir='ltr' id='par_1_19' title="bbox 475 1584 2074 1654">
     <span class='ocr_line' id='line_1_19' title="bbox 475 1584 2074 1654; baseline -0.005 -12"><span class='ocrx_word' id='word_1_129' title='bbox 475 1591 641 1654; x_wconf 83' lang='lat' dir='ltr'>dixit,</span> <span class='ocrx_word' id='word_1_130' title='bbox 669 1587 1170 1647; x_wconf 83' lang='lat' dir='ltr'>Subsannaverunl,</span> <span class='ocrx_word' id='word_1_131' title='bbox 1184 1587 1377 1649; x_wconf 86' lang='lat' dir='ltr'>etiam,</span> <span class='ocrx_word' id='word_1_132' title='bbox 1392 1585 1825 1635; x_wconf 69' lang='lat' dir='ltr'>Subsannatione</span> <span class='ocrx_word' id='word_1_133' title='bbox 1836 1584 2074 1649; x_wconf 82' lang='lat' dir='ltr'>addidit,</span> 
     </span>
    </p>
   </div>
   <div class='ocr_carea' id='block_1_20' title="bbox 481 1656 2076 1726">
    <p class='ocr_par' dir='ltr' id='par_1_20' title="bbox 481 1656 2076 1726">
     <span class='ocr_line' id='line_1_20' title="bbox 481 1656 2076 1726; baseline -0.005 -13"><span class='ocrx_word' id='word_1_134' title='bbox 481 1665 674 1726; x_wconf 87' lang='lat' dir='ltr'>aperte</span> <span class='ocrx_word' id='word_1_135' title='bbox 696 1660 969 1721; x_wconf 83' lang='lat' dir='ltr'>insinuat,</span> <span class='ocrx_word' id='word_1_136' title='bbox 1002 1658 1139 1721; x_wconf 87' lang='lat' dir='ltr'>quia</span> <span class='ocrx_word' id='word_1_137' title='bbox 1158 1656 1256 1708; x_wconf 94' lang='lat' dir='ltr'>illa</span> <span class='ocrx_word' id='word_1_138' title='bbox 1279 1658 1659 1708; x_wconf 89' lang='lat' dir='ltr'>subsannatio</span> <span class='ocrx_word' id='word_1_139' title='bbox 1682 1668 1799 1707; x_wconf 93' lang='lat' dir='ltr'>non</span> <span class='ocrx_word' id='word_1_140' title='bbox 1821 1668 1894 1707; x_wconf 81' lang='lat' dir='ltr'>ex</span> <span class='ocrx_word' id='word_1_141' title='bbox 1917 1656 2076 1708; x_wconf 86' lang='lat' dir='ltr'>verbi</span> 
     </span>
    </p>
   </div>
   <div class='ocr_carea' id='block_1_21' title="bbox 476 1728 2078 1798">
    <p class='ocr_par' dir='ltr' id='par_1_21' title="bbox 476 1728 2078 1798">
     <span class='ocr_line' id='line_1_21' title="bbox 476 1728 2078 1798; baseline -0.005 -13"><span class='ocrx_word' id='word_1_142' title='bbox 476 1731 946 1798; x_wconf 62' lang='lat' dir='ltr'>praecipitatione,</span> <span class='ocrx_word' id='word_1_143' title='bbox 972 1730 1074 1781; x_wconf 88' lang='lat' dir='ltr'>sed</span> <span class='ocrx_word' id='word_1_144' title='bbox 1097 1742 1170 1780; x_wconf 77' lang='lat' dir='ltr'>ex</span> <span class='ocrx_word' id='word_1_145' title='bbox 1195 1730 1408 1793; x_wconf 89' lang='lat' dir='ltr'>studio,</span> <span class='ocrx_word' id='word_1_146' title='bbox 1425 1734 1482 1780; x_wconf 86' lang='lat' dir='ltr'>et</span> <span class='ocrx_word' id='word_1_147' title='bbox 1503 1741 1576 1780; x_wconf 81' lang='lat' dir='ltr'>ex</span> <span class='ocrx_word' id='word_1_148' title='bbox 1597 1728 1776 1779; x_wconf 88' lang='lat' dir='ltr'>animi</span> <span class='ocrx_word' id='word_1_149' title='bbox 1798 1728 2078 1779; x_wconf 65' lang='lat' dir='ltr'>delibera-</span> 
     </span>
    </p>
   </div>
   <div class='ocr_carea' id='block_1_22' title="bbox 477 1800 2081 1861">
    <p class='ocr_par' dir='ltr' id='par_1_22' title="bbox 477 1800 2081 1861">
     <span class='ocr_line' id='line_1_22' title="bbox 477 1800 2081 1861; baseline -0.006 -5"><span class='ocrx_word' id='word_1_150' title='bbox 477 1806 634 1856; x_wconf 89' lang='lat' dir='ltr'>tione</span> <span class='ocrx_word' id='word_1_151' title='bbox 657 1803 781 1854; x_wconf 79' lang='lat' dir='ltr'>fuit.</span> <span class='ocrx_word' id='word_1_152' title='bbox 807 1801 1181 1851; x_wconf 81' lang='lat' dir='ltr'>Frcnduerunt</span> <span class='ocrx_word' id='word_1_153' title='bbox 1207 1800 1428 1852; x_wconf 72' lang='lat' dir='ltr'>beSLiali</span> <span class='ocrx_word' id='word_1_154' title='bbox 1452 1800 1765 1857; x_wconf 88' lang='lat' dir='ltr'>ferocitate,</span> <span class='ocrx_word' id='word_1_155' title='bbox 1802 1813 1964 1861; x_wconf 83' lang='lat' dir='ltr'>super</span> <span class='ocrx_word' id='word_1_156' title='bbox 2000 1813 2081 1847; x_wconf 90' lang='lat' dir='ltr'>me</span> 
     </span>
    </p>
   </div>
   <div class='ocr_carea' id='block_1_23' title="bbox 2170 577 3783 646">
    <p class='ocr_par' dir='ltr' id='par_1_23' title="bbox 2170 577 3783 646">
     <span class='ocr_line' id='line_1_23' title="bbox 2170 577 3783 646; baseline -0.002 -13"><span class='ocrx_word' id='word_1_157' title='bbox 2170 580 2357 645; x_wconf 84' lang='lat' dir='ltr'>qualis</span> <span class='ocrx_word' id='word_1_158' title='bbox 2381 584 2555 646; x_wconf 88' lang='lat' dir='ltr'>esset,</span> <span class='ocrx_word' id='word_1_159' title='bbox 2581 584 2640 634; x_wconf 87' lang='lat' dir='ltr'>et</span> <span class='ocrx_word' id='word_1_160' title='bbox 2662 578 2900 632; x_wconf 88' lang='lat' dir='ltr'>tandem</span> <span class='ocrx_word' id='word_1_161' title='bbox 2923 590 3057 631; x_wconf 90' lang='lat' dir='ltr'>eum</span> <span class='ocrx_word' id='word_1_162' title='bbox 3083 577 3482 642; x_wconf 77' lang='lat' dir='ltr'>cognovimus.</span> <span class='ocrx_word' id='word_1_163' title='bbox 3503 577 3617 631; x_wconf 85' lang='lat' dir='ltr'>Ubi</span> <span class='ocrx_word' id='word_1_164' title='bbox 3644 585 3783 630; x_wconf 87' lang='lat' dir='ltr'>sunt</span> 
     </span>
    </p>
   </div>
   <div class='ocr_carea' id='block_1_24' title="bbox 2174 649 3779 717">
    <p class='ocr_par' dir='ltr' id='par_1_24' title="bbox 2174 649 3779 717">
     <span class='ocr_line' id='line_1_24' title="bbox 2174 649 3779 717; baseline -0.004 -11"><span class='ocrx_word' id='word_1_165' title='bbox 2174 656 2434 714; x_wconf 88' lang='lat' dir='ltr'>virtutes,</span> <span class='ocrx_word' id='word_1_166' title='bbox 2481 665 2629 717; x_wconf 91' lang='lat' dir='ltr'>quas</span> <span class='ocrx_word' id='word_1_167' title='bbox 2672 652 2950 704; x_wconf 75' lang='lat' dir='ltr'>faciebat?</span> <span class='ocrx_word' id='word_1_168' title='bbox 2980 653 3109 715; x_wconf 91' lang='lat' dir='ltr'>Cur,</span> <span class='ocrx_word' id='word_1_169' title='bbox 3152 650 3253 713; x_wconf 89' lang='lat' dir='ltr'>qui</span> <span class='ocrx_word' id='word_1_170' title='bbox 3300 650 3406 713; x_wconf 81' lang='lat' dir='ltr'>(Eae</span> <span class='ocrx_word' id='word_1_171' title='bbox 3447 649 3779 715; x_wconf 70' lang='lat' dir='ltr'>Augustino,</span> 
     </span>
    </p>
   </div>
   <div class='ocr_carea' id='block_1_25' title="bbox 2172 721 3783 789">
    <p class='ocr_par' dir='ltr' id='par_1_25' title="bbox 2172 721 3783 789">
     <span class='ocr_line' id='line_1_25' title="bbox 2172 721 3783 789; baseline 0 -15"><span class='ocrx_word' id='word_1_172' title='bbox 2172 725 2320 789; x_wconf 73' lang='lat' dir='ltr'>ibid.)</span> <span class='ocrx_word' id='word_1_173' title='bbox 2347 726 2595 777; x_wconf 90' lang='lat' dir='ltr'>salvavit</span> <span class='ocrx_word' id='word_1_174' title='bbox 2618 723 2780 787; x_wconf 91' lang='lat' dir='ltr'>alios,</span> <span class='ocrx_word' id='word_1_175' title='bbox 2815 723 3075 787; x_wconf 90' lang='lat' dir='ltr'>seipsum</span> <span class='ocrx_word' id='word_1_176' title='bbox 3101 734 3220 773; x_wconf 90' lang='lat' dir='ltr'>non</span> <span class='ocrx_word' id='word_1_177' title='bbox 3244 721 3471 773; x_wconf 83' lang='lat' dir='ltr'>salvat?</span> <span class='ocrx_word' id='word_1_178' title='bbox 3493 722 3783 774; x_wconf 88' lang='lat' dir='ltr'>Dominus</span> 
     </span>
    </p>
   </div>
   <div class='ocr_carea' id='block_1_26' title="bbox 2172 794 3784 859">
    <p class='ocr_par' dir='ltr' id='par_1_26' title="bbox 2172 794 3784 859">
     <span class='ocr_line' id='line_1_26' title="bbox 2172 794 3784 859; baseline -0.002 -11"><span class='ocrx_word' id='word_1_179' title='bbox 2172 802 2367 848; x_wconf 88' lang='lat' dir='ltr'>autem</span> <span class='ocrx_word' id='word_1_180' title='bbox 2384 798 2610 859; x_wconf 88' lang='lat' dir='ltr'>patiens</span> <span class='ocrx_word' id='word_1_181' title='bbox 2633 800 2766 847; x_wconf 88' lang='lat' dir='ltr'>erat.</span> <span class='ocrx_word' id='word_1_182' title='bbox 2788 797 2853 845; x_wconf 93' lang='lat' dir='ltr'>In</span> <span class='ocrx_word' id='word_1_183' title='bbox 2868 807 3037 846; x_wconf 87' lang='lat' dir='ltr'>cruce</span> <span class='ocrx_word' id='word_1_184' title='bbox 3053 805 3169 845; x_wconf 91' lang='lat' dir='ltr'>non</span> <span class='ocrx_word' id='word_1_185' title='bbox 3189 794 3505 858; x_wconf 88' lang='lat' dir='ltr'>potentiam</span> <span class='ocrx_word' id='word_1_186' title='bbox 3520 794 3784 859; x_wconf 89' lang='lat' dir='ltr'>perdide-</span> 
     </span>
    </p>
   </div>
   <div class='ocr_carea' id='block_1_27' title="bbox 2173 865 3787 932">
    <p class='ocr_par' dir='ltr' id='par_1_27' title="bbox 2173 865 3787 932">
     <span class='ocr_line' id='line_1_27' title="bbox 2173 865 3787 932; baseline -0.002 -12"><span class='ocrx_word' id='word_1_187' title='bbox 2173 871 2279 931; x_wconf 87' lang='lat' dir='ltr'>rat,</span> <span class='ocrx_word' id='word_1_188' title='bbox 2294 868 2397 920; x_wconf 91' lang='lat' dir='ltr'>sed</span> <span class='ocrx_word' id='word_1_189' title='bbox 2411 868 2747 932; x_wconf 83' lang='lat' dir='ltr'>patientiam</span> <span class='ocrx_word' id='word_1_190' title='bbox 2764 867 3207 918; x_wconf 81' lang='lat' dir='ltr'>demonstrabat.</span> <span class='ocrx_word' id='word_1_191' title='bbox 3227 865 3372 927; x_wconf 88' lang='lat' dir='ltr'>Quid</span> <span class='ocrx_word' id='word_1_192' title='bbox 3389 867 3548 917; x_wconf 85' lang='lat' dir='ltr'>enim</span> <span class='ocrx_word' id='word_1_193' title='bbox 3561 865 3645 917; x_wconf 89' lang='lat' dir='ltr'>illi</span> <span class='ocrx_word' id='word_1_194' title='bbox 3664 874 3787 917; x_wconf 86' lang='lat' dir='ltr'>erat</span> 
     </span>
    </p>
   </div>
   <div class='ocr_carea' id='block_1_28' title="bbox 2175 938 3782 1004">
    <p class='ocr_par' dir='ltr' id='par_1_28' title="bbox 2175 938 3782 1004">
     <span class='ocr_line' id='line_1_28' title="bbox 2175 938 3782 1004; baseline -0.002 -13"><span class='ocrx_word' id='word_1_195' title='bbox 2175 952 2451 1004; x_wconf 87' lang='lat' dir='ltr'>magnum</span> <span class='ocrx_word' id='word_1_196' title='bbox 2474 940 2545 990; x_wconf 88' lang='lat' dir='ltr'>de</span> <span class='ocrx_word' id='word_1_197' title='bbox 2560 952 2729 991; x_wconf 89' lang='lat' dir='ltr'>cruce</span> <span class='ocrx_word' id='word_1_198' title='bbox 2750 938 3123 1000; x_wconf 85' lang='lat' dir='ltr'>descendere,</span> <span class='ocrx_word' id='word_1_199' title='bbox 3150 938 3249 1001; x_wconf 86' lang='lat' dir='ltr'>qui</span> <span class='ocrx_word' id='word_1_200' title='bbox 3275 938 3462 1002; x_wconf 88' lang='lat' dir='ltr'>potuit</span> <span class='ocrx_word' id='word_1_201' title='bbox 3476 943 3692 1003; x_wconf 86' lang='lat' dir='ltr'>postea</span> <span class='ocrx_word' id='word_1_202' title='bbox 3712 938 3782 989; x_wconf 87' lang='lat' dir='ltr'>de</span> 
     </span>
    </p>
   </div>
   <div class='ocr_carea' id='block_1_29' title="bbox 2176 1008 3786 1076">
    <p class='ocr_par' dir='ltr' id='par_1_29' title="bbox 2176 1008 3786 1076">
     <span class='ocr_line' id='line_1_29' title="bbox 2176 1008 3786 1076; baseline -0.002 -13"><span class='ocrx_word' id='word_1_203' title='bbox 2176 1011 2478 1076; x_wconf 91' lang='lat' dir='ltr'>sepulchro</span> <span class='ocrx_word' id='word_1_204' title='bbox 2505 1013 2850 1075; x_wconf 79' lang='lat' dir='ltr'>resurgere?</span> <span class='ocrx_word' id='word_1_205' title='bbox 2872 1010 2983 1063; x_wconf 91' lang='lat' dir='ltr'>Sed</span> <span class='ocrx_word' id='word_1_206' title='bbox 3007 1011 3257 1062; x_wconf 87' lang='lat' dir='ltr'>cessisse</span> <span class='ocrx_word' id='word_1_207' title='bbox 3281 1009 3572 1061; x_wconf 83' lang='lat' dir='ltr'>videretur</span> <span class='ocrx_word' id='word_1_208' title='bbox 3592 1008 3786 1061; x_wconf 90' lang='lat' dir='ltr'>insul-</span> 
     </span>
    </p>
   </div>
   <div class='ocr_carea' id='block_1_30' title="bbox 2175 1082 3783 1146">
    <p class='ocr_par' dir='ltr' id='par_1_30' title="bbox 2175 1082 3783 1146">
     <span class='ocr_line' id='line_1_30' title="bbox 2175 1082 3783 1146; baseline -0.002 -11"><span class='ocrx_word' id='word_1_209' title='bbox 2175 1083 2450 1135; x_wconf 89' lang='lat' dir='ltr'>tantibus.</span> <span class='ocrx_word' id='word_1_210' title='bbox 2470 1083 2541 1133; x_wconf 87' lang='lat' dir='ltr'>Et</span> <span class='ocrx_word' id='word_1_211' title='bbox 2556 1083 2663 1134; x_wconf 87' lang='lat' dir='ltr'>hoc</span> <span class='ocrx_word' id='word_1_212' title='bbox 2683 1084 3038 1146; x_wconf 86' lang='lat' dir='ltr'>opportebat,</span> <span class='ocrx_word' id='word_1_213' title='bbox 3059 1086 3122 1133; x_wconf 91' lang='lat' dir='ltr'>ut</span> <span class='ocrx_word' id='word_1_214' title='bbox 3136 1093 3447 1145; x_wconf 87' lang='lat' dir='ltr'>resurgens</span> <span class='ocrx_word' id='word_1_215' title='bbox 3467 1082 3592 1133; x_wconf 91' lang='lat' dir='ltr'>suis</span> <span class='ocrx_word' id='word_1_216' title='bbox 3610 1094 3677 1133; x_wconf 89' lang='lat' dir='ltr'>se</span> <span class='ocrx_word' id='word_1_217' title='bbox 3692 1094 3783 1133; x_wconf 84' lang='lat' dir='ltr'>os-</span> 
     </span>
    </p>
   </div>
   <div class='ocr_carea' id='block_1_31' title="bbox 2175 1153 3777 1217">
    <p class='ocr_par' dir='ltr' id='par_1_31' title="bbox 2175 1153 3777 1217">
     <span class='ocr_line' id='line_1_31' title="bbox 2175 1153 3777 1217; baseline -0.002 -10"><span class='ocrx_word' id='word_1_218' title='bbox 2175 1154 2453 1214; x_wconf 90' lang='lat' dir='ltr'>tenderet,</span> <span class='ocrx_word' id='word_1_219' title='bbox 2480 1159 2679 1205; x_wconf 93' lang='lat' dir='ltr'>etnon</span> <span class='ocrx_word' id='word_1_220' title='bbox 2706 1153 2820 1204; x_wconf 87' lang='lat' dir='ltr'>illis</span> <span class='ocrx_word' id='word_1_221' title='bbox 2847 1155 3015 1217; x_wconf 90' lang='lat' dir='ltr'>:quia</span> <span class='ocrx_word' id='word_1_222' title='bbox 3025 1154 3363 1205; x_wconf 83' lang='lat' dir='ltr'>resurrectio</span> <span class='ocrx_word' id='word_1_223' title='bbox 3382 1153 3572 1217; x_wconf 86' lang='lat' dir='ltr'>ipsius</span> <span class='ocrx_word' id='word_1_224' title='bbox 3596 1154 3777 1205; x_wconf 88' lang='lat' dir='ltr'>vitam</span> 
     </span>
    </p>
   </div>
   <div class='ocr_carea' id='block_1_32' title="bbox 2174 1224 3783 1289">
    <p class='ocr_par' dir='ltr' id='par_1_32' title="bbox 2174 1224 3783 1289">
     <span class='ocr_line' id='line_1_32' title="bbox 2174 1224 3783 1289; baseline -0.002 -10"><span class='ocrx_word' id='word_1_225' title='bbox 2174 1237 2390 1279; x_wconf 92' lang='lat' dir='ltr'>novam</span> <span class='ocrx_word' id='word_1_226' title='bbox 2401 1226 2781 1289; x_wconf 84' lang='lat' dir='ltr'>significabat:</span> <span class='ocrx_word' id='word_1_227' title='bbox 2796 1225 2923 1277; x_wconf 88' lang='lat' dir='ltr'>vita</span> <span class='ocrx_word' id='word_1_228' title='bbox 2931 1229 3127 1277; x_wconf 88' lang='lat' dir='ltr'>autem</span> <span class='ocrx_word' id='word_1_229' title='bbox 3136 1236 3293 1277; x_wconf 87' lang='lat' dir='ltr'>nova</span> <span class='ocrx_word' id='word_1_230' title='bbox 3300 1224 3502 1277; x_wconf 88' lang='lat' dir='ltr'>amicis</span> <span class='ocrx_word' id='word_1_231' title='bbox 3512 1229 3659 1277; x_wconf 88' lang='lat' dir='ltr'>nota</span> <span class='ocrx_word' id='word_1_232' title='bbox 3671 1230 3783 1283; x_wconf 89' lang='lat' dir='ltr'>est,</span> 
     </span>
    </p>
   </div>
   <div class='ocr_carea' id='block_1_33' title="bbox 2173 1309 2584 1350">
    <p class='ocr_par' dir='ltr' id='par_1_33' title="bbox 2173 1309 2584 1350">
     <span class='ocr_line' id='line_1_33' title="bbox 2173 1309 2584 1350; baseline -0.002 0"><span class='ocrx_word' id='word_1_233' title='bbox 2173 1310 2292 1350; x_wconf 92' lang='lat' dir='ltr'>non</span> <span class='ocrx_word' id='word_1_234' title='bbox 2314 1309 2584 1349; x_wconf 77' lang='lat' dir='ltr'>inimicis.</span> 
     </span>
    </p>
   </div>
   <div class='ocr_carea' id='block_1_34' title="bbox 2235 1367 3789 1434">
    <p class='ocr_par' dir='ltr' id='par_1_34' title="bbox 2235 1367 3789 1434">
     <span class='ocr_line' id='line_1_34' title="bbox 2235 1367 3789 1434; baseline -0.001 -12"><span class='ocrx_word' id='word_1_235' title='bbox 2235 1367 2324 1422; x_wconf 74' lang='lat'>23.</span> <span class='ocrx_word' id='word_1_236' title='bbox 2379 1369 2576 1419; x_wconf 83' lang='lat' dir='ltr'>Vidiste</span> <span class='ocrx_word' id='word_1_237' title='bbox 2630 1368 2877 1425; x_wconf 84' lang='lat' dir='ltr'>Domine.</span> <span class='ocrx_word' id='word_1_238' title='bbox 2931 1368 3343 1421; x_wconf 88' lang='lat' dir='ltr'>Insultationes</span> <span class='ocrx_word' id='word_1_239' title='bbox 3396 1373 3457 1422; x_wconf 87' lang='lat' dir='ltr'>et</span> <span class='ocrx_word' id='word_1_240' title='bbox 3503 1367 3789 1434; x_wconf 86' lang='lat' dir='ltr'>oppobria</span> 
     </span>
    </p>
   </div>
   <div class='ocr_carea' id='block_1_35' title="bbox 2173 1440 3788 1505">
    <p class='ocr_par' dir='ltr' id='par_1_35' title="bbox 2173 1440 3788 1505">
     <span class='ocr_line' id='line_1_35' title="bbox 2173 1440 3788 1505; baseline 0 -12"><span class='ocrx_word' id='word_1_241' title='bbox 2173 1440 2418 1493; x_wconf 90' lang='lat' dir='ltr'>illorum.</span> <span class='ocrx_word' id='word_1_242' title='bbox 2442 1441 2775 1505; x_wconf 86' lang='lat' dir='ltr'>Cognovisti</span> <span class='ocrx_word' id='word_1_243' title='bbox 2798 1452 2997 1492; x_wconf 92' lang='lat' dir='ltr'>eorum</span> <span class='ocrx_word' id='word_1_244' title='bbox 3019 1440 3354 1505; x_wconf 88' lang='lat' dir='ltr'>nequitiam,</span> <span class='ocrx_word' id='word_1_245' title='bbox 3377 1446 3435 1493; x_wconf 84' lang='lat' dir='ltr'>et</span> <span class='ocrx_word' id='word_1_246' title='bbox 3460 1452 3655 1493; x_wconf 87' lang='lat' dir='ltr'>meam</span> <span class='ocrx_word' id='word_1_247' title='bbox 3690 1441 3788 1493; x_wconf 85' lang='lat' dir='ltr'>in-</span> 
     </span>
    </p>
   </div>
   <div class='ocr_carea' id='block_1_36' title="bbox 2174 1512 3791 1577">
    <p class='ocr_par' dir='ltr' id='par_1_36' title="bbox 2174 1512 3791 1577">
     <span class='ocr_line' id='line_1_36' title="bbox 2174 1512 3791 1577; baseline 0 -12"><span class='ocrx_word' id='word_1_248' title='bbox 2174 1513 2520 1565; x_wconf 88' lang='lat' dir='ltr'>nocentiam.</span> <span class='ocrx_word' id='word_1_249' title='bbox 2547 1515 2617 1564; x_wconf 87' lang='lat' dir='ltr'>Et</span> <span class='ocrx_word' id='word_1_250' title='bbox 2652 1513 2799 1575; x_wconf 93' lang='lat' dir='ltr'>ideo,</span> <span class='ocrx_word' id='word_1_251' title='bbox 2833 1512 2915 1563; x_wconf 81' lang='lat' dir='ltr'>Ne</span> <span class='ocrx_word' id='word_1_252' title='bbox 2945 1512 3122 1565; x_wconf 81' lang='lat' dir='ltr'>sileas.</span> <span class='ocrx_word' id='word_1_253' title='bbox 3157 1513 3269 1565; x_wconf 93' lang='lat' dir='ltr'>Sed</span> <span class='ocrx_word' id='word_1_254' title='bbox 3313 1512 3501 1577; x_wconf 86' lang='lat' dir='ltr'>profer</span> <span class='ocrx_word' id='word_1_255' title='bbox 3544 1516 3791 1566; x_wconf 85' lang='lat' dir='ltr'>senten-</span> 
     </span>
    </p>
   </div>
   <div class='ocr_carea' id='block_1_37' title="bbox 2175 1584 3789 1649">
    <p class='ocr_par' dir='ltr' id='par_1_37' title="bbox 2175 1584 3789 1649">
     <span class='ocr_line' id='line_1_37' title="bbox 2175 1584 3789 1649; baseline -0.001 -11"><span class='ocrx_word' id='word_1_256' title='bbox 2175 1588 2332 1639; x_wconf 88' lang='lat' dir='ltr'>tiam.</span> <span class='ocrx_word' id='word_1_257' title='bbox 2355 1585 2464 1647; x_wconf 91' lang='lat' dir='ltr'>Qui</span> <span class='ocrx_word' id='word_1_258' title='bbox 2494 1597 2614 1636; x_wconf 92' lang='lat' dir='ltr'>non</span> <span class='ocrx_word' id='word_1_259' title='bbox 2638 1585 2772 1636; x_wconf 90' lang='lat' dir='ltr'>siles</span> <span class='ocrx_word' id='word_1_260' title='bbox 2795 1596 2831 1636; x_wconf 92' lang='lat' dir='ltr'>a</span> <span class='ocrx_word' id='word_1_261' title='bbox 2853 1589 3158 1649; x_wconf 65' lang='lat' dir='ltr'>praecepto,</span> <span class='ocrx_word' id='word_1_262' title='bbox 3184 1599 3258 1638; x_wconf 88' lang='lat' dir='ltr'>ne</span> <span class='ocrx_word' id='word_1_263' title='bbox 3291 1584 3462 1637; x_wconf 88' lang='lat' dir='ltr'>sileas</span> <span class='ocrx_word' id='word_1_264' title='bbox 3490 1597 3525 1637; x_wconf 88' lang='lat' dir='ltr'>a</span> <span class='ocrx_word' id='word_1_265' title='bbox 3539 1585 3789 1649; x_wconf 88' lang='lat' dir='ltr'>judicio.</span> 
     </span>
    </p>
   </div>
   <div class='ocr_carea' id='block_1_38' title="bbox 2174 1657 3788 1722">
    <p class='ocr_par' dir='ltr' id='par_1_38' title="bbox 2174 1657 3788 1722">
     <span class='ocr_line' id='line_1_38' title="bbox 2174 1657 3788 1722; baseline 0.002 -16"><span class='ocrx_word' id='word_1_266' title='bbox 2174 1657 2422 1717; x_wconf 88' lang='lat' dir='ltr'>Domine,</span> <span class='ocrx_word' id='word_1_267' title='bbox 2447 1671 2512 1705; x_wconf 84' lang='lat' dir='ltr'>ne</span> <span class='ocrx_word' id='word_1_268' title='bbox 2529 1657 2769 1706; x_wconf 83' lang='lat' dir='ltr'>discedas</span> <span class='ocrx_word' id='word_1_269' title='bbox 2791 1672 2827 1705; x_wconf 86' lang='grc' dir='ltr'><em>α</em></span> <span class='ocrx_word' id='word_1_270' title='bbox 2842 1671 2943 1707; x_wconf 82' lang='lat' dir='ltr'>me.</span> <span class='ocrx_word' id='word_1_271' title='bbox 2963 1658 3237 1718; x_wconf 79' lang='lat' dir='ltr'>Quamvis</span> <span class='ocrx_word' id='word_1_272' title='bbox 3254 1658 3329 1709; x_wconf 89' lang='lat' dir='ltr'>sit</span> <span class='ocrx_word' id='word_1_273' title='bbox 3344 1669 3603 1719; x_wconf 82' lang='lat' dir='ltr'>securus,</span> <span class='ocrx_word' id='word_1_274' title='bbox 3626 1659 3788 1722; x_wconf 89' lang='lat' dir='ltr'>quod</span> 
     </span>
    </p>
   </div>
   <div class='ocr_carea' id='block_1_39' title="bbox 2180 1728 3789 1793">
    <p class='ocr_par' dir='ltr' id='par_1_39' title="bbox 2180 1728 3789 1793">
     <span class='ocr_line' id='line_1_39' title="bbox 2180 1728 3789 1793; baseline 0.001 -14"><span class='ocrx_word' id='word_1_275' title='bbox 2180 1730 2254 1779; x_wconf 92' lang='lat' dir='ltr'>ab</span> <span class='ocrx_word' id='word_1_276' title='bbox 2278 1740 2347 1779; x_wconf 91' lang='lat' dir='ltr'>eo</span> <span class='ocrx_word' id='word_1_277' title='bbox 2376 1740 2494 1778; x_wconf 92' lang='lat' dir='ltr'>non</span> <span class='ocrx_word' id='word_1_278' title='bbox 2516 1728 2778 1779; x_wconf 87' lang='lat' dir='ltr'>discedat</span> <span class='ocrx_word' id='word_1_279' title='bbox 2794 1730 2946 1780; x_wconf 89' lang='lat' dir='ltr'>Deus</span> <span class='ocrx_word' id='word_1_280' title='bbox 2969 1729 3106 1791; x_wconf 89' lang='lat' dir='ltr'>(una</span> <span class='ocrx_word' id='word_1_281' title='bbox 3122 1728 3276 1780; x_wconf 91' lang='lat' dir='ltr'>enim</span> <span class='ocrx_word' id='word_1_282' title='bbox 3294 1740 3541 1793; x_wconf 87' lang='lat' dir='ltr'>persona</span> <span class='ocrx_word' id='word_1_283' title='bbox 3562 1730 3624 1781; x_wconf 90' lang='lat' dir='ltr'>in</span> <span class='ocrx_word' id='word_1_284' title='bbox 3645 1730 3789 1781; x_wconf 84' lang='lat' dir='ltr'>dua-</span> 
     </span>
    </p>
   </div>
   <div class='ocr_carea' id='block_1_40' title="bbox 2180 1800 3790 1865">
    <p class='ocr_par' dir='ltr' id='par_1_40' title="bbox 2180 1800 3790 1865">
     <span class='ocr_line' id='line_1_40' title="bbox 2180 1800 3790 1865; baseline 0.001 -14"><span class='ocrx_word' id='word_1_285' title='bbox 2180 1801 2290 1851; x_wconf 92' lang='lat' dir='ltr'>bus</span> <span class='ocrx_word' id='word_1_286' title='bbox 2313 1800 2537 1852; x_wconf 88' lang='lat' dir='ltr'>naturis</span> <span class='ocrx_word' id='word_1_287' title='bbox 2563 1802 2748 1852; x_wconf 86' lang='lat' dir='ltr'>Homo</span> <span class='ocrx_word' id='word_1_288' title='bbox 2772 1803 2829 1853; x_wconf 90' lang='lat' dir='ltr'>et</span> <span class='ocrx_word' id='word_1_289' title='bbox 2856 1801 3144 1862; x_wconf 89' lang='lat' dir='ltr'>Verbum),</span> <span class='ocrx_word' id='word_1_290' title='bbox 3176 1803 3386 1861; x_wconf 88' lang='lat' dir='ltr'>tamen,</span> <span class='ocrx_word' id='word_1_291' title='bbox 3420 1801 3559 1865; x_wconf 89' lang='lat' dir='ltr'>quia</span> <span class='ocrx_word' id='word_1_292' title='bbox 3580 1801 3698 1855; x_wconf 89' lang='lat' dir='ltr'>scit</span> <span class='ocrx_word' id='word_1_293' title='bbox 3726 1815 3790 1853; x_wconf 78' lang='lat' dir='ltr'>se</span> 
     </span>
    </p>
   </div>
   <div class='ocr_carea' id='block_1_41' title="bbox 479 1870 3793 1936">
    <p class='ocr_par' dir='ltr' id='par_1_41' title="bbox 479 1870 3793 1936">
     <span class='ocr_line' id='line_1_41' title="bbox 479 1870 3793 1936; baseline -0.001 -9"><span class='ocrx_word' id='word_1_294' title='bbox 479 1875 767 1936; x_wconf 89' lang='lat' dir='ltr'>dentibus,</span> <span class='ocrx_word' id='word_1_295' title='bbox 793 1872 852 1924; x_wconf 91' lang='lat' dir='ltr'>id</span> <span class='ocrx_word' id='word_1_296' title='bbox 867 1878 975 1936; x_wconf 89' lang='lat' dir='ltr'>est,</span> <span class='ocrx_word' id='word_1_297' title='bbox 993 1872 1414 1924; x_wconf 89' lang='lat' dir='ltr'>corrosionibus</span> <span class='ocrx_word' id='word_1_298' title='bbox 1428 1871 1559 1921; x_wconf 86' lang='lat' dir='ltr'>suis.</span> <span class='ocrx_word' id='word_1_299' title='bbox 1575 1873 1662 1922; x_wconf 78' lang='lat' dir='ltr'><strong>Ex</strong></span> <span class='ocrx_word' id='word_1_300' title='bbox 1683 1870 1776 1921; x_wconf 89' lang='lat' dir='ltr'>his</span> <span class='ocrx_word' id='word_1_301' title='bbox 1800 1883 1936 1933; x_wconf 86' lang='lat' dir='ltr'>ergo</span> <span class='ocrx_word' id='word_1_302' title='bbox 1953 1882 2082 1922; x_wconf 91' lang='lat' dir='ltr'>ver-</span> <span class='ocrx_word' id='word_1_303' title='bbox 2110 1919 2162 1936; x_wconf 49' lang='grc' dir='ltr'>ἢ</span> <span class='ocrx_word' id='word_1_304' title='bbox 2180 1870 2324 1922; x_wconf 87' lang='lat' dir='ltr'>nihil</span> <span class='ocrx_word' id='word_1_305' title='bbox 2346 1871 2556 1922; x_wconf 85' lang='lat' dir='ltr'>habere</span> <span class='ocrx_word' id='word_1_306' title='bbox 2572 1884 2645 1923; x_wconf 80' lang='lat' dir='ltr'>ex</span> <span class='ocrx_word' id='word_1_307' title='bbox 2670 1872 3046 1932; x_wconf 84' lang='lat' dir='ltr'>humanitate,</span> <span class='ocrx_word' id='word_1_308' title='bbox 3068 1874 3209 1931; x_wconf 88' lang='lat' dir='ltr'>orat,</span> <span class='ocrx_word' id='word_1_309' title='bbox 3235 1876 3299 1923; x_wconf 83' lang='lat' dir='ltr'>ut.</span> <span class='ocrx_word' id='word_1_310' title='bbox 3321 1872 3418 1924; x_wconf 90' lang='lat' dir='ltr'>det</span> <span class='ocrx_word' id='word_1_311' title='bbox 3437 1871 3565 1925; x_wconf 83' lang='lat' dir='ltr'>aliis</span> <span class='ocrx_word' id='word_1_312' title='bbox 3581 1885 3793 1925; x_wconf 81' lang='lat' dir='ltr'>exem-</span> 
     </span>
    </p>
   </div>
   <div class='ocr_carea' id='block_1_42' title="bbox 484 1919 3792 2007">
    <p class='ocr_par' dir='ltr' id='par_1_42' title="bbox 484 1919 3792 2007">
     <span class='ocr_line' id='line_1_42' title="bbox 484 1919 3792 2007; baseline -0 -9"><span class='ocrx_word' id='word_1_313' title='bbox 484 1919 767 1999; x_wconf 66' lang='grc' dir='ltr'>ὖῖζῌὸιῖἷέ</span> <span class='ocrx_word' id='word_1_314' title='bbox 786 1919 1780 2007; x_wconf 47' lang='lat' dir='ltr'>esset;estnimirum;</span> <span class='ocrx_word' id='word_1_315' title='bbox 1804 1919 2081 2006; x_wconf 50' lang='lat' dir='ltr'>grauem</span> <span class='ocrx_word' id='word_1_316' title='bbox 2110 1919 2164 1993; x_wconf 94' lang='lat' dir='ltr'><strong>B</strong></span> <span class='ocrx_word' id='word_1_317' title='bbox 2181 1919 3792 2007; x_wconf 44' lang='lat' dir='ltr'>gratissima-Immitisia‘tasanae&#39;sigaa</span> 
     </span>
    </p>
   </div>
   <div class='ocr_carea' id='block_1_43' title="bbox 484 2015 2079 2080">
    <p class='ocr_par' dir='ltr' id='par_1_43' title="bbox 484 2015 2079 2080">
     <span class='ocr_line' id='line_1_43' title="bbox 484 2015 2079 2080; baseline -0.003 -10"><span class='ocrx_word' id='word_1_318' title='bbox 484 2020 801 2079; x_wconf 89' lang='lat' dir='ltr'>caritatem,</span> <span class='ocrx_word' id='word_1_319' title='bbox 827 2020 1105 2080; x_wconf 86' lang='lat' dir='ltr'>quantam</span> <span class='ocrx_word' id='word_1_320' title='bbox 1145 2015 1495 2077; x_wconf 87' lang='lat' dir='ltr'>patientiam,</span> <span class='ocrx_word' id='word_1_321' title='bbox 1531 2026 1668 2078; x_wconf 90' lang='lat' dir='ltr'>erga</span> <span class='ocrx_word' id='word_1_322' title='bbox 1704 2019 1823 2066; x_wconf 89' lang='lat' dir='ltr'>tam</span> <span class='ocrx_word' id='word_1_323' title='bbox 1867 2026 2079 2079; x_wconf 89' lang='lat' dir='ltr'>pravos</span> 
     </span>
    </p>
   </div>
   <div class='ocr_carea' id='block_1_44' title="bbox 484 2086 2082 2153">
    <p class='ocr_par' dir='ltr' id='par_1_44' title="bbox 484 2086 2082 2153">
     <span class='ocr_line' id='line_1_44' title="bbox 484 2086 2082 2153; baseline -0.003 -12"><span class='ocrx_word' id='word_1_324' title='bbox 484 2094 601 2141; x_wconf 90' lang='lat' dir='ltr'>tam</span> <span class='ocrx_word' id='word_1_325' title='bbox 631 2101 941 2153; x_wconf 75' lang='lat' dir='ltr'>perversos,</span> <span class='ocrx_word' id='word_1_326' title='bbox 973 2091 1088 2138; x_wconf 88' lang='lat' dir='ltr'>tam</span> <span class='ocrx_word' id='word_1_327' title='bbox 1109 2087 1378 2151; x_wconf 81' lang='lat' dir='ltr'>perﬁdos,</span> <span class='ocrx_word' id='word_1_328' title='bbox 1396 2087 1526 2150; x_wconf 89' lang='lat' dir='ltr'>pius</span> <span class='ocrx_word' id='word_1_329' title='bbox 1550 2086 1859 2137; x_wconf 84' lang='lat' dir='ltr'>Redemtor</span> <span class='ocrx_word' id='word_1_330' title='bbox 1882 2091 2082 2137; x_wconf 90' lang='lat' dir='ltr'>noster</span> 
     </span>
    </p>
   </div>
   <div class='ocr_carea' id='block_1_45' title="bbox 480 2157 2081 2221">
    <p class='ocr_par' dir='ltr' id='par_1_45' title="bbox 480 2157 2081 2221">
     <span class='ocr_line' id='line_1_45' title="bbox 480 2157 2081 2221; baseline -0.002 -8"><span class='ocrx_word' id='word_1_331' title='bbox 480 2160 760 2213; x_wconf 90' lang='lat' dir='ltr'>habuerit.</span> <span class='ocrx_word' id='word_1_332' title='bbox 787 2158 930 2221; x_wconf 89' lang='lat' dir='ltr'>Quia</span> <span class='ocrx_word' id='word_1_333' title='bbox 960 2158 1023 2210; x_wconf 89' lang='lat' dir='ltr'>in</span> <span class='ocrx_word' id='word_1_334' title='bbox 1043 2171 1105 2210; x_wconf 91' lang='lat' dir='ltr'>re</span> <span class='ocrx_word' id='word_1_335' title='bbox 1126 2157 1431 2209; x_wconf 87' lang='lat' dir='ltr'>sciendum</span> <span class='ocrx_word' id='word_1_336' title='bbox 1459 2159 1627 2209; x_wconf 91' lang='lat' dir='ltr'>nobis</span> <span class='ocrx_word' id='word_1_337' title='bbox 1657 2162 1767 2221; x_wconf 89' lang='lat' dir='ltr'>est,</span> <span class='ocrx_word' id='word_1_338' title='bbox 1795 2157 1932 2221; x_wconf 90' lang='lat' dir='ltr'>quia</span> <span class='ocrx_word' id='word_1_339' title='bbox 1953 2158 2081 2209; x_wconf 80' lang='lat' dir='ltr'>haec</span> 
     </span>
    </p>
   </div>
   <div class='ocr_carea' id='block_1_46' title="bbox 481 2228 2081 2294">
    <p class='ocr_par' dir='ltr' id='par_1_46' title="bbox 481 2228 2081 2294">
     <span class='ocr_line' id='line_1_46' title="bbox 481 2228 2081 2294; baseline -0.004 -9"><span class='ocrx_word' id='word_1_340' title='bbox 481 2243 657 2285; x_wconf 90' lang='lat' dir='ltr'>causa</span> <span class='ocrx_word' id='word_1_341' title='bbox 682 2230 809 2294; x_wconf 87' lang='lat' dir='ltr'>fuit,</span> <span class='ocrx_word' id='word_1_342' title='bbox 834 2242 951 2294; x_wconf 91' lang='lat' dir='ltr'>qua</span> <span class='ocrx_word' id='word_1_343' title='bbox 972 2235 1264 2294; x_wconf 86' lang='lat' dir='ltr'>pateretur</span> <span class='ocrx_word' id='word_1_344' title='bbox 1278 2233 1452 2294; x_wconf 88' lang='lat' dir='ltr'>caput</span> <span class='ocrx_word' id='word_1_345' title='bbox 1464 2234 1731 2281; x_wconf 90' lang='lat' dir='ltr'>nostrum</span> <span class='ocrx_word' id='word_1_346' title='bbox 1756 2234 1854 2280; x_wconf 91' lang='lat' dir='ltr'>:ut</span> <span class='ocrx_word' id='word_1_347' title='bbox 1880 2228 2081 2281; x_wconf 86' lang='lat' dir='ltr'>videli-</span> 
     </span>
    </p>
   </div>
   <div class='ocr_carea' id='block_1_47' title="bbox 481 2299 2079 2368">
    <p class='ocr_par' dir='ltr' id='par_1_47' title="bbox 481 2299 2079 2368">
     <span class='ocr_line' id='line_1_47' title="bbox 481 2299 2079 2368; baseline -0.002 -13"><span class='ocrx_word' id='word_1_348' title='bbox 481 2308 572 2356; x_wconf 88' lang='lat' dir='ltr'>cet</span> <span class='ocrx_word' id='word_1_349' title='bbox 595 2302 817 2368; x_wconf 90' lang='lat' dir='ltr'>corpori</span> <span class='ocrx_word' id='word_1_350' title='bbox 854 2313 962 2353; x_wconf 91' lang='lat' dir='ltr'>suo</span> <span class='ocrx_word' id='word_1_351' title='bbox 995 2301 1290 2364; x_wconf 65' lang='lat' dir='ltr'>patientia:</span> <span class='ocrx_word' id='word_1_352' title='bbox 1318 2302 1601 2365; x_wconf 61' lang='lat' dir='ltr'>praeberet</span> <span class='ocrx_word' id='word_1_353' title='bbox 1636 2299 1966 2364; x_wconf 82' lang='lat' dir='ltr'>exemplum</span> <span class='ocrx_word' id='word_1_354' title='bbox 2009 2300 2079 2361; x_wconf 90' lang='grc'>(1.</span> 
     </span>
    </p>
   </div>
   <div class='ocr_carea' id='block_1_48' title="bbox 480 2371 2082 2437">
    <p class='ocr_par' dir='ltr' id='par_1_48' title="bbox 480 2371 2082 2437">
     <span class='ocr_line' id='line_1_48' title="bbox 480 2371 2082 2437; baseline -0.001 -11"><span class='ocrx_word' id='word_1_355' title='bbox 480 2377 618 2426; x_wconf 88' lang='lat' dir='ltr'>Petr.</span> <span class='ocrx_word' id='word_1_356' title='bbox 651 2373 744 2437; x_wconf 77' lang='grc'><strong>2.).</strong></span> <span class='ocrx_word' id='word_1_357' title='bbox 777 2373 1061 2425; x_wconf 89' lang='lat' dir='ltr'>Dominus</span> <span class='ocrx_word' id='word_1_358' title='bbox 1087 2373 1241 2424; x_wconf 87' lang='lat' dir='ltr'>enim</span> <span class='ocrx_word' id='word_1_359' title='bbox 1267 2371 1563 2425; x_wconf 86' lang='lat' dir='ltr'>voluntate</span> <span class='ocrx_word' id='word_1_360' title='bbox 1601 2382 1811 2435; x_wconf 88' lang='lat' dir='ltr'>passus</span> <span class='ocrx_word' id='word_1_361' title='bbox 1833 2374 1944 2436; x_wconf 88' lang='lat' dir='ltr'>est,</span> <span class='ocrx_word' id='word_1_362' title='bbox 1966 2384 2082 2424; x_wconf 94' lang='lat' dir='ltr'>non</span> 
     </span>
    </p>
   </div>
   <div class='ocr_carea' id='block_1_49' title="bbox 481 2443 2084 2508">
    <p class='ocr_par' dir='ltr' id='par_1_49' title="bbox 481 2443 2084 2508">
     <span class='ocr_line' id='line_1_49' title="bbox 481 2443 2084 2508; baseline -0.004 -9"><span class='ocrx_word' id='word_1_363' title='bbox 481 2448 845 2499; x_wconf 83' lang='lat' dir='ltr'>necessitate.</span> <span class='ocrx_word' id='word_1_364' title='bbox 864 2444 1201 2497; x_wconf 87' lang='lat' dir='ltr'>Voluntaria</span> <span class='ocrx_word' id='word_1_365' title='bbox 1209 2443 1257 2508; x_wconf 90' lang='lat' dir='ltr'>ej</span> <span class='ocrx_word' id='word_1_366' title='bbox 1266 2456 1336 2495; x_wconf 90' lang='lat' dir='ltr'>us</span> <span class='ocrx_word' id='word_1_367' title='bbox 1348 2444 1559 2508; x_wconf 90' lang='lat' dir='ltr'>passio,</span> <span class='ocrx_word' id='word_1_368' title='bbox 1571 2448 1770 2495; x_wconf 89' lang='lat' dir='ltr'>nostra</span> <span class='ocrx_word' id='word_1_369' title='bbox 1781 2451 2018 2495; x_wconf 84' lang='lat' dir='ltr'>estnece</span> <span class='ocrx_word' id='word_1_370' title='bbox 2025 2457 2084 2493; x_wconf 89' lang='lat' dir='ltr'>s-</span> 
     </span>
    </p>
   </div>
   <div class='ocr_carea' id='block_1_50' title="bbox 480 2513 2083 2580">
    <p class='ocr_par' dir='ltr' id='par_1_50' title="bbox 480 2513 2083 2580">
     <span class='ocr_line' id='line_1_50' title="bbox 480 2513 2083 2580; baseline -0.003 -9"><span class='ocrx_word' id='word_1_371' title='bbox 480 2520 631 2571; x_wconf 87' lang='lat' dir='ltr'>saria</span> <span class='ocrx_word' id='word_1_372' title='bbox 652 2515 969 2569; x_wconf 89' lang='lat' dir='ltr'>consolatio</span> <span class='ocrx_word' id='word_1_373' title='bbox 995 2533 1006 2565; x_wconf 88' lang='lat'><strong>:</strong></span> <span class='ocrx_word' id='word_1_374' title='bbox 1037 2522 1099 2568; x_wconf 89' lang='lat' dir='ltr'>ut</span> <span class='ocrx_word' id='word_1_375' title='bbox 1121 2515 1354 2580; x_wconf 89' lang='lat' dir='ltr'>quando</span> <span class='ocrx_word' id='word_1_376' title='bbox 1378 2514 1527 2567; x_wconf 89' lang='lat' dir='ltr'>forte</span> <span class='ocrx_word' id='word_1_377' title='bbox 1555 2513 1690 2566; x_wconf 88' lang='lat' dir='ltr'>talia</span> <span class='ocrx_word' id='word_1_378' title='bbox 1711 2515 1979 2579; x_wconf 91' lang='lat' dir='ltr'>patimur,</span> <span class='ocrx_word' id='word_1_379' title='bbox 1997 2528 2083 2566; x_wconf 81' lang='lat' dir='ltr'>c.i-</span> 
     </span>
    </p>
   </div>
   <div class='ocr_carea' id='block_1_51' title="bbox 482 2588 2084 2656">
    <p class='ocr_par' dir='ltr' id='par_1_51' title="bbox 482 2588 2084 2656">
     <span class='ocr_line' id='line_1_51' title="bbox 482 2588 2084 2656; baseline -0.002 -14"><span class='ocrx_word' id='word_1_380' title='bbox 482 2595 587 2656; x_wconf 89' lang='lat' dir='ltr'>put</span> <span class='ocrx_word' id='word_1_381' title='bbox 615 2592 883 2641; x_wconf 89' lang='lat' dir='ltr'>nostrum</span> <span class='ocrx_word' id='word_1_382' title='bbox 917 2588 1211 2639; x_wconf 90' lang='lat' dir='ltr'>intuemur</span> <span class='ocrx_word' id='word_1_383' title='bbox 1236 2602 1249 2637; x_wconf 86' lang='lat'><strong>:</strong></span> <span class='ocrx_word' id='word_1_384' title='bbox 1281 2592 1454 2650; x_wconf 89' lang='lat' dir='ltr'>atque</span> <span class='ocrx_word' id='word_1_385' title='bbox 1486 2590 1613 2650; x_wconf 79' lang='lat' dir='ltr'>ejus</span> <span class='ocrx_word' id='word_1_386' title='bbox 1637 2588 1901 2651; x_wconf 79' lang='lat' dir='ltr'>exemplo</span> <span class='ocrx_word' id='word_1_387' title='bbox 1924 2600 2084 2639; x_wconf 91' lang='lat' dir='ltr'>com-</span> 
     </span>
    </p>
   </div>
   <div class='ocr_carea' id='block_1_52' title="bbox 482 2659 2083 2723">
    <p class='ocr_par' dir='ltr' id='par_1_52' title="bbox 482 2659 2083 2723">
     <span class='ocr_line' id='line_1_52' title="bbox 482 2659 2083 2723; baseline -0.001 -11"><span class='ocrx_word' id='word_1_388' title='bbox 482 2661 703 2720; x_wconf 90' lang='lat' dir='ltr'>moniti,</span> <span class='ocrx_word' id='word_1_389' title='bbox 729 2660 1020 2711; x_wconf 86' lang='lat' dir='ltr'>discamus</span> <span class='ocrx_word' id='word_1_390' title='bbox 1043 2664 1101 2711; x_wconf 90' lang='lat' dir='ltr'>et</span> <span class='ocrx_word' id='word_1_391' title='bbox 1122 2671 1230 2710; x_wconf 86' lang='lat' dir='ltr'>nos</span> <span class='ocrx_word' id='word_1_392' title='bbox 1254 2671 1388 2710; x_wconf 79' lang='lat' dir='ltr'>eum</span> <span class='ocrx_word' id='word_1_393' title='bbox 1410 2671 1478 2711; x_wconf 87' lang='lat' dir='ltr'>eo</span> <span class='ocrx_word' id='word_1_394' title='bbox 1500 2659 1635 2723; x_wconf 90' lang='lat' dir='ltr'>pati.</span> <span class='ocrx_word' id='word_1_395' title='bbox 1663 2659 1722 2710; x_wconf 88' lang='lat' dir='ltr'>Si</span> <span class='ocrx_word' id='word_1_396' title='bbox 1744 2660 1901 2710; x_wconf 90' lang='lat' dir='ltr'>enim</span> <span class='ocrx_word' id='word_1_397' title='bbox 1923 2672 2083 2711; x_wconf 90' lang='lat' dir='ltr'>com-</span> 
     </span>
    </p>
   </div>
   <div class='ocr_carea' id='block_1_53' title="bbox 483 2729 2083 2797">
    <p class='ocr_par' dir='ltr' id='par_1_53' title="bbox 483 2729 2083 2797">
     <span class='ocr_line' id='line_1_53' title="bbox 483 2729 2083 2797; baseline 0 -14"><span class='ocrx_word' id='word_1_398' title='bbox 483 2734 752 2797; x_wconf 88' lang='lat' dir='ltr'>patimur,</span> <span class='ocrx_word' id='word_1_399' title='bbox 784 2729 1271 2794; x_wconf 88' lang='lat' dir='ltr'>congloriabimur</span> <span class='ocrx_word' id='word_1_400' title='bbox 1303 2731 1474 2794; x_wconf 81' lang='lat' dir='ltr'><strong><em>(Rom.</em></strong></span> <span class='ocrx_word' id='word_1_401' title='bbox 1509 2731 1603 2793; x_wconf 82' lang='grc'><strong>8.).</strong></span> <span class='ocrx_word' id='word_1_402' title='bbox 1638 2732 1754 2794; x_wconf 90' lang='lat' dir='ltr'>Ipsi</span> <span class='ocrx_word' id='word_1_403' title='bbox 1777 2732 1858 2783; x_wconf 89' lang='lat' dir='ltr'>ita</span> <span class='ocrx_word' id='word_1_404' title='bbox 1880 2736 2083 2783; x_wconf 89' lang='lat' dir='ltr'>contra</span> 
     </span>
    </p>
   </div>
   <div class='ocr_carea' id='block_1_54' title="bbox 482 2802 1130 2867">
    <p class='ocr_par' dir='ltr' id='par_1_54' title="bbox 482 2802 1130 2867">
     <span class='ocr_line' id='line_1_54' title="bbox 482 2802 1130 2867; baseline -0.006 -10"><span class='ocrx_word' id='word_1_405' title='bbox 482 2817 576 2857; x_wconf 92' lang='lat' dir='ltr'>me</span> <span class='ocrx_word' id='word_1_406' title='bbox 600 2804 887 2866; x_wconf 86' lang='lat' dir='ltr'>fecerunt;</span> <span class='ocrx_word' id='word_1_407' title='bbox 920 2802 1021 2854; x_wconf 89' lang='lat' dir='ltr'>sed</span> <span class='ocrx_word' id='word_1_408' title='bbox 1049 2806 1130 2867; x_wconf 91' lang='lat' dir='ltr'>tu,</span> 
     </span>
    </p>
   </div>
   <div class='ocr_carea' id='block_1_55' title="bbox 544 2873 2082 2939">
    <p class='ocr_par' dir='ltr' id='par_1_55' title="bbox 544 2873 2082 2939">
     <span class='ocr_line' id='line_1_55' title="bbox 544 2873 2082 2939; baseline -0.003 -9"><span class='ocrx_word' id='word_1_409' title='bbox 544 2874 630 2930; x_wconf 79' lang='grc'>18.</span> <span class='ocrx_word' id='word_1_410' title='bbox 644 2874 891 2938; x_wconf 84' lang='lat' dir='ltr'>Domine,</span> <span class='ocrx_word' id='word_1_411' title='bbox 908 2873 1131 2939; x_wconf 82' lang='lat' dir='ltr'>quando</span> <span class='ocrx_word' id='word_1_412' title='bbox 1146 2873 1390 2937; x_wconf 82' lang='lat' dir='ltr'>respicies</span> <span class='ocrx_word' id='word_1_413' title='bbox 1404 2876 1429 2925; x_wconf 66' lang='grc'><em>3</em></span> <span class='ocrx_word' id='word_1_414' title='bbox 1444 2874 1683 2936; x_wconf 85' lang='lat' dir='ltr'>Quando</span> <span class='ocrx_word' id='word_1_415' title='bbox 1695 2873 2082 2926; x_wconf 84' lang='lat' dir='ltr'>misericordi-</span> 
     </span>
    </p>
   </div>
   <div class='ocr_carea' id='block_1_56' title="bbox 484 2945 2080 3011">
    <p class='ocr_par' dir='ltr' id='par_1_56' title="bbox 484 2945 2080 3011">
     <span class='ocr_line' id='line_1_56' title="bbox 484 2945 2080 3011; baseline -0.001 -12"><span class='ocrx_word' id='word_1_416' title='bbox 484 2950 568 2999; x_wconf 86' lang='lat' dir='ltr'>ter</span> <span class='ocrx_word' id='word_1_417' title='bbox 601 2947 951 2999; x_wconf 84' lang='lat' dir='ltr'>attendendo</span> <span class='ocrx_word' id='word_1_418' title='bbox 987 2945 1185 3009; x_wconf 85' lang='lat' dir='ltr'>facies,</span> <span class='ocrx_word' id='word_1_419' title='bbox 1218 2947 1283 2997; x_wconf 87' lang='lat' dir='ltr'>ut</span> <span class='ocrx_word' id='word_1_420' title='bbox 1320 2945 1393 2998; x_wconf 91' lang='lat' dir='ltr'>de</span> <span class='ocrx_word' id='word_1_421' title='bbox 1425 2959 1625 2998; x_wconf 90' lang='lat' dir='ltr'>eorum</span> <span class='ocrx_word' id='word_1_422' title='bbox 1646 2959 1741 2998; x_wconf 91' lang='lat' dir='ltr'>me</span> <span class='ocrx_word' id='word_1_423' title='bbox 1774 2957 1942 2998; x_wconf 89' lang='lat' dir='ltr'>eruas</span> <span class='ocrx_word' id='word_1_424' title='bbox 1979 2959 2080 3011; x_wconf 83' lang='lat' dir='ltr'>po-</span> 
     </span>
    </p>
   </div>
   <div class='ocr_carea' id='block_1_57' title="bbox 484 3016 2078 3082">
    <p class='ocr_par' dir='ltr' id='par_1_57' title="bbox 484 3016 2078 3082">
     <span class='ocr_line' id='line_1_57' title="bbox 484 3016 2078 3082; baseline -0.002 -12"><span class='ocrx_word' id='word_1_425' title='bbox 484 3023 690 3071; x_wconf 84' lang='lat' dir='ltr'>testate</span> <span class='ocrx_word' id='word_1_426' title='bbox 704 3021 730 3069; x_wconf 79' lang='lat'><strong>?</strong></span> <span class='ocrx_word' id='word_1_427' title='bbox 752 3019 982 3067; x_wconf 85' lang='lat' dir='ltr'>Restitue</span> <span class='ocrx_word' id='word_1_428' title='bbox 998 3018 1249 3067; x_wconf 86' lang='lat' dir='ltr'>animum</span> <span class='ocrx_word' id='word_1_429' title='bbox 1266 3032 1445 3066; x_wconf 85' lang='lat' dir='ltr'>meam</span> <span class='ocrx_word' id='word_1_430' title='bbox 1460 3034 1495 3067; x_wconf 91' lang='lat' dir='ltr'>a</span> <span class='ocrx_word' id='word_1_431' title='bbox 1512 3016 1851 3082; x_wconf 71' lang='lat' dir='ltr'>malignitate</span> <span class='ocrx_word' id='word_1_432' title='bbox 1869 3032 2078 3079; x_wconf 84' lang='lat' dir='ltr'>eorum,</span> 
     </span>
    </p>
   </div>
   <div class='ocr_carea' id='block_1_58' title="bbox 480 3089 2076 3150">
    <p class='ocr_par' dir='ltr' id='par_1_58' title="bbox 480 3089 2076 3150">
     <span class='ocr_line' id='line_1_58' title="bbox 480 3089 2076 3150; baseline 0.001 -11"><span class='ocrx_word' id='word_1_433' title='bbox 480 3106 515 3139; x_wconf 92' lang='lat' dir='ltr'><strong><em>a</em></strong></span> <span class='ocrx_word' id='word_1_434' title='bbox 555 3089 792 3140; x_wconf 80' lang='lat' dir='ltr'>leonibus</span> <span class='ocrx_word' id='word_1_435' title='bbox 835 3091 1059 3139; x_wconf 87' lang='lat' dir='ltr'>unicam</span> <span class='ocrx_word' id='word_1_436' title='bbox 1097 3104 1294 3139; x_wconf 88' lang='lat' dir='ltr'>meam.</span> <span class='ocrx_word' id='word_1_437' title='bbox 1330 3091 1415 3140; x_wconf 83' lang='lat' dir='ltr'>Ac</span> <span class='ocrx_word' id='word_1_438' title='bbox 1454 3090 1503 3141; x_wconf 90' lang='lat' dir='ltr'>si</span> <span class='ocrx_word' id='word_1_439' title='bbox 1532 3090 1763 3150; x_wconf 84' lang='lat' dir='ltr'>diceret,</span> <span class='ocrx_word' id='word_1_440' title='bbox 1800 3090 2076 3142; x_wconf 81' lang='lat' dir='ltr'>Animam</span> 
     </span>
    </p>
   </div>
   <div class='ocr_carea' id='block_1_59' title="bbox 480 3161 2081 3226">
    <p class='ocr_par' dir='ltr' id='par_1_59' title="bbox 480 3161 2081 3226">
     <span class='ocr_line' id='line_1_59' title="bbox 480 3161 2081 3226; baseline 0.001 -13"><span class='ocrx_word' id='word_1_441' title='bbox 480 3174 688 3225; x_wconf 88' lang='lat' dir='ltr'>meam,</span> <span class='ocrx_word' id='word_1_442' title='bbox 727 3174 861 3226; x_wconf 68' lang='lat' dir='ltr'>quin</span> <span class='ocrx_word' id='word_1_443' title='bbox 900 3162 1073 3213; x_wconf 91' lang='lat' dir='ltr'>unica</span> <span class='ocrx_word' id='word_1_444' title='bbox 1101 3166 1209 3225; x_wconf 88' lang='lat' dir='ltr'>est,</span> <span class='ocrx_word' id='word_1_445' title='bbox 1242 3162 1521 3214; x_wconf 89' lang='lat' dir='ltr'>immunis</span> <span class='ocrx_word' id='word_1_446' title='bbox 1554 3175 1589 3214; x_wconf 87' lang='lat' dir='ltr'>a</span> <span class='ocrx_word' id='word_1_447' title='bbox 1624 3168 1873 3226; x_wconf 65' lang='lat' dir='ltr'>peccato.</span> <span class='ocrx_word' id='word_1_448' title='bbox 1912 3161 2081 3214; x_wconf 88' lang='lat' dir='ltr'>Nulla</span> 
     </span>
    </p>
   </div>
   <div class='ocr_carea' id='block_1_60' title="bbox 479 3233 2080 3298">
    <p class='ocr_par' dir='ltr' id='par_1_60' title="bbox 479 3233 2080 3298">
     <span class='ocr_line' id='line_1_60' title="bbox 479 3233 2080 3298; baseline 0.001 -13"><span class='ocrx_word' id='word_1_449' title='bbox 479 3235 635 3286; x_wconf 91' lang='lat' dir='ltr'>enim</span> <span class='ocrx_word' id='word_1_450' title='bbox 672 3234 783 3286; x_wconf 91' lang='lat' dir='ltr'>alia</span> <span class='ocrx_word' id='word_1_451' title='bbox 811 3233 1005 3285; x_wconf 89' lang='lat' dir='ltr'>anima</span> <span class='ocrx_word' id='word_1_452' title='bbox 1026 3234 1153 3284; x_wconf 91' lang='lat' dir='ltr'>sine</span> <span class='ocrx_word' id='word_1_453' title='bbox 1176 3238 1423 3297; x_wconf 81' lang='lat' dir='ltr'>peccato.</span> <span class='ocrx_word' id='word_1_454' title='bbox 1449 3235 1631 3297; x_wconf 83' lang='lat' dir='ltr'>Hanc,</span> <span class='ocrx_word' id='word_1_455' title='bbox 1666 3235 1923 3298; x_wconf 91' lang='lat' dir='ltr'>inquam,</span> <span class='ocrx_word' id='word_1_456' title='bbox 1949 3236 2080 3286; x_wconf 90' lang='lat' dir='ltr'>ani-</span> 
     </span>
    </p>
   </div>
   <div class='ocr_carea' id='block_1_61' title="bbox 478 3304 2077 3370">
    <p class='ocr_par' dir='ltr' id='par_1_61' title="bbox 478 3304 2077 3370">
     <span class='ocr_line' id='line_1_61' title="bbox 478 3304 2077 3370; baseline -0.001 -13"><span class='ocrx_word' id='word_1_457' title='bbox 478 3317 636 3357; x_wconf 90' lang='lat' dir='ltr'>mam</span> <span class='ocrx_word' id='word_1_458' title='bbox 657 3308 914 3369; x_wconf 78' lang='lat' dir='ltr'>ereptam</span> <span class='ocrx_word' id='word_1_459' title='bbox 944 3316 979 3356; x_wconf 90' lang='lat' dir='ltr'>a</span> <span class='ocrx_word' id='word_1_460' title='bbox 1011 3304 1363 3368; x_wconf 86' lang='lat' dir='ltr'>malignante</span> <span class='ocrx_word' id='word_1_461' title='bbox 1394 3305 1624 3370; x_wconf 90' lang='lat' dir='ltr'>p0pulo,</span> <span class='ocrx_word' id='word_1_462' title='bbox 1649 3309 1705 3356; x_wconf 90' lang='lat' dir='ltr'>et</span> <span class='ocrx_word' id='word_1_463' title='bbox 1738 3320 1773 3357; x_wconf 85' lang='lat' dir='ltr'>a</span> <span class='ocrx_word' id='word_1_464' title='bbox 1794 3305 2077 3369; x_wconf 90' lang='lat' dir='ltr'>leonibus,</span> 
     </span>
    </p>
   </div>
   <div class='ocr_carea' id='block_1_62' title="bbox 2180 2014 3591 2081">
    <p class='ocr_par' dir='ltr' id='par_1_62' title="bbox 2180 2014 3591 2081">
     <span class='ocr_line' id='line_1_62' title="bbox 2180 2014 3591 2081; baseline 0.001 -16"><span class='ocrx_word' id='word_1_465' title='bbox 2180 2016 2318 2066; x_wconf 89' lang='lat' dir='ltr'>bent</span> <span class='ocrx_word' id='word_1_466' title='bbox 2339 2014 2642 2066; x_wconf 78' lang='lat' dir='ltr'>conﬁdere.</span> <span class='ocrx_word' id='word_1_467' title='bbox 2674 2015 2811 2066; x_wconf 90' lang='lat' dir='ltr'>Dico</span> <span class='ocrx_word' id='word_1_468' title='bbox 2834 2028 2907 2065; x_wconf 89' lang='lat' dir='ltr'>ne</span> <span class='ocrx_word' id='word_1_469' title='bbox 2930 2015 3214 2078; x_wconf 89' lang='lat' dir='ltr'>discedas,</span> <span class='ocrx_word' id='word_1_470' title='bbox 3242 2015 3345 2068; x_wconf 87' lang='lat' dir='ltr'>sed</span> <span class='ocrx_word' id='word_1_471' title='bbox 3380 2017 3591 2081; x_wconf 87' lang='lat' dir='ltr'>potius.</span> 
     </span>
    </p>
   </div>
   <div class='ocr_carea' id='block_1_63' title="bbox 2241 2086 3792 2153">
    <p class='ocr_par' dir='ltr' id='par_1_63' title="bbox 2241 2086 3792 2153">
     <span class='ocr_line' id='line_1_63' title="bbox 2241 2086 3792 2153; baseline -0.001 -14"><span class='ocrx_word' id='word_1_472' title='bbox 2241 2086 2330 2139; x_wconf 71' lang='grc'>24.</span> <span class='ocrx_word' id='word_1_473' title='bbox 2375 2086 2640 2150; x_wconf 70' lang='lat' dir='ltr'>Exsurge,</span> <span class='ocrx_word' id='word_1_474' title='bbox 2680 2086 3011 2151; x_wconf 89' lang='lat' dir='ltr'>adjuvando</span> <span class='ocrx_word' id='word_1_475' title='bbox 3057 2099 3189 2138; x_wconf 88' lang='lat' dir='ltr'>me:</span> <span class='ocrx_word' id='word_1_476' title='bbox 3236 2093 3283 2136; x_wconf 88' lang='lat' dir='ltr'>et</span> <span class='ocrx_word' id='word_1_477' title='bbox 3318 2087 3532 2138; x_wconf 84' lang='lat' dir='ltr'>intende</span> <span class='ocrx_word' id='word_1_478' title='bbox 3568 2088 3792 2153; x_wconf 82' lang='lat' dir='ltr'>judicio</span> 
     </span>
    </p>
   </div>
   <div class='ocr_carea' id='block_1_64' title="bbox 2179 2157 3793 2223">
    <p class='ocr_par' dir='ltr' id='par_1_64' title="bbox 2179 2157 3793 2223">
     <span class='ocr_line' id='line_1_64' title="bbox 2179 2157 3793 2223; baseline 0.004 -16"><span class='ocrx_word' id='word_1_479' title='bbox 2179 2171 2313 2207; x_wconf 88' lang='lat' dir='ltr'>meo.</span> <span class='ocrx_word' id='word_1_480' title='bbox 2339 2157 2403 2208; x_wconf 89' lang='lat' dir='ltr'>Id</span> <span class='ocrx_word' id='word_1_481' title='bbox 2425 2163 2532 2221; x_wconf 91' lang='lat' dir='ltr'>est,</span> <span class='ocrx_word' id='word_1_482' title='bbox 2557 2158 2863 2210; x_wconf 86' lang='lat' dir='ltr'>considera</span> <span class='ocrx_word' id='word_1_483' title='bbox 2890 2157 3066 2223; x_wconf 91' lang='lat' dir='ltr'>quale</span> <span class='ocrx_word' id='word_1_484' title='bbox 3093 2158 3168 2210; x_wconf 91' lang='lat' dir='ltr'>sit</span> <span class='ocrx_word' id='word_1_485' title='bbox 3183 2158 3464 2223; x_wconf 88' lang='lat' dir='ltr'>judicium</span> <span class='ocrx_word' id='word_1_486' title='bbox 3487 2159 3559 2211; x_wconf 88' lang='lat' dir='ltr'>de</span> <span class='ocrx_word' id='word_1_487' title='bbox 3579 2172 3677 2213; x_wconf 91' lang='lat' dir='ltr'>me</span> <span class='ocrx_word' id='word_1_488' title='bbox 3706 2161 3793 2212; x_wconf 84' lang='lat' dir='ltr'>fa-</span> 
     </span>
    </p>
   </div>
   <div class='ocr_carea' id='block_1_65' title="bbox 2181 2230 3795 2294">
    <p class='ocr_par' dir='ltr' id='par_1_65' title="bbox 2181 2230 3795 2294">
     <span class='ocr_line' id='line_1_65' title="bbox 2181 2230 3795 2294; baseline 0.001 -13"><span class='ocrx_word' id='word_1_489' title='bbox 2181 2232 2358 2281; x_wconf 91' lang='lat' dir='ltr'>ctum.</span> <span class='ocrx_word' id='word_1_490' title='bbox 2383 2231 2453 2280; x_wconf 88' lang='lat' dir='ltr'>Et</span> <span class='ocrx_word' id='word_1_491' title='bbox 2473 2242 2546 2280; x_wconf 89' lang='lat' dir='ltr'>ne</span> <span class='ocrx_word' id='word_1_492' title='bbox 2575 2234 2872 2293; x_wconf 90' lang='lat' dir='ltr'>putaretur</span> <span class='ocrx_word' id='word_1_493' title='bbox 2887 2231 3175 2294; x_wconf 82' lang='lat' dir='ltr'>judicium</span> <span class='ocrx_word' id='word_1_494' title='bbox 3192 2230 3439 2283; x_wconf 87' lang='lat' dir='ltr'>attendit</span> <span class='ocrx_word' id='word_1_495' title='bbox 3460 2230 3672 2284; x_wconf 87' lang='lat' dir='ltr'>debere</span> <span class='ocrx_word' id='word_1_496' title='bbox 3700 2246 3795 2283; x_wconf 86' lang='lat' dir='ltr'>se-</span> 
     </span>
    </p>
   </div>
   <div class='ocr_carea' id='block_1_66' title="bbox 2181 2301 3791 2366">
    <p class='ocr_par' dir='ltr' id='par_1_66' title="bbox 2181 2301 3791 2366">
     <span class='ocr_line' id='line_1_66' title="bbox 2181 2301 3791 2366; baseline 0 -14"><span class='ocrx_word' id='word_1_497' title='bbox 2181 2301 2437 2352; x_wconf 90' lang='lat' dir='ltr'>cundum</span> <span class='ocrx_word' id='word_1_498' title='bbox 2462 2313 2710 2365; x_wconf 65' lang='lat' dir='ltr'>poenam,</span> <span class='ocrx_word' id='word_1_499' title='bbox 2727 2302 2855 2354; x_wconf 90' lang='lat' dir='ltr'>ideo</span> <span class='ocrx_word' id='word_1_500' title='bbox 2874 2301 2966 2365; x_wconf 89' lang='lat' dir='ltr'>adj</span> <span class='ocrx_word' id='word_1_501' title='bbox 2975 2303 3140 2366; x_wconf 88' lang='lat' dir='ltr'>ungit</span> <span class='ocrx_word' id='word_1_502' title='bbox 3157 2315 3170 2353; x_wconf 87' lang='lat'><strong>:</strong></span> <span class='ocrx_word' id='word_1_503' title='bbox 3189 2302 3328 2351; x_wconf 82' lang='lat' dir='ltr'>Deus</span> <span class='ocrx_word' id='word_1_504' title='bbox 3343 2316 3509 2363; x_wconf 82' lang='lat' dir='ltr'>meus,</span> <span class='ocrx_word' id='word_1_505' title='bbox 3524 2308 3571 2352; x_wconf 86' lang='lat' dir='ltr'>et</span> <span class='ocrx_word' id='word_1_506' title='bbox 3591 2303 3791 2355; x_wconf 85' lang='lat' dir='ltr'>Domi-</span> 
     </span>
    </p>
   </div>
   <div class='ocr_carea' id='block_1_67' title="bbox 2180 2373 3791 2438">
    <p class='ocr_par' dir='ltr' id='par_1_67' title="bbox 2180 2373 3791 2438">
     <span class='ocr_line' id='line_1_67' title="bbox 2180 2373 3791 2438; baseline 0.002 -17"><span class='ocrx_word' id='word_1_507' title='bbox 2180 2387 2287 2422; x_wconf 84' lang='lat' dir='ltr'>nus</span> <span class='ocrx_word' id='word_1_508' title='bbox 2323 2386 2473 2423; x_wconf 82' lang='lat' dir='ltr'>meus</span> <span class='ocrx_word' id='word_1_509' title='bbox 2504 2373 2564 2421; x_wconf 89' lang='lat' dir='ltr'>in</span> <span class='ocrx_word' id='word_1_510' title='bbox 2585 2388 2812 2423; x_wconf 80' lang='lat' dir='ltr'>causam</span> <span class='ocrx_word' id='word_1_511' title='bbox 2833 2388 3027 2425; x_wconf 84' lang='lat' dir='ltr'>meam.</span> <span class='ocrx_word' id='word_1_512' title='bbox 3050 2377 3134 2425; x_wconf 84' lang='lat' dir='ltr'>Ac</span> <span class='ocrx_word' id='word_1_513' title='bbox 3160 2374 3208 2424; x_wconf 89' lang='lat' dir='ltr'>si</span> <span class='ocrx_word' id='word_1_514' title='bbox 3229 2373 3460 2437; x_wconf 83' lang='lat' dir='ltr'>diceret,</span> <span class='ocrx_word' id='word_1_515' title='bbox 3482 2375 3570 2425; x_wconf 85' lang='lat' dir='ltr'>Tu</span> <span class='ocrx_word' id='word_1_516' title='bbox 3594 2375 3702 2438; x_wconf 85' lang='lat' dir='ltr'>qui</span> <span class='ocrx_word' id='word_1_517' title='bbox 3724 2388 3791 2427; x_wconf 86' lang='lat' dir='ltr'>es</span> 
     </span>
    </p>
   </div>
   <div class='ocr_carea' id='block_1_68' title="bbox 2182 2445 3792 2510">
    <p class='ocr_par' dir='ltr' id='par_1_68' title="bbox 2182 2445 3792 2510">
     <span class='ocr_line' id='line_1_68' title="bbox 2182 2445 3792 2510; baseline 0.002 -15"><span class='ocrx_word' id='word_1_518' title='bbox 2182 2448 2402 2496; x_wconf 88' lang='lat' dir='ltr'>creator</span> <span class='ocrx_word' id='word_1_519' title='bbox 2431 2456 2601 2496; x_wconf 91' lang='lat' dir='ltr'>meus</span> <span class='ocrx_word' id='word_1_520' title='bbox 2633 2449 2692 2496; x_wconf 91' lang='lat' dir='ltr'>et</span> <span class='ocrx_word' id='word_1_521' title='bbox 2732 2445 3063 2510; x_wconf 90' lang='lat' dir='ltr'>redemptor</span> <span class='ocrx_word' id='word_1_522' title='bbox 3095 2457 3264 2496; x_wconf 90' lang='lat' dir='ltr'>meus</span> <span class='ocrx_word' id='word_1_523' title='bbox 3300 2445 3533 2498; x_wconf 89' lang='lat' dir='ltr'>intende</span> <span class='ocrx_word' id='word_1_524' title='bbox 3570 2458 3694 2498; x_wconf 90' lang='lat' dir='ltr'>non</span> <span class='ocrx_word' id='word_1_525' title='bbox 3731 2448 3792 2498; x_wconf 91' lang='lat' dir='ltr'>in</span> 
     </span>
    </p>
   </div>
   <div class='ocr_carea' id='block_1_69' title="bbox 2180 2516 3788 2586">
    <p class='ocr_par' dir='ltr' id='par_1_69' title="bbox 2180 2516 3788 2586">
     <span class='ocr_line' id='line_1_69' title="bbox 2180 2516 3788 2586; baseline -0.001 -17"><span class='ocrx_word' id='word_1_526' title='bbox 2180 2528 2429 2586; x_wconf 58' lang='lat' dir='ltr'>patriam,</span> <span class='ocrx_word' id='word_1_527' title='bbox 2457 2516 2559 2568; x_wconf 88' lang='lat' dir='ltr'>sed</span> <span class='ocrx_word' id='word_1_528' title='bbox 2583 2517 2645 2568; x_wconf 91' lang='lat' dir='ltr'>in</span> <span class='ocrx_word' id='word_1_529' title='bbox 2685 2530 2921 2570; x_wconf 90' lang='lat' dir='ltr'>causam</span> <span class='ocrx_word' id='word_1_530' title='bbox 2939 2528 3145 2569; x_wconf 88' lang='lat' dir='ltr'>meam.</span> <span class='ocrx_word' id='word_1_531' title='bbox 3166 2518 3292 2569; x_wconf 87' lang='lat' dir='ltr'>Non</span> <span class='ocrx_word' id='word_1_532' title='bbox 3313 2516 3418 2580; x_wconf 77' lang='lat' dir='ltr'><strong><em>(Ea:</em></strong></span> <span class='ocrx_word' id='word_1_533' title='bbox 3435 2517 3598 2581; x_wconf 79' lang='lat' dir='ltr'>Aug.,</span> <span class='ocrx_word' id='word_1_534' title='bbox 3630 2518 3788 2581; x_wconf 73' lang='lat' dir='ltr'>ibid.)</span> 
     </span>
    </p>
   </div>
   <div class='ocr_carea' id='block_1_70' title="bbox 2180 2589 3789 2653">
    <p class='ocr_par' dir='ltr' id='par_1_70' title="bbox 2180 2589 3789 2653">
     <span class='ocr_line' id='line_1_70' title="bbox 2180 2589 3789 2653; baseline 0.002 -14"><span class='ocrx_word' id='word_1_535' title='bbox 2180 2589 2242 2639; x_wconf 89' lang='lat' dir='ltr'>in</span> <span class='ocrx_word' id='word_1_536' title='bbox 2277 2589 2355 2653; x_wconf 88' lang='lat' dir='ltr'>id,</span> <span class='ocrx_word' id='word_1_537' title='bbox 2393 2589 2549 2652; x_wconf 90' lang='lat' dir='ltr'>quod</span> <span class='ocrx_word' id='word_1_538' title='bbox 2586 2601 2817 2641; x_wconf 91' lang='lat' dir='ltr'>mecum</span> <span class='ocrx_word' id='word_1_539' title='bbox 2854 2592 3029 2641; x_wconf 82' lang='lat' dir='ltr'>habet</span> <span class='ocrx_word' id='word_1_540' title='bbox 3064 2590 3208 2640; x_wconf 88' lang='lat' dir='ltr'>latro</span> <span class='ocrx_word' id='word_1_541' title='bbox 3240 2600 3566 2653; x_wconf 87' lang='lat' dir='ltr'>commune,</span> <span class='ocrx_word' id='word_1_542' title='bbox 3595 2590 3702 2641; x_wconf 89' lang='lat' dir='ltr'>sed</span> <span class='ocrx_word' id='word_1_543' title='bbox 3728 2592 3789 2642; x_wconf 92' lang='lat' dir='ltr'>in</span> 
     </span>
    </p>
   </div>
   <div class='ocr_carea' id='block_1_71' title="bbox 2178 2658 3791 2725">
    <p class='ocr_par' dir='ltr' id='par_1_71' title="bbox 2178 2658 3791 2725">
     <span class='ocr_line' id='line_1_71' title="bbox 2178 2658 3791 2725; baseline 0.002 -15"><span class='ocrx_word' id='word_1_544' title='bbox 2178 2658 2320 2711; x_wconf 89' lang='lat' dir='ltr'>illud</span> <span class='ocrx_word' id='word_1_545' title='bbox 2348 2659 2504 2723; x_wconf 89' lang='lat' dir='ltr'>quod</span> <span class='ocrx_word' id='word_1_546' title='bbox 2527 2660 2700 2723; x_wconf 88' lang='lat' dir='ltr'>beati,</span> <span class='ocrx_word' id='word_1_547' title='bbox 2720 2662 2819 2724; x_wconf 91' lang='lat' dir='ltr'>qui</span> <span class='ocrx_word' id='word_1_548' title='bbox 2844 2662 3308 2725; x_wconf 88' lang='lat' dir='ltr'>persecutionem</span> <span class='ocrx_word' id='word_1_549' title='bbox 3332 2660 3628 2724; x_wconf 89' lang='lat' dir='ltr'>patiuntur</span> <span class='ocrx_word' id='word_1_550' title='bbox 3650 2674 3791 2725; x_wconf 83' lang='lat' dir='ltr'>pro-</span> 
     </span>
    </p>
   </div>
   <div class='ocr_carea' id='block_1_72' title="bbox 2179 2732 3792 2795">
    <p class='ocr_par' dir='ltr' id='par_1_72' title="bbox 2179 2732 3792 2795">
     <span class='ocr_line' id='line_1_72' title="bbox 2179 2732 3792 2795; baseline 0.002 -13"><span class='ocrx_word' id='word_1_551' title='bbox 2179 2735 2306 2795; x_wconf 89' lang='lat' dir='ltr'>pter</span> <span class='ocrx_word' id='word_1_552' title='bbox 2324 2732 2630 2795; x_wconf 86' lang='lat' dir='ltr'>justitiam.</span> <span class='ocrx_word' id='word_1_553' title='bbox 2654 2734 2795 2784; x_wconf 63' lang='lat' dir='ltr'>Haec</span> <span class='ocrx_word' id='word_1_554' title='bbox 2819 2733 2975 2785; x_wconf 87' lang='lat' dir='ltr'>enim</span> <span class='ocrx_word' id='word_1_555' title='bbox 3010 2742 3189 2783; x_wconf 90' lang='lat' dir='ltr'>causa</span> <span class='ocrx_word' id='word_1_556' title='bbox 3209 2732 3457 2783; x_wconf 88' lang='lat' dir='ltr'>discreta</span> <span class='ocrx_word' id='word_1_557' title='bbox 3499 2736 3608 2784; x_wconf 91' lang='lat' dir='ltr'>est.</span> <span class='ocrx_word' id='word_1_558' title='bbox 3639 2735 3792 2785; x_wconf 88' lang='lat' dir='ltr'>Nam</span> 
     </span>
    </p>
   </div>
   <div class='ocr_carea' id='block_1_73' title="bbox 2179 2803 3790 2868">
    <p class='ocr_par' dir='ltr' id='par_1_73' title="bbox 2179 2803 3790 2868">
     <span class='ocr_line' id='line_1_73' title="bbox 2179 2803 3790 2868; baseline 0.003 -15"><span class='ocrx_word' id='word_1_559' title='bbox 2179 2814 2349 2866; x_wconf 62' lang='lat' dir='ltr'>paena</span> <span class='ocrx_word' id='word_1_560' title='bbox 2364 2803 2568 2854; x_wconf 90' lang='lat' dir='ltr'>similis</span> <span class='ocrx_word' id='word_1_561' title='bbox 2580 2808 2670 2855; x_wconf 92' lang='lat' dir='ltr'>est</span> <span class='ocrx_word' id='word_1_562' title='bbox 2682 2805 2849 2856; x_wconf 89' lang='lat' dir='ltr'>bonis</span> <span class='ocrx_word' id='word_1_563' title='bbox 2863 2810 2920 2858; x_wconf 90' lang='lat' dir='ltr'>et</span> <span class='ocrx_word' id='word_1_564' title='bbox 2932 2805 3117 2858; x_wconf 89' lang='lat' dir='ltr'>malis.</span> <span class='ocrx_word' id='word_1_565' title='bbox 3132 2806 3332 2868; x_wconf 87' lang='lat' dir='ltr'>Itaque</span> <span class='ocrx_word' id='word_1_566' title='bbox 3343 2807 3655 2868; x_wconf 85' lang='lat' dir='ltr'>martyrem</span> <span class='ocrx_word' id='word_1_567' title='bbox 3664 2818 3790 2858; x_wconf 86' lang='lat' dir='ltr'>non</span> 
     </span>
    </p>
   </div>
   <div class='ocr_carea' id='block_1_74' title="bbox 2180 2876 3377 2940">
    <p class='ocr_par' dir='ltr' id='par_1_74' title="bbox 2180 2876 3377 2940">
     <span class='ocr_line' id='line_1_74' title="bbox 2180 2876 3377 2940; baseline -0.003 -14"><span class='ocrx_word' id='word_1_568' title='bbox 2180 2876 2313 2927; x_wconf 74' lang='lat' dir='ltr'>facit</span> <span class='ocrx_word' id='word_1_569' title='bbox 2327 2888 2515 2940; x_wconf 71' lang='lat' dir='ltr'>pcnna,</span> <span class='ocrx_word' id='word_1_570' title='bbox 2546 2876 2651 2928; x_wconf 89' lang='lat' dir='ltr'>sed</span> <span class='ocrx_word' id='word_1_571' title='bbox 2679 2889 2874 2930; x_wconf 87' lang='lat' dir='ltr'>causa.</span> <span class='ocrx_word' id='word_1_572' title='bbox 2903 2880 2974 2930; x_wconf 88' lang='lat' dir='ltr'>Et</span> <span class='ocrx_word' id='word_1_573' title='bbox 2992 2880 3118 2933; x_wconf 90' lang='lat' dir='ltr'>ideo</span> <span class='ocrx_word' id='word_1_574' title='bbox 3143 2877 3377 2931; x_wconf 87' lang='lat' dir='ltr'>subdit:</span> 
     </span>
    </p>
   </div>
   <div class='ocr_carea' id='block_1_75' title="bbox 2239 2946 3789 3017">
    <p class='ocr_par' dir='ltr' id='par_1_75' title="bbox 2239 2946 3789 3017">
     <span class='ocr_line' id='line_1_75' title="bbox 2239 2946 3789 3017; baseline -0.001 -18"><span class='ocrx_word' id='word_1_575' title='bbox 2239 2946 2324 2999; x_wconf 75' lang='lat'>‘25.</span> <span class='ocrx_word' id='word_1_576' title='bbox 2350 2947 2553 2997; x_wconf 85' lang='lat' dir='ltr'>Judiea</span> <span class='ocrx_word' id='word_1_577' title='bbox 2583 2963 2668 2997; x_wconf 88' lang='lat' dir='ltr'>me</span> <span class='ocrx_word' id='word_1_578' title='bbox 2695 2951 2989 3000; x_wconf 85' lang='lat' dir='ltr'>secundum</span> <span class='ocrx_word' id='word_1_579' title='bbox 3017 2952 3294 3017; x_wconf 71' lang='lat' dir='ltr'>justitiam</span> <span class='ocrx_word' id='word_1_580' title='bbox 3328 2959 3525 3009; x_wconf 82' lang='lat' dir='ltr'>meam,</span> <span class='ocrx_word' id='word_1_581' title='bbox 3549 2949 3789 3000; x_wconf 82' lang='lat' dir='ltr'>Domine</span> 
     </span>
    </p>
   </div>
   <div class='ocr_carea' id='block_1_76' title="bbox 2179 3018 3787 3093">
    <p class='ocr_par' dir='ltr' id='par_1_76' title="bbox 2179 3018 3787 3093">
     <span class='ocr_line' id='line_1_76' title="bbox 2179 3018 3787 3093; baseline 0.004 -27"><span class='ocrx_word' id='word_1_582' title='bbox 2179 3018 2319 3093; x_wconf 72' lang='lat' dir='ltr'>Deus</span> <span class='ocrx_word' id='word_1_583' title='bbox 2330 3034 2495 3071; x_wconf 85' lang='lat' dir='ltr'>meus.</span> <span class='ocrx_word' id='word_1_584' title='bbox 2530 3022 2673 3082; x_wconf 91' lang='lat' dir='ltr'>Quia</span> <span class='ocrx_word' id='word_1_585' title='bbox 2691 3022 2890 3085; x_wconf 91' lang='lat' dir='ltr'>justus</span> <span class='ocrx_word' id='word_1_586' title='bbox 2903 3036 2983 3089; x_wconf 90' lang='lat' dir='ltr'>es,</span> <span class='ocrx_word' id='word_1_587' title='bbox 3002 3024 3266 3077; x_wconf 89' lang='lat' dir='ltr'>discerne</span> <span class='ocrx_word' id='word_1_588' title='bbox 3279 3034 3374 3074; x_wconf 89' lang='lat' dir='ltr'>me</span> <span class='ocrx_word' id='word_1_589' title='bbox 3393 3024 3413 3093; x_wconf 83' lang='grc' dir='ltr'><strong>Ι</strong></span> <span class='ocrx_word' id='word_1_590' title='bbox 3429 3020 3480 3088; x_wconf 89' lang='lat'><strong>5</strong></span> <span class='ocrx_word' id='word_1_591' title='bbox 3490 3020 3543 3088; x_wconf 85' lang='lat'><strong>8</strong></span> <span class='ocrx_word' id='word_1_592' title='bbox 3560 3022 3787 3085; x_wconf 85' lang='lat' dir='ltr'>injuste</span> 
     </span>
    </p>
   </div>
   <div class='ocr_carea' id='block_1_77' title="bbox 2172 3090 3786 3160">
    <p class='ocr_par' dir='ltr' id='par_1_77' title="bbox 2172 3090 3786 3160">
     <span class='ocr_line' id='line_1_77' title="bbox 2172 3090 3786 3160; baseline 0.002 -19"><span class='ocrx_word' id='word_1_593' title='bbox 2172 3090 2499 3153; x_wconf 88' lang='lat' dir='ltr'>judicatum</span> <span class='ocrx_word' id='word_1_594' title='bbox 2524 3097 2612 3143; x_wconf 89' lang='lat' dir='ltr'>:et</span> <span class='ocrx_word' id='word_1_595' title='bbox 2633 3094 2723 3143; x_wconf 83' lang='lat' dir='ltr'>fac</span> <span class='ocrx_word' id='word_1_596' title='bbox 2746 3095 3141 3160; x_wconf 91' lang='lat' dir='ltr'>quodjustum</span> <span class='ocrx_word' id='word_1_597' title='bbox 3164 3100 3274 3157; x_wconf 90' lang='lat' dir='ltr'>est,</span> <span class='ocrx_word' id='word_1_598' title='bbox 3298 3090 3412 3151; x_wconf 76' lang='lat' dir='ltr'>hoc</span> <span class='ocrx_word' id='word_1_599' title='bbox 3430 3100 3537 3159; x_wconf 88' lang='lat' dir='ltr'>est,</span> <span class='ocrx_word' id='word_1_600' title='bbox 3562 3105 3786 3145; x_wconf 86' lang='lat' dir='ltr'>secun-</span> 
     </span>
    </p>
   </div>
   <div class='ocr_carea' id='block_1_78' title="bbox 2178 3161 3781 3234">
    <p class='ocr_par' dir='ltr' id='par_1_78' title="bbox 2178 3161 3781 3234">
     <span class='ocr_line' id='line_1_78' title="bbox 2178 3161 3781 3234; baseline 0.002 -21"><span class='ocrx_word' id='word_1_601' title='bbox 2178 3161 2901 3234; x_wconf 6' lang='lat' dir='ltr'>dumqjustitiam,judicare</span> <span class='ocrx_word' id='word_1_602' title='bbox 2926 3168 3254 3221; x_wconf 91' lang='lat' dir='ltr'>secundum</span> <span class='ocrx_word' id='word_1_603' title='bbox 3265 3181 3519 3234; x_wconf 90' lang='lat' dir='ltr'>causam,</span> <span class='ocrx_word' id='word_1_604' title='bbox 3548 3179 3670 3219; x_wconf 89' lang='lat' dir='ltr'>non</span> <span class='ocrx_word' id='word_1_605' title='bbox 3680 3177 3781 3217; x_wconf 86' lang='lat' dir='ltr'>se—</span> 
     </span>
    </p>
   </div>
   <div class='ocr_carea' id='block_1_79' title="bbox 2178 3232 3482 3301">
    <p class='ocr_par' dir='ltr' id='par_1_79' title="bbox 2178 3232 3482 3301">
     <span class='ocr_line' id='line_1_79' title="bbox 2178 3232 3482 3301; baseline 0.008 -18"><span class='ocrx_word' id='word_1_606' title='bbox 2178 3232 2437 3287; x_wconf 89' lang='lat' dir='ltr'>cundum</span> <span class='ocrx_word' id='word_1_607' title='bbox 2470 3248 2705 3300; x_wconf 72' lang='lat' dir='ltr'>pcnnam</span> <span class='ocrx_word' id='word_1_608' title='bbox 2726 3238 2931 3301; x_wconf 88' lang='lat' dir='ltr'>judicii</span> <span class='ocrx_word' id='word_1_609' title='bbox 2954 3242 3303 3293; x_wconf 87' lang='lat' dir='ltr'>sententiam</span> <span class='ocrx_word' id='word_1_610' title='bbox 3332 3242 3482 3293; x_wconf 89' lang='lat' dir='ltr'>dare.</span> 
     </span>
    </p>
   </div>
   <div class='ocr_carea' id='block_1_80' title="bbox 2240 3306 3784 3374">
    <p class='ocr_par' dir='ltr' id='par_1_80' title="bbox 2240 3306 3784 3374">
     <span class='ocr_line' id='line_1_80' title="bbox 2240 3306 3784 3374; baseline -0.002 -13"><span class='ocrx_word' id='word_1_611' title='bbox 2240 3306 2328 3361; x_wconf 70' lang='grc'>26.</span> <span class='ocrx_word' id='word_1_612' title='bbox 2362 3310 2431 3358; x_wconf 78' lang='lat' dir='ltr'>Et</span> <span class='ocrx_word' id='word_1_613' title='bbox 2454 3324 2569 3359; x_wconf 87' lang='lat' dir='ltr'>non</span> <span class='ocrx_word' id='word_1_614' title='bbox 2582 3311 3017 3374; x_wconf 83' lang='lat' dir='ltr'>supergaudeant</span> <span class='ocrx_word' id='word_1_615' title='bbox 3039 3314 3199 3363; x_wconf 85' lang='lat' dir='ltr'>mihi.</span> <span class='ocrx_word' id='word_1_616' title='bbox 3217 3312 3347 3363; x_wconf 86' lang='lat' dir='ltr'>Non</span> <span class='ocrx_word' id='word_1_617' title='bbox 3370 3314 3552 3363; x_wconf 86' lang='lat' dir='ltr'>dicant</span> <span class='ocrx_word' id='word_1_618' title='bbox 3575 3310 3637 3359; x_wconf 88' lang='lat' dir='ltr'>in</span> <span class='ocrx_word' id='word_1_619' title='bbox 3659 3323 3784 3359; x_wconf 83' lang='lat' dir='ltr'>cor-</span> 
     </span>
    </p>
   </div>
   <div class='ocr_carea' id='block_1_81' title="bbox 478 3350 3780 3447">
    <p class='ocr_par' dir='ltr' id='par_1_81' title="bbox 478 3350 3780 3447">
     <span class='ocr_line' id='line_1_81' title="bbox 478 3350 3780 3447; baseline 0 -18"><span class='ocrx_word' id='word_1_620' title='bbox 478 3375 689 3429; x_wconf 84' lang='lat' dir='ltr'>scilicet</span> <span class='ocrx_word' id='word_1_621' title='bbox 710 3350 1067 3436; x_wconf 36' lang='lat' dir='ltr'>prtincipibus</span> <span class='ocrx_word' id='word_1_622' title='bbox 1090 3350 1560 3428; x_wconf 49' lang='lat' dir='ltr'>etusacerdoiibrus</span> <span class='ocrx_word' id='word_1_623' title='bbox 1576 3350 1893 3440; x_wconf 66' lang='lat' dir='ltr'>liberatam,</span> <span class='ocrx_word' id='word_1_624' title='bbox 1919 3350 2083 3429; x_wconf 60' lang='lat' dir='ltr'>resti:</span> <span class='ocrx_word' id='word_1_625' title='bbox 2108 3350 2157 3427; x_wconf 65' lang='grc' dir='ltr'>ί]</span> <span class='ocrx_word' id='word_1_626' title='bbox 2178 3350 2337 3429; x_wconf 57' lang='grc' dir='ltr'>(1ίῖἆὲ</span> <span class='ocrx_word' id='word_1_627' title='bbox 2373 3350 2521 3442; x_wconf 51' lang='lat' dir='ltr'>suis:</span> <span class='ocrx_word' id='word_1_628' title='bbox 3569 3381 3780 3443; x_wconf 81' lang='lat' dir='ltr'>dicant,</span> 
     </span>
    </p>
   </div>
   <div class='ocr_carea' id='block_1_82' title="bbox 479 3447 2079 3513">
    <p class='ocr_par' dir='ltr' id='par_1_82' title="bbox 479 3447 2079 3513">
     <span class='ocr_line' id='line_1_82' title="bbox 479 3447 2079 3513; baseline 0.002 -13"><span class='ocrx_word' id='word_1_629' title='bbox 479 3451 577 3500; x_wconf 87' lang='lat' dir='ltr'>tue</span> <span class='ocrx_word' id='word_1_630' title='bbox 592 3447 907 3512; x_wconf 86' lang='lat' dir='ltr'>apassione</span> <span class='ocrx_word' id='word_1_631' title='bbox 926 3465 936 3499; x_wconf 91' lang='lat'>:</span> <span class='ocrx_word' id='word_1_632' title='bbox 956 3452 1021 3499; x_wconf 92' lang='lat' dir='ltr'>ut</span> <span class='ocrx_word' id='word_1_633' title='bbox 1042 3447 1220 3499; x_wconf 86' lang='lat' dir='ltr'>facias</span> <span class='ocrx_word' id='word_1_634' title='bbox 1237 3458 1366 3499; x_wconf 91' lang='lat' dir='ltr'>eam</span> <span class='ocrx_word' id='word_1_635' title='bbox 1382 3447 1667 3501; x_wconf 85' lang='lat' dir='ltr'>redditam</span> <span class='ocrx_word' id='word_1_636' title='bbox 1684 3449 1925 3513; x_wconf 90' lang='lat' dir='ltr'>corpori,</span> <span class='ocrx_word' id='word_1_637' title='bbox 1946 3462 2079 3503; x_wconf 93' lang='lat' dir='ltr'>cum</span> 
     </span>
    </p>
   </div>
   <div class='ocr_carea' id='block_1_83' title="bbox 476 3518 2077 3585">
    <p class='ocr_par' dir='ltr' id='par_1_83' title="bbox 476 3518 2077 3585">
     <span class='ocr_line' id='line_1_83' title="bbox 476 3518 2077 3585; baseline 0.002 -14"><span class='ocrx_word' id='word_1_638' title='bbox 476 3519 604 3585; x_wconf 89' lang='lat' dir='ltr'>ipso</span> <span class='ocrx_word' id='word_1_639' title='bbox 637 3531 869 3583; x_wconf 88' lang='lat' dir='ltr'>corpore</span> <span class='ocrx_word' id='word_1_640' title='bbox 891 3518 1274 3572; x_wconf 88' lang='lat' dir='ltr'>immortalem</span> <span class='ocrx_word' id='word_1_641' title='bbox 1310 3524 1370 3571; x_wconf 90' lang='lat' dir='ltr'>et</span> <span class='ocrx_word' id='word_1_642' title='bbox 1396 3520 1906 3584; x_wconf 88' lang='lat' dir='ltr'>incorruptibilem.</span> <span class='ocrx_word' id='word_1_643' title='bbox 1932 3523 2077 3584; x_wconf 88' lang='lat' dir='ltr'>Quid</span> 
     </span>
    </p>
   </div>
   <div class='ocr_carea' id='block_1_84' title="bbox 478 3591 2079 3656">
    <p class='ocr_par' dir='ltr' id='par_1_84' title="bbox 478 3591 2079 3656">
     <span class='ocr_line' id='line_1_84' title="bbox 478 3591 2079 3656; baseline 0.002 -13"><span class='ocrx_word' id='word_1_644' title='bbox 478 3592 700 3643; x_wconf 88' lang='lat' dir='ltr'>factura</span> <span class='ocrx_word' id='word_1_645' title='bbox 722 3604 800 3653; x_wconf 88' lang='lat' dir='ltr'>es,</span> <span class='ocrx_word' id='word_1_646' title='bbox 819 3603 853 3641; x_wconf 96' lang='lat' dir='ltr'>o</span> <span class='ocrx_word' id='word_1_647' title='bbox 866 3596 1067 3643; x_wconf 88' lang='lat' dir='ltr'>sancta</span> <span class='ocrx_word' id='word_1_648' title='bbox 1101 3591 1315 3655; x_wconf 86' lang='lat' dir='ltr'>anima,</span> <span class='ocrx_word' id='word_1_649' title='bbox 1331 3596 1641 3656; x_wconf 87' lang='lat' dir='ltr'>postquam</span> <span class='ocrx_word' id='word_1_650' title='bbox 1655 3596 2038 3647; x_wconf 85' lang='lat' dir='ltr'>resurrexeris</span> <span class='ocrx_word' id='word_1_651' title='bbox 2052 3599 2079 3646; x_wconf 81' lang='lat'><strong>?</strong></span> 
     </span>
    </p>
   </div>
   <div class='ocr_carea' id='block_1_85' title="bbox 543 3661 2080 3732">
    <p class='ocr_par' dir='ltr' id='par_1_85' title="bbox 543 3661 2080 3732">
     <span class='ocr_line' id='line_1_85' title="bbox 543 3661 2080 3732; baseline 0.003 -19"><span class='ocrx_word' id='word_1_652' title='bbox 543 3662 629 3717; x_wconf 89' lang='grc'>19.</span> <span class='ocrx_word' id='word_1_653' title='bbox 688 3662 987 3726; x_wconf 82' lang='lat' dir='ltr'>Conﬁtebor</span> <span class='ocrx_word' id='word_1_654' title='bbox 1010 3661 1105 3711; x_wconf 88' lang='lat' dir='ltr'>tibi</span> <span class='ocrx_word' id='word_1_655' title='bbox 1156 3664 1221 3712; x_wconf 84' lang='lat' dir='ltr'>in</span> <span class='ocrx_word' id='word_1_656' title='bbox 1261 3665 1474 3713; x_wconf 84' lang='lat' dir='ltr'>ecctesia</span> <span class='ocrx_word' id='word_1_657' title='bbox 1514 3679 1739 3728; x_wconf 86' lang='lat' dir='ltr'>magna,</span> <span class='ocrx_word' id='word_1_658' title='bbox 1786 3666 1846 3715; x_wconf 90' lang='lat' dir='ltr'>in</span> <span class='ocrx_word' id='word_1_659' title='bbox 1879 3669 2080 3732; x_wconf 79' lang='lat' dir='ltr'>populo</span> 
     </span>
    </p>
   </div>
   <div class='ocr_carea' id='block_1_86' title="bbox 479 3734 2082 3801">
    <p class='ocr_par' dir='ltr' id='par_1_86' title="bbox 479 3734 2082 3801">
     <span class='ocr_line' id='line_1_86' title="bbox 479 3734 2082 3801; baseline 0.006 -18"><span class='ocrx_word' id='word_1_660' title='bbox 479 3735 637 3800; x_wconf 84' lang='lat' dir='ltr'>gravi</span> <span class='ocrx_word' id='word_1_661' title='bbox 674 3735 905 3784; x_wconf 78' lang='lat' dir='ltr'>laudabo</span> <span class='ocrx_word' id='word_1_662' title='bbox 929 3741 989 3786; x_wconf 87' lang='lat' dir='ltr'>te.</span> <span class='ocrx_word' id='word_1_663' title='bbox 1016 3737 1106 3786; x_wconf 75' lang='lat' dir='ltr'>Fit</span> <span class='ocrx_word' id='word_1_664' title='bbox 1122 3734 1352 3798; x_wconf 83' lang='lat' dir='ltr'>quidem</span> <span class='ocrx_word' id='word_1_665' title='bbox 1370 3736 1478 3799; x_wconf 76' lang='lat' dir='ltr'>(Ea:</span> <span class='ocrx_word' id='word_1_666' title='bbox 1500 3738 1643 3801; x_wconf 87' lang='lat' dir='ltr'>Aug.</span> <span class='ocrx_word' id='word_1_667' title='bbox 1660 3752 1819 3788; x_wconf 82' lang='lat' dir='ltr'>serm.</span> <span class='ocrx_word' id='word_1_668' title='bbox 1846 3737 1921 3801; x_wconf 80' lang='lat'>‘2.)</span> <span class='ocrx_word' id='word_1_669' title='bbox 1944 3753 2082 3792; x_wconf 86' lang='lat' dir='ltr'>con-</span> 
     </span>
    </p>
   </div>
   <div class='ocr_carea' id='block_1_87' title="bbox 479 3806 2082 3870">
    <p class='ocr_par' dir='ltr' id='par_1_87' title="bbox 479 3806 2082 3870">
     <span class='ocr_line' id='line_1_87' title="bbox 479 3806 2082 3870; baseline 0.004 -13"><span class='ocrx_word' id='word_1_670' title='bbox 479 3807 652 3859; x_wconf 85' lang='lat' dir='ltr'>fessio</span> <span class='ocrx_word' id='word_1_671' title='bbox 667 3806 723 3858; x_wconf 89' lang='lat' dir='ltr'>in</span> <span class='ocrx_word' id='word_1_672' title='bbox 744 3806 904 3858; x_wconf 92' lang='lat' dir='ltr'>omni</span> <span class='ocrx_word' id='word_1_673' title='bbox 917 3807 1305 3870; x_wconf 87' lang='lat' dir='ltr'>multitudine,</span> <span class='ocrx_word' id='word_1_674' title='bbox 1325 3808 1424 3859; x_wconf 91' lang='lat' dir='ltr'>sed</span> <span class='ocrx_word' id='word_1_675' title='bbox 1445 3808 1509 3860; x_wconf 94' lang='lat' dir='ltr'>in</span> <span class='ocrx_word' id='word_1_676' title='bbox 1524 3811 1796 3861; x_wconf 92' lang='lat' dir='ltr'>omnibus</span> <span class='ocrx_word' id='word_1_677' title='bbox 1812 3809 2082 3864; x_wconf 88' lang='lat' dir='ltr'>laudatur</span> 
     </span>
    </p>
   </div>
   <div class='ocr_carea' id='block_1_88' title="bbox 489 3876 2082 3946">
    <p class='ocr_par' dir='ltr' id='par_1_88' title="bbox 489 3876 2082 3946">
     <span class='ocr_line' id='line_1_88' title="bbox 489 3876 2082 3946; baseline 0.001 -13"><span class='ocrx_word' id='word_1_678' title='bbox 489 3876 637 3946; x_wconf 87' lang='lat' dir='ltr'>I57</span> <span class='ocrx_word' id='word_1_679' title='bbox 666 3880 837 3932; x_wconf 88' lang='lat' dir='ltr'>Deus.</span> <span class='ocrx_word' id='word_1_680' title='bbox 862 3881 929 3930; x_wconf 93' lang='lat' dir='ltr'>In</span> <span class='ocrx_word' id='word_1_681' title='bbox 950 3879 1063 3930; x_wconf 87' lang='lat' dir='ltr'>ista</span> <span class='ocrx_word' id='word_1_682' title='bbox 1083 3881 1236 3930; x_wconf 88' lang='lat' dir='ltr'>enim</span> <span class='ocrx_word' id='word_1_683' title='bbox 1248 3893 1464 3946; x_wconf 90' lang='lat' dir='ltr'>magna</span> <span class='ocrx_word' id='word_1_684' title='bbox 1479 3881 1733 3934; x_wconf 86' lang='lat' dir='ltr'>Ecclesia</span> <span class='ocrx_word' id='word_1_685' title='bbox 1758 3887 1876 3935; x_wconf 91' lang='lat' dir='ltr'>toto</span> <span class='ocrx_word' id='word_1_686' title='bbox 1904 3887 2082 3937; x_wconf 87' lang='lat' dir='ltr'>terra-</span> 
     </span>
    </p>
   </div>
   <div class='ocr_carea' id='block_1_89' title="bbox 479 3950 2081 4019">
    <p class='ocr_par' dir='ltr' id='par_1_89' title="bbox 479 3950 2081 4019">
     <span class='ocr_line' id='line_1_89' title="bbox 479 3950 2081 4019; baseline 0.004 -17"><span class='ocrx_word' id='word_1_687' title='bbox 479 3963 610 4003; x_wconf 92' lang='lat' dir='ltr'>rum</span> <span class='ocrx_word' id='word_1_688' title='bbox 651 3953 788 4004; x_wconf 93' lang='lat' dir='ltr'>orbe</span> <span class='ocrx_word' id='word_1_689' title='bbox 817 3950 1046 4011; x_wconf 76' lang='lat' dir='ltr'>ditl‘usa,</span> <span class='ocrx_word' id='word_1_690' title='bbox 1079 3952 1239 4016; x_wconf 86' lang='lat' dir='ltr'>palea</span> <span class='ocrx_word' id='word_1_691' title='bbox 1271 3958 1382 4019; x_wconf 88' lang='lat' dir='ltr'>est,</span> <span class='ocrx_word' id='word_1_692' title='bbox 1416 3958 1475 4006; x_wconf 90' lang='lat' dir='ltr'>et</span> <span class='ocrx_word' id='word_1_693' title='bbox 1503 3953 1877 4007; x_wconf 84' lang='lat' dir='ltr'>frumentum.</span> <span class='ocrx_word' id='word_1_694' title='bbox 1913 3957 2081 4009; x_wconf 89' lang='lat' dir='ltr'>Palea</span> 
     </span>
    </p>
   </div>
   <div class='ocr_carea' id='block_1_90' title="bbox 478 4022 2080 4093">
    <p class='ocr_par' dir='ltr' id='par_1_90' title="bbox 478 4022 2080 4093">
     <span class='ocr_line' id='line_1_90' title="bbox 478 4022 2080 4093; baseline 0.001 -17"><span class='ocrx_word' id='word_1_695' title='bbox 478 4022 652 4089; x_wconf 89' lang='lat' dir='ltr'>volat,</span> <span class='ocrx_word' id='word_1_696' title='bbox 675 4023 1036 4077; x_wconf 82' lang='lat' dir='ltr'>frumentum</span> <span class='ocrx_word' id='word_1_697' title='bbox 1061 4032 1249 4078; x_wconf 88' lang='lat' dir='ltr'>manet</span> <span class='ocrx_word' id='word_1_698' title='bbox 1283 4027 1491 4091; x_wconf 82' lang='lat' dir='ltr'><strong><em>(Matth.</em></strong></span> <span class='ocrx_word' id='word_1_699' title='bbox 1520 4024 1611 4088; x_wconf 87' lang='lat'>3.).</span> <span class='ocrx_word' id='word_1_700' title='bbox 1636 4028 1819 4093; x_wconf 92' lang='lat' dir='ltr'>Igitur</span> <span class='ocrx_word' id='word_1_701' title='bbox 1840 4028 1901 4076; x_wconf 81' lang='lat' dir='ltr'>in</span> <span class='ocrx_word' id='word_1_702' title='bbox 1923 4029 2080 4091; x_wconf 79' lang='lat' dir='ltr'>gravi</span> 
     </span>
    </p>
   </div>
   <div class='ocr_carea' id='block_1_91' title="bbox 476 4097 2079 4161">
    <p class='ocr_par' dir='ltr' id='par_1_91' title="bbox 476 4097 2079 4161">
     <span class='ocr_line' id='line_1_91' title="bbox 476 4097 2079 4161; baseline 0.004 -16"><span class='ocrx_word' id='word_1_703' title='bbox 476 4097 696 4161; x_wconf 80' lang='lat' dir='ltr'>populo,</span> <span class='ocrx_word' id='word_1_704' title='bbox 726 4109 904 4160; x_wconf 91' lang='lat' dir='ltr'>quem</span> <span class='ocrx_word' id='word_1_705' title='bbox 928 4101 1140 4150; x_wconf 89' lang='lat' dir='ltr'>ventus</span> <span class='ocrx_word' id='word_1_706' title='bbox 1164 4099 1500 4152; x_wconf 89' lang='lat' dir='ltr'>tentationis</span> <span class='ocrx_word' id='word_1_707' title='bbox 1523 4112 1643 4152; x_wconf 87' lang='lat' dir='ltr'>non</span> <span class='ocrx_word' id='word_1_708' title='bbox 1663 4101 1870 4160; x_wconf 87' lang='lat' dir='ltr'>aufert,</span> <span class='ocrx_word' id='word_1_709' title='bbox 1893 4099 1955 4151; x_wconf 92' lang='lat' dir='ltr'>in</span> <span class='ocrx_word' id='word_1_710' title='bbox 1986 4101 2079 4152; x_wconf 90' lang='lat' dir='ltr'>his</span> 
     </span>
    </p>
   </div>
   <div class='ocr_carea' id='block_1_92' title="bbox 479 4167 2077 4236">
    <p class='ocr_par' dir='ltr' id='par_1_92' title="bbox 479 4167 2077 4236">
     <span class='ocr_line' id='line_1_92' title="bbox 479 4167 2077 4236; baseline 0.003 -16"><span class='ocrx_word' id='word_1_711' title='bbox 479 4171 637 4222; x_wconf 90' lang='lat' dir='ltr'>Deus</span> <span class='ocrx_word' id='word_1_712' title='bbox 653 4167 939 4221; x_wconf 89' lang='lat' dir='ltr'>laudatur.</span> <span class='ocrx_word' id='word_1_713' title='bbox 961 4171 1105 4222; x_wconf 88' lang='lat' dir='ltr'>Nam</span> <span class='ocrx_word' id='word_1_714' title='bbox 1122 4172 1180 4223; x_wconf 92' lang='lat' dir='ltr'>in</span> <span class='ocrx_word' id='word_1_715' title='bbox 1201 4170 1364 4236; x_wconf 90' lang='lat' dir='ltr'>palea</span> <span class='ocrx_word' id='word_1_716' title='bbox 1379 4184 1605 4236; x_wconf 88' lang='lat' dir='ltr'>semper</span> <span class='ocrx_word' id='word_1_717' title='bbox 1626 4172 2077 4236; x_wconf 87' lang='lat' dir='ltr'>blasphematur.</span> 
     </span>
    </p>
   </div>
   <div class='ocr_carea' id='block_1_93' title="bbox 478 4239 1089 4305">
    <p class='ocr_par' dir='ltr' id='par_1_93' title="bbox 478 4239 1089 4305">
     <span class='ocr_line' id='line_1_93' title="bbox 478 4239 1089 4305; baseline 0.002 -12"><span class='ocrx_word' id='word_1_718' title='bbox 478 4242 548 4293; x_wconf 85' lang='lat' dir='ltr'>Et</span> <span class='ocrx_word' id='word_1_719' title='bbox 575 4240 710 4305; x_wconf 88' lang='lat' dir='ltr'>quia</span> <span class='ocrx_word' id='word_1_720' title='bbox 727 4239 973 4293; x_wconf 89' lang='lat' dir='ltr'>laudabo</span> <span class='ocrx_word' id='word_1_721' title='bbox 1000 4246 1089 4294; x_wconf 90' lang='lat' dir='ltr'>te:</span> 
     </span>
    </p>
   </div>
   <div class='ocr_carea' id='block_1_94' title="bbox 538 4312 2081 4379">
    <p class='ocr_par' dir='ltr' id='par_1_94' title="bbox 538 4312 2081 4379">
     <span class='ocr_line' id='line_1_94' title="bbox 538 4312 2081 4379; baseline 0.001 -12"><span class='ocrx_word' id='word_1_722' title='bbox 538 4312 627 4367; x_wconf 79' lang='grc'>20.</span> <span class='ocrx_word' id='word_1_723' title='bbox 652 4312 781 4363; x_wconf 84' lang='grc' dir='ltr'>Νοη</span> <span class='ocrx_word' id='word_1_724' title='bbox 812 4313 1250 4378; x_wconf 84' lang='lat' dir='ltr'>supergaudeant</span> <span class='ocrx_word' id='word_1_725' title='bbox 1268 4314 1411 4363; x_wconf 84' lang='lat' dir='ltr'>mihi</span> <span class='ocrx_word' id='word_1_726' title='bbox 1432 4314 1532 4379; x_wconf 90' lang='lat' dir='ltr'>qui</span> <span class='ocrx_word' id='word_1_727' title='bbox 1556 4315 1916 4366; x_wconf 77' lang='lat' dir='ltr'>adversantur</span> <span class='ocrx_word' id='word_1_728' title='bbox 1937 4318 2081 4369; x_wconf 86' lang='lat' dir='ltr'>mihi</span> 
     </span>
    </p>
   </div>
   <div class='ocr_carea' id='block_1_95' title="bbox 476 4385 2080 4450">
    <p class='ocr_par' dir='ltr' id='par_1_95' title="bbox 476 4385 2080 4450">
     <span class='ocr_line' id='line_1_95' title="bbox 476 4385 2080 4450; baseline 0.005 -15"><span class='ocrx_word' id='word_1_729' title='bbox 476 4385 681 4450; x_wconf 81' lang='lat' dir='ltr'>inique,</span> <span class='ocrx_word' id='word_1_730' title='bbox 708 4388 804 4450; x_wconf 88' lang='lat' dir='ltr'>qui</span> <span class='ocrx_word' id='word_1_731' title='bbox 826 4388 1054 4436; x_wconf 85' lang='lat' dir='ltr'>oderunt</span> <span class='ocrx_word' id='word_1_732' title='bbox 1077 4400 1162 4434; x_wconf 88' lang='lat' dir='ltr'>me</span> <span class='ocrx_word' id='word_1_733' title='bbox 1183 4386 1373 4449; x_wconf 82' lang='lat' dir='ltr'>gratis,</span> <span class='ocrx_word' id='word_1_734' title='bbox 1398 4393 1443 4436; x_wconf 86' lang='lat' dir='ltr'>et</span> <span class='ocrx_word' id='word_1_735' title='bbox 1468 4393 1727 4438; x_wconf 86' lang='lat' dir='ltr'>annuunt</span> <span class='ocrx_word' id='word_1_736' title='bbox 1753 4390 1933 4441; x_wconf 81' lang='lat' dir='ltr'>oculis.</span> <span class='ocrx_word' id='word_1_737' title='bbox 1970 4392 2080 4442; x_wconf 86' lang='lat' dir='ltr'>Su-</span> 
     </span>
    </p>
   </div>
   <div class='ocr_carea' id='block_1_96' title="bbox 475 4454 2077 4525">
    <p class='ocr_par' dir='ltr' id='par_1_96' title="bbox 475 4454 2077 4525">
     <span class='ocr_line' id='line_1_96' title="bbox 475 4454 2077 4525; baseline 0.002 -15"><span class='ocrx_word' id='word_1_738' title='bbox 475 4458 896 4523; x_wconf 85' lang='lat' dir='ltr'>pergauderent</span> <span class='ocrx_word' id='word_1_739' title='bbox 918 4457 1176 4521; x_wconf 87' lang='lat' dir='ltr'>quidem,</span> <span class='ocrx_word' id='word_1_740' title='bbox 1202 4460 1248 4509; x_wconf 87' lang='lat' dir='ltr'>si</span> <span class='ocrx_word' id='word_1_741' title='bbox 1275 4454 1535 4511; x_wconf 78' lang='lat' dir='ltr'>Christus</span> <span class='ocrx_word' id='word_1_742' title='bbox 1558 4472 1678 4511; x_wconf 93' lang='lat' dir='ltr'>non</span> <span class='ocrx_word' id='word_1_743' title='bbox 1712 4467 2038 4525; x_wconf 79' lang='lat' dir='ltr'>resurgeret</span> <span class='ocrx_word' id='word_1_744' title='bbox 2064 4477 2077 4514; x_wconf 91' lang='lat'><strong>:</strong></span> 
     </span>
    </p>
   </div>
   <div class='ocr_carea' id='block_1_97' title="bbox 476 4528 2082 4594">
    <p class='ocr_par' dir='ltr' id='par_1_97' title="bbox 476 4528 2082 4594">
     <span class='ocr_line' id='line_1_97' title="bbox 476 4528 2082 4594; baseline 0.003 -13"><span class='ocrx_word' id='word_1_745' title='bbox 476 4528 581 4582; x_wconf 90' lang='lat' dir='ltr'>sed</span> <span class='ocrx_word' id='word_1_746' title='bbox 595 4530 733 4594; x_wconf 89' lang='lat' dir='ltr'>quia</span> <span class='ocrx_word' id='word_1_747' title='bbox 756 4530 1092 4591; x_wconf 83' lang='lat' dir='ltr'>resurrexit,</span> <span class='ocrx_word' id='word_1_748' title='bbox 1110 4529 1388 4594; x_wconf 88' lang='lat' dir='ltr'>gaudium</span> <span class='ocrx_word' id='word_1_749' title='bbox 1405 4544 1604 4584; x_wconf 90' lang='lat' dir='ltr'>eorum</span> <span class='ocrx_word' id='word_1_750' title='bbox 1623 4546 1970 4586; x_wconf 89' lang='lat' dir='ltr'>conversum</span> <span class='ocrx_word' id='word_1_751' title='bbox 1989 4540 2082 4587; x_wconf 89' lang='lat' dir='ltr'>est</span> 
     </span>
    </p>
   </div>
   <div class='ocr_carea' id='block_1_98' title="bbox 474 4599 2077 4669">
    <p class='ocr_par' dir='ltr' id='par_1_98' title="bbox 474 4599 2077 4669">
     <span class='ocr_line' id='line_1_98' title="bbox 474 4599 2077 4669; baseline 0.004 -19"><span class='ocrx_word' id='word_1_752' title='bbox 474 4599 537 4651; x_wconf 92' lang='lat' dir='ltr'>in</span> <span class='ocrx_word' id='word_1_753' title='bbox 556 4599 799 4653; x_wconf 87' lang='lat' dir='ltr'>luctum.</span> <span class='ocrx_word' id='word_1_754' title='bbox 825 4602 977 4652; x_wconf 89' lang='lat' dir='ltr'>Bene</span> <span class='ocrx_word' id='word_1_755' title='bbox 992 4606 1191 4653; x_wconf 90' lang='lat' dir='ltr'>autem</span> <span class='ocrx_word' id='word_1_756' title='bbox 1206 4603 1304 4666; x_wconf 88' lang='lat' dir='ltr'>ait,</span> <span class='ocrx_word' id='word_1_757' title='bbox 1322 4603 1456 4666; x_wconf 87' lang='lat' dir='ltr'>quia</span> <span class='ocrx_word' id='word_1_758' title='bbox 1469 4604 1668 4669; x_wconf 89' lang='lat' dir='ltr'>inique</span> <span class='ocrx_word' id='word_1_759' title='bbox 1689 4606 2077 4658; x_wconf 87' lang='lat' dir='ltr'>adversaban-</span> 
     </span>
    </p>
   </div>
   <div class='ocr_carea' id='block_1_99' title="bbox 479 4672 2079 4740">
    <p class='ocr_par' dir='ltr' id='par_1_99' title="bbox 479 4672 2079 4740">
     <span class='ocr_line' id='line_1_99' title="bbox 479 4672 2079 4740; baseline 0.004 -17"><span class='ocrx_word' id='word_1_760' title='bbox 479 4676 573 4724; x_wconf 87' lang='lat' dir='ltr'>tur</span> <span class='ocrx_word' id='word_1_761' title='bbox 607 4672 679 4736; x_wconf 90' lang='lat' dir='ltr'>ei,</span> <span class='ocrx_word' id='word_1_762' title='bbox 716 4672 934 4724; x_wconf 87' lang='lat' dir='ltr'>scilicet</span> <span class='ocrx_word' id='word_1_763' title='bbox 955 4685 1075 4724; x_wconf 93' lang='lat' dir='ltr'>non</span> <span class='ocrx_word' id='word_1_764' title='bbox 1095 4685 1170 4724; x_wconf 83' lang='lat' dir='ltr'>ex</span> <span class='ocrx_word' id='word_1_765' title='bbox 1192 4685 1402 4740; x_wconf 91' lang='lat' dir='ltr'>amore,</span> <span class='ocrx_word' id='word_1_766' title='bbox 1422 4676 1523 4727; x_wconf 91' lang='lat' dir='ltr'>sed</span> <span class='ocrx_word' id='word_1_767' title='bbox 1546 4676 1761 4729; x_wconf 81' lang='lat' dir='ltr'>exodio</span> <span class='ocrx_word' id='word_1_768' title='bbox 1787 4689 1935 4729; x_wconf 88' lang='lat' dir='ltr'>:non</span> <span class='ocrx_word' id='word_1_769' title='bbox 1957 4682 2079 4729; x_wconf 90' lang='lat' dir='ltr'>stu-</span> 
     </span>
    </p>
   </div>
   <div class='ocr_carea' id='block_1_100' title="bbox 2179 3452 3783 3521">
    <p class='ocr_par' dir='ltr' id='par_1_100' title="bbox 2179 3452 3783 3521">
     <span class='ocr_line' id='line_1_100' title="bbox 2179 3452 3783 3521; baseline 0.001 -19"><span class='ocrx_word' id='word_1_770' title='bbox 2179 3454 2566 3503; x_wconf 80' lang='lat' dir='ltr'>Devoravimus</span> <span class='ocrx_word' id='word_1_771' title='bbox 2588 3468 2711 3503; x_wconf 88' lang='lat' dir='ltr'>eum</span> <span class='ocrx_word' id='word_1_772' title='bbox 2738 3455 2752 3519; x_wconf 93' lang='lat'>(</span> <span class='ocrx_word' id='word_1_773' title='bbox 2766 3455 2959 3506; x_wconf 85' lang='lat' dir='ltr'>Thren.</span> <span class='ocrx_word' id='word_1_774' title='bbox 2983 3454 3076 3521; x_wconf 72' lang='grc'><strong>2.).</strong></span> <span class='ocrx_word' id='word_1_775' title='bbox 3103 3456 3167 3509; x_wconf 87' lang='lat' dir='ltr'>Id</span> <span class='ocrx_word' id='word_1_776' title='bbox 3192 3460 3285 3509; x_wconf 91' lang='lat' dir='ltr'>est</span> <span class='ocrx_word' id='word_1_777' title='bbox 3306 3457 3542 3509; x_wconf 89' lang='lat' dir='ltr'>omnino</span> <span class='ocrx_word' id='word_1_778' title='bbox 3563 3452 3783 3506; x_wconf 70' lang='lat' dir='ltr'>delevi-</span> 
     </span>
    </p>
   </div>
   <div class='ocr_carea' id='block_1_101' title="bbox 2177 3526 3778 3595">
    <p class='ocr_par' dir='ltr' id='par_1_101' title="bbox 2177 3526 3778 3595">
     <span class='ocr_line' id='line_1_101' title="bbox 2177 3526 3778 3595; baseline -0.001 -19"><span class='ocrx_word' id='word_1_779' title='bbox 2177 3537 2331 3577; x_wconf 90' lang='lat' dir='ltr'>mus.</span> <span class='ocrx_word' id='word_1_780' title='bbox 2345 3526 2510 3588; x_wconf 88' lang='lat' dir='ltr'>Quod</span> <span class='ocrx_word' id='word_1_781' title='bbox 2521 3527 2757 3591; x_wconf 91' lang='lat' dir='ltr'>quidem</span> <span class='ocrx_word' id='word_1_782' title='bbox 2766 3539 2875 3580; x_wconf 90' lang='lat' dir='ltr'>nec</span> <span class='ocrx_word' id='word_1_783' title='bbox 2885 3530 3067 3581; x_wconf 88' lang='lat' dir='ltr'>facere</span> <span class='ocrx_word' id='word_1_784' title='bbox 3077 3533 3408 3595; x_wconf 89' lang='lat' dir='ltr'>potuerunt,</span> <span class='ocrx_word' id='word_1_785' title='bbox 3421 3527 3653 3594; x_wconf 83' lang='lat' dir='ltr'>quando</span> <span class='ocrx_word' id='word_1_786' title='bbox 3663 3541 3778 3576; x_wconf 84' lang='lat' dir='ltr'>eum</span> 
     </span>
    </p>
   </div>
   <div class='ocr_carea' id='block_1_102' title="bbox 2178 3598 3781 3667">
    <p class='ocr_par' dir='ltr' id='par_1_102' title="bbox 2178 3598 3781 3667">
     <span class='ocr_line' id='line_1_102' title="bbox 2178 3598 3781 3667; baseline 0 -18"><span class='ocrx_word' id='word_1_787' title='bbox 2178 3598 2569 3650; x_wconf 81' lang='lat' dir='ltr'>resurrexisse</span> <span class='ocrx_word' id='word_1_788' title='bbox 2586 3600 2913 3652; x_wconf 89' lang='lat' dir='ltr'>audierunt.</span> <span class='ocrx_word' id='word_1_789' title='bbox 2936 3604 3077 3655; x_wconf 71' lang='lat' dir='ltr'>Hinc</span> <span class='ocrx_word' id='word_1_790' title='bbox 3104 3614 3335 3667; x_wconf 89' lang='lat' dir='ltr'>quoque</span> <span class='ocrx_word' id='word_1_791' title='bbox 3350 3615 3465 3654; x_wconf 90' lang='lat' dir='ltr'>non</span> <span class='ocrx_word' id='word_1_792' title='bbox 3480 3600 3699 3652; x_wconf 90' lang='lat' dir='ltr'>dubius</span> <span class='ocrx_word' id='word_1_793' title='bbox 3711 3598 3781 3650; x_wconf 91' lang='lat' dir='ltr'>de</span> 
     </span>
    </p>
   </div>
   <div class='ocr_carea' id='block_1_103' title="bbox 2180 3672 3779 3741">
    <p class='ocr_par' dir='ltr' id='par_1_103' title="bbox 2180 3672 3779 3741">
     <span class='ocr_line' id='line_1_103' title="bbox 2180 3672 3779 3741; baseline 0.001 -19"><span class='ocrx_word' id='word_1_794' title='bbox 2180 3682 2241 3722; x_wconf 89' lang='lat' dir='ltr'>se</span> <span class='ocrx_word' id='word_1_795' title='bbox 2254 3674 2400 3735; x_wconf 89' lang='lat' dir='ltr'>orat,</span> <span class='ocrx_word' id='word_1_796' title='bbox 2428 3684 2491 3723; x_wconf 88' lang='lat' dir='ltr'>se</span> <span class='ocrx_word' id='word_1_797' title='bbox 2514 3675 2580 3723; x_wconf 90' lang='lat' dir='ltr'>ut</span> <span class='ocrx_word' id='word_1_798' title='bbox 2606 3672 2773 3725; x_wconf 90' lang='lat' dir='ltr'>nobis</span> <span class='ocrx_word' id='word_1_799' title='bbox 2800 3674 3132 3740; x_wconf 83' lang='lat' dir='ltr'>exemplum</span> <span class='ocrx_word' id='word_1_800' title='bbox 3156 3675 3354 3730; x_wconf 85' lang='lat' dir='ltr'>orandi</span> <span class='ocrx_word' id='word_1_801' title='bbox 3375 3676 3674 3741; x_wconf 88' lang='lat' dir='ltr'>proponat.</span> <span class='ocrx_word' id='word_1_802' title='bbox 3701 3672 3779 3722; x_wconf 89' lang='lat' dir='ltr'>De</span> 
     </span>
    </p>
   </div>
   <div class='ocr_carea' id='block_1_104' title="bbox 2177 3743 3777 3866">
    <p class='ocr_par' dir='ltr' id='par_1_104' title="bbox 2177 3743 3777 3866">
     <span class='ocr_line' id='line_1_104' title="bbox 2177 3743 3777 3866; baseline 0.006 -73"><span class='ocrx_word' id='word_1_803' title='bbox 2177 3743 2392 3866; x_wconf 49' lang='lat' dir='ltr'>flatibrus</span> <span class='ocrx_word' id='word_1_804' title='bbox 2410 3745 2601 3809; x_wconf 88' lang='lat' dir='ltr'>etiam,</span> <span class='ocrx_word' id='word_1_805' title='bbox 2628 3749 2692 3797; x_wconf 89' lang='lat' dir='ltr'>ut</span> <span class='ocrx_word' id='word_1_806' title='bbox 2715 3752 3147 3809; x_wconf 87' lang='lat' dir='ltr'>convertantur.</span> <span class='ocrx_word' id='word_1_807' title='bbox 3170 3755 3451 3818; x_wconf 87' lang='lat' dir='ltr'>postulat:</span> <span class='ocrx_word' id='word_1_808' title='bbox 3479 3766 3616 3807; x_wconf 90' lang='lat' dir='ltr'>cum</span> <span class='ocrx_word' id='word_1_809' title='bbox 3643 3753 3777 3806; x_wconf 86' lang='lat' dir='ltr'>sub-</span> 
     </span>
     <span class='ocr_line' id='line_1_105' title="bbox 2219 3828 2363 3866; baseline 0.007 -1"><span class='ocrx_word' id='word_1_810' title='bbox 2219 3828 2236 3865; x_wconf 94' lang='lat' dir='ltr'>l</span> <span class='ocrx_word' id='word_1_811' title='bbox 2268 3828 2306 3866; x_wconf 93' lang='lat' dir='ltr'>u</span> <span class='ocrx_word' id='word_1_812' title='bbox 2350 3830 2363 3866; x_wconf 87' lang='lat'><strong>:</strong></span> 
     </span>
    </p>
   </div>
   <div class='ocr_carea' id='block_1_105' title="bbox 2219 3828 2363 3867">
    <p class='ocr_par' dir='ltr' id='par_1_105' title="bbox 2219 3828 2363 3867">
     <span class='ocr_line' id='line_1_106' title="bbox 2219 3828 2363 3867; baseline 0.014 -2"><span class='ocrx_word' id='word_1_813' title='bbox 2219 3828 2363 3867; x_wconf 69' lang='grc' dir='ltr'>ιιυιιε</span> 
     </span>
    </p>
   </div>
   <div class='ocr_carea' id='block_1_106' title="bbox 2240 3886 3781 3964">
    <p class='ocr_par' dir='ltr' id='par_1_106' title="bbox 2240 3886 3781 3964">
     <span class='ocr_line' id='line_1_107' title="bbox 2240 3886 3781 3964; baseline 0.001 -23"><span class='ocrx_word' id='word_1_814' title='bbox 2240 3886 2328 3941; x_wconf 75' lang='grc'><strong>27.</strong></span> <span class='ocrx_word' id='word_1_815' title='bbox 2364 3886 2697 3964; x_wconf 61' lang='grc' dir='ltr'>[ξταὺοεραηι</span> <span class='ocrx_word' id='word_1_816' title='bbox 2721 3893 2767 3939; x_wconf 87' lang='lat' dir='ltr'>et</span> <span class='ocrx_word' id='word_1_817' title='bbox 2792 3898 3138 3964; x_wconf 70' lang='lat' dir='ltr'>revereantur</span> <span class='ocrx_word' id='word_1_818' title='bbox 3157 3897 3341 3958; x_wconf 81' lang='lat' dir='ltr'>simul,</span> <span class='ocrx_word' id='word_1_819' title='bbox 3366 3898 3463 3963; x_wconf 88' lang='lat' dir='ltr'>qui</span> <span class='ocrx_word' id='word_1_820' title='bbox 3490 3897 3781 3964; x_wconf 76' lang='lat' dir='ltr'>gratulan—</span> 
     </span>
    </p>
   </div>
   <div class='ocr_carea' id='block_1_107' title="bbox 2178 3958 3779 4030">
    <p class='ocr_par' dir='ltr' id='par_1_107' title="bbox 2178 3958 3779 4030">
     <span class='ocr_line' id='line_1_108' title="bbox 2178 3958 3779 4030; baseline 0.007 -23"><span class='ocrx_word' id='word_1_821' title='bbox 2178 3963 2269 4008; x_wconf 86' lang='lat' dir='ltr'>tur</span> <span class='ocrx_word' id='word_1_822' title='bbox 2292 3958 2453 4009; x_wconf 85' lang='lat' dir='ltr'>matis</span> <span class='ocrx_word' id='word_1_823' title='bbox 2477 3960 2627 4012; x_wconf 84' lang='lat' dir='ltr'>meis.</span> <span class='ocrx_word' id='word_1_824' title='bbox 2652 3962 2737 4012; x_wconf 84' lang='lat' dir='ltr'>Ac</span> <span class='ocrx_word' id='word_1_825' title='bbox 2761 3961 2810 4013; x_wconf 88' lang='lat' dir='ltr'>si</span> <span class='ocrx_word' id='word_1_826' title='bbox 2825 3962 3055 4030; x_wconf 88' lang='lat' dir='ltr'>diceret,</span> <span class='ocrx_word' id='word_1_827' title='bbox 3081 3958 3474 4023; x_wconf 50' lang='lat' dir='ltr'>Pmnitean&#39;tet</span> <span class='ocrx_word' id='word_1_828' title='bbox 3491 3958 3779 4023; x_wconf 75' lang='lat' dir='ltr'>honorent</span> 
     </span>
    </p>
   </div>
   <div class='ocr_carea' id='block_1_108' title="bbox 2172 4031 3776 4103">
    <p class='ocr_par' dir='ltr' id='par_1_108' title="bbox 2172 4031 3776 4103">
     <span class='ocr_line' id='line_1_109' title="bbox 2172 4031 3776 4103; baseline 0.007 -22"><span class='ocrx_word' id='word_1_829' title='bbox 2172 4043 2288 4095; x_wconf 89' lang='lat' dir='ltr'>me,</span> <span class='ocrx_word' id='word_1_830' title='bbox 2309 4032 2407 4096; x_wconf 91' lang='lat' dir='ltr'>qui</span> <span class='ocrx_word' id='word_1_831' title='bbox 2420 4031 2492 4083; x_wconf 90' lang='lat' dir='ltr'>de</span> <span class='ocrx_word' id='word_1_832' title='bbox 2510 4044 2639 4084; x_wconf 90' lang='lat' dir='ltr'>mea</span> <span class='ocrx_word' id='word_1_833' title='bbox 2657 4033 2843 4097; x_wconf 88' lang='lat' dir='ltr'>gavisi</span> <span class='ocrx_word' id='word_1_834' title='bbox 2861 4038 3295 4103; x_wconf 90' lang='lat' dir='ltr'>suntpassione.</span> <span class='ocrx_word' id='word_1_835' title='bbox 3318 4042 3463 4094; x_wconf 88' lang='lat' dir='ltr'>Hinc</span> <span class='ocrx_word' id='word_1_836' title='bbox 3480 4047 3574 4095; x_wconf 89' lang='lat' dir='ltr'>est</span> <span class='ocrx_word' id='word_1_837' title='bbox 3588 4043 3776 4101; x_wconf 88' lang='lat' dir='ltr'>etiam,</span> 
     </span>
    </p>
   </div>
   <div class='ocr_carea' id='block_1_109' title="bbox 2178 4104 3779 4180">
    <p class='ocr_par' dir='ltr' id='par_1_109' title="bbox 2178 4104 3779 4180">
     <span class='ocr_line' id='line_1_110' title="bbox 2178 4104 3779 4180; baseline 0.006 -26"><span class='ocrx_word' id='word_1_838' title='bbox 2178 4104 2335 4180; x_wconf 85' lang='lat' dir='ltr'>quod</span> <span class='ocrx_word' id='word_1_839' title='bbox 2356 4117 2464 4180; x_wconf 85' lang='lat' dir='ltr'>nos</span> <span class='ocrx_word' id='word_1_840' title='bbox 2491 4104 2767 4180; x_wconf 76' lang='lat' dir='ltr'>admonet</span> <span class='ocrx_word' id='word_1_841' title='bbox 2790 4108 2920 4171; x_wconf 91' lang='lat' dir='ltr'>pius</span> <span class='ocrx_word' id='word_1_842' title='bbox 2951 4112 3233 4166; x_wconf 91' lang='lat' dir='ltr'>Dominus</span> <span class='ocrx_word' id='word_1_843' title='bbox 3256 4116 3315 4167; x_wconf 92' lang='lat' dir='ltr'>in</span> <span class='ocrx_word' id='word_1_844' title='bbox 3340 4113 3654 4180; x_wconf 88' lang='lat' dir='ltr'>Evangelio</span> <span class='ocrx_word' id='word_1_845' title='bbox 3678 4126 3779 4165; x_wconf 91' lang='lat' dir='ltr'>suo</span> 
     </span>
    </p>
   </div>
   <div class='ocr_carea' id='block_1_110' title="bbox 2177 4176 3776 4251">
    <p class='ocr_par' dir='ltr' id='par_1_110' title="bbox 2177 4176 3776 4251">
     <span class='ocr_line' id='line_1_111' title="bbox 2177 4176 3776 4251; baseline 0.008 -24"><span class='ocrx_word' id='word_1_846' title='bbox 2177 4176 2400 4251; x_wconf 74' lang='lat' dir='ltr'>dicens,</span> <span class='ocrx_word' id='word_1_847' title='bbox 2412 4177 2468 4228; x_wconf 92' lang='lat' dir='ltr'>Si</span> <span class='ocrx_word' id='word_1_848' title='bbox 2481 4176 2714 4251; x_wconf 84' lang='lat' dir='ltr'>diligitis</span> <span class='ocrx_word' id='word_1_849' title='bbox 2725 4191 2843 4239; x_wconf 89' lang='lat' dir='ltr'>eos,</span> <span class='ocrx_word' id='word_1_850' title='bbox 2859 4183 2956 4244; x_wconf 92' lang='lat' dir='ltr'>qui</span> <span class='ocrx_word' id='word_1_851' title='bbox 2969 4194 3070 4234; x_wconf 89' lang='lat' dir='ltr'>vos</span> <span class='ocrx_word' id='word_1_852' title='bbox 3083 4184 3329 4251; x_wconf 90' lang='lat' dir='ltr'>diligunt</span> <span class='ocrx_word' id='word_1_853' title='bbox 3348 4176 3595 4248; x_wconf 70' lang='lat' dir='ltr'>tantum,</span> <span class='ocrx_word' id='word_1_854' title='bbox 3606 4198 3776 4251; x_wconf 85' lang='lat' dir='ltr'>quam</span> 
     </span>
    </p>
   </div>
   <div class='ocr_carea' id='block_1_111' title="bbox 2177 4248 3781 4322">
    <p class='ocr_par' dir='ltr' id='par_1_111' title="bbox 2177 4248 3781 4322">
     <span class='ocr_line' id='line_1_112' title="bbox 2177 4248 3781 4322; baseline 0.004 -23"><span class='ocrx_word' id='word_1_855' title='bbox 2177 4248 2501 4322; x_wconf 84' lang='lat' dir='ltr'>mercedem</span> <span class='ocrx_word' id='word_1_856' title='bbox 2514 4250 2800 4301; x_wconf 89' lang='lat' dir='ltr'>habebitis</span> <span class='ocrx_word' id='word_1_857' title='bbox 2812 4256 2836 4301; x_wconf 67' lang='grc' dir='ltr'>εδ</span> <span class='ocrx_word' id='word_1_858' title='bbox 2846 4265 3041 4307; x_wconf 92' lang='lat' dir='ltr'>nonne</span> <span class='ocrx_word' id='word_1_859' title='bbox 3052 4261 3109 4308; x_wconf 92' lang='lat' dir='ltr'>et</span> <span class='ocrx_word' id='word_1_860' title='bbox 3119 4248 3407 4322; x_wconf 70' lang='lat' dir='ltr'>publicani</span> <span class='ocrx_word' id='word_1_861' title='bbox 3419 4260 3526 4311; x_wconf 88' lang='lat' dir='ltr'>hoc</span> <span class='ocrx_word' id='word_1_862' title='bbox 3538 4248 3781 4311; x_wconf 80' lang='lat' dir='ltr'>faciunt?</span> 
     </span>
    </p>
   </div>
   <div class='ocr_carea' id='block_1_112' title="bbox 2178 4320 3779 4395">
    <p class='ocr_par' dir='ltr' id='par_1_112' title="bbox 2178 4320 3779 4395">
     <span class='ocr_line' id='line_1_113' title="bbox 2178 4320 3779 4395; baseline 0.006 -24"><span class='ocrx_word' id='word_1_863' title='bbox 2178 4321 2288 4371; x_wconf 92' lang='lat' dir='ltr'>Sed</span> <span class='ocrx_word' id='word_1_864' title='bbox 2305 4320 2524 4384; x_wconf 89' lang='lat' dir='ltr'>diligite</span> <span class='ocrx_word' id='word_1_865' title='bbox 2536 4322 2801 4374; x_wconf 90' lang='lat' dir='ltr'>inimicos</span> <span class='ocrx_word' id='word_1_866' title='bbox 2819 4330 3060 4378; x_wconf 91' lang='lat' dir='ltr'>vestros.</span> <span class='ocrx_word' id='word_1_867' title='bbox 3079 4320 3403 4383; x_wconf 82' lang='lat' dir='ltr'>Benefacite</span> <span class='ocrx_word' id='word_1_868' title='bbox 3418 4331 3508 4383; x_wconf 89' lang='lat' dir='ltr'>his</span> <span class='ocrx_word' id='word_1_869' title='bbox 3525 4332 3627 4395; x_wconf 90' lang='lat' dir='ltr'>qui</span> <span class='ocrx_word' id='word_1_870' title='bbox 3648 4330 3779 4381; x_wconf 82' lang='lat' dir='ltr'>ode-</span> 
     </span>
    </p>
   </div>
   <div class='ocr_carea' id='block_1_113' title="bbox 2178 4395 3778 4463">
    <p class='ocr_par' dir='ltr' id='par_1_113' title="bbox 2178 4395 3778 4463">
     <span class='ocr_line' id='line_1_114' title="bbox 2178 4395 3778 4463; baseline 0.006 -20"><span class='ocrx_word' id='word_1_871' title='bbox 2178 4397 2317 4445; x_wconf 91' lang='lat' dir='ltr'>runt</span> <span class='ocrx_word' id='word_1_872' title='bbox 2332 4405 2454 4444; x_wconf 90' lang='lat' dir='ltr'>vos.</span> <span class='ocrx_word' id='word_1_873' title='bbox 2474 4395 2545 4445; x_wconf 89' lang='lat' dir='ltr'>Et</span> <span class='ocrx_word' id='word_1_874' title='bbox 2569 4398 2726 4445; x_wconf 89' lang='lat' dir='ltr'>orate</span> <span class='ocrx_word' id='word_1_875' title='bbox 2736 4407 2838 4458; x_wconf 91' lang='lat' dir='ltr'>pro</span> <span class='ocrx_word' id='word_1_876' title='bbox 2849 4403 3333 4463; x_wconf 90' lang='lat' dir='ltr'>persequentibus</span> <span class='ocrx_word' id='word_1_877' title='bbox 3355 4408 3413 4455; x_wconf 88' lang='lat' dir='ltr'>et</span> <span class='ocrx_word' id='word_1_878' title='bbox 3423 4402 3778 4455; x_wconf 85' lang='lat' dir='ltr'>calumnian-</span> 
     </span>
    </p>
   </div>
   <div class='ocr_carea' id='block_1_114' title="bbox 2178 4464 3780 4540">
    <p class='ocr_par' dir='ltr' id='par_1_114' title="bbox 2178 4464 3780 4540">
     <span class='ocr_line' id='line_1_115' title="bbox 2178 4464 3780 4540; baseline 0.005 -26"><span class='ocrx_word' id='word_1_879' title='bbox 2178 4464 2500 4540; x_wconf 72' lang='lat' dir='ltr'>tibusvos:</span> <span class='ocrx_word' id='word_1_880' title='bbox 2523 4470 2588 4540; x_wconf 73' lang='lat' dir='ltr'>ut</span> <span class='ocrx_word' id='word_1_881' title='bbox 2614 4466 2743 4540; x_wconf 81' lang='lat' dir='ltr'>sitis</span> <span class='ocrx_word' id='word_1_882' title='bbox 2772 4466 2873 4518; x_wconf 82' lang='lat' dir='ltr'>filii</span> <span class='ocrx_word' id='word_1_883' title='bbox 2898 4471 3082 4523; x_wconf 89' lang='lat' dir='ltr'>Patris</span> <span class='ocrx_word' id='word_1_884' title='bbox 3109 4475 3300 4539; x_wconf 90' lang='lat' dir='ltr'>vestri,</span> <span class='ocrx_word' id='word_1_885' title='bbox 3324 4475 3497 4540; x_wconf 91' lang='lat' dir='ltr'>quiin</span> <span class='ocrx_word' id='word_1_886' title='bbox 3516 4474 3683 4527; x_wconf 64' lang='lat' dir='ltr'>caelis</span> <span class='ocrx_word' id='word_1_887' title='bbox 3700 4479 3780 4525; x_wconf 84' lang='lat' dir='ltr'>est</span> 
     </span>
    </p>
   </div>
   <div class='ocr_carea' id='block_1_115' title="bbox 2177 4535 3781 4603">
    <p class='ocr_par' dir='ltr' id='par_1_115' title="bbox 2177 4535 3781 4603">
     <span class='ocr_line' id='line_1_116' title="bbox 2177 4535 3781 4603; baseline 0.012 -19"><span class='ocrx_word' id='word_1_888' title='bbox 2177 4536 2388 4598; x_wconf 83' lang='lat' dir='ltr'><strong><em>(Matth.</em></strong></span> <span class='ocrx_word' id='word_1_889' title='bbox 2408 4535 2499 4600; x_wconf 85' lang='lat'>5.).</span> <span class='ocrx_word' id='word_1_890' title='bbox 2525 4538 2681 4589; x_wconf 90' lang='lat' dir='ltr'>Unde</span> <span class='ocrx_word' id='word_1_891' title='bbox 2698 4540 2901 4603; x_wconf 90' lang='lat' dir='ltr'>capitis</span> <span class='ocrx_word' id='word_1_892' title='bbox 2925 4545 3109 4596; x_wconf 88' lang='lat' dir='ltr'>nostri</span> <span class='ocrx_word' id='word_1_893' title='bbox 3132 4559 3273 4600; x_wconf 87' lang='lat' dir='ltr'>voce</span> <span class='ocrx_word' id='word_1_894' title='bbox 3287 4535 3474 4600; x_wconf 80' lang='lat' dir='ltr'>adhuc</span> <span class='ocrx_word' id='word_1_895' title='bbox 3495 4546 3781 4603; x_wconf 69' lang='lat' dir='ltr'>subditur.</span> 
     </span>
    </p>
   </div>
   <div class='ocr_carea' id='block_1_116' title="bbox 2180 4608 3780 4685">
    <p class='ocr_par' dir='ltr' id='par_1_116' title="bbox 2180 4608 3780 4685">
     <span class='ocr_line' id='line_1_117' title="bbox 2180 4608 3780 4685; baseline 0.007 -30"><span class='ocrx_word' id='word_1_896' title='bbox 2180 4608 2499 4657; x_wconf 85' lang='lat' dir='ltr'>Induantur</span> <span class='ocrx_word' id='word_1_897' title='bbox 2520 4610 2840 4685; x_wconf 80' lang='lat' dir='ltr'>confusione</span> <span class='ocrx_word' id='word_1_898' title='bbox 2863 4619 2909 4662; x_wconf 92' lang='lat' dir='ltr'>et</span> <span class='ocrx_word' id='word_1_899' title='bbox 2936 4619 3252 4681; x_wconf 85' lang='lat' dir='ltr'>reverentia,</span> <span class='ocrx_word' id='word_1_900' title='bbox 3287 4621 3384 4685; x_wconf 86' lang='lat' dir='ltr'>qui</span> <span class='ocrx_word' id='word_1_901' title='bbox 3417 4619 3670 4683; x_wconf 82' lang='lat' dir='ltr'>maligna</span> <span class='ocrx_word' id='word_1_902' title='bbox 3708 4618 3780 4666; x_wconf 84' lang='grc' dir='ltr'>ιο-</span> 
     </span>
    </p>
   </div>
   <div class='ocr_carea' id='block_1_117' title="bbox 2184 4684 3781 4750">
    <p class='ocr_par' dir='ltr' id='par_1_117' title="bbox 2184 4684 3781 4750">
     <span class='ocr_line' id='line_1_118' title="bbox 2184 4684 3781 4750; baseline 0.009 -20"><span class='ocrx_word' id='word_1_903' title='bbox 2184 4685 2433 4747; x_wconf 86' lang='lat' dir='ltr'>quuntur</span> <span class='ocrx_word' id='word_1_904' title='bbox 2449 4695 2613 4744; x_wconf 81' lang='lat' dir='ltr'>super</span> <span class='ocrx_word' id='word_1_905' title='bbox 2635 4696 2736 4734; x_wconf 87' lang='lat' dir='ltr'>me.</span> <span class='ocrx_word' id='word_1_906' title='bbox 2763 4684 2828 4735; x_wconf 91' lang='lat' dir='ltr'>Id</span> <span class='ocrx_word' id='word_1_907' title='bbox 2854 4691 2961 4750; x_wconf 85' lang='lat' dir='ltr'>est,</span> <span class='ocrx_word' id='word_1_908' title='bbox 2987 4693 3044 4740; x_wconf 89' lang='lat' dir='ltr'>et</span> <span class='ocrx_word' id='word_1_909' title='bbox 3065 4689 3144 4741; x_wconf 86' lang='lat' dir='ltr'>illi</span> <span class='ocrx_word' id='word_1_910' title='bbox 3170 4684 3430 4744; x_wconf 79' lang='lat' dir='ltr'>similiter</span> <span class='ocrx_word' id='word_1_911' title='bbox 3448 4695 3781 4743; x_wconf 84' lang='lat' dir='ltr'>convertan-</span> 
     </span>
    </p>
   </div>
   <div class='ocr_carea' id='block_1_118' title="bbox 477 4742 3780 4825">
    <p class='ocr_par' dir='ltr' id='par_1_118' title="bbox 477 4742 3780 4825">
     <span class='ocr_line' id='line_1_119' title="bbox 477 4742 3780 4825; baseline 0.006 -31"><span class='ocrx_word' id='word_1_912' title='bbox 477 4743 572 4825; x_wconf 69' lang='lat' dir='ltr'>dio</span> <span class='ocrx_word' id='word_1_913' title='bbox 595 4744 942 4825; x_wconf 78' lang='lat' dir='ltr'>corrigendi,</span> <span class='ocrx_word' id='word_1_914' title='bbox 965 4745 1067 4825; x_wconf 84' lang='lat' dir='ltr'>sed</span> <span class='ocrx_word' id='word_1_915' title='bbox 1083 4744 1659 4825; x_wconf 81' lang='lat' dir='ltr'>voluntatenocendi.</span> <span class='ocrx_word' id='word_1_916' title='bbox 1677 4750 1869 4825; x_wconf 87' lang='lat' dir='ltr'>Gratis</span> <span class='ocrx_word' id='word_1_917' title='bbox 1884 4754 2082 4802; x_wconf 91' lang='lat' dir='ltr'>autem</span> <span class='ocrx_word' id='word_1_918' title='bbox 2106 4742 2164 4816; x_wconf 90' lang='lat' dir='ltr'>D</span> <span class='ocrx_word' id='word_1_919' title='bbox 2187 4742 2296 4817; x_wconf 82' lang='lat' dir='ltr'>tur,</span> <span class='ocrx_word' id='word_1_920' title='bbox 2317 4742 2728 4806; x_wconf 76' lang='lat' dir='ltr'>erubescentes</span> <span class='ocrx_word' id='word_1_921' title='bbox 2747 4756 2900 4808; x_wconf 90' lang='lat' dir='ltr'>mala</span> <span class='ocrx_word' id='word_1_922' title='bbox 2914 4742 3040 4825; x_wconf 79' lang='lat' dir='ltr'>sua,</span> <span class='ocrx_word' id='word_1_923' title='bbox 3059 4767 3118 4814; x_wconf 91' lang='lat' dir='ltr'>et</span> <span class='ocrx_word' id='word_1_924' title='bbox 3132 4742 3780 4817; x_wconf 69' lang='lat' dir='ltr'>mihireverentiamex-</span> 
     </span>
    </p>
   </div>
   <div class='ocr_carea' id='block_1_119' title="bbox 476 4815 3777 4903">
    <p class='ocr_par' dir='ltr' id='par_1_119' title="bbox 476 4815 3777 4903">
     <span class='ocr_line' id='line_1_120' title="bbox 476 4815 3777 4903; baseline 0.006 -38"><span class='ocrx_word' id='word_1_925' title='bbox 476 4815 1325 4903; x_wconf 36' lang='lat' dir='ltr'>odergunt,_id‘est,sineculpa,</span> <span class='ocrx_word' id='word_1_926' title='bbox 1344 4820 1469 4903; x_wconf 71' lang='lat' dir='ltr'>sine</span> <span class='ocrx_word' id='word_1_927' title='bbox 1492 4822 1713 4903; x_wconf 75' lang='lat' dir='ltr'>merito.</span> <span class='ocrx_word' id='word_1_928' title='bbox 1738 4822 2081 4903; x_wconf 83' lang='lat' dir='ltr'>Annuentes</span> <span class='ocrx_word' id='word_1_929' title='bbox 2108 4815 2142 4816; x_wconf 22' lang='grc' dir='ltr'><strong><em>Γ</em></strong></span> <span class='ocrx_word' id='word_1_930' title='bbox 2182 4815 2477 4884; x_wconf 85' lang='lat' dir='ltr'>hibentes,</span> <span class='ocrx_word' id='word_1_931' title='bbox 2501 4828 2617 4903; x_wconf 71' lang='lat' dir='ltr'>qui</span> <span class='ocrx_word' id='word_1_932' title='bbox 2646 4828 2698 4903; x_wconf 84' lang='lat' dir='ltr'>si</span> <span class='ocrx_word' id='word_1_933' title='bbox 2727 4841 2845 4881; x_wconf 92' lang='lat' dir='ltr'>non</span> <span class='ocrx_word' id='word_1_934' title='bbox 2870 4815 3039 4893; x_wconf 64' lang='lat' dir='ltr'>facto,</span> <span class='ocrx_word' id='word_1_935' title='bbox 3084 4835 3176 4888; x_wconf 86' lang='lat' dir='ltr'>vel</span> <span class='ocrx_word' id='word_1_936' title='bbox 3197 4815 3372 4890; x_wconf 89' lang='lat' dir='ltr'>verbo</span> <span class='ocrx_word' id='word_1_937' title='bbox 3392 4815 3777 4903; x_wconf 83' lang='lat' dir='ltr'>peccaverunt</span> 
     </span>
    </p>
   </div>
   <div class='ocr_carea' id='block_1_120' title="bbox 476 4886 2082 4956">
    <p class='ocr_par' dir='ltr' id='par_1_120' title="bbox 476 4886 2082 4956">
     <span class='ocr_line' id='line_1_121' title="bbox 476 4886 2082 4956; baseline 0.003 -17"><span class='ocrx_word' id='word_1_938' title='bbox 476 4886 659 4940; x_wconf 89' lang='lat' dir='ltr'>oculis</span> <span class='ocrx_word' id='word_1_939' title='bbox 672 4888 1136 4953; x_wconf 62' lang='lat' dir='ltr'>sunthypocritm</span> <span class='ocrx_word' id='word_1_940' title='bbox 1157 4891 1428 4955; x_wconf 86' lang='lat' dir='ltr'>simulati,</span> <span class='ocrx_word' id='word_1_941' title='bbox 1443 4892 1545 4956; x_wconf 91' lang='lat' dir='ltr'>qui</span> <span class='ocrx_word' id='word_1_942' title='bbox 1563 4894 1728 4945; x_wconf 91' lang='lat' dir='ltr'>vultu</span> <span class='ocrx_word' id='word_1_943' title='bbox 1752 4899 2082 4955; x_wconf 82' lang='lat' dir='ltr'>pronuntiant</span> 
     </span>
    </p>
   </div>
   <div class='ocr_carea' id='block_1_121' title="bbox 476 4960 2081 5083">
    <p class='ocr_par' dir='ltr' id='par_1_121' title="bbox 476 4960 2081 5083">
     <span class='ocr_line' id='line_1_122' title="bbox 476 4960 2081 5083; baseline 0.005 -72"><span class='ocrx_word' id='word_1_944' title='bbox 476 4960 632 5083; x_wconf 49' lang='lat' dir='ltr'>330d</span> <span class='ocrx_word' id='word_1_945' title='bbox 652 4960 716 5013; x_wconf 89' lang='lat' dir='ltr'>in</span> <span class='ocrx_word' id='word_1_946' title='bbox 748 4962 919 5014; x_wconf 86' lang='lat' dir='ltr'>corde</span> <span class='ocrx_word' id='word_1_947' title='bbox 950 4974 1070 5014; x_wconf 92' lang='lat' dir='ltr'>non</span> <span class='ocrx_word' id='word_1_948' title='bbox 1102 4968 1351 5029; x_wconf 87' lang='lat' dir='ltr'>gestant.</span> <span class='ocrx_word' id='word_1_949' title='bbox 1394 4966 1476 5016; x_wconf 90' lang='lat' dir='ltr'>De</span> <span class='ocrx_word' id='word_1_950' title='bbox 1522 4966 1733 5028; x_wconf 87' lang='lat' dir='ltr'>quibus</span> <span class='ocrx_word' id='word_1_951' title='bbox 1765 4979 1904 5018; x_wconf 84' lang='lat' dir='ltr'>mox</span> <span class='ocrx_word' id='word_1_952' title='bbox 1940 4969 2081 5019; x_wconf 89' lang='lat' dir='ltr'>sub-</span> 
     </span>
     <span class='ocr_line' id='line_1_123' title="bbox 563 5044 674 5083; baseline -0.009 0"><span class='ocrx_word' id='word_1_953' title='bbox 563 5044 632 5083; x_wconf 89' lang='lat' dir='ltr'>ur</span> <span class='ocrx_word' id='word_1_954' title='bbox 657 5047 674 5082; x_wconf 91' lang='lat'><em>:</em></span> 
     </span>
    </p>
   </div>
   <div class='ocr_carea' id='block_1_122' title="bbox 563 5044 674 5084">
    <p class='ocr_par' dir='ltr' id='par_1_122' title="bbox 563 5044 674 5084">
     <span class='ocr_line' id='line_1_124' title="bbox 563 5044 674 5084; baseline -0.018 0"><span class='ocrx_word' id='word_1_955' title='bbox 563 5044 674 5084; x_wconf 72' lang='lat' dir='ltr'>UP.“</span> 
     </span>
    </p>
   </div>
   <div class='ocr_carea' id='block_1_123' title="bbox 536 5102 2082 5172">
    <p class='ocr_par' dir='ltr' id='par_1_123' title="bbox 536 5102 2082 5172">
     <span class='ocr_line' id='line_1_125' title="bbox 536 5102 2082 5172; baseline 0.003 -13"><span class='ocrx_word' id='word_1_956' title='bbox 536 5102 625 5159; x_wconf 76' lang='grc'>21.</span> <span class='ocrx_word' id='word_1_957' title='bbox 662 5105 934 5164; x_wconf 85' lang='lat' dir='ltr'>Quoniam</span> <span class='ocrx_word' id='word_1_958' title='bbox 945 5106 1108 5171; x_wconf 85' lang='lat' dir='ltr'>mihi,</span> <span class='ocrx_word' id='word_1_959' title='bbox 1130 5106 1350 5171; x_wconf 85' lang='lat' dir='ltr'>quidem</span> <span class='ocrx_word' id='word_1_960' title='bbox 1360 5106 1583 5170; x_wconf 70' lang='lat' dir='ltr'>paciﬁca</span> <span class='ocrx_word' id='word_1_961' title='bbox 1602 5106 2082 5172; x_wconf 85' lang='lat' dir='ltr'>toquebantur.Di-</span> 
     </span>
    </p>
   </div>
   <div class='ocr_carea' id='block_1_124' title="bbox 476 5178 2078 5249">
    <p class='ocr_par' dir='ltr' id='par_1_124' title="bbox 476 5178 2078 5249">
     <span class='ocr_line' id='line_1_126' title="bbox 476 5178 2078 5249; baseline 0.004 -21"><span class='ocrx_word' id='word_1_962' title='bbox 476 5179 686 5231; x_wconf 87' lang='lat' dir='ltr'>cebant</span> <span class='ocrx_word' id='word_1_963' title='bbox 706 5178 880 5241; x_wconf 89' lang='lat' dir='ltr'>enim,</span> <span class='ocrx_word' id='word_1_964' title='bbox 906 5179 1180 5243; x_wconf 83' lang='lat' dir='ltr'>Magister</span> <span class='ocrx_word' id='word_1_965' title='bbox 1200 5179 1369 5243; x_wconf 92' lang='lat' dir='ltr'>bone,</span> <span class='ocrx_word' id='word_1_966' title='bbox 1388 5178 1627 5243; x_wconf 90' lang='lat' dir='ltr'>scimus,</span> <span class='ocrx_word' id='word_1_967' title='bbox 1646 5180 1781 5245; x_wconf 89' lang='lat' dir='ltr'>quia</span> <span class='ocrx_word' id='word_1_968' title='bbox 1800 5194 1971 5234; x_wconf 85' lang='lat' dir='ltr'>verax</span> <span class='ocrx_word' id='word_1_969' title='bbox 1992 5197 2078 5249; x_wconf 90' lang='lat' dir='ltr'>es,</span> 
     </span>
    </p>
   </div>
   <div class='ocr_carea' id='block_1_125' title="bbox 475 5249 2075 5321">
    <p class='ocr_par' dir='ltr' id='par_1_125' title="bbox 475 5249 2075 5321">
     <span class='ocr_line' id='line_1_127' title="bbox 475 5249 2075 5321; baseline 0.003 -20"><span class='ocrx_word' id='word_1_970' title='bbox 475 5252 534 5301; x_wconf 86' lang='lat' dir='ltr'>et</span> <span class='ocrx_word' id='word_1_971' title='bbox 553 5261 673 5302; x_wconf 88' lang='lat' dir='ltr'>non</span> <span class='ocrx_word' id='word_1_972' title='bbox 703 5251 942 5316; x_wconf 89' lang='lat' dir='ltr'>respicis</span> <span class='ocrx_word' id='word_1_973' title='bbox 969 5262 1278 5316; x_wconf 90' lang='lat' dir='ltr'>personam</span> <span class='ocrx_word' id='word_1_974' title='bbox 1290 5249 1542 5303; x_wconf 88' lang='lat' dir='ltr'>hominis</span> <span class='ocrx_word' id='word_1_975' title='bbox 1567 5254 1777 5317; x_wconf 82' lang='lat' dir='ltr'><strong><em>(Matth.</em></strong></span> <span class='ocrx_word' id='word_1_976' title='bbox 1815 5254 1940 5309; x_wconf 79' lang='lat' dir='ltr'>19et</span> <span class='ocrx_word' id='word_1_977' title='bbox 1963 5254 2075 5321; x_wconf 72' lang='lat'>2‘2.)</span> 
     </span>
    </p>
   </div>
   <div class='ocr_carea' id='block_1_126' title="bbox 474 5321 2078 5388">
    <p class='ocr_par' dir='ltr' id='par_1_126' title="bbox 474 5321 2078 5388">
     <span class='ocr_line' id='line_1_128' title="bbox 474 5321 2078 5388; baseline 0.004 -16"><span class='ocrx_word' id='word_1_978' title='bbox 474 5321 615 5374; x_wconf 57' lang='lat' dir='ltr'>Hac</span> <span class='ocrx_word' id='word_1_979' title='bbox 639 5327 696 5375; x_wconf 88' lang='lat' dir='ltr'>et</span> <span class='ocrx_word' id='word_1_980' title='bbox 722 5322 815 5375; x_wconf 89' lang='lat' dir='ltr'>his</span> <span class='ocrx_word' id='word_1_981' title='bbox 830 5323 1039 5375; x_wconf 89' lang='lat' dir='ltr'>similia</span> <span class='ocrx_word' id='word_1_982' title='bbox 1053 5324 1291 5388; x_wconf 78' lang='lat' dir='ltr'>pacifica</span> <span class='ocrx_word' id='word_1_983' title='bbox 1312 5325 1488 5377; x_wconf 90' lang='lat' dir='ltr'>verba</span> <span class='ocrx_word' id='word_1_984' title='bbox 1502 5330 1641 5377; x_wconf 89' lang='lat' dir='ltr'>sunt</span> <span class='ocrx_word' id='word_1_985' title='bbox 1663 5328 1773 5379; x_wconf 90' lang='lat' dir='ltr'>sub</span> <span class='ocrx_word' id='word_1_986' title='bbox 1797 5326 2078 5381; x_wconf 88' lang='lat' dir='ltr'>adulatio-</span> 
     </span>
    </p>
   </div>
   <div class='ocr_carea' id='block_1_127' title="bbox 473 5394 2077 5463">
    <p class='ocr_par' dir='ltr' id='par_1_127' title="bbox 473 5394 2077 5463">
     <span class='ocr_line' id='line_1_129' title="bbox 473 5394 2077 5463; baseline 0.004 -18"><span class='ocrx_word' id='word_1_987' title='bbox 473 5394 563 5446; x_wconf 86' lang='lat' dir='ltr'>nis</span> <span class='ocrx_word' id='word_1_988' title='bbox 599 5394 801 5459; x_wconf 83' lang='lat' dir='ltr'>figura.</span> <span class='ocrx_word' id='word_1_989' title='bbox 833 5396 904 5445; x_wconf 84' lang='lat' dir='ltr'>Et</span> <span class='ocrx_word' id='word_1_990' title='bbox 927 5396 989 5445; x_wconf 87' lang='lat' dir='ltr'>in</span> <span class='ocrx_word' id='word_1_991' title='bbox 1014 5396 1311 5445; x_wconf 86' lang='lat' dir='ltr'>iracundia</span> <span class='ocrx_word' id='word_1_992' title='bbox 1334 5401 1484 5446; x_wconf 68' lang='lat' dir='ltr'>terrae</span> <span class='ocrx_word' id='word_1_993' title='bbox 1515 5398 1801 5463; x_wconf 86' lang='lat' dir='ltr'>loquentes,</span> <span class='ocrx_word' id='word_1_994' title='bbox 1826 5400 1974 5450; x_wconf 80' lang='lat' dir='ltr'>dolos</span> <span class='ocrx_word' id='word_1_995' title='bbox 1997 5416 2077 5451; x_wconf 76' lang='grc' dir='ltr'>οο-</span> 
     </span>
    </p>
   </div>
   <div class='ocr_carea' id='block_1_128' title="bbox 474 5465 2073 5536">
    <p class='ocr_par' dir='ltr' id='par_1_128' title="bbox 474 5465 2073 5536">
     <span class='ocr_line' id='line_1_130' title="bbox 474 5465 2073 5536; baseline 0.007 -23"><span class='ocrx_word' id='word_1_996' title='bbox 474 5465 735 5529; x_wconf 83' lang='lat' dir='ltr'>gitabant.</span> <span class='ocrx_word' id='word_1_997' title='bbox 755 5467 888 5519; x_wconf 89' lang='lat' dir='ltr'>Irati</span> <span class='ocrx_word' id='word_1_998' title='bbox 910 5466 1313 5532; x_wconf 89' lang='lat' dir='ltr'>loquebantur,</span> <span class='ocrx_word' id='word_1_999' title='bbox 1333 5470 1601 5522; x_wconf 90' lang='lat' dir='ltr'>timentes</span> <span class='ocrx_word' id='word_1_1000' title='bbox 1618 5484 1693 5524; x_wconf 92' lang='lat' dir='ltr'>ne</span> <span class='ocrx_word' id='word_1_1001' title='bbox 1720 5476 1927 5523; x_wconf 91' lang='lat' dir='ltr'>terram</span> <span class='ocrx_word' id='word_1_1002' title='bbox 1948 5485 2073 5536; x_wconf 89' lang='lat' dir='ltr'>per-</span> 
     </span>
    </p>
   </div>
   <div class='ocr_carea' id='block_1_129' title="bbox 474 5537 2076 5605">
    <p class='ocr_par' dir='ltr' id='par_1_129' title="bbox 474 5537 2076 5605">
     <span class='ocr_line' id='line_1_131' title="bbox 474 5537 2076 5605; baseline 0.005 -17"><span class='ocrx_word' id='word_1_1003' title='bbox 474 5537 675 5590; x_wconf 88' lang='lat' dir='ltr'>derent</span> <span class='ocrx_word' id='word_1_1004' title='bbox 695 5542 753 5592; x_wconf 91' lang='lat' dir='ltr'>et</span> <span class='ocrx_word' id='word_1_1005' title='bbox 792 5543 1027 5604; x_wconf 87' lang='lat' dir='ltr'>gentem</span> <span class='ocrx_word' id='word_1_1006' title='bbox 1048 5538 1227 5603; x_wconf 87' lang='lat' dir='ltr'>(Joan.</span> <span class='ocrx_word' id='word_1_1007' title='bbox 1255 5539 1382 5605; x_wconf 74' lang='lat'>11.).</span> <span class='ocrx_word' id='word_1_1008' title='bbox 1405 5543 1545 5595; x_wconf 58' lang='lat' dir='ltr'>Haec</span> <span class='ocrx_word' id='word_1_1009' title='bbox 1560 5548 1757 5596; x_wconf 88' lang='lat' dir='ltr'>autem</span> <span class='ocrx_word' id='word_1_1010' title='bbox 1772 5543 1880 5595; x_wconf 90' lang='lat' dir='ltr'>hac</span> <span class='ocrx_word' id='word_1_1011' title='bbox 1899 5555 2076 5596; x_wconf 87' lang='lat' dir='ltr'>causa</span> 
     </span>
    </p>
   </div>
   <div class='ocr_carea' id='block_1_130' title="bbox 474 5608 2074 5678">
    <p class='ocr_par' dir='ltr' id='par_1_130' title="bbox 474 5608 2074 5678">
     <span class='ocr_line' id='line_1_132' title="bbox 474 5608 2074 5678; baseline 0.005 -17"><span class='ocrx_word' id='word_1_1012' title='bbox 474 5608 759 5664; x_wconf 89' lang='lat' dir='ltr'>iracundo</span> <span class='ocrx_word' id='word_1_1013' title='bbox 770 5612 961 5664; x_wconf 91' lang='lat' dir='ltr'>animo</span> <span class='ocrx_word' id='word_1_1014' title='bbox 975 5623 1077 5676; x_wconf 93' lang='lat' dir='ltr'>pro</span> <span class='ocrx_word' id='word_1_1015' title='bbox 1099 5616 1249 5665; x_wconf 89' lang='lat' dir='ltr'>terra</span> <span class='ocrx_word' id='word_1_1016' title='bbox 1261 5625 1369 5666; x_wconf 90' lang='lat' dir='ltr'>sua</span> <span class='ocrx_word' id='word_1_1017' title='bbox 1381 5615 1782 5678; x_wconf 90' lang='lat' dir='ltr'>loquebantur,</span> <span class='ocrx_word' id='word_1_1018' title='bbox 1798 5617 1900 5667; x_wconf 87' lang='lat' dir='ltr'>utJ</span> <span class='ocrx_word' id='word_1_1019' title='bbox 1906 5627 2074 5669; x_wconf 91' lang='lat' dir='ltr'>esum</span> 
     </span>
    </p>
   </div>
   <div class='ocr_carea' id='block_1_131' title="bbox 474 5682 2075 5753">
    <p class='ocr_par' dir='ltr' id='par_1_131' title="bbox 474 5682 2075 5753">
     <span class='ocr_line' id='line_1_133' title="bbox 474 5682 2075 5753; baseline 0.006 -21"><span class='ocrx_word' id='word_1_1020' title='bbox 474 5682 605 5735; x_wconf 90' lang='lat' dir='ltr'>dolo</span> <span class='ocrx_word' id='word_1_1021' title='bbox 639 5686 898 5737; x_wconf 85' lang='lat' dir='ltr'>tenerent</span> <span class='ocrx_word' id='word_1_1022' title='bbox 917 5688 975 5737; x_wconf 90' lang='lat' dir='ltr'>et</span> <span class='ocrx_word' id='word_1_1023' title='bbox 997 5685 1342 5739; x_wconf 90' lang='lat' dir='ltr'>occiderent.</span> <span class='ocrx_word' id='word_1_1024' title='bbox 1368 5685 1522 5738; x_wconf 89' lang='lat' dir='ltr'>Talis</span> <span class='ocrx_word' id='word_1_1025' title='bbox 1548 5690 1672 5739; x_wconf 91' lang='lat' dir='ltr'>erat</span> <span class='ocrx_word' id='word_1_1026' title='bbox 1694 5700 1896 5740; x_wconf 91' lang='lat' dir='ltr'>eorum</span> <span class='ocrx_word' id='word_1_1027' title='bbox 1918 5690 2075 5753; x_wconf 87' lang='lat' dir='ltr'>cogi-</span> 
     </span>
    </p>
   </div>
   <div class='ocr_carea' id='block_1_132' title="bbox 476 5754 635 5807">
    <p class='ocr_par' dir='ltr' id='par_1_132' title="bbox 476 5754 635 5807">
     <span class='ocr_line' id='line_1_134' title="bbox 476 5754 635 5807; baseline 0 0"><span class='ocrx_word' id='word_1_1028' title='bbox 476 5754 635 5807; x_wconf 88' lang='lat' dir='ltr'>tatio.</span> 
     </span>
    </p>
   </div>
   <div class='ocr_carea' id='block_1_133' title="bbox 538 5825 2072 5894">
    <p class='ocr_par' dir='ltr' id='par_1_133' title="bbox 538 5825 2072 5894">
     <span class='ocr_line' id='line_1_135' title="bbox 538 5825 2072 5894; baseline 0.004 -14"><span class='ocrx_word' id='word_1_1029' title='bbox 538 5825 625 5880; x_wconf 69' lang='lat'>‘22.</span> <span class='ocrx_word' id='word_1_1030' title='bbox 652 5828 720 5877; x_wconf 85' lang='lat' dir='ltr'>Et</span> <span class='ocrx_word' id='word_1_1031' title='bbox 742 5826 1107 5879; x_wconf 69' lang='lat' dir='ltr'>ditataverunt</span> <span class='ocrx_word' id='word_1_1032' title='bbox 1129 5844 1291 5894; x_wconf 83' lang='lat' dir='ltr'>super</span> <span class='ocrx_word' id='word_1_1033' title='bbox 1310 5844 1393 5879; x_wconf 85' lang='lat' dir='ltr'>me</span> <span class='ocrx_word' id='word_1_1034' title='bbox 1415 5844 1474 5880; x_wconf 79' lang='lat' dir='ltr'>os</span> <span class='ocrx_word' id='word_1_1035' title='bbox 1494 5844 1677 5882; x_wconf 83' lang='lat' dir='ltr'>suum.</span> <span class='ocrx_word' id='word_1_1036' title='bbox 1701 5829 1893 5884; x_wconf 88' lang='lat' dir='ltr'>Palam</span> <span class='ocrx_word' id='word_1_1037' title='bbox 1914 5832 2072 5886; x_wconf 65' lang='lat' dir='ltr'>blas~</span> 
     </span>
    </p>
   </div>
   <div class='ocr_carea' id='block_1_134' title="bbox 479 5898 2073 5972">
    <p class='ocr_par' dir='ltr' id='par_1_134' title="bbox 479 5898 2073 5972">
     <span class='ocr_line' id='line_1_136' title="bbox 479 5898 2073 5972; baseline 0.005 -22"><span class='ocrx_word' id='word_1_1038' title='bbox 479 5898 842 5972; x_wconf 84' lang='lat' dir='ltr'>phemantes.</span> <span class='ocrx_word' id='word_1_1039' title='bbox 857 5904 929 5954; x_wconf 90' lang='lat' dir='ltr'>Et</span> <span class='ocrx_word' id='word_1_1040' title='bbox 938 5902 1282 5963; x_wconf 88' lang='lat' dir='ltr'>clamabant,</span> <span class='ocrx_word' id='word_1_1041' title='bbox 1296 5905 1594 5971; x_wconf 87' lang='lat' dir='ltr'>Cruciflge,</span> <span class='ocrx_word' id='word_1_1042' title='bbox 1608 5906 1894 5972; x_wconf 75' lang='lat' dir='ltr'>cruciﬁge,</span> <span class='ocrx_word' id='word_1_1043' title='bbox 1908 5908 2073 5958; x_wconf 73' lang='lat' dir='ltr'>Dixe-</span> 
     </span>
    </p>
   </div>
   <div class='ocr_carea' id='block_1_135' title="bbox 479 5971 2070 6047">
    <p class='ocr_par' dir='ltr' id='par_1_135' title="bbox 479 5971 2070 6047">
     <span class='ocr_line' id='line_1_137' title="bbox 479 5971 2070 6047; baseline 0.011 -29"><span class='ocrx_word' id='word_1_1044' title='bbox 479 5976 627 6030; x_wconf 80' lang='lat' dir='ltr'>runt,</span> <span class='ocrx_word' id='word_1_1045' title='bbox 650 5971 819 6035; x_wconf 79' lang='lat' dir='ltr'>Euge,</span> <span class='ocrx_word' id='word_1_1046' title='bbox 842 5987 988 6035; x_wconf 84' lang='lat' dir='ltr'>euge.</span> <span class='ocrx_word' id='word_1_1047' title='bbox 1013 5975 1076 6026; x_wconf 89' lang='lat' dir='ltr'>Id</span> <span class='ocrx_word' id='word_1_1048' title='bbox 1103 5979 1210 6039; x_wconf 89' lang='lat' dir='ltr'>est,</span> <span class='ocrx_word' id='word_1_1049' title='bbox 1231 5976 1396 6042; x_wconf 85' lang='lat' dir='ltr'>bene,</span> <span class='ocrx_word' id='word_1_1050' title='bbox 1420 5978 1569 6031; x_wconf 88' lang='lat' dir='ltr'>bene</span> <span class='ocrx_word' id='word_1_1051' title='bbox 1589 5971 1918 6043; x_wconf 36' lang='lat' dir='ltr'>(Matthf‘26.</span> <span class='ocrx_word' id='word_1_1052' title='bbox 1942 5979 2070 6047; x_wconf 76' lang='lat'>27.).</span> 
     </span>
    </p>
   </div>
   <div class='ocr_carea' id='block_1_136' title="bbox 2182 4901 3775 4975">
    <p class='ocr_par' dir='ltr' id='par_1_136' title="bbox 2182 4901 3775 4975">
     <span class='ocr_line' id='line_1_138' title="bbox 2182 4901 3775 4975; baseline 0.006 -25"><span class='ocrx_word' id='word_1_1053' title='bbox 2182 4912 2356 4963; x_wconf 90' lang='lat' dir='ltr'>super</span> <span class='ocrx_word' id='word_1_1054' title='bbox 2374 4913 2483 4952; x_wconf 90' lang='lat' dir='ltr'>me.</span> <span class='ocrx_word' id='word_1_1055' title='bbox 2498 4901 2631 4975; x_wconf 76' lang='lat' dir='ltr'>Ideo</span> <span class='ocrx_word' id='word_1_1056' title='bbox 2647 4901 2812 4966; x_wconf 78' lang='lat' dir='ltr'>dixit,</span> <span class='ocrx_word' id='word_1_1057' title='bbox 2826 4904 3162 4969; x_wconf 84' lang='lat' dir='ltr'>Induantur,</span> <span class='ocrx_word' id='word_1_1058' title='bbox 3185 4914 3250 4961; x_wconf 92' lang='lat' dir='ltr'>ut</span> <span class='ocrx_word' id='word_1_1059' title='bbox 3263 4922 3365 4974; x_wconf 93' lang='lat' dir='ltr'>per</span> <span class='ocrx_word' id='word_1_1060' title='bbox 3379 4901 3775 4975; x_wconf 66' lang='lat' dir='ltr'>paenitentiam</span> 
     </span>
    </p>
   </div>
   <div class='ocr_carea' id='block_1_137' title="bbox 2178 4971 3410 5046">
    <p class='ocr_par' dir='ltr' id='par_1_137' title="bbox 2178 4971 3410 5046">
     <span class='ocr_line' id='line_1_139' title="bbox 2178 4971 3410 5046; baseline 0.01 -24"><span class='ocrx_word' id='word_1_1061' title='bbox 2178 4974 2469 5046; x_wconf 61' lang='lat' dir='ltr'>prieterita</span> <span class='ocrx_word' id='word_1_1062' title='bbox 2489 4971 2642 5046; x_wconf 88' lang='lat' dir='ltr'>mala</span> <span class='ocrx_word' id='word_1_1063' title='bbox 2672 4976 3018 5046; x_wconf 78' lang='lat' dir='ltr'>tegerentur.</span> <span class='ocrx_word' id='word_1_1064' title='bbox 3045 4980 3169 5039; x_wconf 92' lang='lat' dir='ltr'>Quo</span> <span class='ocrx_word' id='word_1_1065' title='bbox 3193 4971 3410 5046; x_wconf 73' lang='lat' dir='ltr'>contra,</span> 
     </span>
    </p>
   </div>
   <div class='ocr_carea' id='block_1_138' title="bbox 2238 5041 3773 5118">
    <p class='ocr_par' dir='ltr' id='par_1_138' title="bbox 2238 5041 3773 5118">
     <span class='ocr_line' id='line_1_140' title="bbox 2238 5041 3773 5118; baseline 0.008 -26"><span class='ocrx_word' id='word_1_1066' title='bbox 2238 5041 2307 5118; x_wconf 74' lang='lat'>‘28</span> <span class='ocrx_word' id='word_1_1067' title='bbox 2354 5044 2610 5094; x_wconf 70' lang='lat' dir='ltr'>Exuttent</span> <span class='ocrx_word' id='word_1_1068' title='bbox 2624 5050 2668 5093; x_wconf 86' lang='lat' dir='ltr'>et</span> <span class='ocrx_word' id='word_1_1069' title='bbox 2692 5045 2949 5113; x_wconf 54' lang='lat' dir='ltr'>tuentur,</span> <span class='ocrx_word' id='word_1_1070' title='bbox 2972 5052 3071 5115; x_wconf 89' lang='lat' dir='ltr'>qui</span> <span class='ocrx_word' id='word_1_1071' title='bbox 3088 5052 3273 5102; x_wconf 77' lang='lat' dir='ltr'>volunt</span> <span class='ocrx_word' id='word_1_1072' title='bbox 3286 5041 3559 5118; x_wconf 71' lang='lat' dir='ltr'>justitiam</span> <span class='ocrx_word' id='word_1_1073' title='bbox 3582 5068 3773 5112; x_wconf 79' lang='lat' dir='ltr'>meam,</span> 
     </span>
    </p>
   </div>
   <div class='ocr_carea' id='block_1_139' title="bbox 2174 5117 3772 5188">
    <p class='ocr_par' dir='ltr' id='par_1_139' title="bbox 2174 5117 3772 5188">
     <span class='ocr_line' id='line_1_141' title="bbox 2174 5117 3772 5188; baseline 0.007 -20"><span class='ocrx_word' id='word_1_1074' title='bbox 2174 5117 2263 5168; x_wconf 85' lang='lat' dir='ltr'>Ad</span> <span class='ocrx_word' id='word_1_1075' title='bbox 2280 5128 2488 5180; x_wconf 92' lang='lat' dir='ltr'>corpus</span> <span class='ocrx_word' id='word_1_1076' title='bbox 2514 5117 2687 5168; x_wconf 83' lang='lat' dir='ltr'>simul</span> <span class='ocrx_word' id='word_1_1077' title='bbox 2704 5124 2761 5170; x_wconf 89' lang='lat' dir='ltr'>et</span> <span class='ocrx_word' id='word_1_1078' title='bbox 2777 5120 3027 5173; x_wconf 89' lang='lat' dir='ltr'>animam</span> <span class='ocrx_word' id='word_1_1079' title='bbox 3042 5117 3608 5188; x_wconf 22' lang='lat' dir='ltr'>pertinet’exultatio:</span> <span class='ocrx_word' id='word_1_1080' title='bbox 3628 5125 3772 5181; x_wconf 64' lang='grc' dir='ltr'>λωιὶ-</span> 
     </span>
    </p>
   </div>
   <div class='ocr_carea' id='block_1_140' title="bbox 2176 5188 3771 5264">
    <p class='ocr_par' dir='ltr' id='par_1_140' title="bbox 2176 5188 3771 5264">
     <span class='ocr_line' id='line_1_142' title="bbox 2176 5188 3771 5264; baseline 0.008 -26"><span class='ocrx_word' id='word_1_1081' title='bbox 2176 5188 2252 5239; x_wconf 89' lang='lat' dir='ltr'>tia</span> <span class='ocrx_word' id='word_1_1082' title='bbox 2267 5192 2492 5264; x_wconf 86' lang='lat' dir='ltr'>tantum</span> <span class='ocrx_word' id='word_1_1083' title='bbox 2506 5189 2579 5264; x_wconf 89' lang='lat' dir='ltr'>ad</span> <span class='ocrx_word' id='word_1_1084' title='bbox 2595 5190 2879 5245; x_wconf 91' lang='lat' dir='ltr'>animum.</span> <span class='ocrx_word' id='word_1_1085' title='bbox 2899 5195 3170 5249; x_wconf 82' lang='lat' dir='ltr'>Exultare</span> <span class='ocrx_word' id='word_1_1086' title='bbox 3185 5199 3380 5263; x_wconf 90' lang='lat' dir='ltr'>itaque</span> <span class='ocrx_word' id='word_1_1087' title='bbox 3391 5204 3447 5252; x_wconf 88' lang='lat' dir='ltr'>et</span> <span class='ocrx_word' id='word_1_1088' title='bbox 3461 5198 3671 5264; x_wconf 66' lang='lat' dir='ltr'>laetari,</span> <span class='ocrx_word' id='word_1_1089' title='bbox 3694 5208 3771 5253; x_wconf 87' lang='lat' dir='ltr'>est</span> 
     </span>
    </p>
   </div>
   <div class='ocr_carea' id='block_1_141' title="bbox 2174 5262 3769 5335">
    <p class='ocr_par' dir='ltr' id='par_1_141' title="bbox 2174 5262 3769 5335">
     <span class='ocr_line' id='line_1_143' title="bbox 2174 5262 3769 5335; baseline 0.008 -25"><span class='ocrx_word' id='word_1_1090' title='bbox 2174 5262 2431 5312; x_wconf 84' lang='lat' dir='ltr'>exterius</span> <span class='ocrx_word' id='word_1_1091' title='bbox 2448 5266 2507 5335; x_wconf 79' lang='lat' dir='ltr'>et</span> <span class='ocrx_word' id='word_1_1092' title='bbox 2518 5263 2766 5317; x_wconf 88' lang='lat' dir='ltr'>interius</span> <span class='ocrx_word' id='word_1_1093' title='bbox 2783 5266 2995 5330; x_wconf 89' lang='lat' dir='ltr'>gaudio</span> <span class='ocrx_word' id='word_1_1094' title='bbox 3010 5269 3231 5335; x_wconf 90' lang='lat' dir='ltr'>repleri.</span> <span class='ocrx_word' id='word_1_1095' title='bbox 3252 5272 3358 5335; x_wconf 88' lang='lat' dir='ltr'>Qui</span> <span class='ocrx_word' id='word_1_1096' title='bbox 3374 5272 3579 5326; x_wconf 92' lang='lat' dir='ltr'>volunt</span> <span class='ocrx_word' id='word_1_1097' title='bbox 3602 5262 3769 5325; x_wconf 84' lang='lat' dir='ltr'>decli—</span> 
     </span>
    </p>
   </div>
   <div class='ocr_carea' id='block_1_142' title="bbox 2173 5333 3764 5409">
    <p class='ocr_par' dir='ltr' id='par_1_142' title="bbox 2173 5333 3764 5409">
     <span class='ocr_line' id='line_1_144' title="bbox 2173 5333 3764 5409; baseline 0.016 -28"><span class='ocrx_word' id='word_1_1098' title='bbox 2173 5344 2311 5409; x_wconf 83' lang='lat' dir='ltr'>nare</span> <span class='ocrx_word' id='word_1_1099' title='bbox 2339 5344 2382 5409; x_wconf 7' lang='lat' dir='ltr'>aq</span> <span class='ocrx_word' id='word_1_1100' title='bbox 2397 5333 2568 5409; x_wconf 87' lang='lat' dir='ltr'>malo,</span> <span class='ocrx_word' id='word_1_1101' title='bbox 2600 5340 2660 5387; x_wconf 90' lang='lat' dir='ltr'>et</span> <span class='ocrx_word' id='word_1_1102' title='bbox 2688 5336 2874 5390; x_wconf 87' lang='lat' dir='ltr'>facere</span> <span class='ocrx_word' id='word_1_1103' title='bbox 2909 5333 3129 5393; x_wconf 82' lang='lat' dir='ltr'>bonum</span> <span class='ocrx_word' id='word_1_1104' title='bbox 3158 5333 3348 5405; x_wconf 58' lang='lat' dir='ltr'>(pm.</span> <span class='ocrx_word' id='word_1_1105' title='bbox 3376 5342 3501 5409; x_wconf 83' lang='lat'>33.),</span> <span class='ocrx_word' id='word_1_1106' title='bbox 3527 5345 3587 5396; x_wconf 85' lang='lat' dir='ltr'>hi</span> <span class='ocrx_word' id='word_1_1107' title='bbox 3617 5351 3764 5406; x_wconf 62' lang='lat' dir='ltr'>sunt.</span> 
     </span>
    </p>
   </div>
   <div class='ocr_carea' id='block_1_143' title="bbox 2174 5406 3766 5481">
    <p class='ocr_par' dir='ltr' id='par_1_143' title="bbox 2174 5406 3766 5481">
     <span class='ocr_line' id='line_1_145' title="bbox 2174 5406 3766 5481; baseline 0.007 -25"><span class='ocrx_word' id='word_1_1108' title='bbox 2174 5406 2274 5481; x_wconf 84' lang='lat' dir='ltr'>qui</span> <span class='ocrx_word' id='word_1_1109' title='bbox 2298 5407 2497 5481; x_wconf 80' lang='lat' dir='ltr'>volunt</span> <span class='ocrx_word' id='word_1_1110' title='bbox 2522 5407 2811 5471; x_wconf 89' lang='lat' dir='ltr'>justitiam</span> <span class='ocrx_word' id='word_1_1111' title='bbox 2840 5411 2964 5463; x_wconf 92' lang='lat' dir='ltr'>Dei.</span> <span class='ocrx_word' id='word_1_1112' title='bbox 3007 5416 3076 5465; x_wconf 86' lang='lat' dir='ltr'>Et</span> <span class='ocrx_word' id='word_1_1113' title='bbox 3113 5406 3637 5481; x_wconf 33' lang='lat' dir='ltr'>notandum-quod</span> <span class='ocrx_word' id='word_1_1114' title='bbox 3658 5428 3766 5469; x_wconf 89' lang='lat' dir='ltr'>non</span> 
     </span>
    </p>
   </div>
   <div class='ocr_carea' id='block_1_144' title="bbox 2172 5478 3762 5548">
    <p class='ocr_par' dir='ltr' id='par_1_144' title="bbox 2172 5478 3762 5548">
     <span class='ocr_line' id='line_1_146' title="bbox 2172 5478 3762 5548; baseline 0.006 -20"><span class='ocrx_word' id='word_1_1115' title='bbox 2172 5478 2269 5528; x_wconf 91' lang='lat' dir='ltr'>ait.</span> <span class='ocrx_word' id='word_1_1116' title='bbox 2299 5480 2406 5541; x_wconf 92' lang='lat' dir='ltr'>Qui</span> <span class='ocrx_word' id='word_1_1117' title='bbox 2429 5479 2666 5539; x_wconf 87' lang='lat' dir='ltr'>faciunt,</span> <span class='ocrx_word' id='word_1_1118' title='bbox 2691 5483 2811 5545; x_wconf 90' lang='lat' dir='ltr'>sed,</span> <span class='ocrx_word' id='word_1_1119' title='bbox 2848 5485 2945 5548; x_wconf 79' lang='lat' dir='ltr'>qui</span> <span class='ocrx_word' id='word_1_1120' title='bbox 2968 5486 3171 5538; x_wconf 82' lang='lat' dir='ltr'>volunt.</span> <span class='ocrx_word' id='word_1_1121' title='bbox 3200 5487 3363 5540; x_wconf 85' lang='lat' dir='ltr'>Multi</span> <span class='ocrx_word' id='word_1_1122' title='bbox 3387 5478 3538 5541; x_wconf 81' lang='lat' dir='ltr'>enim</span> <span class='ocrx_word' id='word_1_1123' title='bbox 3560 5488 3762 5541; x_wconf 86' lang='lat' dir='ltr'>faciunt</span> 
     </span>
    </p>
   </div>
   <div class='ocr_carea' id='block_1_145' title="bbox 2172 5552 3762 5616">
    <p class='ocr_par' dir='ltr' id='par_1_145' title="bbox 2172 5552 3762 5616">
     <span class='ocr_line' id='line_1_147' title="bbox 2172 5552 3762 5616; baseline 0.005 -14"><span class='ocrx_word' id='word_1_1124' title='bbox 2172 5562 2344 5614; x_wconf 90' lang='lat' dir='ltr'>opera</span> <span class='ocrx_word' id='word_1_1125' title='bbox 2361 5552 2626 5616; x_wconf 72' lang='lat' dir='ltr'>justitite,</span> <span class='ocrx_word' id='word_1_1126' title='bbox 2645 5567 2763 5605; x_wconf 93' lang='lat' dir='ltr'>non</span> <span class='ocrx_word' id='word_1_1127' title='bbox 2783 5567 2859 5607; x_wconf 83' lang='lat' dir='ltr'>ex</span> <span class='ocrx_word' id='word_1_1128' title='bbox 2880 5556 3191 5612; x_wconf 86' lang='lat' dir='ltr'>voluntate.</span> <span class='ocrx_word' id='word_1_1129' title='bbox 3219 5562 3399 5613; x_wconf 91' lang='lat' dir='ltr'>Nemo</span> <span class='ocrx_word' id='word_1_1130' title='bbox 3414 5566 3611 5614; x_wconf 89' lang='lat' dir='ltr'>autem</span> <span class='ocrx_word' id='word_1_1131' title='bbox 3634 5562 3762 5613; x_wconf 81' lang='lat' dir='ltr'>invi-</span> 
     </span>
    </p>
   </div>
   <div class='ocr_carea' id='block_1_146' title="bbox 2174 5624 3761 5697">
    <p class='ocr_par' dir='ltr' id='par_1_146' title="bbox 2174 5624 3761 5697">
     <span class='ocr_line' id='line_1_148' title="bbox 2174 5624 3761 5697; baseline 0.006 -24"><span class='ocrx_word' id='word_1_1132' title='bbox 2174 5624 2269 5674; x_wconf 87' lang='lat' dir='ltr'>tus</span> <span class='ocrx_word' id='word_1_1133' title='bbox 2283 5626 2428 5676; x_wconf 91' lang='lat' dir='ltr'>bene</span> <span class='ocrx_word' id='word_1_1134' title='bbox 2446 5624 2599 5689; x_wconf 89' lang='lat' dir='ltr'>facit,</span> <span class='ocrx_word' id='word_1_1135' title='bbox 2617 5628 2797 5678; x_wconf 88' lang='lat' dir='ltr'>etiam</span> <span class='ocrx_word' id='word_1_1136' title='bbox 2810 5628 2860 5679; x_wconf 89' lang='lat' dir='ltr'>si</span> <span class='ocrx_word' id='word_1_1137' title='bbox 2871 5629 3089 5683; x_wconf 91' lang='lat' dir='ltr'>bonum</span> <span class='ocrx_word' id='word_1_1138' title='bbox 3107 5638 3212 5697; x_wconf 88' lang='lat' dir='ltr'>est,</span> <span class='ocrx_word' id='word_1_1139' title='bbox 3228 5632 3383 5697; x_wconf 88' lang='lat' dir='ltr'>quod</span> <span class='ocrx_word' id='word_1_1140' title='bbox 3397 5634 3545 5687; x_wconf 79' lang='lat' dir='ltr'>facit.</span> <span class='ocrx_word' id='word_1_1141' title='bbox 3567 5635 3707 5686; x_wconf 87' lang='lat' dir='ltr'>Nam</span> <span class='ocrx_word' id='word_1_1142' title='bbox 3722 5633 3761 5682; x_wconf 81' lang='lat' dir='ltr'>si</span> 
     </span>
    </p>
   </div>
   <div class='ocr_carea' id='block_1_147' title="bbox 2171 5697 3761 5762">
    <p class='ocr_par' dir='ltr' id='par_1_147' title="bbox 2171 5697 3761 5762">
     <span class='ocr_line' id='line_1_149' title="bbox 2171 5697 3761 5762; baseline 0.006 -16"><span class='ocrx_word' id='word_1_1143' title='bbox 2171 5697 2318 5748; x_wconf 90' lang='lat' dir='ltr'>actio</span> <span class='ocrx_word' id='word_1_1144' title='bbox 2341 5697 2565 5750; x_wconf 89' lang='lat' dir='ltr'>videtur</span> <span class='ocrx_word' id='word_1_1145' title='bbox 2586 5699 2753 5762; x_wconf 89' lang='lat' dir='ltr'>bona,</span> <span class='ocrx_word' id='word_1_1146' title='bbox 2783 5702 3055 5756; x_wconf 88' lang='lat' dir='ltr'>voluntas</span> <span class='ocrx_word' id='word_1_1147' title='bbox 3080 5709 3273 5759; x_wconf 88' lang='lat' dir='ltr'>tamen</span> <span class='ocrx_word' id='word_1_1148' title='bbox 3301 5711 3525 5760; x_wconf 90' lang='lat' dir='ltr'>tenetur</span> <span class='ocrx_word' id='word_1_1149' title='bbox 3545 5720 3657 5759; x_wconf 88' lang='lat' dir='ltr'>rea.</span> <span class='ocrx_word' id='word_1_1150' title='bbox 3681 5708 3761 5757; x_wconf 89' lang='lat' dir='ltr'>Ju-</span> 
     </span>
    </p>
   </div>
   <div class='ocr_carea' id='block_1_148' title="bbox 2173 5768 3757 5843">
    <p class='ocr_par' dir='ltr' id='par_1_148' title="bbox 2173 5768 3757 5843">
     <span class='ocr_line' id='line_1_150' title="bbox 2173 5768 3757 5843; baseline 0.003 -24"><span class='ocrx_word' id='word_1_1151' title='bbox 2173 5768 2348 5843; x_wconf 66' lang='lat' dir='ltr'>stitim</span> <span class='ocrx_word' id='word_1_1152' title='bbox 2360 5781 2497 5823; x_wconf 92' lang='lat' dir='ltr'>vero</span> <span class='ocrx_word' id='word_1_1153' title='bbox 2523 5771 2705 5823; x_wconf 89' lang='lat' dir='ltr'>virtus</span> <span class='ocrx_word' id='word_1_1154' title='bbox 2738 5776 2927 5827; x_wconf 93' lang='lat' dir='ltr'>nonin</span> <span class='ocrx_word' id='word_1_1155' title='bbox 2939 5777 3165 5830; x_wconf 87' lang='lat' dir='ltr'>actione</span> <span class='ocrx_word' id='word_1_1156' title='bbox 3178 5784 3289 5843; x_wconf 90' lang='lat' dir='ltr'>est,</span> <span class='ocrx_word' id='word_1_1157' title='bbox 3307 5779 3481 5831; x_wconf 88' lang='lat' dir='ltr'>sed&#39;m</span> <span class='ocrx_word' id='word_1_1158' title='bbox 3504 5782 3757 5828; x_wconf 74' lang='lat' dir='ltr'>voluntate.</span> 
     </span>
    </p>
   </div>
   <div class='ocr_carea' id='block_1_149' title="bbox 2172 5840 3761 5917">
    <p class='ocr_par' dir='ltr' id='par_1_149' title="bbox 2172 5840 3761 5917">
     <span class='ocr_line' id='line_1_151' title="bbox 2172 5840 3761 5917; baseline 0.005 -25"><span class='ocrx_word' id='word_1_1159' title='bbox 2172 5840 2323 5893; x_wconf 92' lang='lat' dir='ltr'>Bene</span> <span class='ocrx_word' id='word_1_1160' title='bbox 2345 5854 2482 5908; x_wconf 85' lang='lat' dir='ltr'>ergo</span> <span class='ocrx_word' id='word_1_1161' title='bbox 2506 5843 2585 5905; x_wconf 89' lang='lat' dir='ltr'>hi,</span> <span class='ocrx_word' id='word_1_1162' title='bbox 2628 5846 2731 5910; x_wconf 81' lang='lat' dir='ltr'>qui</span> <span class='ocrx_word' id='word_1_1163' title='bbox 2756 5848 2961 5902; x_wconf 85' lang='lat' dir='ltr'>volunt</span> <span class='ocrx_word' id='word_1_1164' title='bbox 2979 5840 3286 5916; x_wconf 78' lang='lat' dir='ltr'>justitiam,</span> <span class='ocrx_word' id='word_1_1165' title='bbox 3307 5852 3585 5917; x_wconf 89' lang='lat' dir='ltr'>jubentur</span> <span class='ocrx_word' id='word_1_1166' title='bbox 3614 5847 3761 5903; x_wconf 80' lang='lat' dir='ltr'>exul-</span> 
     </span>
    </p>
   </div>
   <div class='ocr_carea' id='block_1_150' title="bbox 2171 5917 3759 5996">
    <p class='ocr_par' dir='ltr' id='par_1_150' title="bbox 2171 5917 3759 5996">
     <span class='ocr_line' id='line_1_152' title="bbox 2171 5917 3759 5996; baseline -0.011 -8"><span class='ocrx_word' id='word_1_1167' title='bbox 2171 5917 2294 5966; x_wconf 56' lang='lat' dir='ltr'>tare</span> <span class='ocrx_word' id='word_1_1168' title='bbox 2304 5918 2485 5996; x_wconf 44' lang='lat' dir='ltr'>iclum</span> <span class='ocrx_word' id='word_1_1169' title='bbox 2510 5919 2931 5996; x_wconf 54' lang='lat' dir='ltr'>morjustitim</span> <span class='ocrx_word' id='word_1_1170' title='bbox 2947 5926 3005 5996; x_wconf 87' lang='lat' dir='ltr'>et</span> <span class='ocrx_word' id='word_1_1171' title='bbox 3018 5935 3233 5978; x_wconf 89' lang='lat' dir='ltr'>novam</span> <span class='ocrx_word' id='word_1_1172' title='bbox 3254 5926 3430 5978; x_wconf 90' lang='lat' dir='ltr'>vitam</span> <span class='ocrx_word' id='word_1_1173' title='bbox 3443 5927 3692 5990; x_wconf 87' lang='lat' dir='ltr'>generat,</span> <span class='ocrx_word' id='word_1_1174' title='bbox 3711 5926 3759 5996; x_wconf 83' lang='lat' dir='ltr'>et</span> 
     </span>
    </p>
   </div>
   <div class='ocr_carea' id='block_1_151' title="bbox 2172 5986 3757 6062">
    <p class='ocr_par' dir='ltr' id='par_1_151' title="bbox 2172 5986 3757 6062">
     <span class='ocr_line' id='line_1_153' title="bbox 2172 5986 3757 6062; baseline 0.004 -21"><span class='ocrx_word' id='word_1_1175' title='bbox 2172 5986 2448 6048; x_wconf 81' lang='lat' dir='ltr'>gaudium</span> <span class='ocrx_word' id='word_1_1176' title='bbox 2481 5991 2747 6057; x_wconf 85' lang='lat' dir='ltr'>spituale,</span> <span class='ocrx_word' id='word_1_1177' title='bbox 2769 5995 2840 6047; x_wconf 87' lang='lat' dir='ltr'>Et</span> <span class='ocrx_word' id='word_1_1178' title='bbox 2885 6006 2960 6048; x_wconf 92' lang='lat' dir='ltr'>ne</span> <span class='ocrx_word' id='word_1_1179' title='bbox 2985 5995 3119 6050; x_wconf 88' lang='lat' dir='ltr'>inde</span> <span class='ocrx_word' id='word_1_1180' title='bbox 3142 5997 3329 6053; x_wconf 87' lang='lat' dir='ltr'>velint</span> <span class='ocrx_word' id='word_1_1181' title='bbox 3346 5999 3410 6051; x_wconf 92' lang='lat' dir='ltr'>in</span> <span class='ocrx_word' id='word_1_1182' title='bbox 3443 5986 3506 6052; x_wconf 65' lang='lat' dir='ltr'>Se</span> <span class='ocrx_word' id='word_1_1183' title='bbox 3528 5994 3757 6062; x_wconf 80' lang='lat' dir='ltr'>gloriari,</span> 
     </span>
    </p>
   </div>
  </div>
