3890 6416
105 417 204 472 773

1094 419 1170 471 IN
1203 416 1528 471 PSALMOS
1561 416 1771 471 LXXV
1803 417 2390 474 COMMENTARIUS.

3283 420 3387 477 774

99 532 233 620 i999
249 531 1407 620 995.3‘1592999993‘79‘“Sitifim”?
1424 534 1686 620 Ψωῗᾶ
1707 546 1764 620 Α
1785 541 2045 620 ἒοὲδιιὲἓδ·
2066 534 2289 620 .Sede
2305 533 2649 620 “3119919932
2668 538 2729 620 9°,
2751 533 3383 620 idessssistsltisum-

97 608 238 655 cetur
256 602 537 652 Dominus.
562 605 797 669 Semper
811 605 967 657 enim
989 609 1213 671 oportet
1236 605 1400 658 illum
1420 606 1684 671 magnifi-

98 687 234 734 care,
274 678 330 726 et
350 672 602 737 laudare,
630 676 730 739 qui
757 681 1032 741 operatur
1059 678 1118 730 in
1140 677 1327 736 nobis.
1361 682 1419 729 et
1456 677 1602 731 velle
1626 683 1683 730 et

96 745 302 808 cperari
325 757 425 809 pro
442 746 595 797 bona
612 746 909 799 voluntate
926 748 1151 812 (Philip.
1170 747 1260 811 ‘2.).
1288 751 1462 800 Recte
1486 754 1680 801 autem

95 816 312 868 subdit:
337 815 439 874 Qui
456 816 639 866 volunt
648 831 837 881 pacem
860 820 998 868 servi
1012 818 1143 883 ejus.
1173 822 1369 883 Neque
1386 821 1539 872 enim
1560 820 1681 871 suf-

93 888 203 940 ficit
228 888 402 939 servis
425 889 527 940 Dei
545 889 687 941 velle
701 891 1010 956 justitiam,
1036 891 1148 943 nisi
1170 892 1443 944 studeant
1458 897 1514 944 et
1535 892 1679 955 velle

92 972 298 1025 pacem.
327 958 485 1011 Unde
503 973 636 1012 cum
653 963 921 1026 superius
938 963 1200 1028 dixisset,
1220 964 1452 1015 Declina
1470 976 1506 1016 a
1526 964 1679 1015 malo

90 1037 145 1085 et
162 1031 247 1083 fac
270 1032 487 1083 bonum
508 1032 672 1096 (Psal.
699 1033 836 1098 33.):
858 1035 1124 1098 protinus
1140 1035 1431 1100 adjunxit,
1449 1036 1680 1100 Inquire

91 1117 281 1163 pacem
302 1108 360 1156 et
382 1116 727 1168 persequere
756 1118 901 1158 eam.
927 1108 1045 1158 Pax
1068 1114 1167 1168 est,
1201 1107 1434 1171 quando
1467 1120 1598 1160 caro
1621 1112 1681 1159 et

91 1177 317 1241 spiritus
342 1176 695 1228 concordant
717 1178 778 1228 in
800 1179 939 1230 Deo.
963 1180 1031 1230 In
1065 1178 1172 1230 hac
1197 1190 1336 1242 pace
1359 1179 1680 1244 completur

84 1248 321 1312 justitia.
349 1250 421 1300 Et
431 1246 571 1299 nihil
581 1249 704 1313 jam
722 1254 901 1301 restat
915 1247 1089 1314 aliud,
1107 1250 1221 1303 nisi
1232 1250 1677 1315 perseverantia.

90 1318 244 1372 Unde
267 1323 399 1383 apte
422 1332 560 1370 mox
585 1319 892 1372 subditur:

145 1389 229 1445 29.
253 1391 318 1439 Et
341 1390 534 1455 lingua
557 1405 678 1440 mea
702 1392 1053 1442 meditabitur
1067 1392 1344 1457 justitiam
1370 1398 1543 1457 tuam,
1568 1397 1680 1443 tota

32 1514 33 1517 η
86 1460 166 1510 die
187 1461 401 1511 laudem
412 1468 586 1512 tuam.
606 1463 847 1515 Videtur
862 1464 1049 1528 magis
1060 1463 1134 1516 ad
1151 1477 1250 1516 cor
1267 1464 1550 1529 pertinere
1567 1477 1682 1517 me-

32 1584 33 1591 .
88 1534 296 1599 dilatio,
316 1545 493 1599 quam
504 1533 867 1599 adlinguam.
888 1537 998 1587 Sed
1020 1536 1157 1600 quia
1168 1537 1352 1588 sancti
1376 1536 1481 1589 viri
1504 1537 1596 1589 die
1612 1549 1679 1588 ac

32 1648 34 1663 ι
86 1610 248 1658 nocte
271 1606 625 1658 meditantur
647 1606 709 1658 in
734 1606 859 1671 lege
892 1609 1123 1659 Domini
1149 1607 1314 1668 (Psal.
1344 1607 1433 1673 1.),
1459 1613 1517 1661 et
1542 1622 1679 1672 quas

32 1702 33 1707 η
87 1678 445 1738 meditantur,
463 1675 804 1740 loquuntur:
825 1677 951 1730 ideo
976 1678 1172 1743 lingua
1188 1692 1387 1731 eorum
1403 1680 1501 1731 Dei
1512 1681 1679 1744 justi-

90 1752 220 1802 tiam
240 1749 503 1801 meditari
517 1748 741 1801 dicitur.
759 1749 906 1801 Hinc
927 1753 1207 1815 scriptum
1222 1756 1329 1815 est,
1354 1752 1431 1803 Os
1452 1752 1681 1815 sapien-

1784 606 1894 660 Sed
1931 607 2088 660 aliud
2120 612 2224 667 est,
2265 606 2499 671 quando
2523 605 2772 671 quisque
2800 609 3044 658 conatur
3064 604 3385 672 intelligere

1781 679 2016 743 aliquid,
2039 684 2097 731 et
2116 691 2216 744 per
2226 678 2623 731 infirmitatem
2645 677 2835 729 carnis
2854 689 2975 729 non
3002 679 3212 741 potest,
3237 679 3389 730 sicut

1782 753 2060 814 scriptum
2105 754 2213 811 est,
2244 750 2388 814 Quia
2420 763 2649 814 corpus,
2675 749 2831 814 quod
2857 749 3266 813 corrumpitur,
3296 763 3389 815 ag-

1780 822 2263 885 gravatanimam,
2277 821 2613 885 etdeprimit
2626 824 2850 874 terrena
2875 819 2895 888 |
2911 817 3023 889 60
3044 820 3384 873 inhabitatio

1782 905 2020 944 sensum
2060 894 2243 945 multa
2286 893 2635 957 cogitantem
2672 892 2821 957 (Sap.
2850 891 2959 955 9.):
2996 894 3070 956 et,
3111 893 3264 945 sicut
3306 894 3386 945 ait

1779 962 2110 1027 Apostolus,
2128 962 2392 1015 animalis
2411 962 2585 1014 homo
2602 975 2720 1013 non
2735 963 2976 1027 percipit
2990 974 3075 1027 ea,
3094 974 3228 1026 qum
3245 968 3385 1015 sunt

1781 1034 2017 1099 spiritus
2030 1035 2133 1086 Dei
2161 1033 2228 1099 (1.
2245 1034 2366 1085 Cor.
2388 1032 2481 1096 2.).
2496 1034 2663 1086 Aliud
2679 1039 2874 1087 autem
2891 1039 2982 1086 est
3006 1036 3239 1099 quando
3260 1051 3387 1101 per-

1779 1105 2055 1157 niciosius
2079 1106 2200 1171 agit
2222 1106 2529 1157 adversum
2549 1106 2811 1170 seipsum
2834 1119 2932 1158 cor
2956 1107 3295 1172 humanum,
3319 1115 3386 1161 ut

1779 1176 1933 1241 quod
1957 1183 2156 1241 posset
2180 1176 2513 1242 intelligere,
2534 1177 2582 1227 si
2606 1176 2756 1228 bona
2779 1177 3044 1229 voluntas
3068 1178 3365 1231 accederet

1779 1260 1899 1300 non
1914 1247 2222 1313 intelligat:
2251 1261 2370 1301 non
2381 1247 2513 1312 quia
2527 1247 2756 1300 difﬁcile
2769 1253 2875 1313 est,
2901 1249 3003 1300 sed
3020 1251 3154 1313 quia
3175 1250 3384 1303 volun-

1782 1325 1873 1373 tas
1898 1320 2147 1373 adversa
2169 1324 2276 1373 est.
2298 1319 2527 1373 Etillud
2543 1319 2777 1385 quidem
2801 1320 3107 1373 infirmitas
3131 1326 3246 1374 est:
3276 1322 3385 1374 hoc

1778 1396 1977 1445 autem
1991 1392 2525 1457 summainiquitas.
2543 1391 2691 1444 Illud
2702 1391 3036 1458 invalitudo,
3056 1393 3164 1445 hoc
3181 1393 3388 1446 delibe-

1778 1463 1941 1587 aatio.
1968 1464 2082 1518 Sed
2108 1464 2299 1518 adhuc
2323 1464 2394 1517 de
2408 1463 2505 1517 illo
2520 1463 2756 1529 injusto,
2774 1463 2915 1528 quid
2938 1464 3272 1531 subjungat,
3289 1477 3386 1519 au-

1822 1546 2032 1587 tamus.

1822 1546 1937 1587 iam
1944 1549 2032 1588 us.

1844 1604 1895 1660 5.
1919 1607 2270 1672 lniquitatem
2299 1606 2590 1657 meditatus
2622 1609 2694 1655 est
2730 1604 2792 1654 in
2825 1604 2989 1656 cubili
3026 1621 3142 1658 suo.
3177 1607 3242 1660 Id
3274 1613 3383 1672 est,

1779 1676 1838 1729 in
1864 1679 2171 1732 secretario
2204 1679 2392 1731 cordis
2431 1678 2541 1742 sui,
2563 1677 2746 1727 Astilit
2779 1678 2935 1727 omni
2958 1678 3052 1727 viae
3073 1694 3187 1729 non
3217 1679 3380 1733 bonae.

1779 1748 1845 1800 Id
1875 1754 1965 1802 est
1998 1751 2105 1812 (Ea:
2135 1750 2462 1815 Augustino,
2500 1750 2596 1801 loc.
2629 1749 2757 1813 cit.),
2794 1755 3227 1814 perseveranter
3251 1764 3385 1817 pec-

90 1823 225 1873 tium
245 1821 305 1872 in
326 1820 498 1872 corde
520 1820 777 1884 ipsorum
805 1822 978 1885 (Prov.
1005 1822 1134 1886 16.).
1161 1823 1271 1875 Sed
1293 1825 1462 1887 cujus
1486 1824 1684 1888 lingua
1785 1822 1953 1874 cavit.
1974 1822 2247 1872 Malitiam
2263 1826 2445 1872 autem
2461 1836 2575 1870 non
2599 1820 2786 1871 odivit.
2814 1821 2899 1871 Ibi
2923 1825 3012 1872 est
3038 1821 3282 1886 fructus,
3308 1823 3387 1873 ibi

32 1918 34 1952 ί
90 1893 251 1945 durat
269 1893 537 1945 meditari
552 1892 1016 1945 totadielaudem
1030 1894 1133 1945 Dei
1148 1897 1175 1945 ‘2
1192 1895 1302 1947 Sed
1317 1908 1489 1959 opera
1505 1895 1674 1953 bona,

32 2016 33 2023 η
92 1966 204 2020 vita
225 1966 376 2018 bona
387 1964 648 2030 linguam
670 1977 838 2018 suam
849 1966 1067 2019 habent
1085 1967 1239 2029 apud
1268 1968 1593 2020 Dominum.
1620 1969 1677 2021 Si

92 2039 204 2091 tota
224 2036 314 2089 die
334 2038 486 2089 bene
510 2037 739 2101 vixeris,
769 2041 891 2091 tota
913 2036 1004 2090 die
1027 2037 1288 2090 laudabis
1314 2040 1521 2090 Deum.

250 2158 400 2230 |59
444 2152 807 2218 TITULUS
855 2152 1183 2218 PSALMI
1224 2152 1513 2220 XXXV.

32 2308 33 2311 η
148 2273 193 2321 1.
209 2269 275 2319 In
294 2269 468 2332 ﬁnem
485 2282 653 2333 puero
671 2269 896 2319 Domini
910 2270 1107 2320 David.
1124 2272 1262 2319 Finis
1274 2277 1442 2320 noster
1458 2273 1681 2320 estChri-

32 2352 33 2375 ξ
91 2339 211 2395 stus,
240 2335 293 2381 in
313 2347 467 2394 quem
488 2347 582 2381 nos
604 2334 755 2381 mittit
777 2336 870 2381 iste
894 2335 1119 2394 psalmus
1141 2348 1153 2383 :
1180 2336 1271 2394 qui
1294 2335 1589 2383 attribuitur
1603 2336 1680 2382 ei-

32 2430 33 2435 η
90 2397 198 2445 dem
234 2398 447 2445 Domino
477 2398 596 2444 Jesu
641 2397 856 2459 Christo,
894 2398 986 2456 qui
1025 2398 1191 2445 dictus
1240 2404 1315 2446 est
1354 2399 1533 2460 David,
1558 2399 1679 2458 quia

91 2460 240 2507 factus
262 2464 334 2507 est
355 2473 419 2506 ex
436 2459 626 2507 semine
649 2460 804 2506 David
824 2460 1102 2507 secundum
1119 2473 1338 2508 carnem.
1366 2462 1494 2508 Puer
1511 2459 1676 2509 autem

32 2530 39 2585 ς
91 2535 118 2569 a
135 2522 342 2585 puritate
363 2522 532 2570 dictus
555 2527 645 2584 est,
670 2524 793 2582 quia
817 2522 925 2570 sine
953 2526 1154 2583 peccato
1179 2523 1302 2571 fuit:
1331 2524 1466 2584 quod
1505 2524 1560 2571 in
1586 2524 1680 2572 hoc

89 2586 271 2646 psalmo
294 2582 497 2645 liquido
519 2582 816 2634 declaratur.
849 2587 905 2633 In
929 2582 1030 2645 quo
1054 2585 1335 2633 ostenditur
1348 2582 1677 2645 peccatorum

90 2648 251 2695 omnia
269 2653 470 2708 peccata
492 2662 587 2696 sua
610 2661 711 2695 non
737 2651 848 2709 Deo,
875 2650 963 2695 sed
987 2663 1017 2695 a
1039 2662 1092 2696 se
1115 2649 1313 2697 habere.
1339 2651 1535 2698 Justum
1560 2663 1679 2697 vero

90 2710 214 2758 nihil
236 2712 425 2759 habere
440 2712 670 2773 justitia),
696 2712 796 2758 nisi
820 2725 880 2759 ex
903 2711 1062 2759 solius
1095 2712 1179 2758 Dei
1211 2712 1456 2772 largitate.
1481 2714 1679 2760 Materia

90 2778 159 2837 est
176 2774 361 2837 justus,
387 2778 440 2822 et
462 2774 759 2822 secundario
784 2774 991 2834 impius.
1033 2775 1089 2821 In
1127 2774 1290 2833 prima
1334 2780 1472 2834 parte
1495 2775 1677 2836 psalmi

89 2836 312 2896 impium,
335 2836 458 2886 eum
486 2850 577 2885 sua
592 2840 908 2885 accusatione
929 2838 1184 2885 describit.
1211 2837 1272 2886 In
1291 2838 1513 2886 secunda
1540 2843 1678 2898 parte

91 2899 320 2948 describit
350 2902 552 2960 justum
575 2914 678 2948 non
701 2913 815 2948 cum
839 2915 933 2948 sua
956 2900 1122 2961 laude,
1149 2902 1233 2948 sed
1256 2914 1371 2948 cum
1397 2901 1545 2949 laude
1569 2902 1657 2949 Dei

91 2963 297 3027 intendit
315 2968 485 3012 autem
510 2977 602 3012 nos
614 2965 901 3022 admonere,
920 2969 975 3010 ut
990 2965 1110 3011 vitia
1126 2969 1295 3011 nostra
1305 2977 1364 3011 ex
1381 2965 1529 3012 nobis
1550 2975 1677 3027 esse,

91 3025 217 3073 bona
237 3031 405 3075 autem
430 3040 459 3075 a
485 3028 582 3075 Deo
613 3039 998 3086 cognoscamus:
1028 3040 1092 3074 ne
1115 3027 1286 3073 veniat
1308 3028 1455 3075 nobis
1473 3040 1563 3087 pes
1585 3025 1678 3076 su-l

92 3089 267 3150 perbiaa
292 3094 340 3139 et
359 3091 603 3140 cudamus
626 3089 763 3153 (Oses
786 3089 903 3152 13.).
930 3090 1009 3137 Sic
1031 3103 1147 3149 ergo
1169 3090 1369 3151 incipit.

513 3204 917 3270 PSALMUS
960 3203 1247 3270 XXXV.

144 3309 194 3366 2.
228 3313 381 3364 Dixit
415 3313 671 3379 injustas,
701 3318 761 3363 ut
792 3312 1072 3377 delinquat
1103 3313 1167 3362 in
1197 3312 1487 3379 semetipso.
1515 3316 1679 3369 Multi

1708 1922 1763 1997 B

1785 1893 1934 1945 linis.
1951 1897 2067 1945 Non
2088 1899 2270 1959 potes,
2285 1906 2404 1945 non
2424 1893 2638 1944 habere
2654 1891 2934 1943 malitiam
2949 1896 2975 1942 ?
2999 1892 3091 1944 vel
3106 1893 3296 1945 oderis
3318 1893 3388 1945 il-

1783 1963 1917 2015 lam.
1946 1965 2090 2016 Cum
2113 1965 2265 2016 enim
2282 1963 2459 2017 odisti
2475 1964 2642 2027 illam,
2667 1963 2764 2014 vix
2784 1963 2883 2013 tibi
2899 1964 3175 2029 subrepit,
3198 1969 3264 2017 ut
3286 1967 3388 2018 ali-

1780 2035 1919 2099 quid
1942 2037 2080 2087 mali
2101 2036 2296 2088 facias.
2324 2038 2426 2087 Est
2441 2035 2595 2087 enim
2616 2038 2921 2100 peccatum
2936 2035 2997 2086 in
3018 2036 3245 2088 mortali
3263 2051 3387 2089 cor-

1777 2120 1932 2172 pore.
1946 2108 2053 2161 Sed
2067 2108 2208 2172 quid
2218 2108 2357 2159 dicit
2368 2106 2682 2171 Apostolus
2692 2109 2718 2157 ἰ)
2734 2108 2860 2158 Non
2868 2112 3072 2171 regnet
3082 2113 3381 2173 peccatum

1778 2179 1839 2231 in
1856 2185 2050 2232 vestro
2065 2179 2291 2232 mortali
2307 2191 2561 2242 corpore,
2580 2177 2658 2229 ad
2676 2178 3066 2230 obediendum
3084 2179 3383 2232 desideriis

1778 2252 1906 2315 ejus
1920 2253 2088 2317 (Rom.
2108 2250 2197 2316 6.).
2217 2252 2285 2302 Et
2302 2249 2470 2314 paulo
2487 2254 2621 2315 post
2634 2249 2789 2300 idem
2805 2249 3021 2302 Paulus
3044 2266 3055 2300 :
3070 2252 3213 2302 Cum
3229 2252 3380 2305 enim

1779 2322 1930 2375 servi
1941 2322 2148 2374 essetis
2163 2320 2397 2386 peccati,
2411 2319 2575 2371 liberi
2588 2318 2779 2371 fuistis
2790 2322 2809 2379 j
2821 2322 2915 2368 usti
2923 2323 3004 2369 tiae
3020 2320 3211 2386 (lbid.).
3224 2325 3375 2372 Aliud

1777 2398 1867 2447 est
1879 2406 1998 2446 non
2008 2404 2282 2458 pugnare,
2297 2396 2354 2443 et
2364 2403 2495 2443 esse
2510 2391 2573 2442 in
2589 2403 2729 2455 pace
2746 2403 2883 2443 vera
2897 2396 3071 2455 atque
3084 2398 3377 2459 perpetua.

1774 2464 1945 2518 Aliud
1966 2476 2243 2530 pugnare,
2279 2466 2335 2514 et
2362 2462 2609 2515 vincere.
2640 2461 2811 2514 Aliud
2832 2475 3095 2527 pugnare
3126 2468 3185 2516 et
3206 2465 3379 2518 vinci.

1774 2537 1945 2591 Aliud
1981 2550 2088 2589 nec
2118 2546 2394 2601 pugnare,
2422 2534 2524 2586 sed
2559 2533 2723 2586 trahi.
2756 2535 2903 2586 Sunt
2937 2535 3092 2586 enim
3115 2535 3379 2590 homines

1774 2622 2032 2675 prorsus,
2046 2608 2145 2673 qui
2158 2620 2274 2659 non
2289 2610 2569 2672 pugnant,
2584 2605 2772 2669 qualis
2785 2611 2876 2658 est
2895 2605 3006 2658 iste
3022 2609 3092 2659 de
3104 2623 3205 2670 quo
3220 2611 3381 2671 loqui-

1774 2685 1888 2734 tur.
1907 2681 2049 2732 Cum
2062 2680 2215 2732 enim
2226 2678 2391 2737 dixit,
2408 2676 2682 2727 Malitiam
2695 2683 2878 2726 autem
2888 2693 3001 2727 non
3018 2678 3143 2728 odio
3169 2680 3377 2743 habuit,

1775 2752 2065 2817 quomodo
2080 2754 2301 2816 pugnat
2311 2753 2513 2802 contra
2523 2761 2672 2808 eam,
2689 2761 2869 2813 quam
2883 2761 3003 2801 non
3019 2752 3160 2801 odit?
3173 2754 3267 2802 Iste
3282 2767 3379 2802 ma-

1773 2823 1895 2877 litia
1910 2823 2174 2884 trahitur,
2202 2834 2310 2874 nec
2326 2824 2626 2886 repugnat.
2642 2821 2787 2872 Sunt
2802 2825 2999 2873 autem
3011 2858 3023 2883 ,
3037 2822 3137 2886 qui
3152 2838 3377 2886 pugnare

1774 2896 2077 2960 incipiunt,
2105 2894 2207 2947 sed
2231 2894 2369 2958 quia
2391 2892 2463 2944 de
2487 2892 2709 2945 viribus
2734 2892 2856 2943 suis
2878 2900 3264 2960 praesumunt,
3292 2906 3378 2948 ca-

1776 2968 1941 3020 dunt.
1968 2968 2038 3020 Et
2062 2970 2219 3030 sunt,
2244 2965 2341 3030 qui
2355 2968 2636 3029 pugnant,
2667 2965 2726 3016 et
2740 2976 2858 3015 non
2882 2964 3216 3030 vincuntur,
3241 2967 3378 3031 quia

1775 3039 1848 3091 de
1865 3039 2072 3103 seipsis
2088 3050 2206 3090 non
2229 3039 2626 3102 praesumunt:
2649 3034 2753 3087 sed
2770 3039 2920 3087 totos
2942 3048 3003 3087 se
3028 3036 3245 3090 divinas
3268 3038 3377 3090 mi-

1775 3110 2097 3165 sericordiae
2109 3111 2495 3163 committunt.
2514 3110 2594 3160 De
2606 3107 2696 3159 his
2708 3113 2905 3160 autem
2919 3109 3047 3173 subj
3057 3111 3378 3174 ungit,con-

1777 3183 2054 3297 vertaendo
2071 3194 2134 3235 se
2148 3181 2223 3234 ad
2237 3180 2574 3233 familiarem
2590 3180 2822 3232 Domini
2836 3178 3206 3247 locutionem,
3224 3188 3283 3235 et
3298 3182 3376 3235 di-

1778 3260 1884 3297 cen
1927 3259 1960 3297 ο
1978 3263 1988 3295 :

1887 3259 1922 3297 α
1978 3263 1988 3295 :

1778 3260 1890 3373 06g.
1908 3259 2155 3378 Bomine,
2174 3317 2236 3365 in
2250 3313 2375 3367 ccelo
2390 3314 2766 3365 misericordia
2791 3318 2905 3367 tua.
2923 3315 3162 3368 Duobus
3186 3318 3372 3371 modis

85 3382 190 3437 hoc
211 3385 441 3450 dicunt;
473 3353 604 3439 lion
647 3353 965 3451 possumus:
999 3398 1126 3438 esse
1172 3385 1299 3439 sine
1327 3353 1561 3450 peccato
1606 3386 1673 3453 (1.
1704 3353 1752 3426 C
1771 3353 2045 3455 accipitur
2061 3353 2450 3440 misericordia
2468 3386 2586 3439 Dei.
2605 3386 2734 3438 Una
2754 3386 3042 3450 estquam
3059 3353 3375 3442 communi-

87 3456 240 3510 Joan.
273 3457 361 3523 1.).
394 3456 552 3511 Talis
587 3461 678 3510 est
712 3462 911 3509 nostra
942 3461 1166 3509 natura.
1204 3457 1371 3510 Tales
1402 3471 1510 3510 nos
1542 3458 1675 3515 fecit

85 3527 248 3581 Deus.
262 3529 318 3581 Si
331 3530 460 3594 ipse
471 3543 591 3582 non
606 3528 794 3591 vellet,
808 3540 926 3581 non
943 3541 1336 3593 peccaremus.
1355 3531 1537 3592 Quare
1562 3530 1673 3583 hoc

84 3598 213 3653 dicit
231 3601 521 3666 injustus?
542 3601 670 3652 Non
694 3607 765 3650 est
792 3601 956 3650 timor
984 3600 1081 3650 Dei
1105 3606 1231 3650 ante
1249 3601 1427 3651 oculos
1459 3602 1588 3667 ejus.
1616 3606 1672 3657 Si

84 3671 257 3725 Deum
274 3673 524 3733 timeret,
548 3687 667 3726 non
686 3673 795 3725 hoc
815 3672 1047 3738 diceret,
1075 3673 1191 3725 imo
1207 3680 1505 3728 accusaret
1522 3678 1673 3744 seip-

84 3756 226 3809 sum,
250 3759 365 3799 non
402 3748 602 3798 Deum.
629 3747 734 3798 Ubi
760 3759 877 3798 non
902 3750 989 3798 est
1012 3745 1199 3811 timor,
1216 3746 1296 3797 ibi
1320 3751 1411 3799 est
1433 3748 1673 3803 dissolu-

85 3816 155 3868 tio
170 3818 358 3870 animi.
375 3819 571 3871 Timor
580 3821 776 3870 autem
797 3818 897 3869 Dei
913 3817 1161 3869 fraanum
1177 3820 1510 3883 estpeccati.
1531 3824 1673 3884 Quia

82 3899 210 3951 ergo
226 3887 400 3941 talem
417 3902 480 3941 se
504 3888 628 3942 vult
642 3888 996 3941 abscondere
1012 3889 1148 3949 Deo,
1174 3887 1364 3952 qualis
1389 3896 1498 3956 est,
1516 3900 1670 3948 recte

83 3957 147 4011 de
171 3958 265 4011 illo
289 3960 673 4025 subjunctum
698 3966 825 4013 est:

138 4029 186 4085 3.
209 4032 485 4090 Quoniam
517 4032 689 4082 dolose
718 4032 833 4096 agit
864 4031 926 4081 in
955 4035 1229 4096 conspectu
1252 4031 1400 4096 ejus:
1437 4040 1497 4085 ut
1523 4037 1671 4087 inve-

81 4102 264 4152 nialur
295 4104 570 4166 iniquitas
598 4104 712 4168 ejus
736 4103 809 4153 ad
831 4103 1036 4153 odium.
1069 4102 1277 4155 Dolose
1300 4104 1417 4169 agit
1447 4106 1508 4158 in
1532 4121 1671 4161 con-

82 4177 275 4237 spectu
302 4176 424 4240 Dei,
455 4175 721 4240 quisquis
753 4173 875 4228 vult
903 4175 955 4226 ei
984 4174 1340 4227 abscondere
1372 4184 1669 4240 peccatum

81 4257 264 4298 suum.
290 4247 506 4299 Ethaec
529 4252 618 4299 est
636 4246 932 4312 iniquitas,
951 4258 1124 4310 quam
1148 4248 1306 4298 Deus
1335 4248 1471 4312 odlt,
1499 4257 1557 4303 et
1580 4267 1670 4306 ve-

76 4314 369 4372 hementer
401 4319 587 4384 punit.
624 4319 864 4381 Quando
903 4318 1076 4370 homo
1112 4324 1330 4385 peccat,
1369 4325 1426 4373 et
1462 4321 1670 4377 deinde

79 4390 327 4455 poenitet,
345 4395 404 4444 et
420 4391 779 4454 recognoscit
790 4403 853 4442 se
868 4391 1016 4441 male
1031 4392 1236 4453 egisse,
1253 4391 1479 4444 nullum
1494 4394 1669 4448 alium

78 4459 394 4528 increpans,
432 4462 525 4515 vel
547 4474 851 4522 accusans,
883 4460 997 4513 nisi
1021 4463 1423 4527 semetipsum:
1454 4471 1512 4517 et
1536 4466 1670 4521 inde

79 4535 192 4584 toto
202 4534 392 4596 corde,
408 4538 528 4586 toto
539 4534 759 4599 gemitu
771 4535 1126 4586 convertitur
1136 4534 1209 4585 ad
1219 4534 1670 4592 misericordiam

82 4604 203 4656 Dei:
241 4605 369 4658 talis
397 4606 700 4670 iniquitate
731 4607 851 4658 Deo
883 4606 956 4657 ad
985 4606 1182 4658 odium
1204 4619 1322 4658 non
1355 4608 1666 4664 invenitur.

76 4675 194 4727 Imo
212 4676 374 4730 facile
390 4677 439 4730 ei
461 4677 789 4729 remittitur.
807 4677 950 4739 Quia
963 4682 1157 4730 autem
1174 4692 1293 4730 non
1317 4681 1505 4733 solum
1517 4683 1667 4736 male

1774 3466 1858 3514 ter
1880 3462 1974 3513 hic
1997 3463 2235 3525 praestat
2258 3459 2429 3511 bonis
2445 3460 2502 3510 et
2524 3457 2711 3521 malis,
2731 3457 2882 3510 sicut
2904 3463 2995 3510 est
3013 3459 3262 3512 facultas
3288 3474 3368 3513 rc-

1769 3548 1916 3595 rum,
1945 3532 2167 3584 sanitas
2190 3530 2607 3596 corporum,sci
2618 3529 2788 3591 entia,
2818 3529 3100 3596 doctrina,
3125 3533 3372 3597 prophe-

1771 3606 1868 3669 tia,
1892 3610 1951 3657 et
1974 3604 2086 3655 alia
2102 3602 2453 3668 hujusmodi.
2483 3601 2593 3653 Sed
2609 3601 2745 3665 quia
2761 3601 2887 3653 haec
2907 3607 3048 3654 sunt
3065 3605 3371 3668 transitoria,

1770 3675 2101 3741 temporalis
2123 3680 2211 3727 est
2233 3672 2643 3726 misericordia.
2659 3674 2759 3724 Est
2781 3673 2912 3737 alia,
2940 3686 3113 3737 quam
3132 3680 3372 3739 praestat

1769 3751 1927 3801 Deus
1944 3745 2083 3799 solis
2101 3746 2265 3798 bonis
2276 3752 2335 3800 et
2351 3744 2571 3798 sanctis
2594 3760 2607 3797 :
2624 3745 2777 3797 sicut
2791 3749 2881 3797 est
2897 3746 3161 3797 remissio
3174 3759 3371 3811 pecca-

1772 3825 1980 3884 torum,
2002 3817 2200 3871 divina
2213 3817 2440 3877 caritas,
2453 3822 2671 3870 mterna
2688 3816 2824 3869 vita.
2844 3818 2984 3869 Haec
3000 3817 3236 3881 quidem
3251 3831 3367 3871 non

1770 3896 2015 3956 terrena,
2040 3888 2145 3942 sed
2175 3888 2456 3942 ccnlestis:
2484 3900 2602 3939 non
2626 3888 2971 3951 transitoria,
3008 3888 3112 3941 sed
3149 3894 3369 3943 aiterna

1770 3970 1875 4019 est.
1901 3963 2012 4017 Sed
2036 3960 2325 4027 quomodo
2355 3961 2483 4013 hinc
2505 3958 2852 4012 annuntiata
2873 3964 3001 4011 est?
3026 3961 3288 4024 sequitur
3310 3965 3370 4016 et

1770 4037 1925 4102 dicit,
1950 4036 2018 4085 Et
2040 4032 2234 4086 veritas
2267 4037 2363 4082 tua
2386 4046 2554 4096 usque
2592 4030 2677 4102 ad,
2694 4029 2877 4082 nubes.
2895 4029 2960 4082 Id
2983 4034 3090 4096 est,
3117 4032 3369 4096 cognitio

1771 4114 1888 4162 tua)
1914 4101 2172 4161 veritatis
2207 4104 2369 4157 venit
2398 4103 2473 4155 ad
2506 4101 2929 4168 prmdicatores.
2956 4101 3368 4156 Praedicatores

1767 4181 1866 4233 isti
1876 4192 1976 4245 per
1990 4191 2138 4244 quos
2157 4176 2502 4242 praedicatur
2516 4172 2894 4239 Evangelium
2916 4174 3036 4238 Dei,
3056 4176 3243 4228 nubes
3263 4177 3367 4229 Dei

1770 4256 1922 4304 sunt.
1949 4253 2178 4304 Tonant
2197 4248 2391 4313 minis,
2408 4247 2616 4313 pluunt
2636 4246 2847 4306 verbis,
2872 4250 3182 4299 coruscant
3206 4248 3370 4301 mira-

1769 4325 1933 4376 culis.
1959 4325 2269 4389 Speremus
2285 4333 2420 4386 ergo
2434 4317 2900 4383 misericordiam,
2918 4319 3020 4372 sed
3036 4318 3213 4385 illam,
3237 4332 3366 4385 qum

1767 4394 1830 4447 in
1852 4395 1997 4448 caelo
2023 4400 2133 4447 est.
2582 4434 2592 4442 .

1831 4467 1881 4521 7.
1904 4468 2131 4518 Justitia
2147 4471 2245 4518 tua
2264 4466 2401 4517 sicut
2425 4470 2628 4516 montes
2650 4464 2767 4516 Dei.
2793 4463 2952 4516 Sicut
2973 4464 3366 4517 misericordia

1769 4540 1870 4591 Itei
1896 4539 2028 4592 facit
2040 4538 2306 4591 homines
2323 4537 2520 4600 caelos,
2545 4549 2680 4590 cum
2702 4548 2737 4589 a
2761 4537 3000 4589 terrenis
3022 4535 3097 4588 ad
3110 4536 3367 4590 ccelestia

1771 4609 2060 4665 sublevat:
2085 4613 2145 4662 et
2177 4609 2330 4663 sicut
2353 4612 2566 4664 veritas
2591 4609 2691 4661 Dei
2713 4608 2849 4661 facit
2870 4608 3134 4661 homines
3157 4609 3365 4675 nubes,

1777 4696 1911 4735 cum
1937 4695 2038 4734 eos
2069 4693 2171 4747 per
2193 4682 2538 4747 sapientiam
2563 4694 2731 4734 suam
2755 4679 3037 4733 illustrat:
3063 4681 3145 4733 sic
3170 4681 3366 4734 divina

76 4747 234 4821 vivit,
253 4750 356 4801 sed
373 4750 549 4801 etiam
565 4748 775 4821 malam
791 4733 972 4801 vitam
985 4751 1366 4814 superbiendo
1383 4733 1665 4809 defend—it}
1690 4733 1748 4807 Ι)
1769 4733 1997 4821 justitia
2016 4733 2152 4806 facit
2173 4733 2438 4806 homines
2451 4733 2606 4806 sicut
2619 4757 2850 4807 montes
2870 4753 2991 4817 Dei,
3014 4733 3253 4818 quando
3266 4733 3368 4806 eos

76 4817 165 4871 hic
177 4825 283 4886 est,
303 4834 480 4886 quem
500 4822 655 4872 Deus
671 4820 804 4873 odit.
827 4822 1159 4874 Secundum
1181 4821 1454 4877 duritiam
1470 4831 1666 4880 autem

78 4891 261 4944 cordis
285 4893 397 4959 sui,
424 4896 480 4945 et
501 4906 600 4945 cor
620 4892 994 4957 impaenitens
1012 4892 1264 4946 thesauri
1275 4901 1367 4948 zat
1390 4898 1500 4949 sibi
1524 4899 1668 4951 iram

78 4961 133 5035 in
155 4963 248 5015 die
269 4964 374 5017 iraa
397 4964 835 5035 etrevelationis
849 4964 993 5029 justi
1015 4965 1335 5031 judiciiDei
1360 4969 1543 5032 (Rom.
1567 4968 1662 5035 2.):

80 5032 146 5086 de
179 5047 294 5099 quo
317 5040 378 5088 et
408 5034 707 5090 subditur:

138 5106 188 5161 4.
236 5107 406 5159 Verba
434 5109 544 5159 oris
575 5110 688 5173 ejus
715 5108 985 5175 iniquitas
1015 5114 1063 5160 et
1094 5109 1260 5161 dolus.
1302 5112 1667 5179 Iniquitatem

79 5188 173 5251 per
193 5184 388 5245 partes
411 5181 735 5244 exequitur,
754 5182 1067 5235 ostendens
1091 5194 1218 5234 eam
1241 5183 1301 5234 in
1321 5186 1665 5251 cognitione,

77 5247 131 5301 in
153 5257 305 5314 actu,
331 5252 393 5304 in
420 5253 616 5305 verbo.
644 5252 808 5305 Multi
828 5253 1025 5306 dolose
1053 5259 1252 5319 agunt,
1277 5261 1344 5308 ut
1366 5247 1667 5311 inveniant

78 5321 429 5389 iniquitatem
464 5337 653 5377 suam:
680 5325 739 5376 id
770 5329 880 5390 est,
908 5338 1024 5377 non
1055 5339 1128 5376 ex
1150 5330 1344 5378 animo
1373 5331 1572 5395 agunt,
1602 5335 1667 5382 ut

78 5405 197 5447 eam
211 5397 443 5463 possint
457 5395 714 5450 invenire
724 5398 999 5449 etodisse.
1020 5399 1352 5452 Invenirent
1369 5402 1414 5451 si
1432 5400 1663 5454 vellent.

80 5469 288 5521 Nolunt
312 5472 530 5533 autem,
562 5474 626 5521 ut
649 5469 733 5521 sic
759 5483 822 5522 se
853 5469 1159 5523 defendere
1183 5476 1242 5524 et
1264 5484 1546 5525 excusare
1573 5487 1666 5526 va-

77 5534 239 5590 leant,
265 5542 336 5592 Et
367 5541 518 5593 sicut
533 5541 700 5593 dolus
724 5547 813 5594 est
828 5541 888 5593 in
902 5542 1290 5608 inquisitione,
1310 5545 1391 5596 sic
1414 5547 1665 5600 etiamin

78 5608 428 5664 defensione.
453 5614 597 5665 Nam
619 5615 667 5666 si
692 5613 786 5666 cui
809 5626 1008 5666 eorum
1027 5613 1189 5677 dicis,
1214 5617 1397 5676 Quare
1419 5616 1529 5670 hoc
1552 5631 1670 5671 ma-

77 5679 192 5735 lum
212 5683 397 5736 facis?
412 5686 723 5751 respondet
743 5687 880 5738 tibi?
898 5688 1082 5750 Quam
1105 5685 1272 5739 multi
1294 5688 1404 5741 hoc
1426 5688 1664 5743 faciunt.

80 5754 352 5820 Nunquid
362 5768 565 5811 omnes
584 5758 909 5825 perditurus
920 5760 1312 5813 estDeus?Sic
1324 5774 1460 5826 ergo
1469 5762 1671 5827 iniqui-

82 5829 253 5880 tatem
278 5829 544 5896 loquens,
583 5836 640 5884 et
660 5831 811 5883 male
831 5843 893 5884 se
925 5835 1147 5896 tegens,
1171 5830 1463 5886 invenitur
1484 5834 1544 5885 in
1571 5847 1668 5887 ore

81 5898 203 5962 ejus
232 5899 511 5966 iniquitas
545 5905 603 5955 et
638 5902 823 5956 dolus.
867 5902 1058 5955 Noluit
1090 5902 1397 5969 intelligere,
1442 5910 1504 5956 ut
1546 5905 1669 5957 bene

81 5976 267 6035 ageret.
294 5974 447 6026 Sunt
466 5973 749 6042 homines,
763 5976 861 6041 qui
890 5973 1094 6031 volunt
1116 5975 1453 6043 intelligere,
1472 5982 1529 6032 et
1551 5989 1669 6032 non

1768 4826 2076 4881 virtutibus
2097 4829 2157 4878 et
2170 4826 2441 4889 operibus
2453 4825 2621 4877 bonis
2636 4824 2768 4879 exal
2777 4830 2861 4879 tat
2887 4830 2944 4879 et
2960 4824 3278 4878 confirmat.
3299 4827 3367 4878 Et

1769 4896 2078 4963 quomodo,
2104 4895 2338 4961 quando
2360 4896 2540 4948 oritur
2563 4898 2668 4961 sol,
2692 4897 2854 4963 prius
2877 4897 3005 4950 luce
3027 4902 3255 4951 montes
3274 4910 3370 4950 ve-

1769 4972 1883 5032 stit,
1903 4968 2110 5023 etinde
2131 4969 2235 5021 lux
2257 4967 2329 5020 ad
2351 4967 2678 5020 humillima
2696 4973 3009 5023 terrarum:
3031 4970 3114 5023 sic
3136 4969 3365 5035 quando

1765 5042 1923 5097 venit
1941 5042 2223 5095 Dominus
2235 5042 2267 5092 J
2271 5053 2410 5093 esus
2426 5039 2708 5107 Christus,
2732 5042 2894 5107 prius
2909 5042 3149 5095 radiavit
3162 5044 3222 5095 in
3238 5041 3366 5096 alti-

1768 5114 2031 5168 tudinem
2053 5113 2482 5179 Apostolorum,
2506 5114 2667 5179 prius
2690 5113 3003 5167 illustravit
3026 5118 3281 5176 montes:
3309 5119 3367 5168 et

1770 5187 1854 5239 sic
1874 5185 2174 5238 descendit
2192 5186 2294 5238 lux
2309 5186 2437 5250 ejus
2452 5185 2524 5237 ad
2543 5186 2862 5238 convallem
2880 5190 3179 5250 terrarum,
3202 5188 3273 5241 Et
3290 5201 3367 5240 ne

1764 5259 1973 5323 aliquis
1996 5261 2300 5323 quaereret,
2325 5269 2504 5321 quare
2527 5258 2723 5323 potius
2744 5258 2855 5310 hos
2874 5256 3047 5322 elegit
3069 5262 3128 5310 et
3147 5258 3258 5312 hos
3280 5273 3367 5314 re-

1766 5331 2034 5396 probavit
2053 5344 2063 5376 :
2082 5329 2210 5382 ideo
2226 5329 2490 5395 protinus
2511 5329 2737 5382 addidit
2759 5328 3018 5382 :Judicia
3033 5335 3128 5379 tua
3144 5330 3365 5396 abyssus

1766 5402 1955 5452 multa.
1974 5402 2173 5454 Tantm
2191 5400 2593 5466 profunditatis
2611 5406 2769 5467 sunt,
2788 5400 2942 5463 quod
2954 5411 2989 5451 a
3003 5399 3161 5452 nullo
3175 5402 3369 5454 invesa

1766 5474 1936 5539 tigari
1970 5477 2215 5538 possunt
2253 5474 2422 5535 (Rom.
2453 5471 2538 5526 11.
2578 5471 2735 5522 Prov.
2764 5470 2892 5535 18.).
2928 5469 3030 5524 Vel
3060 5482 3161 5536 per
3187 5473 3365 5537 abys‘

1768 5558 1900 5597 sum
1922 5549 2110 5611 potest
2131 5542 2371 5608 intelligi
2392 5542 2611 5595 malitia
2642 5540 2765 5613 [6|
2788 5542 3178 5608 reproborum.
3199 5544 3361 5597 Unde

1767 5618 2046 5683 scriptum
2069 5619 2177 5677 est,
2217 5618 2502 5679 Peccator,
2527 5627 2662 5668 cum
2689 5616 2909 5670 venerit
2930 5615 2991 5667 in
3015 5614 3361 5680 profundum

1766 5691 2069 5752 malorum,
2116 5687 2434 5741 contemnit
2473 5687 2648 5753 (Prov.
2692 5687 2823 5750 18.).
2871 5690 3185 5753 Postquam
3228 5700 3364 5754 ergo

1767 5761 1915 5814 dixit
1937 5760 2007 5813 de
2040 5761 2256 5826 electis,
2290 5760 2559 5813 continuo
2585 5760 2858 5824 adjunxit
2882 5759 2954 5813 de
2985 5760 3244 5826 reprobis
3278 5759 3364 5812 (li-

1767 5845 1926 5897 cens,
1949 5833 2173 5883 Judicia
2190 5838 2283 5882 tua
2299 5831 2521 5897 abyssus
2535 5831 2730 5884 multa.
2754 5835 2837 5884 Ac
2861 5832 2911 5883 si
2934 5831 3177 5886 diceret:
3207 5834 3367 5886 Sicut

1765 5904 2156 5958 misericordia
2178 5909 2235 5958 et
2262 5904 2475 5957 veritas
2498 5907 2554 5957 et
2579 5904 2812 5969 justitia
2837 5903 3033 5957 salvat
3049 5905 3264 5971 justos,
3284 5905 3366 5958 ita

1762 5977 1979 6043 judicia
2001 5981 2103 6032 tua
2117 5977 2503 6032 condemnant
2518 5976 2790 6043 reprobos
2805 5991 2818 6030 :
2840 5977 2940 6041 qui
2968 5977 3096 6030 ideo
3109 5978 3364 6044 abyssul
