3890 6404
536 382 641 437 775

1578 381 1846 435 RUFINO
1893 382 2357 439 PRESBYTERO
2401 384 2787 438 ASCRIPTUS

3737 383 3844 436 77b

522 494 709 575 multa
721 493 1014 573 dicuntur,
1033 495 1166 575 quia
1180 492 1803 575 iniquitate‘multipiici.
1816 494 2124 575 tenebran-
2148 501 2205 575 Α
2224 510 2340 575 nus
2357 497 2696 564 peccatoris.
2711 498 2899 559 Quare
2910 498 3112 546 contra
3131 494 3459 559 superbiam
3467 494 3580 548 hoc
3589 493 3847 547 dicitur!|

521 574 632 619 tur.
651 568 721 616 Et
740 564 877 628 quia
900 564 1055 628 prius
1084 564 1325 627 dixerat,
1343 565 1499 629 quod
1514 565 1706 617 divina
1728 565 2122 618 misericordia

522 638 579 689 in
601 638 746 687 cmlo
762 640 924 686 erat:
950 634 1121 686 modo
1147 637 1420 699 ostendit,
1448 636 1585 700 quia
1605 636 1783 688 etiam
1807 636 1881 688 ad
1910 641 2120 690 terram

525 709 700 762 venit.
726 707 825 758 Ait
854 705 1040 759 enim:

582 803 629 848 8.
667 796 925 845 Homines
948 800 993 844 et
1014 794 1271 859 jumenta
1297 797 1549 859 salvabis,
1568 797 1796 848 Domine
1818 814 1834 849 :
1860 799 2124 863 quemad-

522 868 742 917 modum
754 866 1129 930 multipticasti
1144 868 1579 919 misericordiam
1595 874 1747 918 tuam
1762 869 1915 919 Deus.
1930 872 1995 921 In
2008 872 2125 921 tan-

524 944 648 989 tum
656 938 811 989 enim
824 948 993 988 suam
1022 938 1476 990 misericordiam
1488 940 1620 1003 pius
1637 940 1916 991 Dominus
1930 940 2124 992 multi-

520 1009 768 1075 plicavit,
804 1009 963 1072 quod
986 1022 1106 1061 non
1129 1010 1319 1062 solum
1351 1011 1617 1062 homines
1654 1011 1983 1074 rationales,
2020 1012 2122 1063 sed

520 1082 694 1135 etiam
716 1082 916 1132 brutos
933 1085 990 1133 et
1002 1082 1212 1133 idiotas
1235 1082 1503 1135 salvavit.
1523 1083 1627 1135 Ubi
1640 1084 1793 1135 enim
1807 1084 2126 1135 abundavit

522 1154 1347 1218 peccatum,superabnndavit
1362 1154 1544 1218 gratia
1562 1155 1733 1215 (Rom.
1760 1152 1852 1217 5.).
1875 1154 2001 1203 Filii
2024 1170 2128 1203 au-

525 1230 627 1274 tem
642 1224 952 1285 hominum,
964 1225 1022 1275 id
1037 1230 1146 1288 cst,
1172 1229 1293 1277 tota
1308 1224 1560 1276 Ecclesia
1576 1226 1917 1277 continuata
1939 1238 2126 1289 usque

522 1296 597 1347 ad
621 1295 795 1348 finem
811 1295 1007 1347 seculi.
1028 1297 1089 1345 In
1116 1298 1340 1359 tegmine
1351 1296 2124 1361 alarumtuarumsperabunt.

526 1367 590 1419 Id
601 1372 710 1427 est,
730 1368 789 1418 in
807 1368 1155 1432 protectione
1167 1369 1411 1419 duorum
1428 1373 1862 1433 praeceptorum,
1882 1369 2129 1421 caritatis

526 1439 629 1491 Dei
642 1439 928 1501 videlicet,
947 1445 1003 1490 et
1015 1440 1261 1503 proximi
1275 1440 1481 1504 (Matth.
1495 1438 1582 1492 ‘22.
1598 1441 1724 1489 Luc.
1742 1439 1868 1501 10.).
1888 1442 2005 1491 Sub
2018 1442 2131 1489 istis

523 1510 631 1561 alis
643 1512 905 1574 quisquis
916 1522 1033 1561 non
1047 1513 1381 1575 protegitur,
1394 1511 1666 1563 vitiorum
1678 1513 1921 1563 mstibus
1933 1524 2132 1564 exure-

526 1587 638 1635 tur.
666 1583 769 1632 Vel
802 1584 937 1645 quia
962 1582 1102 1634 dicit
1130 1584 1292 1647 prius
1321 1583 1608 1647 homines,
1648 1588 1707 1635 et
1742 1589 1947 1648 postea
1983 1584 2130 1635 illios

522 1653 847 1718 hominum,
861 1667 1176 1719 possumus
1189 1654 1506 1720 intelligere
1518 1669 1619 1720 per
1630 1658 1880 1718 homines,
1894 1660 2132 1718 antiquos

524 1731 738 1791 patres,
763 1728 863 1790 qui
883 1728 1071 1789 legem
1103 1727 1340 1790 quidem
1364 1740 1485 1779 non
1506 1728 1855 1791 habuerunt,
1886 1727 1990 1779 sed
2018 1728 2127 1792 ipsi

527 1798 637 1848 sibi
646 1798 876 1848 fuerunt
887 1796 988 1849 lex
1005 1813 1015 1844 :
1031 1802 1091 1849 et
1101 1803 1391 1864 praecepta
1406 1799 1702 1849 Dominicu
1713 1797 2129 1850 rationabiliter

528 1868 932 1949 intellexerunt
949 1870 1472 1949 etieceruntztlum
1495 1870 1649 1921 enim
1666 1873 1868 1949 gentes
1891 1881 2027 1949 qua:
2049 1870 2129 1949 ie-
2152 1873 2208 1949 B

524 1953 658 2005 gem
678 1953 796 1992 non
818 1940 1055 2004 habent,
1068 1941 1407 1993 naturaliter
1429 1952 1498 1992 ea
1525 1951 1659 2004 quae
1682 1940 1827 2003 legis
1863 1943 2018 2001 sunt,
2044 1938 2127 1989 fa-

526 2014 716 2064 ciunt:
743 2012 1031 2076 ejusmodi
1053 2013 1242 2077 legem
1266 2026 1387 2065 non
1408 2012 1709 2074 habentes,
1733 2013 1843 2076 ipsi
1869 2013 1978 2063 sibi
1997 2014 2133 2062 sunt

526 2085 646 2136 lex:
674 2084 777 2147 qui
800 2084 1119 2136 ostendunt
1136 2097 1284 2149 opus
1299 2083 1447 2147 legis
1480 2084 1759 2148 scriptum
1783 2087 1843 2135 in
1866 2082 2135 2135 cordibus

529 2158 669 2219 suis,
690 2156 1095 2208 testimonium
1115 2155 1393 2208 reddente
1406 2155 1518 2207 illis
1534 2156 2134 2220 conscientaipsorum

526 2230 697 2292 (Rom.
725 2230 815 2291 2.).
840 2230 953 2293 Ipsi
968 2227 1200 2290 quidem
1221 2227 1787 2292 permisericordiam
1803 2229 1907 2279 Dei
1928 2226 2136 2279 salvati

528 2305 686 2361 sunt,
704 2298 1199 2364 quemadmodum
1210 2304 1269 2351 et
1279 2311 1406 2364 nos,
1420 2300 1518 2363 qui
1535 2312 1741 2351 sumus
1753 2299 1851 2351 lilii
1869 2302 2135 2347 hominum

528 2372 746 2424 scilicet
761 2371 1175 2436 prophetarum
1188 2376 1245 2423 et
1259 2372 1665 2436 Apostolorum
1679 2388 1691 2419 :
1706 2372 2062 2436 pertinentes
2072 2372 2135 2419 ad

530 2443 739 2495 Filium
769 2441 1024 2494 hominis
1055 2442 1413 2496 Salvatorem
1450 2444 1770 2495 Christum:
1797 2443 1897 2507 qui
1932 2454 2138 2493 sumus

528 2514 729 2578 nutriti
742 2514 851 2565 sub
866 2513 1012 2577 lege,
1029 2516 1348 2578 regenerati
1362 2527 1461 2579 per
1475 2516 1720 2579 gratiam
1736 2515 1795 2565 in
1816 2527 1981 2579 spem
1999 2514 2138 2565 vitm

531 2589 788 2638 aiternm.
805 2587 948 2647 Quae
961 2585 1194 2650 quidem
1205 2586 1391 2652 gratia
1408 2587 1579 2639 nobis
1598 2589 1995 2650 commendatur,
2022 2599 2138 2635 cum

531 2656 910 2708 subinfertur.

594 2744 645 2799 9.
676 2743 1094 2795 Inebriabuntur
1122 2745 1188 2795 ab
1212 2744 1446 2795 ubertate
1477 2746 1670 2796 domus
1694 2751 1823 2807 tum;
1843 2752 1888 2795 et
1914 2750 2139 2795 torrente

531 2817 820 2881 voluptatis
838 2817 1048 2880 potabis
1072 2832 1173 2868 eos.
1207 2818 1401 2868 Gratia
1424 2819 1523 2869 Dei
1544 2818 1753 2869 diliusa
1771 2820 1832 2869 in
1869 2817 2140 2869 cordibus

531 2891 746 2940 nostris
769 2902 869 2953 per
902 2890 1177 2954 Spiritum
1203 2895 1491 2953 sanctum,
1529 2891 1628 2955 qui
1653 2890 1825 2942 datus
1858 2895 1949 2941 est
1973 2889 2140 2940 nobis

533 2962 702 3025 (Rom.
730 2960 823 3025 5.),
847 2961 977 3027 ipsa
997 2966 1089 3014 est
1106 2965 1339 3015 ubertas
1362 2962 1572 3014 domus
1598 2962 1713 3013 Dei.
1740 2963 1861 3014 Hac
1878 2963 2139 3014 ubertate

531 3032 903 3096 inebriantur,
924 3035 1023 3098 qui
1038 3039 1196 3086 tanto
1213 3035 1624 3100 omnipotentis
1636 3034 1739 3087 Dei
1757 3046 1950 3085 amore
1963 3036 2137 3094 repleti

534 3110 688 3169 sunt,
706 3110 772 3157 ut
786 3114 981 3157 mente
1000 3111 1225 3159 mutata
1241 3108 1473 3159 sibimet
1488 3107 1630 3172 ipsis
1650 3110 1909 3159 extranei
1922 3120 2052 3158 esse
2064 3108 2138 3154 vi-

532 3179 795 3229 deantur.
815 3180 955 3230 Hinc
965 3179 1171 3230 merito
1186 3185 1409 3231 torrens
1426 3180 1756 3243 voluptatis,
1776 3179 1986 3231 dicitur
2002 3178 2139 3241 quia

533 3262 668 3300 cum
700 3262 913 3315 magno
935 3251 1157 3314 impetu
1185 3253 1361 3311 venit,
1384 3257 1442 3303 et
1465 3264 1598 3302 cum
1615 3264 1825 3315 magna
1848 3250 2135 3303 suavitate

534 3326 710 3386 atque
722 3322 1100 3374 delectatione
1111 3334 1147 3373 a
1163 3323 1493 3374 sitientibus
1504 3324 1524 3386 j
1535 3326 1791 3374 ustitiam
1802 3331 2014 3385 potatur.
2034 3325 2135 3372 Hac

534 3393 802 3444 inebriati
838 3398 1002 3445 erant
1034 3399 1339 3457 martyres,
1377 3394 1609 3457 quando
1647 3394 1723 3445 ad
1764 3399 2012 3445 mortem
2035 3393 2154 3448 lani

534 3466 716 3528 ibant,
731 3470 1015 3517 tormenta
1030 3467 1501 3529 contemnebant,
1517 3470 1790 3530 parentes
1810 3468 2015 3518 ﬂentes
2037 3480 2154 3518 non

535 3537 949 3601 agnoscebant.
989 3538 1297 3601 Speremus
1322 3549 1458 3601 ergo
1506 3539 1617 3589 sub
1652 3540 1905 3602 tegmine
1931 3542 2152 3592 alarum

538 3608 659 3672 Dei,
696 3613 988 3672 quatenus
1010 3611 1137 3672 ejus
1168 3608 1470 3661 dulcedine
1507 3621 1836 3661 mereamur
1860 3610 2149 3663 inebriari.

601 3698 689 3753 10.
727 3698 1001 3756 Quoniam
1025 3698 1176 3762 apud
1200 3704 1247 3747 te
1271 3705 1341 3748 est
1363 3699 1488 3761 fons
1510 3700 1656 3749 vitae:
1683 3706 1727 3749 et
1753 3702 1811 3749 in
1839 3701 2045 3751 lumine
2062 3708 2151 3751 tuo

540 3769 838 3819 videbimus
862 3770 1063 3821 lumen.
1097 3770 1205 3833 Qui
1228 3775 1318 3822 est
1342 3771 1473 3822 fons
1508 3771 1667 3835 vitm,
1701 3772 1817 3823 nisi
1846 3772 2152 3825 Christus?

540 3842 712 3909 yenit
723 3841 786 3909 in
796 3855 986 3909 carne,
996 3842 1539 3909 roravitsitientem,
1556 3844 1785 3909 satiavit
1800 3849 2144 3909 sperantem,

534 3906 642 3957 Hic
671 3906 830 3957 aliud
865 3912 957 3958 est
976 3904 1134 3969 'l'ons,
1162 3905 1318 3957 aliud
1342 3904 1577 3958 lumen:
1613 3908 1692 3958 ibi
1716 3904 1960 3959 non'ita.
1985 3907 2147 3970 Quod

535 3977 689 4029 enim
719 3978 869 4043 fons,
895 3977 1006 4030 hoc
1034 3982 1123 4030 est
1146 3982 1205 4029 et
1240 3976 1457 4030 lumen.
1492 3981 1561 4029 Et
1584 3978 1861 4042 quiequid
1896 3979 1983 4031 vis
2007 3978 2149 4030 illud

534 4061 678 4102 voca
701 4050 866 4113 :quia
875 4063 996 4103 non
1010 4053 1100 4101 est
1115 4049 1273 4113 quod
1292 4062 1482 4113 vocas,
1508 4051 1655 4113 Quid
1671 4052 1781 4114 (Ea:
1816 4052 2146 4115 Augustino}

534 4133 653 4172 non
674 4126 841 4184 potes
856 4132 1183 4184 congruum
1195 4133 1411 4173 nomen
1422 4122 1701 4185 invenire,
1723 4136 1840 4174 non
1858 4128 2149 4176 remaneat

533 4194 596 4244 in
609 4205 728 4244 uno
738 4194 985 4245 nomine.
1003 4195 1155 4244 Fons
1177 4198 1267 4245 est
1279 4195 1416 4257 quia
1435 4193 1609 4245 satiat
1629 4194 1903 4246 sitientes.
1934 4197 2147 4247 Lumen

532 4265 670 4329 quia
690 4263 978 4317 illuminat
1002 4277 1207 4317 caecos.
1221 4267 1408 4317 Inhoc
1416 4266 1634 4318 lumine
1649 4267 1915 4320 videmus
1928 4270 2143 4333 iumen,

532 4337 669 4401 quia
690 4335 997 4389 illuminati
1020 4349 1056 4388 a
1079 4336 1306 4387 Christo
1329 4338 1596 4389 videmus
1617 4340 1976 4402 sapientiam,
1989 4344 2144 4401 justi-

534 4410 692 4472 tiam,
716 4409 1035 4461 caritatem.
1056 4407 1161 4460 Vel
1185 4409 1245 4458 in
1267 4410 1377 4459 hoc
1395 4408 1618 4462 lumine
1639 4410 1905 4463 videmus
1920 4417 2139 4478 lumen,

535 4482 686 4533 sicut
705 4482 831 4546 ipse
850 4482 949 4545 ait,
971 4481 1078 4543 Qui
1115 4480 1270 4532 videt
1301 4493 1414 4541 me,
1439 4482 1595 4535 videt
1618 4488 1677 4535 et
1705 4486 1932 4539 Patrem
1960 4487 2139 4551 (Joan.

462 4584 469 4595 ι
536 4553 684 4617 14.)..
711 4557 783 4606 Et
805 4558 872 4607 ut
910 4555 1022 4607 hoc
1056 4554 1173 4617 llat,
1200 4553 1291 4605 iac
1316 4555 1472 4618 quod
1497 4556 1790 4620 sequitur:

598 4644 685 4699 11.
698 4646 971 4718 Ρνκιεηάε
983 4645 1418 4695 misericordium
1441 4652 1594 4697 tuam
1613 4650 1777 4699 scient
1785 4648 1833 4697 ib
1848 4652 1882 4713 Ξ
2085 4659 2131 4703 te

535 4725 580 4767 et
584 4717 862 4781 justitiam
872 4724 1024 4766 tuam
1039 4718 1124 4765 his
1144 4735 1173 4780 q
1185 4719 1240 4765 ui
1252 4724 1387 4767 recto
1397 4725 1525 4768 sunt
1536 4723 1709 4771 corde.
1727 4726 1891 4781 Prius
1902 4733 1992 4779 est,
2003 4717 2129 4781 scire

534 4795 722 4867 Deum
732 4803 835 4867 per
843 4791 1034 4867 iidem,
1051 4792 1492 4867 deinderectum
1503 4796 1712 4848 habere
1722 4813 1807 4848 cor
1820 4818 1831 4849 :
1845 4803 1896 4849 id
1909 4810 1997 4867 est,
2014 4812 2087 4857 vel
2098 4812 2143 4867 le

536 4863 692 4929 quod
711 4863 836 4917 vult
860 4866 1037 4916 Deus.
1065 4866 1391 4917 Scientibus
1408 4880 1470 4918 se
1490 4870 1797 4931 prmtendit
1810 4863 2139 4936 misericor;

536 4937 883 5017 qiam‘suan}
906 4938 1080 5017 ρεαδ,
1107 4937 1341 5017 quando
1365 4939 1809 5017 credentibusin
1833 4958 1967 5000 eum
1981 4955 2143 5017 prius

534 5010 713 5087 donat
724 5010 1123 5087 remissionem
1140 5014 1530 5087 peccatorum.
1545 5012 1766 5067 Deinde
1783 5031 1913 5071 cum
1923 5010 2045 5087 ja'm
2058 5044 2143 5078 ροιι

532 5086 759 5165 rectum
776 5082 985 5165 habere
999 5085 1299 5165 coeperint,
1328 5088 1394 5134 ut
1408 5096 1475 5135 ea
1486 5096 1620 5147 quis
1634 5087 1792 5165 Deus
1810 5082 1940 5165 vult
1949 5103 2007 5149 et
2030 5099 2142 5165 ipsi

536 5154 740 5232 velint:
767 5156 849 5232 sic
866 5155 1157 5232 justitiam
1175 5155 1279 5206 Dei
1295 5163 1753 5232 consequuntur,
1772 5165 1834 5215 ut
1856 5164 1927 5218 de
1940 5154 2137 5232 pecéa.

537 5228 759 5309 toribus
766 5228 922 5309 justi
943 5228 1286 5309 efﬁciantur.
1313 5227 1556 5309 Sed‘jam
1581 5239 1840 5309 caveant,
1861 5227 2140 5309 nesuper-

534 5302 709 5354 biant.
738 5300 902 5353 Unde
936 5300 1224 5353 orandum
1246 5304 1356 5359 est,
1388 5304 1447 5352 et
1476 5300 1855 5361 discendum:
1920 5331 1935 5340 ~

592 5390 678 5445 1‘2.
714 5390 843 5441 Non
866 5392 1047 5441 veniat
1070 5390 1210 5466 mitti
1229 5404 1321 5466 pes
1344 5391 1604 5455 superbiae
1620 5411 1636 5444 :
1661 5401 1707 5446 et
1739 5412 1940 5451 manus
1962 5417 2141 5466 pecca-

536 5467 667 5514 toris
677 5478 793 5513 non
814 5469 1021 5513 moveat
1049 5478 1146 5513 me.
1164 5462 1435 5515 Radicem
1451 5468 1669 5529 peccati
1686 5469 1798 5532 {Eae
1811 5462 2138 5537 Augustino)

535 5543 592 5590 et
625 5539 797 5602 caput
833 5537 1054 5602 peccati
1088 5537 1295 5600 timuit,
1331 5538 1431 5601 qui
1455 5539 1565 5590 hoc
1608 5539 1745 5593 dixi.
1781 5542 1907 5594 Non
1947 5544 2139 5598 deerat

534 5611 719 5675 primo
764 5612 908 5662 Adm
927 5610 1168 5674 justitia,
1208 5610 1310 5662 sed
1343 5611 1500 5663 venit
1520 5610 1601 5663 illi
1620 5625 1722 5676 pes
1744 5616 2048 5678 superbim.
2072 5619 2139 5669 Et

536 5681 890 5734 movitillum
900 5693 1107 5734 manus
1118 5682 1454 5747 peccatoris,
1465 5682 1523 5733 id
1534 5688 1641 5746 est,
1658 5685 1893 5737 tentatio
1906 5686 2136 5753 diaboli,

537 5754 813 5818 Superbia
823 5766 958 5819 ergo
967 5756 1117 5820 lapsi
1134 5767 1361 5818 sumus,
1377 5758 1441 5805 ut
1452 5754 1524 5805 ad
1540 5754 1717 5807 istam
1730 5758 2136 5813 mortalitatem

536 5826 980 5889 perveniremus.
1022 5826 1300 5891 Superbia
1343 5825 1567 5890 dejicit:
1609 5828 1907 5882 humilitas
1950 5833 2137 5897 erigit.

538 5899 715 5969 Serva
741 5910 879 5962 ergo
902 5899 1061 5963 quod
1086 5901 1247 5950 intus
1262 5902 1371 5959 est,
1389 5897 1609 5951 scilicet
1629 5900 1835 5965 pedem
1860 5907 2045 5969 tuum,
2062 5906 2138 5957 af-

533 5968 757 6022 fectum
772 5971 940 6021 tuum
958 5986 970 6018 :
993 5974 1053 6021 et
1066 5982 1184 6022 non
1199 5970 1428 6023 timebis
1444 5970 1582 6024 loris
1596 5986 1670 6026 ne
1690 5975 1745 6027 te
1759 5980 1989 6031 moveat
2011 5968 2138 6029 ma-

2224 569 2370 630 Quia

2286 638 2373 693 13.
2408 638 2492 688 Ibi
2524 638 2831 689 ceciderunt
2862 636 2961 701 qui
2990 640 3289 699 operantur
3325 636 3720 699 iniquitatem;
3749 648 3847 682 ar-

2222 710 2367 774 pulsi
2388 714 2534 761 sunt.
2560 725 2652 759 nec
2672 712 2967 773 potuerunt
2990 713 3147 755 stare.
3167 706 3274 767 Qui
3288 706 3460 758 modo
3483 706 3673 769 iniqui
3697 711 3844 763 sunt,

2223 782 2383 843 prius
2410 781 2471 831 in
2495 780 2762 845 superbia
2786 778 3136 830 ceciderunt.
3162 776 3317 827 Prior
3337 776 3450 837 ille,
3475 777 3577 839 qui
3594 778 3660 827 in
3684 774 3848 827 veri-

2224 855 2341 903 tate
2364 863 2486 901 non
2512 850 2672 901 stetit
2697 849 2877 912 (Joan.
2910 846 2983 905 8.)
3010 863 3022 896 :
3049 846 3255 898 deinde
3284 858 3383 910 per
3402 858 3539 897 eum
3561 845 3662 908 illi,
3689 857 3848 909 quos

2224 925 2377 975 Deus
2393 922 2465 973 de
2489 922 2753 985 paradiso
2770 919 2989 970 dimisit
3004 919 3153 980 (Gen.
3171 916 3264 979 3.).
3291 916 3420 969 ideo
3443 929 3579 970 eum
3602 919 3849 968 cautam

2226 994 2439 1046 faceret
2471 992 2787 1043 Ecclesiam
2815 990 3123 1043 Dominus.
3156 987 3258 1040 Illa
3290 992 3456 1040 tuum
3480 988 3713 1052 (inquit)
3742 989 3851 1037 ob—

2227 1065 2486 1119 servavit
2512 1066 2703 1128 caput,
2726 1069 2785 1115 et
2800 1066 2859 1113 tu
2880 1064 3004 1126 ejus
3020 1059 3354 1112 calcaneum
3374 1059 3567 1124 (Ibid.).
3586 1061 3848 1123 Serpens

2226 1139 2514 1198 observat,
2535 1142 2597 1186 ut
2613 1135 2716 1185 tibi
2731 1133 2924 1185 veniat
2940 1145 3043 1196 pes
3061 1131 3369 1195 superbiae,
3384 1134 3450 1182 ut
3466 1135 3605 1181 tuus
3627 1134 3849 1178 mactus

2227 1212 2525 1261 moveatur
2554 1219 2589 1257 a
2610 1208 2747 1267 Deo,
2780 1209 2840 1256 et
2862 1204 2945 1256 ita
2971 1208 3024 1256 te
3048 1202 3298 1263 dejiciat.
3332 1203 3417 1253 Tu
3440 1206 3640 1253 autem
3661 1207 3851 1264 caput

2227 1280 2354 1343 ejus
2400 1279 2657 1338 observa,
2710 1276 2944 1326 initium
2997 1274 3186 1326 omnis
3239 1272 3458 1336 peccati
3502 1272 3849 1336 superbiam

2229 1349 2411 1415 (Eccti.
2440 1348 2567 1410 10.).
2594 1348 2779 1398 Prima
2807 1346 2965 1409 origo
2988 1344 3265 1410 peccandi
3279 1349 3371 1396 est
3398 1343 3672 1415 voluntas
3701 1343 3851 1415 deli-

2228 1412 2388 1472 ciens
2410 1430 2446 1469 a
2462 1430 2693 1469 summo
2719 1419 2886 1480 bono,
2912 1422 2971 1468 et
2984 1420 3111 1467 hac
3129 1419 3220 1466 est
3238 1426 3339 1478 pes
3361 1414 3669 1478 superbia.
3701 1412 3852 1463 Inde

2230 1492 2548 1557 procedunt
2570 1490 2686 1541 duo
2700 1490 2856 1552 vitia,
2875 1487 3093 1539 scilicet
3107 1487 3430 1549 ignorantia
3448 1497 3643 1557 rerum
3659 1496 3852 1548 agen-

2230 1555 2452 1621 darum,
2471 1560 3008 1624 etconcupiscentia
3021 1560 3347 1609 noxiarum.
3367 1557 3578 1613 Deinde
3593 1555 3715 1607 alia
3733 1558 3852 1606 duo

2230 1635 2558 1686 derivantur
2575 1648 2587 1680 ε
2606 1632 2665 1683 id
2682 1638 2772 1683 est
2790 1633 2957 1683 timor
2972 1635 3046 1682 .et
3065 1641 3244 1681 amor.
3270 1630 3355 1679 Ex
3376 1628 3470 1679 his
3496 1632 3702 1679 autem
3727 1639 3853 1679 om-

2229 1707 2321 1758 nis
2345 1704 2631 1756 malorum
2647 1715 2816 1767 seges
2847 1706 3173 1766 generatur.
3207 1701 3445 1751 Summo
3469 1711 3643 1763 opere
3666 1699 3851 1762 igitur

2228 1777 2552 1829 cavendum
2568 1780 2676 1835 est,
2695 1787 2769 1826 ne
2786 1773 2979 1838 pes,id
3002 1779 3093 1825 est
3107 1773 3348 1824 allectus
3370 1776 3588 1834 noster,
3608 1782 3852 1821 movea-

2233 1854 2325 1901 tur
2346 1859 2381 1899 a
2405 1860 2636 1898 summo
2653 1847 2823 1908 bono,
2841 1859 2911 1897 ne
2920 1844 3147 1896 labatur
3156 1857 3256 1909 per
3271 1844 3632 1908 superbriam
3651 1859 3663 1891 :
3684 1849 3749 1896 et
3765 1845 3850 1895 sic

2231 1921 2445 1972 incidat
2466 1920 2615 1971 inter
2632 1928 2844 1969 manus
2868 1919 3202 1981 peccatoris,
3220 1919 3277 1968 et
3298 1928 3333 1967 a
3368 1915 3733 1968 beatitudine
3756 1930 3852 1968 ex-

2232 1992 2516 2043 cludatur.
2532 1992 2600 2042 In
2612 1993 2897 2053 quantum
2912 1989 3163 2052 quisque
3175 1988 3370 2038 minus
3382 1992 3539 2040 amat
3554 1989 3774 2050 Deum,
3793 1988 3853 2038 in

2234 2068 2462 2115 tantum
2485 2062 2695 2113 labitur
2708 2074 2811 2125 pes
2823 2060 2869 2122 ej
2879 2073 2948 2111 us
2959 2059 3031 2110 ad
3042 2060 3416 2123 peccandum.
3430 2060 3501 2111 Et
3511 2059 3575 2112 in
3589 2068 3849 2121 quantum

2232 2134 2363 2199 plus
2379 2139 2535 2185 amat
2555 2134 2759 2195 Deum,
2778 2132 2838 2183 in
2856 2136 3081 2183 tantum
3098 2132 3385 2183 robustior
3409 2135 3544 2191 stat,
3569 2136 3629 2183 et
3647 2138 3849 2179 tantum

2232 2219 2366 2258 eum
2399 2206 2593 2256 minus
2625 2215 2861 2269 peccare
2885 2202 3150 2255 delectat.

2473 2319 2843 2384 TITULUS
2902 2317 3221 2383 PSALMI
3274 2317 3594 2383 XXXVI.

2299 2427 2349 2482 1.
2366 2427 2617 2478 Psatmus
2628 2427 2735 2491 ipsi
2749 2424 2945 2476 David.
2964 2428 3017 2473 Id
3035 2431 3125 2486 est,
3142 2426 3361 2491 excellen
3370 2427 3583 2474 tioribus
3597 2426 3847 2491 membris

2234 2494 2484 2541 Ecclesize.
2512 2490 2700 2541 Videns
2725 2492 2983 2551 Propheta,
3005 2491 3085 2536 vel
3108 2490 3323 2549 quilibet
3346 2491 3517 2547 justus
3537 2490 3631 2548 qui
3655 2490 3747 2535 hic
3771 2490 3850 2535 io-

2234 2557 2432 2615 quitur,
2456 2556 2630 2614 impiis
2654 2556 2952 2614 prosperari,
2973 2557 3022 2599 et
3044 2554 3210 2611 justo:
3239 2552 3527 2599 conculcari
3559 2553 3623 2598 ab
3646 2552 3849 2613 impiis,

2233 2626 2280 2666 et
2302 2619 2436 2678 quod
2457 2619 2667 2677 quidam
2691 2619 2950 2676 simplices
2968 2616 3095 2673 justi
3120 2615 3655 2674 inviderentpotenlia‘.
3671 2627 3849 2661 eorum

2235 2687 2282 2728 et
2302 2683 2485 2728 vellent
2516 2682 2692 2727 ulcisci
2719 2680 2936 2737 injurias
2959 2682 3020 2725 ab
3040 2678 3147 2725 illis
3163 2678 3372 2727 allatas:
3398 2678 3684 2736 aliquando
3699 2679 3849 2724 etiam

2237 2746 2425 2791 vellent
2446 2744 2724 2791 confermes
2752 2744 2860 2789 tieri
2881 2744 2974 2789 eis.
2998 2742 3139 2788 Ponit
3162 2747 3331 2798 contra
3362 2742 3469 2787 huic
3496 2741 3760 2800 quandam
3778 2753 3823 2785 Si

2239 2808 2561 2854 luberrimam
2606 2806 2902 2852 doctrinam.
2939 2805 3137 2850 Materia
3169 2809 3242 2849 est
3271 2806 3457 2863 justus,
3480 2805 3813 2850 etecontrar’

2237 2870 2429 2928 impius
2453 2870 2771 2916 secundario.
2794 2869 2992 2914 Tamem
3017 2880 3126 2913 eam
3150 2868 3224 2913 sic
3246 2868 3447 2916 dividit.
3479 2866 3537 2913 In
3568 2867 3760 2925 primis
3782 2878 3828 2910 at

2235 2932 2297 2980 de
2317 2934 2474 2994 justo,
2510 2932 2831 2979 admonendo
2858 2944 2993 2991 eum,
3020 2943 3083 2976 ne
3101 2934 3359 2994 moveatur
3385 2928 3579 2994 invidia
3600 2942 3728 2988 erga
3751 2931 3846 2994 im-

2238 2997 2397 3055 pium,
2430 2991 2509 3042 vel
2534 2995 2832 3054 imitatione,
2858 2994 2938 3039 vel
2969 2995 3044 3039 ira
3080 2992 3503 3039 :intramiseendo
3523 2996 3764 3051 quedam
3787 2991 3848 3037 de

2240 3061 2415 3116 impio.
2442 3059 2498 3105 In
2540 3062 2758 3104 secunda
2782 3063 2919 3115 parte
2944 3055 3084 3115 ponit
3113 3056 3238 3114 quid
3269 3056 3415 3102 faciat
3437 3056 3634 3113 impius
3674 3060 3848 3102 contra

2232 3125 2449 3181 justum,
2484 3120 2799 3167 admodendo
2820 3121 3220 3179 ipsumjustum,
3241 3119 3550 3177 utpatienter
3571 3119 3851 3165 sustineat.

2240 3180 2293 3233 iu
2332 3180 2472 3230 tertia
2505 3190 2644 3242 parte
2679 3183 2821 3241 ponit
2862 3183 3071 3241 praamia
3099 3181 3226 3239 justi
3270 3194 3384 3228 cum
3425 3180 3770 3227 admiratione
3805 3186 3848 3225 cl

2239 3247 2612 3295 damnationem
2645 3246 2918 3293 malorum:
2949 3259 3036 3304 per
3051 3245 3185 3303 quod
3200 3245 3416 3305 justum,
3435 3256 3499 3290 ne
3513 3245 3714 3290 malum
3736 3243 3851 3288 velit

2164 3304 2214 3377 C
2240 3311 2446 3377 imitari,
2476 3310 2952 3377 deterret.__lutentio
2987 3315 3180 3377 estper
3216 3309 3324 3377 tunc
3358 3304 3555 3353 animas
3595 3307 3855 3377 simplices

2255 3374 2522 3435 consolari,
2558 3378 2613 3419 ut
2635 3372 2927 3419 nullatenus
2947 3375 3145 3432 propter
3166 3371 3437 3430 impiorum
3459 3370 3747 3429 nequitiam
3778 3368 3851 3414 vel

2256 3437 2326 3494 inj
2337 3436 2496 3483 uriam
2521 3440 2835 3482 moveantur.

2665 3540 3067 3607 PSALMUS
3112 3539 3429 3608 XXXVI.

2342 3658 2363 3727 Ι
2378 3656 2493 3734 63
2513 3657 2641 3734 Νριί
2657 3659 2907 3734 mutari
2924 3660 3140 3734 (inquit)
3156 3660 3215 3710 in
3230 3659 3683 3734 indignantibus.
3700 3657 3851 3734 nati-

2253 3730 2501 3800 gnante's
2560 3732 2698 3784 dicti
2748 3736 2888 3783 sunt
2941 3732 3109 3795 quasi
3162 3732 3381 3783 malum
3444 3731 3645 3796 ignem
3706 3730 3849 3783 alen-

2255 3811 2358 3871 tes,
2376 3809 2432 3862 id
2455 3815 2543 3864 est
2562 3804 3107 3870 concupiscentiam.
3128 3802 3291 3855 Unde
3315 3802 3591 3867 scriptum
3618 3809 3731 3865 est,
3751 3802 3851 3863 Qui

2250 3880 2436 3946 diligit
2461 3880 2850 3946 iniquitatem,
2867 3875 2986 3928 odit
3003 3875 3257 3927 animam
3274 3889 3436 3927 suam
3459 3874 3621 3939 (Psat.
3644 3876 3771 3938 10.).
3788 3875 3850 3923 Et

2249 3954 2478 4019 iterum,
2495 3954 2854 4016 Quicumque
2867 3947 3342 4002 volueritamicus
3353 3960 3483 4001 esse
3496 3950 3667 3998 seculi
3680 3950 3846 4008 hujus,

2248 4024 2520 4079 inimicus
2543 4027 2647 4078 Dei
2671 4023 3053 4076 constituetur
3074 4021 3274 4085 (Jacob.
3291 4022 3383 4086 4.).
3409 4021 3524 4085 Ipsi
3541 4025 3687 4072 sunt
3701 4020 3849 4070 mali-

2246 4102 2513 4163 gnantes,
2540 4098 2643 4162 qui
2667 4097 2725 4148 in
2748 4094 2955 4158 seipsis
2979 4098 3289 4158 operantur
3309 4091 3555 4144 malum:
3580 4092 3771 4143 Deum
3792 4093 3844 4139 et

2246 4169 2472 4222 animas
2490 4182 2626 4222 suas
2643 4168 2907 4230 odiendo,
2926 4170 2984 4218 et
3000 4165 3301 4230 deligendo
3317 4168 3634 4229 peccatum.
3657 4166 3843 4214 Emu-

2244 4240 2348 4293 lari
2372 4242 2634 4296 diversos
2661 4241 2838 4293 habet
2855 4251 3081 4291 sensus.
3100 4237 3422 4302 Aliquando
3439 4236 3595 4288 enim
3618 4237 3844 4299 ponitur

2243 4326 2347 4378 pro
2371 4314 2624 4379 diligere,
2643 4314 2799 4365 sicut
2813 4311 2950 4363 dicit
2963 4309 3296 4376 Apostolus,
3309 4307 3563 4360 Aﬁmulor
3577 4310 3736 4360 enim
3749 4317 3842 4358 vos

2244 4386 2347 4437 Dei
2363 4388 2735 4439 simulatione
2752 4383 2821 4446 (2.
2845 4384 2968 4435 Cor.
2994 4382 3127 4447 10.).
3148 4381 3473 4446 Aliquando
3494 4392 3599 4445 pro
3621 4379 3841 4437 imitari,

2242 4458 2393 4511 sicut
2434 4471 2639 4511 rursus
2689 4457 2789 4520 ait,
2827 4454 3201 4507 zEmulamini
3231 4455 3581 4506 charismata
3613 4452 3845 4505 meliora

2239 4531 2310 4593 (i.
2348 4532 2468 4582 Cor.
2511 4529 2642 4595 12.).
2682 4528 3010 4593 Aliquando
3034 4540 3135 4591 pro
3166 4526 3439 4589 invidere,
3464 4525 3615 4578 sicut
3650 4526 3712 4576 in
3744 4524 3843 4575 hoc

2235 4603 2378 4655 loco.
2406 4603 2772 4655 Admonetur
2797 4612 2934 4664 ergo
2958 4611 3207 4664 quaeque
3228 4598 3413 4650 ﬁdelis
3437 4603 3494 4650 et
3514 4596 3844 4664 imperfecta

2150 4676 2208 4749 D
2232 4678 2442 4739 anima,
2470 4682 2535 4749 ut
2560 4689 2594 4749 Il
2606 4688 2680 4726 on
2698 4674 2832 4728 velit
2845 4662 3129 4734 simulari,
3147 4674 3325 4749 inest,
3346 4672 3624 4749 invidere,
3641 4671 3736 4723 his
3752 4662 3842 4749 qui

2234 4750 2293 4801 in
2318 4753 2470 4802 maio
2495 4748 2867 4801 delectantur
2893 4762 2904 4795 :
2927 4760 3118 4810 neque
3141 4747 3345 4810 zeiare,
3362 4746 3420 4797 id
3440 4749 3548 4808 est,
3578 4742 3837 4808 persequi

2244 4835 2343 4874 eos
2369 4824 2465 4887 qui
2483 4821 2851 4885 iniquitatem
2868 4824 3194 4884 operantur.
3213 4821 3283 4870 Et
3295 4818 3405 4870 hoc
3420 4823 3528 4882 est,
3545 4818 3703 4881 quod
3716 4816 3837 4867 sub-

2242 4894 2357 4946 dit:
2399 4894 2582 4958 Neque
2626 4891 2873 4941 zetaveris
2918 4891 3173 4953 facientes
3212 4891 3577 4955 iniquitatem.
3600 4891 3831 4942 Duobus

2240 4966 2396 5018 enim
2420 4965 2610 5017 modis
2632 4965 2901 5015 inﬁrmus
2921 4964 3229 5016 electorum
3245 4966 3478 5016 animus
3502 4969 3830 5014 commovetur

2241 5039 2524 5091 adversus
2546 5037 2851 5101 reprobos:
2874 5041 2976 5089 aut
2998 5050 3132 5089 cum
3151 5035 3369 5089 invidet
3395 5037 3464 5088 de
3490 5038 3697 5086 illorum
3728 5037 3827 5083 feli-

2241 5112 2436 5164 citate:
2469 5114 2571 5163 aut
2592 5122 2726 5160 cum
2750 5110 3016 5162 irascitur
3033 5111 3104 5162 de
3123 5109 3440 5173 iniquitate.
3469 5109 3595 5161 Noli
3620 5111 3729 5173 hoc,
3748 5106 3823 5155 sed

2240 5190 2365 5236 esto
2391 5195 2559 5247 aequo
2587 5181 2797 5234 animo.
2836 5185 2980 5234 Nam
3004 5183 3192 5235 brevis
3226 5188 3315 5234 est
3340 5195 3536 5236 eorum
3558 5189 3607 5231 et
3628 5183 3823 5231 felicitas

2240 5259 2298 5307 et
2319 5255 2617 5319 iniquitas.

2300 5326 2353 5381 2.
2380 5328 2653 5386 Quoniam
2677 5332 2945 5392 tanquam
2975 5325 3186 5390 frenum
3209 5327 3448 5377 velociter
3470 5332 3721 5377 arescent.
3746 5320 3820 5377 Ad

2242 5403 2471 5463 tempus
2488 5399 2643 5451 enim
2658 5398 2933 5451 laetantur
2954 5403 3015 5451 et
3034 5400 3257 5462 ﬂorent,
3275 5400 3375 5452 sed
3400 5398 3513 5451 cito
3529 5399 3819 5455 siccantur,

2239 5476 2298 5523 et
2318 5472 2380 5523 in
2426 5473 2724 5536 pulverem
2749 5472 3089 5535 rediguntur
3113 5473 3236 5537 (lsa.
3255 5471 3382 5537 40.).
3400 5471 3817 5537 thuemadmo-

2238 5544 2371 5592 dum
2404 5544 2569 5604 olera,
2599 5544 2659 5595 id
2680 5548 2788 5604 est,
2828 5544 3112 5609 viriditas,
3142 5545 3437 5595 herbarum
3458 5546 3560 5594 cito
3582 5543 3819 5594 decident-

2238 5616 2400 5669 Unde
2430 5618 2626 5680 Isaias,
2664 5619 2886 5682 Omnis,
2911 5617 3117 5682 inquit,
3149 5630 3280 5671 caro
3304 5617 3544 5679 ramum,
3569 5622 3630 5670 et
3648 5612 3829 5681 omnis

2236 5688 2417 5753 gloria
2439 5690 2565 5753 ejus
2589 5690 2757 5753 quasi
2782 5690 2891 5742 ﬂos
2915 5689 3073 5743 fmni.
3099 5691 3388 5743 Siccatum
3402 5694 3493 5742 est
3517 5690 3747 5751 faenum,
3767 5687 3816 5735 ει

2237 5761 2442 5813 cecidit
2468 5763 2575 5813 llos
2602 5761 2795 5825 (Ibid.).
2822 5762 2987 5814 Prius
3013 5762 3205 5816 evellit
3226 5763 3600 5828 pravitatem:
3626 5756 3813 5814 deinde

2235 5834 2603 5886 commendat
2631 5836 2816 5886 bonos
2852 5847 3062 5900 mores,
3101 5848 3251 5897 cum.
3273 5835 3608 5901 subjunxit:

2297 5904 2349 5960 3.
2374 5906 2547 5970 Spera
2569 5906 2630 5955 in
2652 5907 2906 5969 Domino,
2930 5914 2975 5958 et
2997 5909 3089 5973 fac
3113 5908 3418 5961 bonitatem.
3459 5908 3652 5973 Neque
3672 5904 3807 5959 enim

2239 5980 2330 6029 est
2346 5977 2507 6031 utilis
2542 5991 2676 6044 spes
2701 5979 2824 6033 sine
2846 5982 2998 6035 bono
3017 5995 3207 6049 opere.
3235 5983 3366 6047 (Nec
3389 5984 3477 6034 Ea:
3500 5985 3806 6049 Augustino,
