3890 6390
72 439 170 493 777

71 552 280 603 bonum
313 559 462 612 opus
503 551 593 598 est
615 547 846 611 aliquod
885 546 1010 597 sine
1039 545 1294 597 caritate.
1334 543 1497 596 Unde
1518 556 1656 595 mox

69 621 348 679 subditur,
372 619 441 667 Et
475 618 722 667 inhabita
770 623 989 679 terram,
1027 621 1072 664 et
1110 615 1340 680 pasceris
1363 615 1422 664 in
1453 615 1658 664 divitiis

67 693 192 756 ejus.
207 690 619 742 TerraDomini
631 687 998 740 estEcclesia.
1013 689 1204 751 Ipsam
1217 689 1350 746 colit,
1361 689 1373 734 i
1379 702 1517 746 psam
1532 689 1658 745 rigat

65 762 308 828 agricola
324 765 485 826 pater
512 759 845 825 multorum,
865 759 963 822 qui
991 760 1259 809 exercent
1285 759 1434 808 bona
1455 770 1654 820 opera:

66 834 162 885 sed
189 832 288 896 qui
309 845 429 884 non
450 831 716 882 habitant
741 835 972 893 terram,
1009 841 1115 880 nec
1141 829 1384 892 pertinet
1403 828 1476 879 ad
1505 828 1658 890 agri-

65 895 262 956 colam.
290 905 524 954 Terram
560 906 756 953 autem
793 901 1068 963 habitare,
1106 895 1196 950 est
1223 899 1374 950 intra
1397 901 1655 950 sanctam

63 973 375 1025 Ecclesiam
400 972 765 1037 spiritualiter
791 975 848 1021 et
879 969 1235 1024 concorditer
1259 970 1467 1020 vivere.
1495 969 1656 1030 Quod

63 1045 241 1097 facere
264 1056 382 1096 non
415 1042 584 1106 valet,
610 1042 723 1093 nisi
764 1041 832 1100 is,
858 1041 958 1104 qui
991 1040 1284 1092 caritatem
1310 1040 1498 1090 habet.
1526 1041 1656 1103 Ipsa

61 1117 146 1166 est
162 1115 380 1167 divitiae
397 1113 572 1176 hujus
593 1117 772 1164 terrai.
793 1113 946 1163 Deus
968 1114 1058 1163 est
1075 1109 1362 1172 caritasﬂ.
1379 1111 1543 1161 Joan.
1562 1110 1654 1174 4.).

61 1188 185 1236 Non
201 1185 412 1249 quaerit
437 1182 688 1234 Ecclesia
704 1181 932 1233 divitias
957 1183 1114 1242 alias,
1134 1181 1248 1232 nisi
1271 1183 1454 1232 Deum
1471 1195 1618 1228 suum
1640 1197 1650 1229 :

61 1256 210 1308 unde
237 1259 294 1306 et
327 1254 559 1306 cecinit.
597 1255 733 1304 Pars
766 1265 897 1303 mea
923 1257 982 1304 tu
1007 1265 1086 1304 es.
1119 1254 1264 1316 Ergo
1297 1252 1594 1313 delectare,
1621 1262 1655 1301 ο

58 1325 269 1386 anima,
287 1324 345 1375 in
375 1323 594 1374 divitiis
616 1323 749 1373 tuis.
778 1322 866 1372 Ad
890 1321 998 1372 hoc
1021 1321 1172 1372 enim
1195 1320 1657 1383 quaerunthomi-

59 1409 160 1447 nes
177 1395 429 1454 divitias,
446 1399 512 1445 ut
527 1393 953 1444 delectanturin
969 1393 1053 1444 eis
1079 1407 1092 1442 :
1119 1396 1175 1442 et
1198 1391 1325 1443 ideo
1351 1391 1650 1442 subditur:

120 1467 169 1520 4.
198 1465 462 1515 Delectare
513 1465 575 1512 in
627 1464 880 1514 Domino.
927 1465 1048 1524 Quo
1079 1464 1322 1514 fructu?
1371 1462 1652 1526 Sequitur,

61 1542 114 1588 et
136 1536 320 1588 dicit:
370 1537 436 1585 Et
478 1535 624 1584 dabit
666 1535 760 1584 tibi
811 1536 1084 1600 petitio-nes
1131 1534 1308 1584 cordis
1352 1534 1450 1584 tui.
1514 1533 1656 1584 Alia

59 1613 196 1660 sunt
231 1607 534 1672 petitiones
571 1607 783 1671 carnis,
821 1605 950 1658 alia:
975 1606 1181 1657 cordis.
1215 1604 1333 1657 Illae
1366 1608 1504 1656 sunt
1533 1616 1656 1656 cor-

59 1677 300 1742 porales,
347 1679 478 1730 istae
529 1677 872 1742 spirituales.
920 1676 1229 1728 Delectatio
1266 1676 1328 1726 in
1372 1677 1487 1726 Deo
1538 1687 1655 1726 non

56 1751 212 1813 petit,
238 1750 394 1814 quod
432 1761 562 1802 caro
600 1749 746 1811 vult,
773 1747 875 1799 sed
893 1748 1046 1811 quod
1066 1749 1190 1800 vult
1225 1746 1478 1812 spiritus.
1506 1746 1652 1808 Quid

53 1819 208 1872 aliud
225 1821 366 1885 petit
389 1833 484 1872 cor
496 1819 834 1872 delectantis
852 1819 911 1870 in
934 1821 1071 1881 Deo,
1096 1819 1208 1870 nisi
1231 1819 1422 1883 ipsum
1452 1819 1650 1881 Deum,

1061 435 1133 485 IN
1172 433 1496 484 PSALMOS
1529 430 1735 484 LXXV
1771 431 2358 486 COMMENTARIUS.

3245 443 3349 500 778

1683 544 1736 617 Α
1760 543 2054 619 discipulis
2081 544 2202 619 suis
2226 545 2506 598 Dominus
2530 549 2628 607 ait,
2655 562 2762 601 vos
2795 549 2953 610 estis,
2976 553 3072 617 qui
3096 568 3352 619 perman-

1761 615 1886 666 sitis
1903 628 2126 666 mecum
2149 616 2208 666 in
2243 619 2654 670 tentationibus
2688 621 2830 683 (Luc.
2855 615 3130 686 “lit—Quo
3154 633 3352 682 contra

1759 686 2037 748 scriptum
2061 691 2168 749 est,
2195 688 2298 738 Vas
2314 688 2422 752 his,
2441 689 2540 752 qui
2557 691 2922 754 perdiderunt
2941 697 3350 752 sustinentiam

1757 756 1966 831 (ζιῖςιῖιρδ.
1998 755 2496 831 2.).Terraautem
2521 763 2872 814 estcmlestis
2902 767 3101 828 patria,
3138 769 3208 820 de
3239 783 3351 831 qua

1754 827 1886 876 alibi
1902 827 2127 890 dicitur,
2155 829 2334 879 Credo
2360 831 2551 882 videre
2569 833 2718 884 bona
2740 827 2969 887 Domini
2993 838 3049 888 in
3075 843 3222 890 terra
3255 827 3350 892 vi-

1756 897 2332 961 ventium(Psat.‘26.).
2351 901 2510 952 Hanc
2536 907 2744 954 terram
2775 907 3130 960 sustinentes
3154 911 3350 962 Domi-

1755 981 1895 1044 num
1919 968 2363 1044 h_eeredi_tabunt,
2377 971 2432 1022 id
2449 978 2564 1044 est,
2581 973 2940 1028 haereditario
2949 979 3081 1041 jure
3098 982 3350 1044 posside-

1757 1041 1918 1090 bunt.
1944 1041 2014 1090 Et
2033 1054 2105 1092 ne
2123 1041 2278 1112 hanc
2316 1043 2718 1097 sustinentiam
2749 1041 3174 1112 longisssimdm
3195 1054 3346 1106 testi-

1754 1124 1962 1170 mares,
1987 1111 2248 1176 protinus
2281 1113 2563 1176 adjunxit.

1819 1181 1904 1236 10.
1931 1183 1998 1231 Et
2017 1183 2199 1232 adhuc
2225 1185 2506 1248 pusillum,
2538 1191 2584 1235 et
2621 1203 2732 1236 non
2755 1189 2854 1238 erit
2871 1199 3128 1255 peccator.
3156 1194 3217 1246 Id
3239 1200 3346 1254 est,

1753 1265 1870 1302 non
1899 1255 2211 1318 apparebit.
2239 1256 2436 1307 Brevis
2459 1261 2548 1308 est
2569 1270 2877 1322 pravorom
2891 1262 3008 1314 vita
3027 1267 3346 1318 θιῑωιίοίιαε.

1755 1325 1822 1394 ljjt
1840 1323 1888 1372 si
1904 1325 2140 1389 longum
2167 1329 2415 1390 spatium
2430 1327 2674 1394 videtur,
2693 1343 2826 1381 cum
2844 1333 3068 1392 vivunt,
3085 1336 3259 1388 breve
3273 1337 3351 1388 vi-

1753 1393 1938 1457 detur,
1957 1397 2572 1469 cu_m_moriuntur.Cito
2591 1403 2892 1454 transeunt
2906 1408 3185 1469 tempora:
3201 1410 3350 1457 breve

1753 1469 1860 1523 est,
1881 1467 2041 1540 quod
2071 1467 2275 1540 durare
2309 1481 2424 1519 non
2450 1473 2654 1532 potest.
2682 1472 2828 1522 Hinc
2852 1467 3180 1539 Apostolus,
3207 1481 3350 1540 Qum

1753 1541 1862 1598 est,
1879 1537 2084 1614 inquit,
2110 1538 2229 1614 vita
2252 1542 2480 1614 vestra?
2503 1541 2695 1614 _Vapor
2709 1542 2851 1614 fumi
2866 1537 2938 1596 ad
2954 1537 3246 1600 modicum
3258 1562 3348 1614 pa-

1753 1619 1885 1682 rens
1905 1608 2098 1682 {JaeolL
2127 1609 2159 1662 4
2183 1611 2219 1670 ).
2249 1611 2359 1682 Sed
2390 1608 2556 1662 valde
2570 1613 2887 1666 notandum
2911 1619 3192 1682 est,quod
3217 1608 3349 1672 sub-

1753 1678 1941 1729 dtlur:
1972 1679 2038 1728 Et
2071 1695 2272 1744 quaeres
2316 1681 2490 1730 locum
2511 1683 2641 1745 ejus,
2667 1690 2712 1732 et
2735 1700 2848 1734 non
2892 1678 3145 1738 invenies.
3183 1691 3347 1744 Modo

1753 1750 2177 1824 quaerelocum
2194 1752 2526 1824 peccatoris,
2553 1754 2870 1824 etinvenis.
2899 1759 3084 1810 Locus
3109 1762 3237 1824 ejus
3257 1768 3348 1814 est

1753 1833 1894 1870 usus
1919 1821 2063 1884 ejus.
2099 1819 2262 1895 '65”
2276 1823 2461 1895 liabet
2475 1823 2622 1874 enim
2636 1825 2742 1885 (Ea;
2756 1827 3076 1894 Augustino)
3095 1819 3348 1895 aliquem

52 1892 239 1976 ipsam
255 1891 670 1976 lucernLi‘p'sam
691 1890 1046 1976 sapientiam,
1071 1889 1259 1970 ipsam
1283 1891 1605 1976 tetegnitatem
1624 1893 1648 1938 Ρ
1671 1902 1726 1976 Β
1753 1903 1921 1971 usum
1939 1897 2218 1955 peccator.
2237 1893 2354 1976 ‘Hic
2379 1894 2558 1946 utitur
2581 1895 2676 1946 illo
2702 1889 2858 1948 Deus
2879 1899 2954 1950 ad
2985 1889 3348 1964 probandum

55 1963 213 2014 Hanc
229 1961 513 2027 promittit
536 1964 691 2012 Deus
707 1959 1195 2012 delectantibusin
1213 1972 1293 2010 se.
1310 1959 1448 2010 Inde
1465 1959 1646 2023 scrip-
1671 1959 1725 1976 ν
1744 1963 1988 2025 justum,
2004 1964 2293 2027 quomodo
2309 1977 2450 2016 usus
2476 1971 2566 2018 est
2583 1966 2806 2019 diabolo
2831 1969 2902 2020 ad
2924 1959 3238 2030 probandum
3259 1977 3347 2025 Job

55 2036 173 2085 tum
185 2038 298 2098 est,
323 2033 484 2096 Quod
509 2033 712 2084 oculus
726 2044 844 2083 non
862 2031 1022 2094 vidit,
1045 2044 1150 2082 nec
1162 2031 1318 2082 auris
1330 2032 1542 2089 audivit,
1559 2045 1652 2078 nec

52 2107 111 2156 in
131 2118 228 2156 cor
239 2104 495 2158 hominis
510 2103 788 2168 ascendit,
801 2103 929 2155 haec
939 2101 1284 2168 praeparavit
1301 2105 1426 2151 Deus
1441 2103 1654 2162 diligen-

57 2177 211 2227 tibus
235 2189 300 2227 se
317 2176 462 2236 (Isai.
497 2175 586 2230 64.
614 2175 665 2228 1.
694 2175 816 2225 Cor.
845 2172 937 2237 2.).
964 2175 1102 2226 Haec
1126 2178 1216 2226 est
1236 2172 1430 2237 petitio
1464 2172 1652 2224 cordis

52 2246 251 2299 nostri.
290 2247 431 2299 Haec
456 2250 542 2298 est
582 2258 801 2297 merces
830 2244 1165 2296 delectantis
1187 2244 1248 2295 in
1286 2243 1546 2296 Domino.
1583 2245 1653 2294 Et

52 2319 184 2381 quia
199 2322 401 2382 posset
416 2316 626 2380 aliquis
651 2317 858 2368 dicere.
880 2317 1004 2366 Non
1017 2328 1252 2378 possum
1271 2313 1556 2378 delectari,
1573 2317 1650 2362 vel

53 2401 279 2454 sperare
304 2389 363 2440 in
385 2388 658 2441 Domino:
681 2387 817 2451 quia
831 2387 1012 2437 multa
1033 2387 1216 2438 habeo
1233 2390 1467 2450 peccata
1487 2397 1654 2436 :con-

55 2465 147 2512 tra
168 2459 280 2512 hoc
307 2460 534 2512 salubre
557 2460 658 2512 dat
681 2458 1164 2518 consilium,_cum
1201 2457 1430 2508 subdit:

316 2531 366 2586 5.
383 2531 568 2582 Revela
580 2531 814 2580 Domino
831 2531 973 2579 viam
990 2535 1160 2580 tuam.
1175 2529 1274 2580 Dic
1291 2529 1524 2600 peccata
1553 2531 1652 2600 tua

52 2597 415 2666 (causam).
455 2604 697 2662 Accusa,
733 2605 793 2652 et
814 2601 1033 2664 corrige
1061 2599 1308 2662 teipsum
1340 2599 1534 2662 (Jacob.
1557 2597 1648 2660 5.).

49 2673 113 2722 Et
135 2689 298 2738 spera
315 2674 375 2722 in
390 2689 465 2735 eo,
487 2678 533 2722 et
560 2672 857 2737 ipse/aciet.
885 2673 1051 2735 Spem
1071 2671 1226 2722 enim
1238 2670 1520 2734 promittit
1542 2685 1652 2732 pec-

60 2743 423 2808 ;atortbusu.
447 2744 612 2793 Joan.
641 2743 730 2805 1.),
757 2747 814 2794 et
835 2741 968 2793 facit
990 2741 1414 2806 indulgentiam
1437 2744 1652 2806 agenti-

75 2821 150 2866 itis
167 2815 568 2880 paenitentiam
593 2815 802 2876 (Matth.
833 2813 924 2876 4.).
961 2815 1006 2864 Ο
1041 2827 1213 2876 quam
1227 2811 1476 2864 salubria
1498 2827 1652 2865 man-

60 2884 196 2946 t'ata,
220 2899 346 2938 non
368 2886 626 2938 invidere
657 2885 844 2947 malis,
868 2897 987 2935 non
1010 2884 1245 2948 diligere
1269 2885 1648 2948 iniquitatem,

47 2956 104 3007 in
119 2958 362 3010 Domino
383 2970 631 3022 sperare,
655 2957 714 3007 in
738 2955 982 3007 Domino
997 2955 1288 3018 delectari,
1307 2955 1435 3006 vias
1455 2960 1512 3007 et
1527 2969 1651 3019 ope-

49 3040 108 3078 ra
131 3033 332 3080 nostra
372 3028 616 3080 Domino
653 3026 946 3079 conﬁteri!
988 3027 1044 3078 Si
1079 3025 1190 3078 hoc
1230 3025 1418 3090 facies,
1447 3031 1506 3078 et
1526 3027 1650 3090 ipse

51 3099 226 3151 faciet.
253 3099 406 3162 Quid
425 3103 452 3151 τ

109 3170 158 3225 6.
197 3171 267 3220 Et
321 3172 497 3220 educet
521 3185 685 3235 quase
709 3168 885 3219 lumen
904 3168 1180 3233 justitiam
1203 3173 1370 3218 luam.
1398 3168 1472 3218 Ut
1498 3180 1644 3218 nun-

48 3253 217 3304 quam
243 3242 363 3304 (Ea:
393 3243 556 3304 Aug.)
601 3241 663 3292 in
688 3241 935 3292 tenebris
981 3245 1040 3292 et
1085 3239 1242 3292 vitiis
1287 3240 1640 3291 obscuretur.

1754 2033 1883 2096 (Job.
1912 2033 1981 2098 1.)
2019 2036 2351 2098 :quomodo
2397 2041 2488 2088 est
2520 2051 2664 2088 usus
2693 2039 2859 2103 Juda,
2895 2041 2968 2092 ad
3003 2044 3347 2098 tradendum

1751 2105 2040 2181 Christum
2081 2106 2291 2167 (Matth.
2327 2105 2606 2181 ‘26.).__Est
2633 2122 2766 2181 ergo
2798 2111 2856 2161 in
2888 2111 2997 2164 hac
3020 2115 3156 2180 vita,
3187 2117 3348 2181 quod

1749 2181 1956 2238 agatur
1979 2177 2050 2228 de
2087 2182 2402 2240 peccatore.
2430 2179 2534 2229 Hic
2573 2184 2664 2230 est
2683 2179 2846 2232 locus
2870 2183 3018 2246 ejus.
3050 2177 3346 2247 Quomodo

1752 2251 1841 2298 est
1863 2247 1924 2298 in
1945 2247 2170 2299 fornace
2182 2247 2432 2299 aurificis
2450 2249 2628 2312 palea,
2647 2253 2704 2301 et
2718 2251 2881 2303 ardet
2897 2253 3072 2318 palea,
3087 2264 3140 2304 ut
3162 2274 3344 2307 aurum

1751 2322 2053 2383 purgetur:
2083 2319 2165 2370 sic
2188 2319 2357 2370 saevit
2372 2319 2602 2384 impius,
2631 2325 2692 2372 ut
2709 2321 2908 2384 justus
2931 2327 3219 2388 probetur.
3234 2329 3345 2380 Sed

1750 2402 1881 2440 cum
1909 2389 2196 2462 transierit
2222 2394 2452 2462 tempus
2471 2392 2826 2455 probationis
2842 2399 3083 2448 nostrae:
3112 2400 3343 2462 quando

1749 2473 1866 2535 non
1890 2465 2077 2535 erunt,
2103 2460 2200 2524 qui
2226 2461 2558 2535 probentur,
2587 2475 2704 2514 non
2727 2469 2898 2517 erunt
2920 2479 3020 2530 per
3042 2460 3190 2532 quos
3216 2484 3346 2535 pro-

1750 2533 1978 2582 bentur.
1993 2534 2063 2583 Et
2078 2535 2216 2583 tunc
2229 2533 2516 2596 siqu-dares
2531 2534 2718 2584 locum
2733 2548 2951 2600 eorum,
2965 2551 3082 2590 non
3093 2533 3341 2594 invenies.

1817 2602 1904 2656 11.
1935 2603 2206 2653 Mansucti
2229 2607 2408 2652 autem
2431 2605 2821 2654 haereditabunt
2850 2613 3069 2661 terram.
3101 2614 3344 2663 Mansueti

1754 2677 1910 2745 sunt,
1925 2674 2022 2738 qui
2041 2674 2284 2725 Domino
2308 2687 2426 2725 non
2447 2675 2744 2739 resistunt,
2775 2680 2871 2741 qui
2885 2679 3091 2745 jugum
3105 2683 3231 2745 ejus
3247 2684 3348 2737 hu-

1751 2744 1957 2796 militer
2001 2750 2229 2808 portant
2277 2746 2494 2806 (Matth.
2539 2745 2666 2809 11.).
2714 2749 2814 2811 qui
2856 2744 3102 2804 adversa
3137 2744 3348 2808 mundi

1751 2816 2152 2879 aequanimiter
2199 2817 2442 2868 tolerant
2481 2818 2650 2878 (Rom.
2696 2817 2830 2883 12.),
2865 2834 2983 2873 non
3038 2824 3346 2879 reddentes

1750 2887 1967 2939 malum
1999 2899 2098 2950 pro
2123 2887 2294 2950 malo,
2325 2887 2418 2939 vel
2452 2887 2821 2942 maledictum
2855 2904 2956 2954 pro
2999 2894 3303 2948 maledicto
3329 2915 3340 2947 :

1750 2959 1853 3010 sed
1869 2958 2186 3010 econtrario
2204 2959 2608 3010 benedicentes
2634 2959 2702 3020 (1.
2732 2961 2904 3012 Thess.
2929 2961 3019 3026 5.).
3041 2966 3155 3028 Ipsi
3172 2973 3346 3020 erunt

1749 3029 1940 3081 idonei
1954 3030 2026 3080 ad
2048 3029 2509 3081 haereditandum
2527 3030 2901 3084 terramillam
2922 3039 3183 3088 sanctam
3197 3041 3344 3088 Jeru-

1751 3099 1946 3160 salem,
1980 3112 2110 3163 quaa
2124 3098 2458 3151 liberabitur
2489 3099 2562 3152 de
2592 3101 2704 3152 ista
2729 3105 3180 3167 peregrinatione
3209 3111 3344 3163 etin

1745 3175 2026 3224 aeternum
2055 3171 2356 3223 vivetcum
2385 3173 2504 3222 Deo
2521 3176 2576 3223 et
2607 3172 2678 3224 de
2692 3175 2830 3225 Deo.
2851 3175 2922 3224 Et
2945 3176 3343 3230 delectabantur

1745 3243 1805 3292 in
1830 3241 2176 3316 multitudine
2197 3242 2367 3306 pacis.
2393 3243 2675 3316 Fruentur
2689 3245 2844 3316 enim
2862 3251 3077 3299 aeterno
3089 3252 3225 3314 Deo,
3243 3253 3344 3316 qui

45 3313 412 3369 JustitiaJua
431 3318 520 3364 est
547 3312 692 3364 tldes
717 3317 816 3364 tua
841 3312 1012 3374 (Item.
1041 3311 1120 3375 l.).
1167 3313 1371 3362 Justus
1395 3310 1558 3383 enim
1572 3321 1644 3383 ex
1669 3309 1718 3383 ί]
1749 3318 1836 3365 est
1865 3313 2124 3365 omnium
2137 3314 2416 3364 bonorum
2433 3313 2562 3364 fons
2578 3315 2960 3378 etplenitudo.
2974 3319 3114 3372 Inde
3127 3309 3344 3382 superna

47 3384 156 3436 tide
183 3385 333 3436 vivit
361 3383 540 3446 (Hebr.
566 3383 692 3446 10.).
714 3385 852 3434 Haec
870 3384 1096 3446 justitia
1108 3383 1275 3436 modo
1309 3381 1646 3433 abscondita

79 3459 149 3505 st.
190 3458 255 3507 In
283 3455 399 3507 ﬁde
435 3469 526 3506 res
555 3460 664 3518 est,
701 3455 965 3505 nundum
996 3455 1056 3505 in
1081 3455 1270 3518 specie
1294 3453 1360 3515 (1.
1392 3454 1508 3502 Cor.
1551 3450 1641 3514 3.).

65 3535 72 3547 ‘
95 3525 212 3578 liud
235 3527 448 3591 credis,
475 3525 750 3589 utfacias,
771 3525 1033 3576 nondum
1058 3525 1240 3588 vides,
1259 3525 1415 3588 quod
1439 3522 1641 3574 credis.

75 3601 184 3648 lum
201 3602 400 3650 autem
419 3597 658 3662 ccepcris
673 3597 884 3656 videre,
903 3596 1058 3660 quod
1075 3595 1384 3659 credidisti,
1409 3598 1646 3644 educetur

45 3669 104 3719 in
125 3667 564 3732 lumenjustitia
581 3673 676 3720 tua
692 3669 810 3732 (Isa.
830 3666 958 3730 58.).
983 3668 1051 3716 Et
1066 3667 1646 3731 judiciumtuumtan-

47 3753 211 3801 quam
252 3740 559 3790 meridiem.
605 3741 811 3791 Parum
859 3743 978 3790 erat
1007 3739 1120 3802 (Eae
1142 3738 1344 3801 eodem)
1375 3738 1559 3789 dicere
1583 3740 1647 3788 ut

45 3808 256 3862 lumen.
289 3812 514 3862 Lumen
537 3811 689 3863 enim
713 3816 819 3874 est,
849 3823 982 3862 cum
1007 3809 1266 3870 albescit,
1295 3822 1428 3860 cum
1445 3809 1650 3860 solori-

47 3885 167 3933 tur:
193 3882 299 3934 sed
313 3895 612 3945 nunquam
637 3884 728 3934 est
753 3881 956 3933 clarior
976 3881 1098 3942 lux,
1123 3893 1298 3944 quam
1319 3880 1506 3930 medio
1535 3879 1645 3930 die.

43 3953 208 4004 Modo
223 3953 460 4018 judicas
487 3954 651 4016 sequi
683 3953 993 4015 Christum,
1011 3952 1120 4003 hoc
1143 3951 1510 4016 proposuisti,
1537 3950 1646 4001 hoc

41 4023 276 4087 elegisti.
298 4027 367 4076 In
394 4024 732 4077 abscondito
750 4029 839 4074 est
845 4024 1130 4088 judicium
1157 4027 1320 4074 tuum
1346 4022 1526 4080 (Joan.
1552 4021 1644 4084 8.).

41 4095 228 4148 adhuc
260 4096 700 4161 reprehenditur
750 4101 810 4148 et
858 4095 1123 4146 irridetur
1176 4095 1248 4145 ab
1298 4093 1642 4144 intldelibus.

43 4167 278 4226 Quando
305 4169 513 4219 educet
537 4173 812 4230 tanquam
847 4165 1143 4218 meridiem
1165 4168 1192 4215 ?
1217 4165 1358 4215 Cum
1383 4163 1645 4214 Christus

43 4239 374 4301 apparuerit
394 4238 515 4292 vita
533 4243 752 4302 nostra,
777 4241 915 4288 tunc
938 4241 996 4288 et
1022 4249 1127 4288 vos
1150 4234 1495 4300 apparebitis
1511 4247 1644 4285 cum

43 4307 166 4372 ipso
191 4309 252 4362 in
281 4309 684 4374 gloria(Cotoss.
709 4307 799 4371 3.).
826 4309 1061 4360 Interim
1087 4307 1224 4371 quid
1246 4309 1273 4356 ‘?

106 4381 155 4434 7.
173 4382 435 4432 Subdilus
449 4387 553 4431 esto
565 4381 817 4443 Domino,
831 4387 876 4429 et
887 4395 981 4430 ora
992 4395 1132 4430 eum.
1148 4379 1268 4430 Hoc
1286 4377 1361 4429 sit
1377 4377 1493 4428 vita
1505 4385 1645 4428 nos-

45 4456 146 4517 tra,
167 4453 402 4505 obedire
427 4452 731 4518 praeceptis
757 4453 906 4514 ejus,
933 4456 992 4502 et
1025 4452 1290 4502 obserere
1316 4461 1481 4518 eum.
1512 4450 1645 4499 Per-

42 4528 269 4578 severet
292 4517 511 4576 bonum
533 4537 680 4588 opus
705 4527 761 4574 et
784 4522 982 4585 oratio,
998 4521 1197 4582 donec
1223 4521 1320 4571 det
1337 4517 1492 4582 quod
1515 4532 1646 4583 pro-

43 4596 218 4646 misit.
237 4597 296 4647 Si
319 4595 531 4647 videris
547 4597 749 4646 ﬂorere
763 4593 1022 4656 impium,
1041 4605 1156 4644 non
1170 4597 1223 4642 te
1237 4596 1464 4642 moveat
1481 4591 1644 4642 vani-

47 4666 296 4716 tasJVoti
315 4667 566 4716 aemulari
590 4665 648 4714 in
672 4680 749 4728 eo,
776 4665 874 4728 qui
894 4663 1321 4728 prospei'aturin
1340 4663 1430 4710 via
1450 4678 1571 4712 sua.
1597 4668 1643 4710 et

1745 3385 1842 3436 illa
1853 3385 2056 3455 civitas
2066 3383 2384 3435 Jerusalem
2397 3385 2881 3450 nominatur,quee
2895 3390 3026 3439 visio
3035 3393 3184 3455 pacis
3197 3395 3345 3444 inter-

1743 3469 1833 3521 prt.
1847 3460 2014 3506 tatur.
2035 3447 2287 3506 Tantum
2303 3459 2395 3506 est
2412 3459 2608 3506 autem
2625 3447 2784 3520 pacis
2801 3447 3114 3522 bonum,.ut
3129 3463 3186 3515 in
3197 3467 3344 3515 rebus

1746 3527 1984 3579 terrenis
2014 3525 2157 3577 nihil
2177 3526 2398 3590 gratius
2427 3527 2608 3578 soleat
2635 3528 2838 3594 audiri,
2862 3531 3008 3582 nihil
3032 3537 3343 3585 desiderabi-

1743 3597 1854 3648 lius
1867 3597 2216 3661 concupisci:
2233 3596 2375 3647 nihil
2387 3601 2678 3661 postremo
2690 3601 3088 3663 possitmelius
3099 3607 3340 3656 inveniri.

1745 3671 1808 3719 In
1833 3669 2104 3719 omnibus
2122 3670 2315 3718 autem
2343 3669 2514 3720 rebus
2545 3681 2656 3732 pax
2678 3671 2945 3733 quaedam
2983 3677 3260 3737 queeritur
3286 3680 3344 3730 et

1745 3741 1881 3790 ordo
1905 3743 2144 3790 naturae.
2163 3739 2279 3789 Pax
2297 3739 2558 3790 omnium
2574 3753 2785 3802 rerum,
2803 3745 3188 3807 tranquillitas
3200 3748 3343 3800 ordi-

1745 3811 1854 3861 nis.
1874 3809 2025 3864 Ordo
2045 3813 2134 3859 est
2145 3808 2366 3880 parium
2379 3809 2812 3874 dispariumque
2827 3826 3015 3866 rerum
3033 3830 3142 3868 sua
3155 3821 3341 3880 cuique

1745 3882 1868 3934 loca
1894 3879 2494 3952 tribuensdispositio.
2513 3881 2630 3952 Pax
2651 3882 2863 3934 domus
2889 3887 3146 3940 ordinata
3161 3879 3340 3952 impe-

1745 3952 1907 4004 randi
1939 3956 1995 4002 et
2026 3950 2327 4003 obediendi
2360 3951 2664 4002 concordia
2695 3953 3170 4009 cohabitantium.
3221 3950 3339 4011 Pax

1744 4027 1955 4076 animae
1998 4022 2290 4073 rationalis
2317 4021 2587 4093 ordinata
2611 4024 2955 4086 cognitionis
2977 4029 3340 4093 actionisque

1746 4094 2064 4147 consensio.
2096 4095 2212 4143 Pax
2237 4092 2444 4144 animae
2476 4095 2532 4144 et
2559 4095 2828 4158 corporis,
2854 4098 3116 4152 ordinata
3139 4092 3259 4152 vita
3281 4106 3340 4153 et

1746 4168 1903 4218 salus
1935 4164 2263 4216 animantis.
2286 4165 2402 4214 Pax
2427 4163 2676 4216 hominis
2699 4167 2956 4218 mortalis
2977 4173 3034 4222 et
3057 4171 3158 4222 Dei
3187 4171 3340 4224 ordi-

1743 4242 1873 4288 nata
1910 4236 1968 4287 in
1992 4235 2124 4298 ﬁde,
2151 4236 2258 4286 sub
2285 4235 2640 4299 aaternalege
2668 4237 3011 4291 obedientia.
3038 4243 3177 4294 Haec
3201 4248 3340 4294 sunt

1744 4309 1803 4360 in
1815 4309 2028 4371 quibus
2039 4311 2380 4358 mansuetus
2396 4305 2498 4358 Dei
2523 4320 2584 4358 se
2597 4307 2766 4359 debet
2789 4310 3025 4370 nutrire,
3049 4313 3194 4364 utad
3221 4327 3340 4365 cte-

1742 4380 1941 4432 lestem
1967 4390 2168 4443 pacem
2201 4379 2389 4430 valeat
2434 4379 2748 4442 pervenire.
2782 4381 2898 4431 Pax
2923 4395 3060 4434 vero
3083 4383 3339 4436 caelestis

1745 4449 2112 4510 civitatis,est
2135 4449 2564 4500 ordinatissima
2587 4455 2645 4501 et
2667 4451 3116 4504 concordissima
3131 4457 3339 4503 societas

1745 4521 1971 4573 fruendi
2003 4521 2140 4578 Deo,
2179 4521 2236 4571 et
2271 4520 2519 4572 invicem
2553 4522 2612 4573 in
2638 4524 2773 4574 Deo.
2801 4525 2869 4574 Et
2902 4524 3038 4587 quia
3061 4527 3340 4588 quamdiu

1742 4593 1834 4644 hic
1849 4591 2080 4653 vivitur,
2091 4591 2111 4654 j
2122 4590 2234 4641 usti
2247 4593 2325 4654 inj
2336 4605 2403 4642 us
2412 4597 2599 4644 torum
2622 4593 2859 4646 insidias
2871 4595 3182 4661 patiuntur,
3199 4599 3338 4650 sub-

1738 4666 2004 4729 junctum
2029 4664 2120 4712 est
2151 4677 2161 4709 :

43 4738 100 4785 in
117 4739 342 4787 homine
361 4738 589 4801 faciente
604 4736 918 4800 injustitias.
946 4734 1638 4799 Prosperatur(E.reodcm)
1665 4735 1720 4803 Ι)
1809 4731 1894 4788 12.
1925 4730 2220 4782 Observabit
2249 4739 2494 4795 peccator
2513 4735 2744 4799 justum.
2784 4739 2908 4790 Non
2931 4739 3084 4792 enim
3108 4745 3340 4792 cessant

44 4807 101 4858 in
128 4809 223 4860 via
252 4811 399 4860 sua?
423 4810 506 4859 Tu
529 4807 723 4858 labora
745 4807 804 4857 in
831 4807 930 4873 via,
945 4805 1071 4857 Dei.
1108 4805 1193 4856 Illi
1216 4804 1642 4870 prosperitasin
1741 4804 1902 4873 pravi
1925 4805 2207 4855 bonorum
2225 4803 2718 4870 vitaminquirere,
2743 4809 3336 4871 studioseattendentes,

44 4879 137 4931 via
161 4883 270 4939 est,
296 4882 357 4930 in
389 4863 1118 4943 perventioneinfmlicitas.
1138 4863 1262 4927 Tibi
1286 4863 1513 4927 labor-in
1531 4876 1642 4939 via,

45 4951 103 5001 in
129 4952 499 5015 perventione
517 4950 798 5002 ftelicitas.
817 4949 916 5000 llla
931 4948 1022 5000 via
1045 4947 1158 5000 lata
1173 4953 1282 5006 est,
1295 4948 1428 4998 tlnis
1445 4948 1568 5012 ejus
1585 4947 1644 4998 in

46 5022 401 5086 profundum
446 5022 612 5074 inferi
645 5021 902 5086 perducit
937 5034 950 5070 :
1001 5019 1092 5071 via
1142 5024 1240 5070 tua
1271 5025 1521 5082 angusta
1557 5024 1647 5070 est

51 5096 264 5154 (Matth.
283 5095 360 5157 7.)
372 5094 506 5144 tlnis
521 5093 650 5158 ejus
663 5093 780 5144 vita
796 5097 1030 5144 interna.
1053 5091 1205 5149 Dico,
1231 5105 1303 5142 ne
1327 5089 1637 5142 azmuleris.

48 5167 116 5216 Et
141 5167 188 5216 si
205 5166 401 5230 aliquo
426 5165 597 5218 modo
622 5169 814 5215 motus
851 5177 934 5216 es.
964 5162 1087 5214 sive
1118 5163 1179 5213 in
1203 5161 1417 5220 animo,
1443 5161 1564 5212 sive
1588 5160 1648 5212 in

48 5250 304 5300 corpore,
331 5236 548 5300 corrige
581 5235 746 5287 illud.
773 5237 840 5284 Et
872 5235 981 5285 hoc
1004 5237 1093 5285 est
1125 5232 1284 5296 quod
1311 5232 1508 5284 subdit
1539 5249 1550 5281 :

109 5308 161 5361 8.
192 5308 386 5357 Desine
415 5307 480 5357 ab
506 5308 609 5368 ira,
643 5312 687 5355 et
712 5306 1020 5369 derelinquc
1041 5305 1286 5368 furorem
1313 5321 1322 5352 :
1348 5303 1462 5352 noli
1483 5318 1648 5352 semu-

49 5377 174 5442 lari,
204 5384 262 5428 ut
289 5378 622 5442 maligneris.
639 5379 723 5429 Ira
749 5377 986 5442 pertinet
1005 5376 1079 5428 ad
1101 5375 1383 5431 animum,
1411 5375 1646 5426 t‘urorad

49 5464 278 5514 corpus.
309 5453 388 5500 Ac
407 5451 454 5502 si
468 5450 697 5506 diceret,
717 5451 830 5500 Nec
843 5447 1116 5510 iniquitas
1135 5459 1436 5512 pravorum
1457 5453 1650 5494 moveat

55 5528 105 5572 te
129 5523 203 5574 ad
230 5522 606 5580 iracundiam,
633 5534 737 5572 nec
766 5521 994 5571 illorum
1025 5518 1374 5584 prosperitas
1407 5518 1479 5568 ad
1501 5517 1652 5569 invi-

57 5593 225 5645 .liam.
244 5595 536 5657 Quoniam,
557 5609 652 5658 qui
669 5593 971 5656 matigantu
982 5607 1026 5650 ν,
1045 5587 1569 5640 exterminabuntur.
1599 5590 1648 5637 [tl

59 5671 159 5722 est.
186 5671 359 5718 extra
382 5667 656 5718 terminos
675 5677 942 5730 superum
964 5661 1284 5714 Jerusalem
1312 5661 1613 5724 ejicientur
1637 5677 1648 5708 :

58 5737 206 5788 sicut
231 5737 512 5801 scriptum
529 5742 638 5794 est,
656 5736 908 5788 Tollatur
925 5734 1138 5798 impius
1155 5746 1226 5784 ne
1240 5732 1649 5793 videatglurium

57 5808 154 5859 Dei
189 5809 314 5872 (lea.
346 5807 474 5873 ‘25.).

114 5878 164 5933 9.
197 5881 534 5931 Sustinentes
569 5886 750 5940 auttm
785 5877 1081 5928 Dominum
1116 5875 1222 5940 ipsi
1265 5873 1654 5927 haereditabunt

53 5955 270 6002 terram.
297 5954 411 6017 Qui
435 5957 574 6005 sunt
612 5952 987 6008 sustinentes,
1023 5948 1136 6001 nisi
1157 5945 1436 6012 patientes
1459 5947 1486 5998 ?
1509 5945 1654 5997 Hinc

345 6043 604 6100 PATROL.
643 6041 808 6098 XXI.

1743 4879 1796 4931 si
1816 4888 1930 4940 qua
1953 4887 2028 4926 ex
2050 4877 2208 4936 parte
2235 4874 2558 4927 valeanteis
2579 4891 2801 4932 nocere.
2832 4881 2978 4933 Hinc
3002 4883 3071 4934 de
3096 4884 3340 4936 Domino

1745 4950 2027 5011 scriptum
2067 4947 2174 5019 est.
2201 4945 2269 4994 Et
2305 4944 2415 5019 ipsi
2459 4947 2850 5004 observabant
2872 4966 3008 5004 eum
3038 4956 3178 5018 (Luc.
3205 4955 3338 5019 14.).

1709 5038 1714 5045 ·
1747 5019 1928 5070 Malus
1951 5028 2086 5090 ergo
2100 5016 2314 5066 bonum
2333 5016 2506 5068 obser
2515 5025 2624 5082 vat,
2649 5027 2714 5072 ut
2728 5035 2860 5075 eum
2876 5016 3063 5090 capiat
3079 5031 3134 5078 et
3152 5016 3338 5088 perdat.

1746 5093 1814 5142 Et
1837 5087 1992 5152 quod
2025 5099 2197 5150 opere
2221 5099 2488 5138 exercere
2521 5102 2638 5141 non
2686 5094 2859 5158 valet,
2889 5087 3007 5147 fera
3034 5103 3093 5150 et
3117 5087 3343 5150 bestialt

1747 5159 2070 5232 corrosione
2097 5159 2401 5232 verborum
2415 5165 2662 5232 exercet.
2691 5165 2760 5213 Et
2781 5164 2890 5216 hoc
2913 5170 3018 5228 est,
3037 5170 3189 5232 quod
3214 5171 3345 5222 sub-

1746 5232 1850 5292 dit,
1874 5231 1942 5280 Et
1971 5227 2208 5278 stridebit
2241 5243 2402 5292 super
2431 5244 2555 5278 eum
2587 5231 2831 5283 dentibus
2849 5237 2979 5288 suis.
3006 5227 3071 5290 Id
3091 5245 3181 5292 est
3204 5241 3344 5294 den-

1755 5303 1910 5354 tibus
1941 5298 2212 5362 nequitia}
2245 5303 2304 5350 et
2344 5300 2678 5363 impietatis,
2725 5305 2939 5367 quibus
2981 5321 3114 5362 eum
3144 5311 3346 5364 nititur

1754 5376 2045 5425 devorare.
2085 5373 2247 5434 Saepe
2287 5375 2481 5422 autem
2517 5385 2616 5436 per
2647 5376 2900 5438 corporis
2939 5384 3134 5432 motus
3167 5383 3346 5435 animi

1756 5446 2135 5508 designantur
2161 5442 2424 5494 atl‘ectus.

1819 5516 1895 5588 137.
1935 5514 2200 5588 Dominus
2231 5519 2413 5588 autem
2463 5513 2708 5588 irridebit
2729 5531 2888 5567 eum:
2938 5522 3203 5583 quoniam
3225 5540 3347 5588 pro-

1752 5587 1926 5651 Spicit,
1953 5586 2097 5636 quod
2126 5585 2438 5658 veniatrdies
2465 5586 2596 5650 ejus.
2616 5585 2711 5638 Ille
2730 5588 2904 5642 habet
2923 5581 3118 5643 oculos
3151 5581 3348 5658 cdgni-
3391 5581 3396 5586 ”

1757 5659 1948 5710 tionis.
1973 5657 2266 5709 Praescivit
2292 5657 2550 5729 futurum
2567 5672 2694 5710 esse
2725 5661 2878 5713 diem
2899 5663 3115 5726 judicii,
3149 5665 3209 5716 in
3233 5657 3347 5729 quo

1758 5729 2160 5782 eruutocculta
2173 5727 2489 5782 manifesta.
2505 5730 2586 5782 Ibi
2599 5735 3130 5795 peccatorirrisione
3142 5727 3344 5797 digtius'

1755 5813 1788 5852 a
1814 5801 2060 5852 Domino
2081 5799 2593 5854 demonstrabitur:
2627 5804 2856 5867 quando
2885 5807 3102 5860 amissa
3113 5815 3346 5870 potestate

1753 5885 1784 5924 a
1809 5871 1990 5935 gloria
2011 5872 2194 5936 peenis
2215 5874 2447 5925 aeternis
2468 5874 2794 5940 puniendus
2812 5877 3080 5931 tradetur.
3095 5883 3184 5929 Hic
3199 5883 3347 5930 etiam

1754 5945 1873 6009 jam
1903 5943 2123 5996 irrideri
2162 5944 2462 6009 incipiunt,
2509 5961 2642 6000 cum
2681 5948 2902 6004 militia
2929 5950 3203 6017 gladium,
3237 5966 3350 6016 que

2988 6040 3058 6098 ‘25
