3890 6384
637 395 741 449 779

1696 384 1961 435 RUFINO
1995 385 2451 437 PRESBYTERO
2482 385 2864 439 ASCRIPTUS

3822 391 3870 443 7:5

634 518 840 560 nocere
868 504 996 558 aliis
1038 501 1346 564 astimant,
1389 498 1500 563 ipsi
1543 496 1604 547 in
1647 494 1870 559 seipsos
1899 494 2223 547 nescientes
2248 498 2304 571 Α
2330 496 2537 571 pabulo
2561 497 2838 571 veritatis,
2862 500 2919 549 et
2941 495 3278 571 calestibus
3302 499 3709 551 sacramentis.
3733 500 3793 550 In
3818 500 3870 551 ha

632 580 997 631 convertunt.

692 649 778 703 14.
808 647 1062 697 Gladium
1089 642 1510 707 evagi-naverunt
1541 642 1851 703 peccatores,
1880 637 2228 686 intenderunt

629 734 818 770 arcum
854 732 1035 766 suum.
1070 717 1174 765 Per
1197 713 1470 776 gladium,
1494 714 1749 775 apertam
1775 712 1833 759 et
1864 710 2225 759 manifestam

628 789 1085 856 persecutionem
1110 784 1631 856 intelligimus._Per
1674 777 1824 846 166
1863 792 2059 856 arcum
2090 792 2226 856 vero

626 849 907 911 occultam
928 860 987 909 et
1008 856 1266 907 dolosam
1292 853 1707 916 deceptionem,
1734 865 1848 913 qua
1863 850 2076 903 sanctis
2095 849 2226 899 insi-

625 932 873 982 diantur.
919 927 1181 979 Gladium
1222 924 1529 987 evaginare
1562 926 1651 973 est
1675 922 1951 973 malitiam
1982 921 2142 985 prius
2164 920 2223 969 in

624 1002 793 1052 corde
814 1000 1119 1055 occultam,
1137 997 1308 1047 etiam
1321 1007 1491 1057 opere
1501 1006 1783 1044 exercere.
1810 994 2024 1042 Arcum
2043 991 2223 1041 inten-

624 1072 727 1135 dit,
748 1073 848 1134 qul
871 1070 1066 1121 dolum
1091 1070 1268 1131 parat,
1293 1065 1448 1116 unde
1482 1066 1780 1115 incautum
1804 1063 1987 1135 feriat.
2024 1061 2222 1135 Gladio

623 1132 889 1195 comi—nus
905 1140 1151 1203 quisque
1162 1136 1425 1201 percutit,
1440 1149 1575 1185 arcu
1589 1135 1805 1196 alonge
1820 1132 2223 1183 trahit.Gladius

621 1225 759 1277 ergo
776 1211 1276 1276 persecutiens,est
1292 1206 1609 1271 persecutio
1626 1205 1922 1277 insistens.
1938 1210 2223 1277 arcusvoro

620 1273 918 1348 inopinata
938 1286 997 1332 et
1029 1280 1192 1343 quasi
1217 1278 1383 1340 longe
1408 1280 1624 1348 remota
1648 1276 1926 1338 deceptio.
1948 1274 2051 1348 liis
2079 1273 2222 1322 duo-

619 1345 740 1405 bus
762 1353 1067 1417 generibus
1085 1348 1498 1414 persecutionis
1524 1347 1870 1409 impugnant
1888 1345 2022 1397 mali
2036 1347 2212 1417 bonos:

621 1414 903 1486 videlicet,
938 1423 1000 1471 Ut
1029 1421 1301 1484 decipiant
1322 1432 1615 1482 pauperem
1635 1422 1681 1464 et
1706 1418 1937 1479 inopem,
1970 1420 2028 1463 ut
2051 1414 2219 1486 truci-

621 1495 743 1543 dent
774 1484 937 1543 rectos
973 1493 1143 1541 corde.
1182 1490 1425 1541 Nomine
1460 1488 1724 1552 pauperis
1765 1492 1821 1537 et
1854 1486 2041 1550 inopis
2071 1484 2221 1535 desi-

617 1570 872 1629 gnantur
884 1562 1171 1626 simplices
1187 1560 1483 1611 scientiam
1493 1564 1553 1609 et
1568 1559 1839 1629 virtutem
1851 1570 1968 1607 non
1985 1559 2219 1629 habentes

616 1627 717 1687 Per
760 1640 947 1687 rectos
984 1632 1151 1684 corde
1172 1630 1545 1693 intelligimus
1583 1628 1882 1692 perfectos.
1925 1627 2219 1689 Simplices

617 1718 752 1769 ergo
767 1705 1086 1766 moliuntur
1102 1715 1237 1753 arcu
1254 1701 1475 1751 occulte
1488 1700 1748 1762 decipere
1767 1714 1779 1748 :
1807 1698 2085 1762 perfectos
2104 1713 2219 1769 vero

621 1768 861 1827 student
888 1778 1082 1837 aperte
1108 1770 1521 1836 persecutionis
1546 1770 1736 1833 gladio
1769 1768 2072 1820 trucidare.
2100 1768 2217 1818 Ini-

616 1846 750 1897 mici
774 1844 1042 1896 Ecclesia
1073 1842 1329 1907 quolibet
1351 1853 1539 1892 errore
1557 1845 1865 1903 cacentur,
1892 1840 1982 1889 vel
2002 1838 2217 1889 malitia

618 1918 1030 1981 depraventur,
1066 1918 1110 1964 si
1152 1913 1440 1976 accipiunt
1481 1916 1816 1974 potestatem
1853 1909 2217 1973 corporaliter

616 1987 909 2051 afﬂigendi
923 1989 1193 2037 exercent
1205 1985 1332 2045 ejus
1346 1982 1772 2045 patientiam.Et
1786 1983 2005 2031 utetiam
2020 1984 2218 2030 inimici

569 2051 578 2059 ’
618 2058 954 2122 diliguntur,
972 2059 1243 2107 exercent
1255 2054 1381 2116 ejus
1408 2052 1886 2103 benevolentiam.
1907 2052 2047 2122 Quia
2065 2054 2216 2103 Deus

615 2121 854 2191 his,"qui
879 2126 1127 2191 diligunt
1151 2137 1303 2185 eum,
1335 2124 1528 2174 omnia
1548 2126 1885 2186 cooperatur
1912 2121 1972 2172 in
2000 2123 2216 2173 bonum

620 2201 789 2264 (Rom.
819 2198 909 2261 8.).
936 2196 1097 2258 Quod
1143 2208 1278 2247 vero
1305 2194 1573 2244 inimicus
1594 2194 1949 2254 adversatur,
1976 2194 2081 2244 sibi
2107 2194 2217 2257 ipsi

616 2270 968 2322 convertitur
991 2268 1051 2318 in
1075 2266 1500 2317 detrimentum.
1530 2267 1598 2315 Et
1626 2264 1753 2315 ideo
1786 2264 2051 2315 subditur
2074 2280 2089 2312 :

678 2339 765 2394 15.
792 2340 1015 2389 Gladius
1038 2340 1225 2386 eorum
1248 2337 1409 2384 intret
1443 2335 1503 2382 in
1534 2335 1699 2383 corda
1720 2335 1983 2398 ipsorum,
1998 2340 2041 2383 et
2058 2350 2217 2383 arcus

615 2426 804 2461 eorum
833 2409 1236 2472 confringatur.
1268 2409 1332 2457 In
1358 2419 1593 2469 corpore
1611 2406 1867 2456 occidere
1885 2407 2214 2468 voluerunt,

615 2482 678 2533 in
700 2482 892 2533 anima
920 2480 1261 2531 moriuntur.
1289 2476 1649 2539 Quicumque
1674 2475 1851 2526 alium
1872 2476 2079 2527 ladere
2093 2489 2217 2527 mo-

614 2552 751 2603 litur
779 2552 1029 2615 primum
1052 2550 1308 2612 seipsum
1328 2547 1550 2611 proprio
1563 2546 1754 2609 jaculo
1776 2548 2032 2609 percutit.
2061 2552 2218 2595 Arcus

615 2627 809 2674 autem
834 2620 1233 2681 confringitur,
1259 2619 1493 2681 quando
1524 2617 1686 2668 dolos
1698 2622 1754 2668 et
1771 2618 1923 2667 mala
1946 2619 2215 2669 voluntas

615 2705 733 2744 non
767 2690 1108 2755 pervenitad
1124 2690 1406 2741 etl‘ectum.
1430 2690 1665 2739 Constat
1688 2687 1814 2751 plus
1833 2701 1961 2738 esse
1978 2688 2134 2751 quod
2150 2700 2210 2738 se

617 2763 839 2814 ladunt
854 2761 1054 2824 iniqui,
1074 2772 1250 2823 quam
1272 2758 1424 2821 quod
1443 2759 1591 2809 sibiv
1609 2758 1838 2809 identur
1852 2758 2213 2818 laderealios,

616 2834 858 2884 Gravius
902 2836 993 2882 est
1031 2831 1180 2881 enim
1211 2830 1351 2882 vitio
1374 2829 1626 2879 animam
1653 2828 1852 2888 occidi,
1900 2842 2073 2892 quam
2094 2828 2216 2893 gla-

615 2904 708 2955 dio
735 2916 943 2967 corpus
982 2901 1268 2952 trucidari.
1302 2899 1517 2950 Deinde
1538 2899 1904 2950 commendat
1923 2902 2214 2964 justorum

560 2984 565 2993 '
614 2976 1026 3036 modicitatem,
1047 2972 1247 3023 dicens
1274 2985 1287 3021 :

678 3046 763 3100 16.
804 3045 995 3093 Melius
1031 3048 1101 3091 est
1126 3042 1400 3091 modicum
1416 3042 1561 3104 justo
1595 3055 1756 3104 super
1790 3040 2009 3090 divitias
2028 3056 2213 3105 pecca-

615 3124 795 3167 torum
810 3117 1024 3165 multas.
1053 3113 1246 3165 Melior
1257 3114 1408 3164 enim
1421 3114 1710 3174 justorum
1727 3119 2205 3176 paupertas,quam

616 3189 835 3241 divitia
852 3192 1232 3252 peccatorum.
1248 3186 1361 3233 Iste
1374 3184 1525 3233 enim
1542 3182 2004 3245 paucisabundat
2019 3184 2111 3234 ille
2126 3199 2211 3232 su-

617 3265 735 3311 tem
746 3260 950 3323 plenus
969 3257 1227 3308 sitit.1ste
1244 3256 1494 3305 animam
1506 3255 1709 3313 salvat,
1724 3254 1816 3304 ille
1833 3260 2023 3305 autem
2042 3261 2087 3302 et
2100 3270 2212 3303 cor-

617 3344 728 3394 pus
748 3333 806 3381 et
830 3328 1081 3379 animam
1106 3325 1290 3390 perdit
1309 3324 1497 3387 (Matth
1538 3323 1664 3384 16.).
1683 3323 1799 3394 Sed
1820 3324 1957 3386 quid
1982 3326 2217 3389 prodest

618 3393 855 3462 homini,
900 3400 948 3448 si
984 3397 1265 3447 mundum
1308 3395 1645 3445 universum
1676 3393 1959 3457 lucretur,
2009 3397 2216 3447 anima

621 3476 814 3523 autem
841 3481 965 3519 sua
982 3467 1390 3518 detrimentum
1416 3464 1663 3527 patiatur
1690 3463 1899 3525 (Matth.
1919 3464 2027 3526 13.)
2046 3470 2070 3514 P
2106 3468 2215 3517 Me-

622 3542 729 3593 lior
753 3542 844 3591 est
871 3538 1021 3589 enim
1036 3537 1167 3587 huic
1188 3536 1352 3596 lides,
1378 3547 1511 3597 qua
1535 3546 1715 3596 grano
1740 3533 1958 3597 sinapis
1985 3549 2217 3601 compa-

622 3615 799 3674 ratur,
825 3621 1001 3672 quam
1021 3607 1100 3657 illi
1122 3606 1376 3671 perfidia,
1404 3618 1536 3668 qua
1559 3604 1774 3666 ubique
1799 3611 2058 3668 vagatur.

684 3683 769 3737 17.
802 3680 1073 3739 Quoniam
1097 3677 1320 3725 brachia
1334 3681 1670 3739 peccatorum
1686 3681 2037 3727 conterentur.
2069 3681 2217 3743 Idest,

619 3754 822 3811 virtus,
869 3748 1141 3814 potentia,
1180 3747 1511 3809 divitiaque
1556 3744 1615 3795 in
1665 3746 1875 3808 quibus
1898 3748 2214 3800 confidunt.

624 3825 921 3880 Conﬁrmat
966 3826 1143 3869 autem
1179 3818 1352 3882 justas
1396 3817 1681 3866 Deminus.
1731 3818 1810 3866 Ne
1834 3818 1906 3868 ab
1929 3818 2216 3881 injustitia

619 3896 943 3948 vincantur.
971 3891 1253 3952 Quoniam
1280 3890 1429 3940 sicut
1456 3888 1766 3952 Apostolus
1787 3889 1884 3947 ait,
1905 3890 2215 3941 Tribulatio

619 3965 953 4031 patientiam
975 3952 1258 4026 operatur,
1271 3960 1547 4031 patientia
1565 3960 1976 4021 probationem,
1990 3964 2215 4020 probatio

620 4030 802 4101 spem,
828 4048 959 4099 spes
981 4038 1173 4084 autem
1197 4045 1315 4082 non
1331 4030 1667 4081 confundit:
1694 4030 1832 4093 quia
1855 4031 2101 4082 charitas
2115 4033 2215 4083 Dei

618 4108 830 4159 diffusa
852 4109 942 4158 est
964 4106 1025 4156 in
1048 4104 1314 4156 cordibus
1336 4101 1550 4152 nostris
1576 4113 1677 4165 per
1693 4101 1967 4164 Spiritum
1979 4106 2213 4151 Sanctum

619 4179 717 4243 qui
745 4179 917 4229 datus
934 4179 1021 4227 est
1044 4176 1210 4226 nobis
1227 4176 1397 4237 (Rom.
1422 4171 1515 4233 5.).
1535 4171 1684 4221 Audi
1707 4184 1878 4243 voces
1894 4173 2212 4224 confirmati

613 4242 918 4313 justi,Quis
935 4260 1041 4297 nos
1060 4245 1345 4309 separabit
1359 4256 1392 4292 a
1403 4243 1679 4294 charitate
1695 4242 1930 4293 Christi?
1944 4246 2213 4293 Tribulatio

617 4333 687 4371 an
699 4319 984 4383 angustia,
1003 4330 1077 4368 an
1101 4314 1441 4379 persecutio,
1469 4326 1543 4364 an
1562 4314 1756 4375 fames,
1775 4325 1849 4364 an
1872 4314 2120 4378 nuditas,
2138 4327 2216 4367 an

616 4391 951 4456 periculum,
996 4400 1073 4439 an
1103 4386 1329 4450 gladius
1354 4386 1521 4449 (Rom.
1548 4385 1617 4447 8.)
1638 4389 1662 4434 Ρ
1685 4385 1984 4446 Quomodo
2007 4387 2214 4438 conm.

615 4465 770 4514 mat?
800 4460 1063 4523 sequitur
1085 4463 1143 4509 et
1164 4457 1301 4509 dicit
1329 4471 1341 4506 :

676 4531 763 4587 18.
796 4532 959 4582 Novit
1005 4531 1269 4579 Dominus
1323 4528 1433 4577 dies
1489 4527 1987 4579 immaculatorum.
2045 4527 2216 4579 Novit

614 4604 768 4653 enim
781 4600 1072 4665 quomodo
1092 4599 1354 4656 vixerint,
1371 4603 1428 4649 et
1444 4597 1503 4648 in
1516 4599 1725 4660 quibus
1742 4601 1919 4649 vitam
1945 4598 2213 4650 finierint.

2327 567 2480 617 enim
2504 568 2783 631 fame,ubi
2810 570 2992 619 sancti
3019 570 3242 621 Domini
3266 571 3550 633 esuriunt,
3570 571 3797 622 interim
3813 588 3869 619 τρι

2327 637 2466 688 bum
2493 652 2664 689 suum
2688 639 2747 689 in
2770 641 2959 690 cibum
2984 644 3308 701 assumunt,
3334 654 3406 693 ne
3431 642 3712 692 deficiant
3728 642 3781 692 in
3806 645 3870 691 via

2326 707 2507 759 donec
2553 710 2776 761 visione
2826 711 3009 774 ipsius
3056 711 3338 762 satientur
3370 714 3428 763 in
3469 714 3676 776 patria.
3705 714 3769 764 Et
3796 718 3868 776 qui

2324 791 2498 842 supra
2522 779 2760 841 dixerat,
2788 781 3027 830 Brachia
3049 788 3385 845 peccatorum
3412 789 3774 845 conterentur,
3798 798 3869 847 prc

2324 849 2421 898 bat
2442 850 2568 909 hoc,
2585 863 2716 900 cum
2742 851 2984 902 infertur
3015 867 3028 903 :

2385 918 2469 972 ‘20.
2511 921 2613 978 Qui
2647 928 2941 984 peccatores
2988 924 3256 985 peribunt.
3291 924 3635 984 Quomodo?
3672 926 3869 987 sequitu

2328 994 2384 1040 et
2409 991 2562 1051 dicit,
2591 992 2809 1039 Inimici
2836 1008 2952 1040 vero
2972 995 3213 1047 Domini.
3233 996 3406 1056 Idest,
3432 996 3549 1060 ipsi
3578 1001 3870 1060 peccatore

2320 1062 2451 1109 Mox
2476 1066 2532 1108 ut
2564 1062 2727 1109 honor
2745 1063 2910 1123 iﬂcati
2932 1063 3158 1128 fuerint,
3186 1066 3243 1115 in
3274 1067 3598 1117 reverentia
3622 1067 3826 1125 habita,
3848 1070 3869 1115 l

2321 1132 2560 1190 exaltati,
2588 1145 2687 1195 per
2712 1134 2996 1195 potentias
3021 1139 3078 1184 et
3100 1135 3427 1198 dignitales.
3453 1137 3869 1199 Deﬁeientesquc

2320 1204 2453 1253 tidie
2466 1203 2534 1252 de
2548 1204 2698 1254 malo
2711 1204 2768 1254 in
2787 1204 2968 1267 pejus,
2989 1206 3446 1267 quemadmodum
3459 1208 3656 1269 fumus
3671 1208 3863 1268 tle/irim

2320 1275 2539 1323 Fumus
2562 1286 2596 1323 a
2617 1273 2741 1324 loco
2775 1274 2926 1337 ignis
2956 1288 3266 1340 erumpens
3297 1277 3355 1327 in
3379 1277 3496 1328 alto
3526 1277 3833 1340 extollitur,
3852 1294 3869 1329 ε

2320 1344 2445 1407 ipsa
2488 1344 2731 1395 elatione
2775 1345 2835 1395 in
2871 1346 3108 1409 globum
3147 1360 3422 1409 magnum
3463 1349 3814 1399 intumescit.
3847 1351 3869 1397 E

2321 1419 2537 1478 quanto
2551 1415 2826 1466 fueritille
2843 1417 3128 1479 grandior,
3145 1422 3302 1468 tanto
3322 1418 3387 1469 Ilt
3405 1420 3627 1469 vanior.
3649 1422 3728 1466 Sic
3742 1422 3860 1479 iniqu

2321 1485 2419 1548 qui
2444 1491 2661 1548 quanto
2688 1485 2815 1549 plus
2834 1492 2970 1537 sunt
2986 1488 3172 1543 erecti.
3200 1493 3413 1550 quanto
3438 1490 3691 1547 extensi,
3711 1495 3865 1552 quant

2316 1556 2572 1619 undique
2609 1556 2668 1607 in
2701 1558 2980 1618 majorem
3009 1558 3291 1608 ambitum
3329 1559 3521 1609 dill‘usi
3551 1575 3564 1609 :
3596 1564 3755 1613 tanto
3776 1561 3869 1610 tiun

2318 1627 2605 1689 exiliores,
2641 1630 2698 1677 et
2735 1627 3085 1686 delicientes,
3112 1633 3307 1680 etnon
3329 1634 3693 1693 apparentes.
3721 1631 3802 1681 Sic
3822 1645 3869 1693 ρας

2318 1697 2530 1747 multas
2576 1700 2766 1760 partes
2809 1702 2899 1749 est
2928 1703 3245 1755 ostensum.
3272 1700 3424 1762 quod
3449 1699 3655 1751 melior
3676 1707 3761 1751 est
3779 1703 3869 1763 jus:

2315 1768 2635 1827 modicitas,
2663 1781 2837 1831 quam
2862 1769 3080 1820 divitia
3106 1776 3487 1833 peccatorum.
3516 1771 3737 1821 Deinde
3760 1774 3868 1835 poni

2244 1854 2298 1926 B
2320 1850 2805 1926 cait‘i‘ssamnquare
2837 1844 3098 1926 peccator
3123 1841 3367 1926 deiiciat,
3396 1855 3531 1926 cum
3780 1858 3792 1892 :

2238 3214 2287 3289 C

2381 1908 2469 1962 21.
2504 1908 2846 1958 Mutuabitur
2879 1916 3138 1974 peccator,
3169 1916 3213 1960 et
3240 1927 3347 1960 non
3370 1912 3545 1963 solvet.
3575 1912 3727 1963 Nihil
3750 1912 3868 1962 habt

2316 1979 2507 2039 homo,
2536 1980 2691 2041 quod
2722 1984 2922 2031 mutuo
2945 1994 3061 2031 non
3094 1983 3327 2046 accepit.
3351 1984 3513 2033 Unde
3532 1983 3591 2033 in
3610 1984 3867 2046 Evangelii

2316 2051 2598 2101 Dominus
2623 2051 2776 2107 dicit,
2806 2053 2988 2102 Homo
3012 2052 3245 2114 quidam
3283 2065 3518 2116 peregre
3551 2054 3860 2118 proﬁciscen

2316 2121 2545 2172 vocavit
2591 2133 2793 2172 servos
2824 2135 2981 2184 suos,
3013 2126 3070 2173 et
3092 2123 3326 2173 tradidit
3361 2123 3472 2174 illis
3508 2125 3667 2175 bona
3697 2137 3808 2175 sua.
3841 2127 3865 2173 E

2316 2191 2417 2242 uni
2454 2191 2614 2242 dedit
2654 2192 2905 2254 quinque
2928 2193 3159 2253 talenta,
3184 2193 3277 2243 alii
3302 2194 3436 2257 duo,
3454 2193 3548 2245 alii
3575 2208 3716 2247 vero
3737 2208 3869 2246 unus

2318 2263 2526 2325 (Matth.
2558 2260 2686 2324 ‘25.).
2735 2265 2876 2314 Ecce
2926 2265 3228 2327 pecuniam
3270 2265 3495 2315 Domini
3537 2268 3691 2317 servi
3716 2272 3865 2317 mutui

2314 2338 2679 2395 acceperunt.
2713 2334 2816 2394 Qui
2843 2340 3037 2385 autem
3069 2336 3126 2385 in
3148 2336 3255 2387 hoc
3277 2337 3491 2388 saculo
3516 2337 3766 2388 ﬁdeliter
3786 2350 3865 2387 ear:

2314 2403 2757 2466 dispensaverit,
2782 2407 2840 2455 et
2863 2418 2995 2455 cum
3013 2418 3189 2457 usura
3213 2407 3451 2457 Domino
3476 2409 3870 2459 revertentisol-

2314 2487 2449 2524 vere
2474 2475 2704 2538 poterit,
2719 2474 2828 2525 hoc
2853 2476 2898 2525 ei
2931 2488 2966 2526 a
2990 2477 3230 2528 Domino
3254 2478 3475 2529 dicetur
3498 2494 3510 2529 :
3539 2480 3720 2543 Euge,
3747 2493 3869 2529 sem

2313 2545 2463 2595 bone
2499 2547 2556 2595 et
2585 2544 2788 2605 lldelis,
2816 2546 2964 2597 intra
2985 2546 3045 2597 in
3069 2547 3338 2607 gaudium
3355 2549 3580 2600 Domini
3608 2552 3691 2600 tui
3724 2550 3849 2613 (Ibid.

2315 2615 2581 2666 Fideliter
2594 2615 2929 2679 dispensant
2954 2617 3326 2679 divites,cum
3342 2620 3413 2670 de
3428 2619 3653 2670 divitiis
3676 2620 3870 2670 eleema

2315 2697 2491 2748 synas
2539 2686 2767 2737 faciunt.
2811 2687 3076 2738 Fideliter
3110 2689 3448 2751 dispensant
3468 2689 3755 2749 doctores,
3778 2705 3869 2738 cur:

2312 2760 2465 2806 recte
2482 2755 2773 2819 docent,et
2791 2758 2935 2808 bene
2954 2758 3175 2809 vivunt.
3195 2762 3524 2811 Peccatores
3549 2774 3689 2813 vero
3713 2765 3869 2809 divitii-

2313 2832 2371 2877 et
2420 2826 2776 2888 sapientiam.
2813 2828 3055 2879 virtutes
3102 2834 3159 2880 et
3197 2829 3551 2882 intellectum
3598 2845 3633 2883 θ.
3674 2834 3869 2883 Domini

2312 2902 2665 2959 mutuantes,
2681 2911 2867 2961 neque
2880 2900 2930 2949 ei
2942 2901 3154 2961 gratias
3170 2901 3440 2963 referunt,
3457 2914 3651 2966 neque
3666 2904 3869 2967 pauperi

2312 2969 2442 3029 bus,
2488 2980 2619 3030 qua
2664 2968 2878 3019 habent
2903 2972 3181 3033 tribuunt,
3213 2985 3318 3022 nec
3345 2973 3488 3023 bene
3513 2974 3762 3025 vivendo
3787 2987 3870 3036 per-

2319 3038 2551 3089 solvunt
2575 3052 2707 3102 qua
2742 3040 2971 3091 debent.
2996 3044 3063 3092 Et
3086 3042 3213 3093 ideo
3231 3043 3380 3094 sicut
3407 3044 3607 3095 fumus
3632 3045 3869 3096 deliciam

2305 3109 2491 3157 Justus
2514 3115 2692 3157 autem
2725 3112 3024 3174 miseretur,
3061 3112 3229 3174 idest,
3256 3113 3346 3175 pia
3368 3114 3672 3165 all‘ectione
3686 3128 3808 3175 erga
3827 3122 3870 3162 8'-

2314 3181 2499 3231 ﬂictos
2525 3184 2787 3232 movetur
2811 3197 2823 3231 :
2850 3182 2916 3231 Et
2932 3184 3197 3233 retribuet.
3221 3184 3398 3235 Habet
3422 3198 3653 3250 semper
3665 3189 3787 3234 unde
3809 3190 3863 3231 del

2314 3253 2480 3316 cujus
2509 3256 2710 3315 pectus
2724 3254 2955 3315 plenum
2969 3260 3058 3305 est
3080 3254 3387 3305 charitatis.
3407 3258 3539 3319 Ipsa
3564 3261 3658 3307 est
3673 3257 3868 3307 charita

2316 3335 2447 3385 qua
2471 3322 2680 3373 dicitur
2702 3324 3041 3375 etvoluntas
3071 3326 3222 3375 bona
3245 3325 3315 3389 (1.
3344 3327 3463 3376 Cor.
3496 3326 3581 3380 13.
3609 3326 3868 3378 Matth.5..

2316 3395 2372 3444 Si
2398 3394 2569 3444 habet
2592 3394 2727 3445 foris
2754 3394 3102 3459 facultatem,
3121 3396 3218 3446 dat
3241 3397 3424 3459 ipsam
3443 3397 3710 3449 charitas.
3730 3400 3778 3448 Si
3797 3410 3868 3446 nor.

2316 3464 2503 3526 habet,
2544 3464 2644 3514 dat
2678 3465 3159 3531 benevolentiam,
3188 3472 3423 3531 prastat
3452 3468 3773 3531 consilium,
3805 3469 3868 3516 dat

2314 3533 2609 3593 auxilium,
2638 3536 2684 3585 si
2710 3539 2914 3599 potest.
2944 3537 2998 3588 Si
3022 3550 3139 3588 non
3166 3542 3370 3601 potest,
3399 3538 3487 3589 vel
3506 3545 3648 3590 voto
3663 3540 3865 3602 adjuvat.

2315 3604 2407 3656 vel
2441 3618 2541 3668 pro
2565 3606 2946 3657 contribulato
2972 3612 3096 3658 orat
3120 3624 3131 3657 :
3158 3613 3215 3658 et
3239 3608 3381 3659 forte
3405 3609 3592 3673 magis
3616 3610 3721 3661 hoc
3743 3608 3866 3658 vale.

2317 3687 2492 3737 quam
2518 3676 2567 3725 si
2595 3688 2799 3739 panem
2831 3677 3157 3741 porrigeret.
3176 3680 3391 3729 Vacare
3419 3692 3531 3729 non
3554 3685 3744 3744 potest
3768 3681 3865 3728 boni

2314 3745 2733 3810 voluntas.lpsi
2751 3748 2899 3798 inter
2911 3761 2973 3799 se
2995 3761 3272 3812 pauperes
3290 3755 3569 3813 praestant
3584 3752 3692 3801 sibi
3703 3751 3765 3801 de
3782 3753 3866 3796 1min

2314 3815 2629 3870 voluntate.
2661 3818 2831 3869 Vides
2849 3831 3065 3870 cacum
3084 3832 3118 3871 a
3135 3820 3364 3872 vidente
3375 3821 3523 3883 duci,
3538 3823 3679 3884 quia
3689 3836 3843 3870 nummi
3860 3833 3866 3862 :-

2315 3900 2430 3937 non
2453 3888 2648 3951 habet,
2683 3901 2827 3951 quos
2852 3888 2967 3952 det,
2986 3890 3315 3941 commodat
3343 3890 3537 3942 oculos
3555 3905 3674 3943 non
3690 3893 3855 3939 habenti

2314 3957 2478 4009 Unde
2504 3959 2610 4008 hoc
2636 3959 2847 4009 factum
2880 3964 2986 4020 est,
3012 3961 3125 4011 nisi
3160 3961 3293 4024 quia
3324 3961 3506 4012 virtus
3535 3966 3630 4014 est
3653 3961 3864 4013 voluntm

2313 4030 2485 4093 bona,
2512 4041 2645 4091 qua
2663 4035 2752 4079 est
2772 4031 3079 4083 thesaurus
3096 4044 3405 4096 pauperum
3419 4036 3446 4082 εἴ
3467 4033 3573 4093 Qui
3598 4039 3778 4085 autem
3794 4032 3864 4080 nii-

2316 4104 2538 4150 seretur
2565 4104 2621 4150 et
2656 4101 2882 4161 tribuet,
2909 4102 3234 4153 mercedem
3257 4104 3467 4154 bonam
3492 4104 3738 4169 recipiet.
3766 4104 3864 4152 Nam

2318 4170 2585 4220 subditur
2612 4186 2623 4220 :

2377 4239 2463 4293 Ἡ.
2492 4242 2635 4299 Quia
2672 4240 3022 4292 benedicentes
3048 4244 3096 4292 ei
3121 4244 3508 4293 hareditabunt
3540 4250 3754 4294 terram.
3792 4240 3861 4302 Qui

2314 4312 2458 4363 bene
2485 4313 2711 4373 vivunt,
2740 4320 2798 4364 et
2829 4314 2981 4365 bona
3003 4327 3136 4378 qua
3162 4320 3420 4381 possunt,
3456 4313 3607 4384 168
3636 4316 3750 4369 aliis
3770 4326 3862 4364 cum

2314 4383 2629 4445 gratiarum
2672 4385 2896 4436 actione
2937 4386 3212 4446 tribuunt,
3242 4386 3351 4450 ipsi
3380 4383 3526 4438 sunt
3549 4390 3652 4451 qui
3673 4386 3861 4437 Domini

2314 4453 2676 4518 benedicunt,
2696 4454 2925 4505 Talibus
2949 4456 3009 4506 in
3028 4457 3248 4520 judicio
3273 4458 3532 4509 dicturus
3554 4465 3667 4519 est,
3687 4457 3862 4507 Venite.

2314 4525 2601 4576 benedicti
2626 4525 2809 4577 Patris
2835 4527 2963 4585 mei,
2984 4528 3253 4591 percipite
3272 4541 3533 4593 regnum,
3562 4529 3714 4593 quod
3740 4527 3860 4578 vohi:

2314 4600 2579 4659 paratum
2627 4600 2716 4647 est
2761 4598 2834 4647 ab
2868 4598 3086 4661 origine
3132 4599 3333 4659 mundi
3366 4600 3572 4662 (Matth.
3602 4598 3724 4659 25.).
3754 4600 3859 4647 Ecce

614 4673 718 4724 Vel
741 4673 908 4748 novit
932 4671 1069 4748 quia
1093 4670 1311 4748 dilexit,
1339 4671 1497 4721 Unde
1515 4675 1747 4748 econtra
1769 4670 1934 4748 malis
1948 4669 2207 4748 dicturus
2237 4677 2295 4748 D
2314 4668 2411 4748 illa
2434 4673 2596 4748 terra,
2616 4668 3401 4748 quamjusti‘hareditabunt.
3424 4666 3860 4748 ‘.'_EsuriviT

613 4748 731 4805 est,
777 4747 957 4792 Amen
1002 4740 1129 4790 dico
1172 4740 1369 4803 vobis,
1417 4742 1612 4792 nescio
1656 4753 1766 4791 vos
1822 4741 2045 4800 (Matth.
2078 4741 2205 4805 25.).

613 4812 813 4864 Omnis
836 4812 980 4862 enim
998 4812 1095 4873 qui
1113 4811 1351 4873 ignorat,
1365 4811 1746 4875 ignorabitur:
1764 4812 1819 4861 et
1833 4811 1961 4861 ideo
1972 4812 2207 4861 Has-redi-

612 4889 694 4931 tas
715 4897 899 4931 eorum
924 4882 986 4929 in
1009 4887 1265 4930 κίρνη-ατη
1277 4883 1391 4930 erit.
1418 4884 1552 4932 Esto
1569 4894 1703 4944 ergo
1722 4893 1901 4942 purus
1914 4885 1971 4931 et
1986 4886 2209 4932 mundus

611 4955 882 5005 omnibus
906 4952 1110 5005 diebus
1141 4953 1275 5004 vita
1300 4956 1438 5011 tua,
1476 4957 1541 5002 ut
1566 4953 1795 5014 placeas
1820 4952 2062 5003 Domino
2086 4955 2205 5005 Deo

611 5029 711 5075 tuo
737 5026 794 5075 in
812 5025 966 5075 omni
995 5029 1093 5074 tua
1115 5022 1549 5074 conversatione
1576 5021 1643 5084 (1.
1675 5023 1792 5071 Cor.
1821 5021 1947 5085 14.).
1982 5025 2050 5074 Et
2072 5037 2204 5076 cum

607 5096 731 5146 dies
755 5096 899 5145 istos
922 5096 1153 5156 finieris,
1177 5094 1236 5144 in
1261 5098 1543 5143 aternum
1570 5092 1956 5143 hareditabis.

666 5166 746 5220 19.
774 5166 899 5215 Νοη
922 5164 1329 5226 confundentur
1357 5163 1417 5209 in
1439 5166 1668 5226 tempore
1688 5164 1850 5223 malo,
1866 5169 1910 5211 et
1931 5164 1991 5212 in
2021 5163 2202 5213 diebus

602 5237 769 5298 famis
792 5236 1201 5286 saturabuntur.
1228 5232 1395 5284 Modo
1419 5238 1509 5283 est
1528 5238 1753 5297 tempus
1779 5236 2011 5291 malum,

600 5308 659 5359 in
684 5321 799 5371 quo
822 5308 1081 5359 laborant
1098 5305 1257 5368 justi.
1286 5303 1448 5355 Unde
1472 5306 1727 5367 quotidie
1756 5305 1959 5357 dicunt
1980 5307 2041 5356 in
2071 5319 2199 5357 ora-

605 5380 988 5440 tione,Libera
1010 5389 1117 5427 nos
1139 5388 1174 5426 a
1197 5374 1347 5427 malo
1367 5376 1571 5439 (Matth.
1598 5376 1690 5439 6.).
1716 5378 1779 5426 In
1809 5376 1917 5427 hoc
1943 5381 2197 5441 tempore

600 5450 730 5501 elati
757 5450 989 5513 quique,
1013 5447 1153 5498 dum
1178 5459 1343 5497 suam
1359 5446 1594 5510 gloriam
1612 5451 1896 5511 quarunt,
1912 5448 2196 5510 siinjuria

600 5521 693 5572 vel
721 5518 1084 5572 contumelia
1110 5517 1217 5567 sibi
1237 5517 1410 5569 illata
1436 5518 1663 5578 fuerint,
1688 5518 2056 5567 erubescunt.
2072 5520 2194 5578 Quo

599 5597 798 5642 contra
822 5590 1009 5643 sancti
1054 5589 1158 5639 viri
1191 5589 1289 5652 qui
1314 5600 1429 5638 non
1454 5592 1726 5650 quarunt
1750 5588 1987 5649 gloriam
2007 5602 2193 5654 suam,

598 5662 700 5712 sed
745 5662 866 5723 Dei,
892 5661 939 5711 si
975 5660 1327 5721 deridentur,
1354 5660 1400 5709 si
1426 5658 1787 5709 contumeliis
1813 5662 1870 5708 et
1893 5661 2077 5722 panis
2103 5660 2195 5711 de-

597 5732 990 5787 honestantur.
1005 5745 1123 5783 non
1148 5732 1335 5781 solum
1360 5742 1476 5781 non
1500 5730 1864 5791 erubescunt,
1896 5730 1994 5781 sed
2021 5731 2193 5781 etiam

595 5801 925 5864 gloriantur.
944 5803 1107 5855 Unde
1134 5800 1464 5864 Apostolus,
1484 5801 1806 5852 Gloriamur
1830 5801 1892 5851 in
1918 5805 2193 5851 tribulatio-

598 5872 770 5923 nibus
800 5873 967 5934 (Rom.
995 5873 1085 5937 6.).
1112 5872 1452 5924 Saturantur
1472 5877 1668 5925 autem
1694 5872 1755 5923 in
1777 5872 1980 5925 diebus
1999 5873 2188 5937 famis,

2311 4739 2514 4802 inquit,
2533 4742 2589 4789 et
2605 4738 2845 4789 dedistis
2871 4739 3008 4790 mihi
3034 4741 3376 4792 manducare
3401 4741 3594 4804 (Ibid).
3618 4740 3860 4797 Ειὶηςῑμίρι

2311 4822 2541 4860 narrare
2574 4822 2745 4873 opera
2773 4810 3194 4871 misericordia,
3242 4812 3454 4874 quibus
3484 4812 3631 4875 justi
3666 4810 3859 4864 Domina

2313 4881 2749 4935 benedixerunt.
2778 4881 3009 4943 quando
3032 4882 3105 4932 ad
3129 4882 3404 4933 honorem
3430 4884 3558 4945 ejus
3592 4880 3857 4943 illaimple-

2309 4957 2533 5003 verunt.
2562 4951 2930 5000 Malcdicentcs
2967 4958 3145 5001 autem
3173 4954 3225 5002 ei
3260 4954 3609 5017 disperibunt.
3643 4947 3857 5006 Audituri

2311 5027 2449 5072 sunt
2474 5022 2644 5083 enim,
2680 5025 2779 5081 Ite,
2805 5022 3095 5075 maledicti
3116 5025 3173 5074 in
3198 5024 3387 5088 ignem
3406 5029 3684 5076 aternum
3706 5022 3853 5088 (Ibi/1..

2311 5094 2406 5159 Isti
2433 5093 2745 5144 noluerunt
2769 5093 3114 5157 persolvere,
3152 5107 3283 5157 qua
3312 5099 3513 5145 mutuo
3543 5095 3853 5159 acceperunt.

2311 5158 2378 5214 Et
2421 5165 2557 5227 quia
2592 5164 2740 5215 male
2800 5166 3081 5228 vivendo,
3114 5171 3171 5216 et
3223 5166 3333 5216 sibi
3362 5158 3853 5229 commissainjuste

2309 5235 2627 5297 retinendo,
2655 5235 3075 5286 maledixerunt
3099 5238 3361 5299 Domino,
3380 5243 3437 5288 et
3460 5239 3568 5301 ipsi
3591 5240 3739 5302 juste
3754 5237 3850 5283 sunt

2306 5305 2613 5357 maledicti.
2646 5308 2714 5356 Et
2737 5310 2802 5357 ut
2831 5307 3078 5369 quisque
3107 5308 3250 5358 sciat
3273 5320 3387 5371 quo
3417 5310 3649 5362 tendere
3672 5307 3845 5359 debeat.

2305 5390 2379 5427 ne
2401 5377 2659 5428 similiter
2681 5382 2892 5441 pereat,
2920 5379 3184 5441 sequitur
3212 5382 3269 5429 et
3291 5380 3428 5429 dicit
3453 5395 3465 5430 :

2366 5447 2453 5501 ‘22.
2489 5449 2654 5513 Apud
2696 5449 2993 5497 Dominum
3033 5464 3241 5511 gressus
3268 5450 3508 5499 hominis
3539 5448 3841 5515 dirige/111361

2301 5519 2445 5568 viam
2467 5534 2579 5583 (’Jtts
2597 5520 2745 5569 volet.
2760 5521 2905 5570 Nam
2921 5520 3071 5584 apud
3088 5521 3341 5584 seipsum
3361 5534 3475 5573 non
3492 5522 3709 5575 invenit
3726 5527 3843 5573 boml‘a

2298 5590 2407 5639 nisi
2426 5603 2670 5641 errorem
2689 5591 3210 5653 etpeccatum.ldeo
3226 5592 3347 5655 ipse
3365 5593 3639 5645 Dominus
3652 5597 3782 5641 factus
3795 5590 3843 5632 est

2298 5662 2462 5711 nobis
2487 5661 2608 5711 dux
2634 5665 2689 5710 et
2714 5662 2806 5712 via
2836 5662 3017 5721 (Joan.
3048 5661 3172 5724 14.).
3202 5664 3267 5713 Et
3302 5663 3348 5712 si
3380 5676 3564 5715 errare
3587 5677 3696 5715 non
3722 5658 3839 5711 volu-

2296 5731 2608 5795 mus,apud
2620 5732 2807 5790 ipsum
2827 5746 3064 5795 gressus
3083 5733 3359 5783 bonorum
3373 5747 3603 5799 operum
3617 5737 3840 5791 dirigamus

2297 5805 2366 5852 Et
2390 5803 2450 5852 in
2474 5803 2595 5866 ipso
2615 5803 2691 5853 sit
2705 5802 2971 5854 voluntas
2989 5808 3200 5864 nostra,
3228 5804 3325 5867 qui
3345 5812 3434 5856 est
3468 5807 3579 5867 via,
3609 5805 3785 5857 veritas
3810 5804 3837 5839 υτ

2296 5872 2416 5925 vita
2440 5874 2635 5937 (Ibid.).
2661 5874 2785 5926 Noli
2808 5887 2909 5939 per
2932 5874 3105 5927 aliam
3129 5876 3281 5928 viam
3304 5876 3448 5929 velle
3471 5877 3573 5942 ire,
3597 5888 3749 5942 quam
3770 5879 3836 5935 per
