3890 6404
57 420 201 479 781
1080 428 1152 480 IN
1210 428 1533 481 PSALMOS
1589 429 1795 481 LXXV
1862 431 2437 485 COMMENTARIUS.
3289 433 3393 489 78‘2

52 535 279 619 illam,
297 538 559 619 quaipse
574 537 697 619 ivit.
715 539 981 619 Fprtasse
992 539 1220 619 videtur
1239 540 1401 619 dura,
1417 540 1519 619 sed
1532 553 1698 592 secu—
1720 547 1775 619 Α
1803 544 2178 619 ﬂagellantur,
2199 550 2270 619 et
2287 550 2559 619 tanquam
2583 557 2762 610 grana
2785 544 2845 597 in
2866 557 2997 619 area
3018 545 3167 597 inter
3201 546 3394 619 paleas

48 618 156 682 3's}
189 609 322 682 alia
335 610 476 661 forte
499 610 733 661 delicias
754 611 948 671 habet,
976 610 1077 662 sed
1101 611 1422 662 latronibus
1440 614 1589 671 plena
1604 618 1692 659 est.
1720 609 1775 619 “
1805 618 2141 667 triturantur
2190 617 2397 679 (Mallh.
2445 615 2516 680 5.)
2544 632 2555 666 :
2588 609 2654 667 ut
2692 617 3062 681 postmodum
3086 609 3314 682 purgati
3336 618 3396 669 in

53 679 303 731 Melius
317 686 406 731 est
424 682 591 732 modo
610 683 760 733 viam
779 683 1005 733 Domini
1024 682 1165 733 velle
1181 686 1698 745 tenere.jejunando,
1802 690 2019 737 aeterno
2040 688 2238 738 horreo
2251 679 3397 752 conserventur.)ujusuautcmpun’tcntur

52 752 333 811 orando,
353 753 709 823 patiendo,ut
722 755 1091 816 postmodum
1106 755 1163 804 in
1176 754 1356 818 patria
1371 756 1697 817 gaudeamus,
1801 757 1950 807 idest
1973 758 2320 809 asternaliter
2343 758 2789 809 damnabuntur.
2816 759 2883 806 Et
2898 774 3073 807 semen
3096 760 3394 823 impiorum

55 833 276 883 quam
289 822 434 873 velle
453 826 647 875 tenere
668 824 819 875 viam
834 825 1323 886 smculiJidendo,
1339 825 1699 887 delectando,
1796 827 2007 891 peribit,
2036 828 2207 890 ldest,
2230 841 2375 891 opus
2405 841 2604 879 eorum
2630 830 2851 879 nullum
2868 829 3118 880 fructum
3142 822 3393 882 habebit.

55 904 331 964 parnem
358 894 674 956 sequendo,
718 900 783 945 ut
804 896 1173 958 postmodum
1208 896 1266 945 in
1290 900 1505 946 aeterna
1528 908 1702 959 paena
1799 899 1929 948 Ideo
1955 898 2161 949 dicturi
2187 902 2325 949 sunt
2344 899 2399 949 in
2420 899 2635 962 judicio
2662 914 2673 949 :
2706 900 2849 959 Quid
2875 900 3041 951 nobis
3065 900 3278 964 profuit.
3300 914 3390 952 su-

56 962 419 1027 lugeamus.
440 968 509 1015 Et
529 965 663 1028 quia
683 966 744 1016 in
758 966 864 1017 hac
889 967 1060 1018 etiam
1085 966 1179 1018 via
1201 967 1445 1029 Domini,
1470 979 1590 1017 non
1613 969 1701 1016 est
1801 969 2128 1031 perbia?aut
2144 969 2281 1032 quid
2296 969 2623 1020 divitiarum
2633 971 2908 1032 jactantia
2926 962 3165 1022 contulit
3180 972 3347 1022 nobis
3370 974 3398 1022 ιγ

58 1032 275 1086 homo
305 1035 406 1099 qui
440 1048 557 1087 non
600 1041 798 1101 peccet
844 1036 909 1101 (3.
958 1039 1078 1101 Reg.
1124 1036 1230 1099 8.):
1278 1038 1541 1100 sequitur
1564 1050 1701 1088 con-
1800 1040 2175 1090 Transierunt
2216 1040 2408 1091 omnia
2442 1041 2535 1090 illa
2581 1044 2850 1102 tanquam
2877 1043 3099 1092 umbra.
3132 1042 3396 1105 Undique

64 1106 325 1169 solatio,
355 1119 489 1157 cum
516 1107 906 1159 subinfertur:
1800 1110 2180 1161 circumvenit.
2210 1110 2603 1161 inﬁrmitatem
2636 1118 2891 1161 nostram
2917 1112 3041 1163 haec
3065 1113 3398 1176 prephetica

159 1176 251 1230 24.
293 1179 428 1227 Cum
474 1179 735 1240 ceciderit,
770 1195 881 1227 non
920 1178 1202 1228 cottidctur
1224 1196 1239 1226 ε
1266 1179 1400 1242 quia
1429 1178 1701 1227 Dominus
1800 1182 2106 1245 Scriptura.
2144 1181 2309 1232 Modo
2337 1194 2442 1231 nos
2467 1182 2654 1232 erudit
2695 1182 2907 1243 verbis,
2930 1183 3102 1234 modo
3130 1183 3397 1235 informat

60 1249 359 1311 supponit
380 1263 613 1297 manum
631 1250 1029 1301 suam.Cecidit
1050 1252 1250 1301 Petrus
1276 1250 1416 1313 (Luc.
1444 1247 1569 1313 22.),
1598 1249 1699 1300 sed
1798 1253 2097 1314 exemplis.
2116 1252 2263 1302 Hinc
2282 1251 2548 1315 proponit
2566 1252 2736 1302 nobis
2748 1254 3117 1315 reproborum
3143 1266 3394 1317 pcenam,

63 1329 221 1369 non
236 1322 328 1369 est
349 1319 602 1370 collisus.
629 1321 773 1370 Nam
805 1321 1083 1371 Dominus
1110 1333 1343 1370 manum
1369 1332 1535 1370 suam
1561 1332 1701 1384 sup-
1796 1323 1949 1374 illinc
1967 1323 2258 1386 justorum
2286 1323 2557 1385 gloriam:
2585 1325 2872 1385 quatenus
2907 1323 3006 1374 illa
3030 1336 3137 1374 nos
3169 1328 3394 1384 terreat,

65 1389 314 1451 Ροειιὶῐς
330 1394 506 1452 atque
520 1402 654 1441 cum
665 1391 880 1441 aUXiliO
899 1403 1023 1443 sua)
1039 1390 1452 1441 misericordia
1469 1393 1700 1438 subleva-
1798 1399 1969 1456 atque
1980 1395 2053 1445 ab
2064 1406 2258 1445 amore
2277 1393 2455 1456 hujus
2470 1394 2670 1445 saaculi
2692 1399 3021 1457 compescat
3038 1410 3049 1444 :
3066 1398 3119 1445 et
3151 1395 3263 1446 ista
3290 1408 3395 1446 nos

67 1459 200 1510 vit.
228 1460 513 1523 Scriptum
539 1466 631 1511 est
653 1462 826 1522 enim,
849 1463 1124 1525 Respexit
1147 1462 1424 1512 Dominus
1449 1462 1697 1524 Petrum,
1798 1466 2011 1515 excitet
2033 1470 2208 1527 atque
2252 1463 2325 1515 ad
2372 1476 2625 1515 amorem
2661 1465 2860 1528 patria:
2895 1466 3148 1517 caelestis
3171 1466 3394 1518 invitet.

68 1531 733 1595 etnevitamareUbid.)
764 1534 874 1584 Sed
899 1536 1113 1597 quare?
1132 1532 1397 1583 Permisit
1419 1533 1698 1583 Dominus

71 1602 304 1653 cadere
355 1601 598 1654 electum
645 1617 836 1665 suum,
889 1609 955 1655 ut
988 1604 1250 1655 videlicet
1293 1604 1353 1653 in
1386 1603 1698 1654 tentatione

70 1672 347 1724 disceret
370 1686 433 1724 se
449 1674 548 1736 qui
563 1679 698 1725 ante
724 1676 1097 1726 tentationem
1121 1677 1529 1738 praesumserat
1543 1677 1605 1722 de
1624 1689 1693 1724 se.

74 1744 223 1794 Hoc
236 1744 489 1806 quotidie
502 1746 561 1795 in
572 1745 767 1796 electis
782 1746 905 1796 suis
918 1746 1198 1796 Dominus
1212 1745 1392 1795 facere
1405 1759 1502 1792 non
1519 1750 1693 1794 cessat.

78 1816 442 1877 Magnarum
466 1816 675 1867 virium
714 1816 887 1867 homo
914 1829 977 1867 se
1010 1816 1282 1875 crederet,
1324 1815 1373 1864 si
1397 1826 1621 1877 semper
1643 1815 1702 1863 in

76 1886 318 1937 virtute
330 1886 483 1937 fixus
496 1899 827 1950 permanere
835 1888 971 1938 t.Pie
987 1899 1119 1950 ergo
1132 1886 1414 1937 Dominus
1428 1887 1701 1945 aliquando

80 1957 351 2020 gratiam
367 1970 531 2008 suam
550 1958 855 2021 subtrahit,
881 1957 1344 2021 etprazsumenti,
1370 1954 1608 2019 qualiter
1623 1956 1703 2005 in-

85 2028 387 2089 ﬂrmetur,
411 2028 681 2081 ostendit.
722 2029 829 2089 Qui
862 2042 996 2079 cum
1040 2030 1099 2079 in
1135 2026 1448 2079 tentatione
1476 2026 1703 2086 labitur,

87 2110 210 2164 per
232 2098 496 2151 eamdem
524 2100 898 2151 tentationem
923 2100 1234 2163 prudenter
1258 2098 1531 2150 eruditur.
1562 2098 1706 2147 Nam

90 2182 246 2220 cum
273 2175 529 2222 tentatus
557 2170 730 2233 cadit,
754 2183 822 2222 eo
868 2176 1000 2235 post
1034 2171 1232 2222 verius
1272 2182 1386 2233 quo
1409 2168 1704 2225 humilius,

93 2241 313 2306 surgit.
341 2243 410 2292 Et
432 2241 584 2293 unde
610 2243 794 2293 virtus
818 2242 984 2306 quasi
1007 2242 1307 2301 amittitur,
1336 2240 1469 2290 inde
1493 2240 1706 2291 certius

93 2312 481 2377 possidetur;
506 2314 707 2377 probat
731 2316 925 2365 autem
950 2313 1105 2377 quod
1128 2325 1244 2364 non
1266 2311 1567 2362 collidetur
1579 2311 1707 2375 jus-

100 2390 227 2445 tus,
262 2396 394 2434 cum
416 2384 752 2449 subjungit:

173 2452 265 2507 25.
299 2454 505 2503 Junior
545 2455 650 2518 fui,
686 2455 879 2505 etenim
918 2454 1109 2504 senui:
1145 2458 1190 2503 et
1226 2467 1339 2501 non
1366 2453 1480 2501 vidi
1495 2451 1708 2516 justum

98 2525 442 2586 derelictum,
460 2542 555 2575 nec
577 2541 751 2575 semen
775 2527 889 2589 ejus
923 2541 1163 2591 quaerens
1192 2539 1406 2588 panem.
1437 2524 1710 2587 Loquitur

95 2596 203 2647 hic
232 2609 440 2660 corpus
467 2597 675 2648 Christi
700 2601 984 2660 tamquam
1011 2610 1164 2648 unus
1189 2596 1379 2656 homo,
1406 2595 1711 2658 quijunior

96 2667 241 2725 fuit,
259 2667 318 2717 in
336 2667 533 2730 primis
550 2668 841 2723 aetatibus,
860 2668 1051 2718 senior
1064 2670 1256 2717 autem
1280 2666 1339 2715 in
1371 2664 1708 2715 novissimis

106 2740 497 2800 temporibus:
524 2744 582 2790 et
598 2738 659 2789 in
675 2743 835 2789 tanto
860 2738 1044 2801 spatio
1068 2750 1184 2787 non
1205 2736 1348 2787 vidit
1366 2738 1592 2799 justum
1617 2734 1710 2785 de-

97 2808 400 2872 relictum,
426 2810 505 2861 ita
538 2815 605 2861 ut
634 2822 753 2860 non
776 2811 1003 2873 periret,
1034 2822 1139 2859 nec
1173 2819 1371 2860 semen
1394 2810 1536 2869 ejus,
1561 2807 1711 2856 idest

100 2880 368 2942 aliquem
398 2879 624 2931 ﬁdelem
648 2880 988 2931 invitatione
1005 2881 1203 2944 ipsius,
1222 2880 1320 2942 qui
1335 2890 1541 2943 panem
1558 2888 1711 2939 qua:-

101 2953 283 3002 reret.
310 2951 367 3002 Si
394 2952 743 3015 corporalem
766 2964 971 3015 panem
994 2952 1339 3014 accepimus,
1376 2948 1533 2999 hunc
1556 2959 1710 3011 quaa-

102 3033 236 3073 rere
255 3022 466 3072 multos
476 3021 648 3072 etiam
656 3023 851 3085 justos
867 3022 1215 3072 invenimus.
1237 3022 1304 3070 Et
1325 3020 1446 3082 jam
1463 3018 1709 3066 sententia

96 3091 431 3143 secundum
469 3093 691 3143 literam
732 3104 849 3142 non
870 3091 978 3143 erit
1006 3103 1160 3142 vera.
1189 3092 1437 3141 Necesse
1460 3092 1551 3139 est
1572 3100 1708 3151 ergo

92 3176 315 3229 panem
343 3164 699 3228 spiritualem
717 3162 1051 3225 intelligere,
1077 3162 1239 3214 illum
1263 3161 1477 3212 scilicet
1496 3160 1567 3210 de
1590 3170 1703 3221 quo

91 3235 392 3288 Dominus
416 3235 554 3286 dicit
584 3235 643 3286 in
665 3234 993 3298 Evangelio.
1028 3235 1155 3285 Non
1171 3234 1229 3283 in
1247 3232 1369 3283 solo
1394 3243 1542 3295 pane
1560 3230 1703 3282 vivit

87 3309 295 3369 homo,
322 3308 423 3358 sed
452 3307 508 3357 in
535 3305 692 3357 omni
726 3306 901 3357 verbo
925 3305 1079 3367 quod
1107 3304 1365 3369 procedit
1389 3303 1459 3353 de
1482 3314 1579 3354 ore
1603 3300 1703 3352 Dei

93 3379 321 3443 (Matth.
346 3378 437 3440 4.).
464 3379 631 3428 Hunc
648 3389 853 3441 panem
877 3389 994 3427 non
1010 3378 1261 3426 cessavit
1278 3374 1553 3425 Dominus
1568 3373 1700 3424 [lde-

88 3452 254 3502 libus
267 3449 391 3499 suis
411 3448 752 3499 distriubere
769 3451 884 3497 tam
901 3447 956 3496 in
991 3443 1139 3513 [69
1182 3445 1384 3509 primis
1408 3444 1697 3507 aetatibus,

90 3533 280 3585 qnam
302 3520 361 3571 in
383 3518 633 3571 ultimis:
667 3519 914 3581 loquens
950 3520 1033 3568 eis
1066 3530 1164 3581 per
1201 3517 1453 3579 angelos,
1480 3528 1578 3578 per
1602 3528 1699 3578 pa~

89 3592 400 3655 triarchas,
434 3604 536 3655 per
566 3591 894 3654 prophetas.
936 3589 1154 3639 Deinde
1178 3601 1277 3651 per
1299 3586 1505 3637 Filium
1530 3599 1700 3637 suum

89 3663 281 3727 (Hebr.
307 3662 399 3725 1.),
426 3675 526 3726 per
553 3659 881 3724 Apostolos,
906 3673 1003 3723 per
1026 3659 1320 3710 doctores:
1352 3658 1425 3709 ad
1447 3658 1699 3709 reficien-

89 3736 173 3786 da
196 3739 257 3785 et
280 3732 668 3785 conﬁrmanda
679 3732 852 3782 corda
874 3743 1091 3792 eorum,
1110 3742 1181 3781 ne
1205 3730 1474 3781 deficiant
1498 3729 1557 3779 in
1588 3729 1696 3779 via.

90 3806 222 3857 Tali
256 3818 399 3868 pane
424 3804 675 3855 nutritur
696 3804 911 3866 justus,
939 3807 1004 3853 ut
1031 3802 1092 3852 in
1129 3803 1244 3851 Deo
1268 3801 1444 3861 vivat,
1470 3805 1527 3851 et
1549 3801 1703 3851 bona

90 3888 230 3942 quae
256 3879 463 3939 potest,
489 3874 765 3939 proximis
789 3872 1100 3936 impendat.
1127 3871 1289 3923 Unde
1320 3877 1377 3922 et
1403 3872 1697 3922 subditur:

158 3945 251 3999 ‘26.
304 3946 431 3993 Tota
454 3945 539 3993 die
559 3945 843 3993 miseretur
872 3950 917 3992 et
946 3942 1265 3992 commodat.
1313 3943 1433 3992 Hoc
1451 3944 1571 4003 jam
1602 3954 1700 3991 ex-

90 4019 357 4083 positum
406 4019 511 4067 est.
561 4018 713 4067 Bene
755 4019 951 4067 autem
996 4014 1161 4075 dixit,
1196 4013 1529 4071 Commodat,
1565 4015 1702 4075 quia

93 4093 258 4156 quod
284 4092 595 4155 dispensat
609 4090 718 4141 sibi
739 4089 918 4151 reddi,
936 4101 1054 4140 non
1069 4100 1103 4138 a
1123 4100 1389 4152 paupere,
1417 4087 1517 4138 sed
1540 4099 1573 4136 a
1587 4089 1700 4138 Deo

91 4167 385 4227 expectat.
411 4163 570 4213 Unde
594 4161 857 4226 protinus
873 4160 1163 4224 adjungit:
1189 4160 1255 4207 Et
1269 4173 1441 4207 semen
1466 4158 1616 4206 illius
1640 4159 1702 4206 in

94 4235 462 4285 benedictione
488 4233 604 4283 erit.
625 4234 831 4284 Semen
870 4230 1015 4294 justi
1046 4235 1186 4281 sunt
1227 4242 1399 4293 opera
1428 4230 1593 4290 bona,
1629 4228 1700 4280 de

92 4306 315 4369 quibus
340 4304 652 4369 Apostolus
676 4303 832 4366 dicit,
846 4303 1072 4352 Bonum
1090 4305 1285 4353 autem
1302 4299 1573 4349 facientes
1586 4312 1701 4369 non

93 4367 462 4432 deﬁciamus,
505 4380 761 4435 tempore
801 4373 953 4423 enim
977 4385 1083 4423 suo
1115 4376 1401 4422 metemus
1435 4369 1569 4433 (Gal.
1604 4367 1696 4433 6.).

91 4449 300 4511 Itaque
321 4446 461 4497 dum
487 4450 713 4510 tempus
730 4445 1027 4502 habemus,
1051 4443 1145 4496 ait.
1166 4454 1467 4506 operemur
1481 4441 1697 4491 bonum

92 4518 172 4569 ad
196 4529 419 4569 omnes.
459 4519 530 4567 Et
550 4517 778 4577 iterum,
804 4516 907 4574 Qui
932 4526 1100 4578 parce
1127 4512 1390 4574 seminat,
1434 4523 1602 4574 parce
1639 4516 1699 4562 et

94 4594 312 4640 metet:
340 4593 399 4639 et
421 4592 512 4651 qui
540 4587 787 4638 seminat
808 4586 867 4636 in
889 4584 1401 4641 benedictionibus,
1427 4583 1497 4632 de
1521 4582 1698 4633 bene-

94 4659 451 4711 dictionibus
477 4660 534 4711 et
564 4661 740 4709 metet
770 4657 839 4720 (2.
868 4657 988 4707 Cor.
1015 4655 1105 4718 9.).
1133 4656 1276 4705 Hinc
1300 4653 1434 4704 alibi
1458 4653 1692 4703 dicitur:

1798 1535 1960 1586 Unde
1983 1540 2042 1587 et
2070 1534 2334 1585 subditur
2358 1550 2371 1585 :

1860 1606 1946 1659 ‘29.
1986 1607 2129 1656 Justi
2166 1612 2347 1655 autem
2392 1605 2781 1656 hereditabunt
2806 1612 3025 1668 terram,
3054 1607 3393 1660 viventium.

1800 1679 1868 1726 Et
1886 1677 1993 1727 hoc
2009 1690 2123 1727 non
2138 1677 2209 1728 ad
2235 1682 2485 1740 tempus,
2505 1677 2607 1727 sed
2623 1677 2683 1727 in
2701 1682 3003 1730 aeternum.
3023 1679 3156 1730 Ideo
3173 1680 3393 1731 subdit:

1798 1747 1867 1796 Et
1888 1746 2268 1797 inhabitabant
2293 1748 2354 1795 in
2372 1748 2623 1796 sarculum
2648 1748 2825 1796 saeculi
2848 1763 3009 1812 super
3034 1764 3173 1799 eam.
3202 1751 3397 1814 Super,

1805 1817 1947 1868 bene
1970 1819 2140 1868 dicit:
2173 1817 2308 1880 quia
2338 1831 2704 1881 possessores
2729 1820 2784 1868 et
2807 1818 3024 1869 domini
3056 1826 3219 1870 terrae
3244 1820 3397 1871 illius

1731 1915 1783 1988 B
1805 1892 1988 1988 aut
2007 1888 3295 1988 satis:3?seseassesasses“!
3320 1890 3400 1988 2i-

1804 1959 1998 2021 ligere,
2028 1959 2086 2008 in
2116 1971 2231 2021 qua
2254 1958 2355 2009 diu
2382 1971 2500 2008 non
2535 1962 2697 2021 potes
2720 1958 2994 2009 habitare.
3026 1960 3401 2024 Despicienda

1807 2033 1946 2079 sunt
1978 2034 2184 2080 cuncta
2220 2038 2351 2092 quae
2387 2030 2715 2079 transeunt:
2754 2028 2849 2079 illa
2872 2028 2994 2079 sola
3015 2030 3262 2082 amanda
3290 2036 3397 2095 est,

1805 2111 1939 2161 quae
1986 2101 2224 2151 transire
2246 2112 2365 2150 non
2399 2104 2619 2163 potest:
2646 2098 2812 2162 cujus
2848 2099 2942 2150 via
2984 2104 3074 2151 est
3098 2101 3396 2166 sapientia,

1805 2170 1876 2220 de
1900 2182 2014 2232 qua
2044 2170 2339 2221 subditur:

1868 2239 1954 2294 30.
1985 2241 2050 2290 08
2077 2241 2215 2305 justi
2252 2239 2600 2288 meditabitur
2633 2239 2980 2302 sapientiam.
3006 2241 3084 2292 Os
3113 2241 3399 2294 interioris

1804 2309 2072 2374 hominis,
2104 2316 2193 2363 est
2225 2323 2323 2361 cor
2353 2315 2635 2361 nostrum.
2672 2311 2826 2361 Sicut
2849 2311 3004 2361 enim
3028 2325 3122 2363 ore
3146 2314 3400 2377 corporis

1804 2380 2091 2444 loquimur
2103 2381 2453 2443 hominibus,
2479 2381 2558 2432 ita
2587 2381 2755 2431 corde
2772 2381 3065 2443 loquimur
3089 2387 3202 2433 Deo.
3224 2387 3398 2433 Omnis

1806 2457 1996 2503 autem
2014 2452 2303 2516 profectus
2320 2451 2628 2515 spiritualis
2644 2464 2716 2502 ex
2729 2452 3097 2504 meditatione
3111 2457 3401 2515 proceditzet

1806 2528 1896 2573 est
1915 2523 2008 2575 ille
2022 2523 2206 2587 panis,
2241 2519 2386 2589 |70
2424 2522 2495 2573 de
2514 2534 2628 2585 quo
2652 2534 2825 2585 supra
2841 2522 3113 2574 diximus.
3136 2528 3258 2573 Vide
3280 2541 3397 2587 ergo

1809 2592 1916 2656 (Eae
1937 2594 2098 2657 Aug.,
2125 2608 2280 2643 scrm.
2306 2594 2378 2657 3.)
2396 2591 2826 2655 quamlibenter
2851 2593 3161 2645 manducet
3179 2596 3399 2660 justus,

1808 2665 2099 2726 quomodo
2126 2666 2183 2714 in
2206 2664 2375 2715 corde
2400 2676 2506 2715 suo
2532 2668 2724 2715 verset
2739 2664 3056 2715 etruminet
3071 2669 3365 2727 sapientium
3386 2684 3399 2718 :

1809 2740 1873 2786 ut
1898 2735 2264 2798 postmodum
2282 2736 2541 2786 eructare
2553 2734 2736 2797 possit
2749 2738 2985 2786 verbum
3004 2737 3217 2788 bonum
3239 2738 3401 2801 (Psal.

1808 2806 1915 2869 44.)
1935 2822 1947 2856 :
1978 2806 2131 2857 unde
2148 2812 2205 2857 et
2216 2806 2503 2868 subdit,Et
2519 2805 2712 2869 lingua
2724 2806 2836 2869 ejus
2852 2806 3400 2870 loqueturjudicium.

1806 2878 1835 2926 J
1844 2877 2095 2927 udicium
2120 2876 2295 2939 loqui,
2318 2880 2408 2927 est
2439 2876 2754 2927 discretum
2792 2878 3036 2940 proferre
3060 2891 3400 2931 sermonem.

1808 2948 1972 2998 Prius
1998 2948 2057 2998 in
2081 2948 2252 2998 corde
2286 2960 2392 2997 suo
2408 2951 2612 2997 tractat
2629 2948 2847 3010 justus,
2866 2947 3189 3012 quidloqui,
3204 2955 3261 3000 et
3276 2953 3401 3009 quid

1807 3023 1993 3069 tacere
2017 3018 2249 3069 debeat:
2268 3022 2326 3069 et
2343 3030 2475 3067 cum
2496 3022 2664 3079 tacet,
2689 3017 2844 3079 quod
2870 3018 3174 3069 tacendum
3197 3025 3315 3071 est:
3347 3027 3405 3073 et

1807 3089 1963 3150 dicit,
1990 3089 2143 3152 quod
2162 3087 2470 3139 dicendum
2490 3091 2598 3149 est,
2619 3086 2816 3150 lingua
2829 3088 2955 3151 ejus
2974 3088 3230 3150 loquitur
3245 3091 3403 3153 judi-

1808 3162 1978 3211 cium.
1992 3158 2259 3210 Ostendit
2280 3163 2474 3209 autem
2490 3157 2644 3208 illam
2657 3158 3015 3221 sapientiam,
3042 3171 3213 3222 quam
3232 3164 3402 3221 justus

1803 3231 2132 3290 meditatur,
2156 3242 2273 3281 non
2294 3229 2650 3280 mundanam
2675 3241 2824 3291 esse,
2851 3229 2953 3281 sed
2968 3229 3240 3291 divinam,
3267 3245 3402 3283 cum

1730 3272 1778 3345 C
1806 3272 2142 3365 ἔζῖυἷιίἷλξῖἱέ

1865 3372 1952 3427 31.
1978 3373 2086 3421 Lex
2110 3371 2206 3420 Dei
2227 3370 2341 3435 ejus
2365 3371 2424 3419 in
2449 3370 2603 3420 corde
2630 3370 2817 3435 ipsius.
2836 3371 3066 3423 Habent
3088 3373 3145 3424 et
3172 3374 3401 3438 reprobi

1799 3443 2108 3507 aliquando
2124 3442 2307 3505 legem
2332 3442 2450 3505 Dei,
2471 3442 2573 3492 sed
2589 3442 2647 3492 in
2660 3455 2754 3493 ore
2772 3447 3017 3504 tantum,
3031 3444 3214 3495 nonin
3232 3448 3397 3497 corde.

1798 3516 1989 3566 Verba
2012 3514 2113 3564 Dei
2138 3514 2449 3577 proferunt,
2470 3526 2574 3563 nec
2601 3517 2792 3563 tamen
2818 3513 3093 3577 diligunt:
3111 3513 3400 3567 laudando

1799 3589 2167 3648 exaggerant,
2183 3583 2431 3636 vivendo
2444 3583 2683 3635 calcant.
2697 3586 2820 3645 Quo
2832 3590 3031 3635 contra
3037 3586 3234 3648 justus
3249 3602 3261 3637 :
3275 3590 3398 3648 quid

1798 3659 2040 3709 verbum
2056 3656 2158 3707 Dei
2174 3659 2231 3706 et
2246 3655 2576 3706 meditando
2590 3654 2788 3719 diligit,
2804 3655 3398 3720 etdiligendocomplet,

1798 3728 2001 3779 merito
2039 3727 2258 3777 dictum
2296 3730 2404 3787 est,
2452 3726 2562 3774 Lex
2591 3726 2685 3774 Dei
2705 3726 2818 3788 ejus
2841 3728 2902 3775 in
2926 3728 3079 3775 corde
3115 3728 3302 3792 ipsius.
3330 3731 3401 3780 Et

1799 3798 1934 3861 quid
1970 3798 2022 3848 ei
2049 3798 2322 3859 prodest?
2339 3796 2620 3858 sequitur,
2647 3801 2703 3846 et
2726 3797 2893 3847 dicit:
2920 3797 3113 3846 Etnon
3132 3799 3400 3863 supplan-

1799 3870 2059 3917 tabuntur
2080 3881 2290 3930 gressus
2331 3866 2465 3928 ejus.
2512 3866 2742 3917 Liberat
2789 3868 2862 3916 ab
2907 3867 3063 3917 omni
3089 3870 3400 3920 teutalione

1800 3940 2043 3991 verbum
2076 3938 2176 3987 Dei
2215 3936 2274 3986 in
2298 3935 2467 3986 corde
2493 3952 2503 3983 :
2534 3936 2688 3985 unde
2711 3935 2845 3985 alibi
2870 3936 3080 3987 dicitur
3104 3952 3115 3985 :
3144 3939 3207 3987 In
3227 3940 3397 3991 corde

1798 4023 1927 4061 meo
1948 4007 2223 4059 abscondi
2248 4006 2477 4068 eloquia
2499 4008 2615 4062 tua,
2633 4010 2697 4056 ut
2720 4019 2836 4056 non
2861 4020 3087 4069 pescrm
3109 4008 3208 4057 tibi
3233 4010 3393 4069 (Psal.

1805 4080 1959 4141 118.).
2006 4081 2217 4130 Tecum
2262 4080 2370 4140 est,
2415 4078 2584 4139 cujus
2608 4078 2849 4127 verbum
2874 4090 2908 4127 a
2936 4081 2991 4127 te
3022 4090 3140 4128 non
3163 4080 3392 4130 recedit.

1798 4152 1946 4213 Quid
1990 4156 2186 4203 autem
2242 4150 2375 4199 mali
2426 4148 2658 4212 patitur,
2708 4161 2879 4211 quem
2917 4149 3170 4201 custodit
3194 4151 3395 4202 Deus?

1798 4225 1945 4274 Nam
1971 4223 2102 4273 vide
2126 4219 2263 4284 quid
2289 4220 2551 4282 sequitur
2574 4233 2587 4269 :

1861 4294 1948 4348 3‘2.
1979 4293 2293 4343 Considerat
2323 4296 2566 4355 peccator
2599 4288 2826 4352 justum.
2865 4289 2936 4340 Ut
2969 4302 3100 4341 eum
3126 4291 3236 4353 (Ea:
3255 4291 3390 4353 cod.,

1797 4364 1943 4427 ibid.)
1973 4364 2320 4428 supplantet,
2346 4362 2583 4423 ejusque
2608 4360 3217 4423 detorqueatgressim.
3244 4363 3391 4413 Dicit

1798 4435 1954 4497 quod
1984 4435 2043 4484 in
2066 4434 2209 4484 libro
2245 4431 2551 4496 Sapientia:
2573 4430 2911 4493 praedictum
2936 4435 3044 4493 est,
3068 4432 3270 4481 Gravis
3298 4437 3390 4482 est

1796 4506 1964 4556 nobis
1999 4505 2170 4555 etiam
2200 4503 2273 4553 ad
2308 4501 2641 4554 videndum.
2687 4501 2955 4562 quoniam
2981 4501 3276 4552 dissimilis
3300 4508 3392 4553 est

1795 4576 1921 4627 aliis
1944 4576 2063 4627 vita
2085 4574 2268 4638 ipsius
2302 4574 2451 4637 (Snp.
2480 4571 2571 4634 (2.).
2612 4573 2677 4620 Et
2702 4572 2817 4619 ideo
2852 4574 3041 4635 qumrit
3066 4575 3391 4635 morti/imre

1795 4647 2178 4697 eum.Du0bus
2192 4644 2379 4695 modis
2396 4642 2955 4706 qumritmortillcare
2972 4643 3189 4693 bonum
3207 4646 3387 4692 malus.

94 4731 337 4783 Eundes
351 4731 511 4781 ibant
525 4734 582 4781 et
601 4714 816 4781 ﬂebant
833 4714 1127 4779 mittentes
1142 4726 1365 4777 semina
1378 4737 1485 4775 sua
1510 4723 1689 4797 (Psat.)
1718 4725 1774 4797 Ι)
1798 4719 2051 4797 Primum
2066 4721 2130 4796 ut
2144 4716 2195 4765 ei
2218 4715 2558 4774 consentiat,
2576 4718 2633 4797 et
2652 4714 2730 4797 sic
2744 4714 3367 4797 occidat-euminunima
3379 4751 3392 4769 ,

96 4801 266 4865 125.).
294 4800 634 4852 Audivimus
657 4812 855 4849 semen
886 4814 898 4849 :
924 4798 1229 4849 audiamus
1254 4796 1431 4859 hujus
1454 4795 1692 4845 seminis

96 4872 355 4923 futuram
371 4870 845 4923 benedictionem.
862 4868 1169 4919 Venientes
1189 4873 1350 4915 autem
1365 4869 1563 4913 venient
1579 4879 1693 4912 cum

96 4942 451 4994 exultatione
482 4946 775 5006 portantes
802 4938 1125 5002 manipulos
1159 4950 1298 4988 suos
1335 4935 1524 4999 (Ibid).
1553 4934 1695 4985 Vide

96 5026 235 5076 ergo
263 5013 418 5076 quod
443 5012 721 5075 sequitur,
746 5014 803 5062 et
828 5009 942 5061 noli
977 5022 1105 5060 esse
1145 5008 1322 5072 piger.

161 5084 251 5137 27.
282 5083 504 5132 Declina
529 5099 564 5132 a
584 5082 747 5141 malo,
771 5087 818 5130 et
830 5082 918 5143 fac
942 5080 1159 5128 bonum.
1181 5080 1411 5130 Diverte
1431 5083 1695 5139 apecr-ato,

96 5147 565 5217 fugadiabolum,‘
577 5166 817 5216 sequere
837 5154 1071 5214 bonum,
1094 5151 1160 5199 Et
1176 5149 1428 5199 inhabita
1453 5150 1514 5196 in
1536 5164 1697 5197 saecu-

99 5226 213 5274 lum
237 5225 431 5275 saeculi.
457 5226 605 5276 Ubi?
629 5225 689 5274 in
716 5223 980 5284 Ecclesia,
1006 5222 1065 5273 in
1087 5221 1325 5280 unitate,
1353 5220 1413 5271 in
1435 5222 1694 5279 veritate,

96 5298 157 5349 in
184 5298 320 5359 Deo,
345 5298 405 5348 in
436 5302 593 5348 recto
623 5295 858 5359 judicio.

161 5366 249 5421 28.
275 5368 425 5426 Quid
441 5368 710 5417 Dominus
732 5371 881 5415 amat
904 5364 1202 5429 judicium,
1226 5361 1697 5423 idest,discretio-

98 5451 253 5502 nem,
279 5451 397 5501 qua
422 5443 716 5503 separatur
750 5438 966 5487 bonum
991 5449 1024 5487 a
1057 5434 1226 5497 malo,
1253 5433 1462 5485 falsum
1485 5445 1520 5483 a
1544 5444 1696 5496 vero,

103 5510 412 5574 temporale
427 5510 499 5560 ab
516 5513 749 5560 aeterno.
764 5508 832 5556 Et
846 5522 954 5556 non
975 5506 1302 5568 derclinquet
1323 5507 1532 5552 sanctos
1551 5517 1693 5561 suos,

101 5580 506 5644 quosﬂagellat
515 5579 588 5630 ad
605 5583 849 5642 tempus.
869 5579 931 5627 In
942 5583 1200 5626 aeternum
1219 5574 1694 5625 conservabuntur.

101 5649 236 5715 Ego,
261 5651 453 5713 inquit
494 5650 793 5709 Dominus,
831 5661 978 5711 quos
1003 5660 1153 5703 amo,
1198 5658 1375 5708 arguo
1396 5649 1454 5695 et
1478 5644 1696 5706 castigo

102 5723 279 5785 (Prov.
306 5721 399 5785 3.).
421 5722 568 5772 Hinc
592 5721 801 5772 Paulus
812 5720 893 5771 ait
914 5735 926 5770 :
945 5718 1145 5770 Omnis
1162 5715 1463 5779 disciplina
1478 5716 1536 5765 in
1548 5726 1697 5777 prae-

104 5793 253 5843 senti
284 5805 404 5844 non
430 5793 659 5843 videtur
674 5804 804 5843 esse
830 5790 1040 5855 gaudii.
1067 5788 1168 5839 sed
1190 5787 1477 5838 mmroris:
1497 5790 1699 5849 postea

102 5869 296 5916 autem
338 5864 589 5915 fructum
623 5862 1057 5927 pacatissimum
1092 5858 1418 5911 exercitatis
1438 5870 1536 5920 per
1569 5868 1694 5907 eam

102 5934 301 5988 reddet
322 5934 571 5999 justitiaa
586 5932 763 6000 (Hebr.
790 5931 916 5997 12.).
940 5930 1074 5984 Ideo
1093 5928 1279 5981 sancti
1298 5927 1478 5983 viriad
1499 5933 1694 5990 tempus

1802 4787 2018 4839 Deinde
2053 4787 2101 4836 si
2124 4798 2243 4836 non
2279 4784 2656 4846 consenserit,
2682 4784 2891 4846 quaerit
2918 4788 2983 4835 ut
3010 4782 3232 4835 occidat
3255 4798 3389 4836 eum

1793 4858 1854 4909 in
1878 4869 2130 4920 corpore.
2158 4854 2266 4906 Sed
2289 4854 2427 4917 quid
2460 4854 2721 4916 sequitur
2742 4857 2768 4903 ‘?

1857 4928 1943 4982 33.
1961 4928 2228 4977 Dominus
2252 4930 2557 4973 autemnon
2579 4924 3044 4989 derelinqueteum
3060 4926 3120 4974 in
3136 4925 3388 4975 manibus

1794 4999 1923 5063 ejus.
1948 4997 2272 5048 Iiimitteret
2300 4996 2579 5046 Dominus
2597 4996 2822 5058 justum
2848 5009 3015 5046 suum
3040 4997 3098 5047 in
3124 4997 3389 5048 manibus

1796 5070 1973 5135 impii,
2020 5068 2069 5118 si
2098 5067 2259 5117 illum
2289 5066 2500 5116 faceret
2541 5067 2865 5117 consentire
2889 5081 3021 5119 cum
3045 5068 3238 5130 impio.
3266 5070 3389 5119 Non

1794 5142 1869 5191 ibi
1894 5145 2090 5192 autem
2115 5137 2353 5187 dimittit
2364 5136 2591 5197 justum
2608 5149 2797 5199 suum,
2826 5137 2926 5187 sed
2945 5137 3015 5188 de
3038 5151 3207 5189 carne
3224 5143 3390 5201 capta

1794 5213 1987 5265 educit
2029 5212 2281 5260 animam
2335 5206 2627 5256 invictam.
2682 5207 2749 5256 Et
2796 5206 2929 5258 licet
2974 5208 3291 5271 ﬂagelletur
3333 5214 3390 5260 et

1794 5283 2086 5334 occidatur
2096 5277 2370 5340 exterius,
2386 5288 2608 5339 semper
2622 5280 2814 5326 tamen
2834 5279 3156 5330 custoditur
3179 5282 3390 5329 interius

1794 5356 1901 5404 Nec
1926 5350 2207 5403 damnabit
2236 5362 2357 5397 eum
2381 5361 2503 5395 cum
2541 5345 2884 5408 judicabitur
2908 5348 3008 5398 illi.
3058 5350 3230 5411 Idest,
3255 5363 3388 5402 cum

1790 5424 2068 5491 judicium
2094 5422 2192 5471 ﬁet
2215 5419 2285 5470 de
2320 5416 2663 5491 illo._(_)mnes
2690 5416 2845 5491 enim
2873 5418 3234 5491 adstabimus
3257 5426 3391 5472 ante

1794 5486 2044 5549 tribunal
2068 5492 2291 5551 Christi,
2316 5494 2383 5541 ut
2403 5487 2515 5538 illic
2548 5486 2781 5550 recipiat
2809 5490 3211 5553 unusquisque
3235 5492 3390 5554 quod

1794 5581 1894 5632 per
1910 5577 2116 5629 corpus
2133 5562 2331 5627 gessit,
2352 5559 2472 5632 sive
2488 5559 2705 5632 bonum
2723 5556 2845 5607 sive
2863 5559 3050 5632 malum
3071 5558 3141 5632 (2,
3171 5562 3289 5610 σον,
3317 5561 3389 5624 5,)

1796 5627 2034 5701 Quando
2054 5649 2189 5699 ergo
2205 5633 2276 5684 ad
2294 5629 2432 5683 illud
2437 5628 2717 5701 judicium
2743 5640 2848 5701 ven
2859 5632 2979 5678 tum
2996 5627 3189 5701 fuerit.
3204 5635 3263 5680 et
3284 5633 3392 5682 Do-

1796 5698 1987 5761 minus
2007 5698 2151 5771 justi
2180 5705 2270 5757 sui
2294 5713 2559 5755 caussam
2584 5698 2860 5771 audierit:
2876 5701 2997 5771 jam
3020 5712 3134 5751 non
3159 5699 3393 5752 damna-

1797 5783 1895 5837 bit,
1928 5769 2057 5831 etsi
2083 5777 2253 5829 modo
2284 5772 2542 5827 damnari
2568 5772 2640 5822 ab
2674 5769 2904 5821 homine
2930 5770 3204 5822 videatur.

1859 5852 1945 5905 34.
1983 5850 2245 5914 Exspecta
2282 5847 2455 5911 igitur
2494 5842 2811 5914 Dominum,
2851 5841 3029 5914 quite
3055 5842 3385 5905 vindicabit,

1798 5928 1947 5976 teste
1981 5911 2278 5985 Apostolo,
2318 5916 2419 5982 qui
2440 5915 2549 5969 ait:
2576 5913 2713 5966 Mihi
2737 5911 3066 5978 vindictam,
3093 5916 3150 5967 et
3172 5926 3277 5979 ego
3300 5926 3391 5968 re-
