3890 6392
586 406 691 461 783

1637 405 1906 457 RUFINO
1940 402 2402 457 PRESBYTERO
2436 403 2825 455 ASCRIPTUS

3772 403 3840 457 ibi

581 517 1007 583 tribuam,dicit
1028 516 1309 590 Dominus
1331 515 1499 590 (Rom.
1528 516 1654 590 1⁸2.)ἶ
1690 517 1765 590 13ft
1797 516 2002 566 custodi
2032 516 2177 590 viain
2206 519 2257 590 Α
2273 516 2471 578 justus
2519 515 2868 590 periclitatur
2915 515 2976 565 in
3017 513 3522 590 tribulationibus;
3536 512 3719 590 ριεὺν.
3754 513 3841 590 lt),

578 592 709 655 ejus.
742 590 917 651 Idcst,
941 600 1106 639 serva
1131 587 1418 638 mandata.
1443 588 1508 636 Et
1532 587 1787 636 exaltabit
1812 594 1873 638 te.
1909 590 1990 639 De
2029 588 2181 637 vitiis

580 664 653 715 ad
693 663 949 722 virtutes,
989 659 1059 710 de
1093 665 1332 710 terrenis
1373 659 1446 710 ad
1483 660 1751 710 caelestia.
1787 660 1850 708 Ut
1877 659 2181 709 haereditate

580 734 764 796 capias
787 738 1005 780 terram.
1030 730 1191 780 Illam
1220 730 1437 781 scilicet
1466 743 1639 793 quam
1658 731 1759 781 tibi
1776 730 1971 781 nullus
1987 734 2181 778 auferre

579 804 801 869 poterit.
833 803 969 853 Cum
1001 802 1265 866 perierint
1293 807 1608 866 peccatores,
1649 801 1862 852 videbis.
1905 801 2014 853 Sed
2048 813 2180 864 qum

578 874 756 939 gloria
765 875 925 937 justo
942 873 1207 935 erit,quia
1219 876 1580 935 peccatorem
1595 873 1774 935 perire
1790 872 2042 923 videbit?
2055 876 2179 921 Cum

578 946 750 996 modo
776 944 934 996 videt
956 943 1205 1006 aliquem
1226 954 1413 993 errare
1437 946 1495 993 et
1510 943 1712 1006 perire,
1731 955 1921 993 nonne
1938 955 2181 1006 percom-

574 1017 905 1080 passionem
937 1014 1081 1065 solet
1113 1013 1308 1064 dolere
1344 1018 1403 1065 et
1438 1027 1668 1077 gemere
1693 1018 1717 1063 P
1752 1014 1863 1065 Sed
1887 1013 2008 1075 jam
2040 1018 2180 1064 tunc

578 1087 827 1138 auctoris
865 1086 957 1137 sui
988 1085 1234 1149 justitim
1266 1084 1392 1147 conj
1405 1089 1631 1143 unctus,
1658 1090 1819 1136 tanta
1838 1084 2179 1136 rectitudine

573 1157 1007 1220 constringitur,
1026 1159 1089 1205 ut
1103 1154 1262 1206 nulla
1277 1155 1349 1205 ad
1367 1156 1642 1218 reprobos
1657 1155 2056 1219 compassione
2069 1170 2181 1202 mo-

572 1234 797 1281 veatur.
822 1227 1117 1278 Videbunt
1147 1239 1283 1290 ergo
1314 1226 1459 1289 justi
1484 1238 1684 1289 pcenas
1716 1230 2097 1290 peccatorum,
2124 1230 2181 1277 et

574 1299 911 1364 gaudebunt
935 1298 1094 1360 (Psat.
1132 1296 1259 1358 57.),
1286 1298 1421 1360 quia
1446 1297 1587 1349 tales
1611 1311 1729 1348 non
1753 1302 1938 1348 erunt.
1975 1299 2098 1358 Qua
2118 1297 2179 1347 in

573 1384 633 1422 re
657 1370 957 1421 sciendum
975 1374 1067 1420 est
1081 1368 1237 1431 quod
1250 1368 1618 1431 omnipotens
1632 1370 1791 1419 Deus
1802 1383 2079 1429 numquam
2095 1382 2179 1416 eos

574 1444 846 1499 creasset,
863 1453 1006 1503 quos
1030 1441 1089 1490 in
1106 1444 1389 1491 mternum
1415 1440 1698 1502 perituros
1714 1439 2063 1502 prasscisset,
2077 1440 2179 1487 nisi

573 1512 795 1575 aliquos
817 1523 888 1560 ex
913 1511 995 1561 eis
1023 1523 1169 1561 usus
1180 1510 1361 1559 bonos
1378 1508 2033 1572 prmvidisset.Quorum
2050 1508 2180 1571 qui-

573 1585 708 1638 dem
743 1584 763 1652 |
779 1582 829 1653 7
846 1580 866 1647 Ι
899 1582 1174 1653 iniquitas
1193 1579 1529 1653 sicut‘modo
1549 1579 1782 1643 prodest
1799 1580 1966 1653 bonis
1978 1579 2050 1630 ad
2071 1591 2178 1653 au-

572 1650 877 1720 gmen—tum
891 1651 1232 1711 sanctitatis,
1245 1651 1327 1701 sic
1341 1650 1601 1714 ipsorum
1617 1663 1785 1714 paena
1795 1650 2014 1701 eisdem
2026 1650 2179 1709 justis

572 1727 827 1792 proderit
836 1725 908 1776 ad
923 1724 1343 1774 incrementum
1362 1721 1754 1772 beatitudinis.
1772 1723 1915 1773 Nam
1926 1734 2000 1772 ex
2012 1737 2063 1768 re
2069 1736 2179 1792 pro-

571 1790 779 1849 borum
802 1794 1169 1846 damnatione
1181 1797 1535 1855 cognoscent
1548 1792 1731 1856 electi,
1745 1792 1882 1854 quid
1895 1790 2173 1856 perjusti-

575 1869 713 1920 tiam
730 1865 1044 1919 meruerint
1058 1880 1069 1914 :
1086 1864 1221 1927 quia
1230 1876 1303 1913 ex
1317 1875 1423 1913 sua
1439 1862 1756 1914 salvatione
1770 1863 2037 1923 sentient,
2051 1864 2175 1922 quid

2280 591 2432 636 recte
2470 588 2846 649 subjunctum
2881 591 3008 637 est:
3045 586 3112 635 Et
3143 591 3405 649 protector
3436 581 3587 651 172
3614 599 3785 631 eorum
3806 588 3839 630 il.

2280 662 2511 720 tempore
2551 657 2933 706 tribulationis.
2985 658 3128 707 Nam
3164 656 3276 706 nisi
3301 654 3505 707 ﬁdeles
3527 668 3673 705 suos
3689 655 3841 705 divini

2279 728 2465 778 virtus
2499 733 2838 792 protegeret,
2871 727 3003 791 quis
3028 732 3113 778 tot
3130 726 3323 791 jacula
3346 726 3750 790 tentationum,
3771 736 3841 776 aut

2279 802 2472 848 tantos
2492 802 2673 849 aestus
2698 799 2970 849 vitiorum
2993 798 3135 849 ferre
3165 797 3487 861 potuisset?

2342 868 2428 923 40.
2454 869 2523 917 Ει
2546 869 2823 932 αάλιιυαὺίι
2847 884 2931 918 eos
2958 870 3244 918 Dominus.
3267 867 3356 919 Ad
3390 867 3841 932 pugnandum,ad

2279 939 2423 989 bene
2447 940 2820 1003 operandam.
2840 941 2907 988 Et
2933 940 3173 989 liberabit
3193 955 3295 988 eos.
3312 942 3359 990 A
3385 938 3841 990 tribulationibus.

2277 1010 2345 1059 Et
2366 1017 2510 1059 eruet
2534 1026 2617 1059 eos
2640 1028 2675 1059 a
2695 1011 3072 1074 peccatoribus,
3100 1009 3332 1073 quando
3358 1009 3533 1060 ducet
3557 1022 3661 1060 eos
3683 1009 3748 1059 de
3770 1010 3841 1058 hac

2278 1082 2414 1132 vita.
2461 1082 2527 1129 Et
2556 1082 2778 1130 salvabit
2822 1097 2923 1145 cos,
2972 1081 3296 1133 Salvatione
3325 1086 3619 1144 perpetua.
3649 1082 3841 1142 Pl‘Oplrr

2277 1152 2406 1215 hoc,
2424 1154 2567 1211 Quia
2588 1159 2935 1217 speraverant
2952 1154 3011 1201 in
3033 1170 3109 1202 eo.
3140 1152 3406 1214 Attende,
3430 1165 3464 1203 0
3484 1151 3659 1203 miles
3677 1155 3841 1201 Christi.

2279 1229 2495 1288 quanta
2531 1225 2700 1276 faciat
2741 1238 2840 1289 pro
2874 1229 2932 1276 te
2970 1230 3107 1276 tuus
3143 1226 3467 1289 imperator.
3508 1226 3645 1287 Ipse
3672 1228 3755 1273 est
3778 1228 3841 1273 tua

2280 1296 2455 1359 salus,
2495 1299 2593 1347 tua
2626 1298 2921 1360 protectio,
2957 1302 3056 1347 tua
3078 1308 3256 1355 arma,
3292 1301 3389 1346 tua
3413 1295 3676 1346 libemtio
3701 1308 3714 1343 :
3737 1299 3841 1344 utu

2276 1367 2370 1418 hic
2400 1372 2576 1431 regat,
2616 1368 2922 1430 custodiat,
2960 1372 3019 1419 et
3050 1366 3259 1419 deinde
3279 1366 3355 1418 ad
3379 1367 3563 1419 vitam
3601 1370 3841 1417 aeternam

2276 1438 2567 1502 perducat.

2515 1542 2878 1608 TITULUS
2924 1542 3245 1608 PSALMI
3274 1540 3630 1606 XXXVII.

2339 1655 2361 1701 1
2389 1650 2637 1700 Psalmus
2660 1650 2837 1699 David
2859 1651 2920 1699 in
2944 1650 3386 1700 rememoratione
3408 1648 3640 1699 sabbati.
3655 1650 3841 1697 Psalmua

2278 1715 2370 1761 iste
2407 1715 2643 1761 convenit
2686 1716 2839 1761 David
2883 1717 3151 1774 prophetae,
3186 1716 3266 1761 vel
3285 1714 3374 1760 alii
3404 1714 3691 1772 pcenitenti,
3715 1714 3763 1758 in
3791 1727 3842 1758 re

2274 1779 2628 1824 memoratione
2651 1784 2847 1823 mternm
2871 1778 3079 1829 requiei.
3107 1776 3193 1824 Sic
3216 1777 3350 1823 enim
3381 1776 3740 1835 interpretatur
3753 1778 3842 1820 sub

2274 1841 2464 1898 butum,
2492 1840 2542 1885 id
2567 1845 2655 1896 est,
2674 1839 2899 1900 requies.
2923 1839 3043 1885 Etin
3063 1840 3154 1886 hoc
3167 1840 3358 1897 psalmo
3378 1839 3606 1895 materia,
3627 1837 3839 1897 pmnitem

2280 1902 2498 1948 afﬂictus
2522 1901 2696 1946 multis
2720 1902 2954 1958 miseriis,
2978 1902 3251 1959 multisque
3273 1900 3532 1948 doloribus
3556 1913 3649 1959 pro
3665 1902 3839 1957 peccati:

578 1952 677 2021 pq?
701 1931 2176 2021 ςωῆἱωᾨ,ῐεςξρέξυῖέξζξὲξξοίξξξῗέξιὶοξςξτέξδῐξξξξζπξ
2198 1928 2253 2001 Β
2280 1928 2498 2011 3ἶῖἐῖῗὲ
2508 1928 3533 2021 ἑῖξῶῖοᾙῖτῗέιῗῖὁᾶῗὲέἒἘὲιῗένέἶὲἔὶέἔῶῗ
3556 1928 3649 2008 ’ἰὶῖ
3663 1928 3841 2007 $5325}

579 2009 967 2061 adhaerebunt
998 2004 1215 2056 divinae
1248 2003 1511 2066 bonitati,
1537 2008 1754 2066 quanto
1778 2005 1906 2066 ejus
1928 2003 2175 2067 gratuito

574 2081 727 2131 dono
760 2084 817 2130 et
854 2090 954 2142 per
985 2076 1254 2126 meritum
1279 2087 1397 2125 non
1431 2075 1686 2125 sentient
1713 2086 1965 2138 poenam,
1989 2078 2047 2125 et
2070 2074 2177 2123 im-

572 2152 838 2203 meritam
862 2148 1176 2213 percipient
1198 2145 1457 2210 gloriam.
1483 2145 1719 2207 Deinde,
1738 2157 1913 2208 quam
1928 2144 2085 2195 nulla
2101 2145 2177 2196 sit

569 2222 877 2286 impiorum
901 2217 1270 2283 prosperitas,
1298 2216 1585 2268 ostendit:
1610 2228 1745 2267 cum
1770 2217 1896 2279 subj
1908 2215 2072 2279 ungit
2097 2230 2109 2265 :

634 2292 721 2347 35.
764 2292 888 2342 Vidi
925 2291 1160 2353 impium
1183 2287 1647 2351 superexaltatum
1680 2292 1725 2335 et
1758 2288 2015 2335 elevatum
2038 2287 2175 2335 sicut

573 2364 767 2416 Cedros
803 2361 1015 2411 Libani.
1064 2360 1247 2422 [Vers.
1290 2357 1400 2421 36]
1437 2358 1502 2405 Et
1543 2359 1799 2417 transivi,
1838 2364 1886 2406 et
1920 2373 2029 2406 ecce
2060 2373 2171 2406 non

567 2440 708 2486 erat:
727 2432 1105 2498 quossivieum,
1128 2436 1173 2478 et
1198 2444 1311 2479 non
1330 2434 1401 2477 est
1417 2430 1666 2477 inventus
1687 2429 1830 2477 locus
1844 2430 1974 2492 ejus.
1995 2433 2173 2489 Super-

566 2505 859 2557 exaltatus
871 2507 929 2554 et
942 2501 1207 2552 elevatus
1224 2500 1371 2550 sicut
1383 2498 1600 2550 Cedrus
1616 2500 1815 2550 Libani
1838 2499 2062 2551 videtur
2077 2502 2170 2547 im-

567 2577 717 2640 pius,
732 2572 963 2637 quando
975 2570 1145 2622 corde
1162 2574 1415 2640 tumens,
1429 2574 1485 2620 et
1501 2569 1713 2621 virtute
1727 2573 1784 2621 et
1798 2572 1957 2630 gloria
1966 2578 2169 2618 caeteros

565 2638 740 2697 etiam
763 2643 912 2695 altos
937 2640 1136 2693 saeculi
1160 2638 1513 2704 praecellens,
1539 2640 1792 2692 cernitur
1812 2641 2015 2691 elatus.
2056 2640 2166 2691 Sed

565 2716 615 2767 si
651 2717 844 2766 mente
879 2717 1163 2774 transeas,
1198 2715 1257 2761 et
1289 2708 1593 2773 diligenter
1616 2712 1768 2774 quod
1792 2712 2052 2763 futurum
2076 2718 2168 2763 est

564 2786 1015 2846 animadvertas,
1052 2782 1278 2833 videbis
1316 2780 1499 2832 oculis
1529 2781 1678 2843 ﬂdei,
1715 2781 1871 2845 quod
1892 2781 2047 2833 nulla
2069 2782 2160 2843 sit,

561 2859 735 2910 etiam
760 2869 893 2907 cum
917 2852 1135 2917 aliquid
1160 2866 1287 2903 esse
1310 2852 1558 2915 videtur,
1583 2853 1779 2917 gloria,
1804 2851 1895 2904 vel
1910 2855 2164 2916 potentia

558 2928 738 2993 impii.
758 2930 945 2979 Locus
957 2936 1190 2989 quoque
1208 2925 1336 2986 ejus
1358 2936 1476 2974 non
1487 2924 1796 2985 invenitur,
1823 2937 1956 2975 cum
1973 2927 2160 2977 status

556 3000 696 3052 vitae
713 2997 1017 3063 prmsentis
1037 3008 1138 3060 pro
1152 2994 1330 3045 nihilo
1347 3000 1729 3058 computatur.
1749 2997 1818 3046 Et
1832 2995 1941 3046 hoc
1952 2998 2157 3055 quidem

552 3072 913 3122 incessanter
936 3067 1236 3129 contingit.
1265 3067 1411 3117 Nam
1434 3066 1606 3118 modo
1629 3067 1919 3118 cernimus
1939 3066 2157 3130 aliquOs

554 3142 870 3194 honoribus
895 3144 949 3191 et
972 3138 1191 3190 divitiis
1216 3137 1437 3197 ﬂorere,
1461 3140 1516 3189 et
1537 3151 1669 3189 ecce
1687 3138 1851 3201 quasi
1868 3138 1927 3189 in
1943 3141 2154 3186 transitu

554 3218 729 3276 atque
748 3212 810 3263 in
832 3213 1125 3263 momento
1149 3208 1416 3259 videmus
1446 3209 1680 3259 eosdem
1697 3209 1946 3260 interire.
1961 3212 2098 3257 Unde
2113 3216 2161 3257 et

555 3284 831 3335 dicimus:
852 3283 1061 3333 Ubiest
1074 3279 1167 3330 ille
1179 3284 1202 3329 ?
1219 3280 1318 3329 ubi
1336 3284 1497 3330 tanta
1512 3279 1692 3341 gloria
1704 3284 1726 3327 ?
1740 3282 2157 3331 tantmdiviliaa?

553 3358 715 3406 tanta
739 3353 1031 3419 potentia?
1062 3353 1128 3402 Et
1156 3352 1513 3413 ingemimus
1536 3351 1826 3402 dicentes!
1856 3353 1982 3402 Heu
2016 3352 2155 3414 quia

553 3424 695 3477 nihil
715 3430 805 3476 est
827 3425 1017 3476 homo.
1039 3422 1149 3474 Sed
1178 3421 1643 3484 imperfectorum
1668 3426 1757 3472 est
1774 3421 2013 3484 gloriam
2037 3435 2154 3472 mo-

553 3496 718 3546 rituri
742 3496 802 3545 in
835 3495 961 3559 ipsa
982 3495 1168 3545 morte
1194 3491 1487 3553 despicere
1513 3505 1525 3541 :
1557 3496 1616 3543 et
1640 3495 1778 3543 tunc
1802 3492 1854 3542 ei
1878 3493 2050 3543 etiam
2072 3492 2151 3544 illi

552 3566 851 3629 derogant,
877 3564 976 3628 qui
1010 3565 1157 3614 hanc
1180 3565 1238 3612 et
1262 3574 1448 3624 usque
1472 3561 1545 3612 ad
1572 3567 1815 3613 mortem
1841 3568 2151 3627 sequentes

550 3642 765 3689 amant.
795 3635 900 3696 Qui
933 3635 1044 3686 hoc
1078 3633 1311 3697 quidem
1335 3634 1548 3684 rectius
1570 3637 1827 3697 agerent,
1861 3635 1912 3685 si
1934 3648 2065 3685 cum
2090 3636 2151 3686 in

548 3708 728 3773 gloria
749 3707 1044 3759 hominem
1061 3706 1377 3768 cernerent,
1397 3707 1536 3755 tunc
1547 3705 1978 3768 ejusinteritum
1994 3707 2151 3769 cogi-

551 3783 755 3838 tantes,
775 3782 1171 3830 transeuntem
1194 3779 1509 3840 potentiam
1526 3775 1807 3827 nihilesse
1825 3777 2148 3828 sensissent

546 3852 709 3902 Tunc
740 3850 998 3901 humana
1026 3847 1193 3899 elatio
1228 3846 1525 3911 pensanda
1548 3852 1653 3911 est,
1676 3859 1852 3910 quam
1877 3847 2020 3899 nihil
2051 3848 2143 3911 sit,

544 3935 678 3973 cum
702 3934 830 3973 esse
860 3932 1034 3984 super
1056 3925 1297 3971 caeteros
1329 3920 1702 3969 successibus
1726 3918 1967 3969 extollit.

606 3993 693 4047 37.
732 3993 950 4043 Custodi
987 4004 1124 4055 ergo
1160 3990 1547 4048 innocentiam,
1584 3995 1630 4038 et
1666 3989 1783 4037 vide
1822 3990 2144 4053 mquitatem,

541 4067 806 4128 quoniam
816 4068 941 4112 sunt
952 4062 1199 4125 reliquiae
1211 4060 1425 4110 homini
1436 4061 1709 4123 paciﬁcico
1732 4063 2019 4109 lnnocentia
2030 4077 2144 4110 vera

542 4139 651 4198 est,
689 4147 822 4198 quae
853 4147 959 4185 nec
986 4132 1095 4183 sibi
1119 4144 1225 4182 nec
1248 4131 1410 4183 alteri
1444 4136 1631 4182 nocet.
1658 4132 1797 4182 Haec
1820 4135 1910 4182 est
1930 4132 2141 4184 animm

542 4207 870 4270 thesaurus,
896 4216 1070 4267 quam
1093 4203 1312 4253 auferre
1337 4215 1563 4265 semper
1587 4202 1818 4253 molitur
1840 4202 2131 4255 inimicus.

540 4276 703 4329 Unde
728 4280 785 4328 et
806 4274 1013 4327 suadet
1036 4278 1259 4324 terrena
1270 4276 1556 4336 appetere,
1570 4278 1913 4335 praesentem
1930 4276 2138 4333 gloriam

540 4360 753 4411 amare,
787 4345 977 4397 carnis
1011 4344 1405 4408 voluptatibus
1430 4342 1738 4394 deservire.
1763 4344 2020 4406 quuitas
2053 4344 2139 4395 di-

539 4423 753 4470 cuntur
799 4417 992 4469 divina
1024 4415 1268 4477 eloquia.
1302 4416 1481 4465 Juxta
1509 4413 1661 4477 quod
1700 4414 1975 4477 scriptum
2008 4420 2134 4466 est:

539 4489 703 4551 Quod
746 4489 846 4540 tibi
884 4501 1003 4540 non
1028 4488 1117 4539 vis
1141 4486 1283 4548 fieri,
1317 4485 1444 4536 aliis
1469 4499 1537 4536 ne
1559 4485 1761 4537 feceris
1787 4485 1927 4550 (Tob.
1951 4486 2039 4549 4.).
2066 4488 2136 4538 Et

538 4573 671 4624 quae
706 4561 901 4623 vultis,
933 4564 999 4610 ut
1023 4558 1235 4609 faciant
1261 4556 1425 4609 vobis
1448 4556 1733 4619 homines,
1764 4561 1821 4607 et
1842 4569 1949 4608 vos
1973 4557 2140 4609 facite

533 4631 647 4681 illis
693 4631 839 4693 (Luc.
878 4631 970 4691 6.).
1009 4629 1269 4691 Equitas
1308 4632 1463 4687 sunt,
1502 4627 1637 4691 quia
1666 4631 1725 4679 et
1768 4628 1919 4677 bona
1951 4628 2135 4692 bonis,

536 4706 596 4751 et
611 4700 763 4751 mala
776 4700 942 4751 malis
963 4700 1200 4750 retribui
1218 4698 1547 4763 praedicant.
1570 4699 1963 4749 Innocentiam
1979 4706 2137 4748 custo-

536 4771 675 4829 dire,
690 4775 822 4821 esta
843 4771 999 4820 vitiis
1019 4769 1337 4833 etpeccatis
1354 4782 1416 4819 se
1433 4769 1867 4820 immaculatum
1883 4782 2133 4822 servare.

535 4842 884 4904 Equitatem
906 4840 1080 4902 videt,
1107 4840 1204 4903 qui
1228 4838 1465 4890 sollicite
1490 4843 1709 4903 pensat,
1743 4844 1801 4890 et
1819 4852 1951 4903 quae
1966 4854 2000 4892 a
2020 4844 2136 4893 Do-

534 4913 693 4963 mino
709 4911 1007 4975 acceperit,
1027 4915 1082 4961 et
1094 4922 1227 4973 quin
1241 4910 1288 4961 ei
1303 4910 1627 4973 persolvere
1643 4910 1865 4961 debeat.
1886 4914 2133 4973 Quisquis

532 4983 644 5035 hoc
675 4984 814 5047 agit,
850 4986 971 5046 ipse
1006 4985 1097 5033 est
1130 4982 1303 5031 homo
1338 4980 1649 5044 pacificus:
1675 4983 1844 5046 cujus
1875 4983 2131 5047 reliquim

530 5059 701 5105 erunt
734 5052 1103 5115 incorruptio,
1136 5051 1560 5112 immortalitas,
1597 5052 1717 5103 vita
1741 5058 1972 5105 mterna.

593 5124 680 5179 38.
716 5125 914 5188 lnjusti
948 5128 1130 5171 autem
1163 5121 1516 5186 disperibunt.
1560 5123 1703 5185 Quia
1735 5126 1792 5175 in
1816 5138 2050 5189 corpore
2071 5130 2129 5178 et

526 5197 722 5247 anima
745 5196 1137 5246 destruentur.
1152 5193 1332 5243 Simul
1356 5192 1595 5256 reliquiae
1618 5194 1917 5258 impiorum
1937 5196 2128 5243 interi-

526 5267 673 5319 bunt.
689 5267 845 5319 Sicut
865 5265 999 5317 alibi
1024 5264 1234 5315 dicitur
1255 5278 1315 5315 1n
1340 5265 1581 5328 psalmo,
1601 5267 1743 5317 Cum
1767 5267 1928 5317 dives
1953 5266 2126 5318 fuerit

522 5338 781 5395 homo,et
803 5350 935 5389 cum
952 5336 1328 5399 multiplicata
1338 5336 1515 5400 gloria
1533 5338 1677 5401 ejus,
1704 5350 1837 5388 cum
1856 5339 2119 5397 introierit,

523 5423 642 5461 non
660 5413 990 5461 sumeteam
1005 5425 1015 5455 :
1031 5413 1087 5459 et
1100 5414 1308 5459 cmtera
1323 5407 1483 5470 (Psal.
1503 5407 1629 5469 48.).
1645 5408 1969 5459 Introibunt
1984 5421 2121 5471 ergo

522 5481 832 5545 impiorum
882 5480 1158 5544 reliquiae,
1191 5479 1328 5543 quia
1364 5479 1486 5542 jam
1521 5477 1699 5529 nullm
1726 5484 1898 5531 erunt
1919 5490 2120 5531 eorum

521 5552 740 5604 divitia:
764 5564 910 5616 quas
942 5554 1305 5602 amaverunt.

579 5623 666 5677 39.
695 5623 856 5673 Salus
878 5628 1058 5671 autem
1075 5622 1351 5685 juslorum
1376 5636 1411 5669 α
1435 5619 1686 5671 Domino.
1715 5621 1905 5673 Prima
1935 5621 2113 5685 salus,

516 5706 649 5756 quae
666 5694 737 5744 ad
759 5694 1009 5745 animam
1026 5694 1286 5757 pertinet,
1301 5704 1477 5754 quam
1494 5704 1527 5742 a
1545 5692 1781 5743 Domino
1798 5694 2119 5758 percipiunt

510 5765 674 5827 justi,
721 5770 811 5815 est
855 5764 1117 5815 remissio
1152 5768 1515 5827 peccatorum
1557 5776 1656 5827 per
1683 5765 1926 5827 gratiam
1960 5766 2111 5817 fidei.

515 5834 678 5884 Unde
702 5836 876 5886 etiam
895 5835 1038 5898 justi
1055 5837 1208 5897 sunt,
1235 5834 1569 5897 quiajustus
1581 5848 1654 5886 ex
1669 5835 1781 5886 fide
1795 5837 2112 5901 vivit(Rom.

513 5903 604 5966 1.).
632 5904 742 5958 Sed
762 5905 899 5969 quia
920 5905 1180 5958 nondum
1192 5904 1440 5971 perfecta
1453 5906 1666 5960 estista
1678 5907 1852 5974 salus,
1878 5916 1925 5959 et
1944 5914 2109 5960 adhuc

2158 4653 2219 4727 D

2277 2030 2412 2084 parte
2446 2031 2613 2071 narrat
2650 2026 2900 2071 miseriam
2937 2032 2983 2072 et
3015 2027 3336 2083 dejectionem
3382 2025 3617 2084 nimiam,
3660 2025 3741 2069 ubi
3780 2025 3839 2068 δι’.

2276 2089 2421 2134 Miser
2453 2087 2613 2134 factus
2649 2101 2781 2136 sum.
2822 2088 2880 2135 In
2913 2087 3056 2133 tertia
3088 2094 3221 2146 parte
3247 2088 3479 2137 ostendit,
3513 2100 3573 2133 se
3612 2099 3823 2144 nunqua:

2274 2151 2425 2196 Deum
2450 2149 2581 2195 inter
2607 2159 2672 2195 tot
2707 2150 2839 2195 mala
2873 2150 3150 2196 deseruisse
3182 2166 3192 2196 :
3220 2151 3305 2197 sed
3328 2162 3523 2208 semper
3546 2150 3603 2195 in
3630 2150 3738 2206 ipso
3757 2162 3839 2205 sp:-

2272 2225 2425 2269 rasse,
2451 2216 2497 2256 et
2520 2225 2572 2257 se
2608 2212 2670 2257 ad
2701 2214 2929 2270 graviora
2953 2212 3239 2269 patiendum
3267 2218 3491 2270 paratum
3516 2213 3708 2259 esse.ln
3744 2224 3837 2255 con-

2270 2274 2496 2319 clusione
2516 2275 2656 2332 ponit
2679 2275 2929 2331 quandam
2949 2274 3302 2320 exultationem
3324 2274 3385 2319 de
3414 2273 3685 2331 impetrata
3703 2273 3837 2317 venia.

2271 2336 2486 2382 Intendit
2523 2349 2613 2381 nos
2634 2336 3051 2397 admonere,non
3078 2340 3130 2381 ut
3154 2335 3494 2393 intelligamus
3515 2336 3668 2395 (sicut
3696 2334 3841 2379 {CClll’l

2269 2398 2370 2444 alio
2391 2398 2725 2455 pmnitenliali
2738 2396 2966 2459 psalmO),
2984 2398 3068 2444 sed
3089 2400 3253 2455 utjam
3271 2399 3513 2456 patienter
3526 2397 3839 2443 sustineamm

2268 2473 2582 2520 quaecunque
2610 2460 2743 2507 mala
2777 2461 2839 2507 ad
2885 2460 3227 2521 purgationem
3255 2465 3565 2519 peccatorum
3596 2460 3837 2506 evenerint.

2267 2522 2477 2569 dicens.
2667 2607 3071 2673 PSALMUS
3109 2607 3457 2672 XXXVII.

2325 2713 2377 2767 ‘2.
2411 2715 2659 2778 Domine,
2697 2730 2764 2763 ne
2799 2716 2861 2764 in
2895 2716 3082 2777 furore
3108 2720 3198 2764 tuo
3220 2730 3425 2778 arguas
3448 2729 3549 2778 me,
3595 2729 3762 2777 neque
3793 2714 3831 2759 in

2261 2784 2459 2835 iratua
2478 2786 2745 2850 corripias
2758 2788 2968 2836 me.Pcr
2982 2786 3234 2837 furorem
3248 2786 3563 2837 vehemens
3580 2787 3829 2845 indignati

2261 2856 2489 2907 Domini
2509 2857 2864 2921 designatur,
2882 2869 2999 2919 qua
3020 2856 3246 2921 reprobi
3268 2856 3327 2907 in
3339 2856 3556 2920 judicio
3568 2864 3832 2917 arguantur.

2260 2927 2423 2978 Unde
2444 2928 2504 2978 in
2534 2927 2722 2978 furore
2746 2940 2852 2978 suo
2878 2927 3139 2978 dicturus
3163 2932 3253 2978 est
3270 2927 3381 2978 illis
3408 2927 3561 2990 (ante
3580 2933 3772 2979 tamen
3786 2926 3832 2974 dc

2258 2999 2527 3061 operibus
2551 2998 2881 3061 bonis,quze
2904 2998 3089 3049 facere
3111 2997 3513 3063 neglexerunt,
3535 2996 3833 3049 terribiliter

2254 3067 2601 3132 increpatis),
2628 3070 2710 3120 Ite
2726 3069 3011 3119 maledicti
3038 3071 3096 3120 in
3116 3069 3310 3132 ignem
3327 3074 3620 3120 aeternum
3648 3069 3831 3130 (Matth.

2260 3138 2386 3201 ‘25.).
2424 3142 2487 3189 In
2524 3139 2713 3190 furore
2750 3139 2860 3190 hoc
2897 3144 3230 3203 urguentur,
3278 3141 3377 3203 qui
3398 3138 3576 3191 modo
3606 3144 3833 3202 tempore

2260 3210 2667 3262 misericordia:
2691 3209 2763 3261 ad
2788 3210 3181 3273 paenitentiam
3200 3222 3317 3261 non
3344 3210 3736 3262 emolliuntur.
3758 3211 3832 3259 Per

2256 3281 2401 3332 iram
2426 3285 2618 3344 potest
2640 3280 2880 3345 intelligi
2906 3282 3253 3332 examinatio
3265 3281 3416 3345 ignis
3443 3282 3777 3346 Purgatorii,
3792 3282 3831 3330 in

2254 3364 2370 3415 quo
2408 3353 2801 3416 corripientur,
2846 3352 2944 3414 qui
2983 3351 3155 3403 modo
3200 3366 3373 3416 super
3412 3352 3829 3404 fundamentum:

2253 3423 2544 3475 Christum
2556 3423 2918 3474 infructuosa
2933 3423 3240 3474 aedificant.
3269 3426 3633 3473 Detrimentum
3650 3428 3765 3485 quid
3774 3440 3828 3470 utr.

2250 3494 2556 3556 patientur,
2585 3493 2687 3543 sed
2701 3492 2846 3543 salvi
2857 3498 3029 3544 erunt
3044 3508 3059 3541 :
3077 3494 3160 3544 sic
3178 3498 3370 3545 tamen
3385 3494 3548 3557 quasi
3565 3508 3675 3559 per
3689 3498 3825 3555 ignem

2252 3563 2320 3625 (1.
2350 3564 2470 3613 Cor.
2496 3564 2586 3625 3.).
2610 3564 2851 3615 Gravior
2873 3567 3069 3615 autem
3093 3564 3198 3615 erit
3218 3564 3311 3615 ille
3332 3565 3482 3627 ignis
3505 3578 3688 3628 quam
3700 3564 3827 3629 quid-

2248 3635 2388 3698 quid
2414 3640 2603 3699 potest
2627 3635 2801 3686 homo
2825 3636 2882 3686 in
2904 3636 3013 3686 hac
3037 3635 3157 3687 vita
3181 3639 3433 3687 tolerare.
3465 3637 3554 3687 Ab
3581 3636 3695 3688 hac
3718 3650 3825 3698 ergw

2246 3707 2331 3757 ira
2347 3712 2402 3757 et
2415 3706 2601 3757 furore
2614 3707 2904 3770 paenitens
2920 3708 3029 3757 iste
3054 3711 3245 3757 tutum
3261 3720 3322 3757 se
3345 3720 3473 3759 esse
3488 3708 3826 3771 deprecatur.

2244 3778 2609 3842 praetendens
2633 3778 2894 3828 miserias
2917 3778 3132 3829 multas
3154 3778 3364 3841 quibus
3383 3778 3502 3841 jam
3526 3780 3592 3829 in
3616 3779 3722 3830 hoc
3748 3792 3829 3829 sa:-

2244 3851 2374 3901 culo
2399 3849 2695 3913 affligitur,
2720 3850 2920 3900 dicens
2947 3867 2957 3897 :

2306 3918 2356 3973 3.
2392 3920 2665 3979 Quoniam
2688 3921 2891 3983 sagitta:
2913 3924 3015 3969 tuae
3034 3920 3219 3983 inﬂatae
3240 3925 3366 3969 sunt
3389 3919 3548 3969 mihi.
3581 3926 3632 3969 et
3650 3920 3827 3979 conﬁr-

2241 3991 2405 4039 masti
2416 4005 2578 4055 super
2590 4006 2670 4039 me
2682 4007 2811 4039 man
2822 4007 2910 4039 um
2926 3998 2942 4039 ι
2948 3992 3273 4053 uam.Quasi
3289 3990 3513 4055 sagittis
3528 3992 3754 4043 Domini
3768 3994 3825 4037 iu-

2241 4062 2476 4125 ngimur
2488 4062 2721 4125 quando
2732 4061 3025 4113 doloribus
3038 4062 3293 4126 corporis
3306 4062 3583 4114 etanimaa
3598 4079 3626 4110 a
3640 4066 3748 4110 Dom
3758 4065 3823 4108 ine

2239 4135 2471 4195 propter
2482 4137 2779 4196 peccatum
2795 4134 3179 4184 vulneramur.
3194 4134 3458 4184 Humana
3467 4135 3659 4193 quippe
3671 4136 3818 4181 anima

2237 4202 2372 4254 inde
2393 4208 2484 4255 est
2500 4204 2718 4267 punita,
2730 4203 2882 4255 unde
2893 4202 3191 4255 delectata.
3211 4204 3448 4255 Manum
3461 4207 3661 4255 autem
3673 4215 3819 4255 suam

2238 4274 2519 4325 Dominus
2561 4288 2734 4339 super
2768 4288 2877 4327 nos
2911 4276 3230 4337 conﬁrmat,
3258 4275 3394 4338 quia
3417 4287 3586 4339 paena
3600 4276 3818 4339 peccati,

2239 4356 2356 4407 qua
2393 4344 2637 4407 primum
2663 4345 2957 4395 hominem
2980 4346 3282 4409 percussit,
3307 4344 3497 4396 adhuc
3512 4345 3818 4398 inhumano

2236 4428 2447 4478 genere
2465 4415 2753 4479 perdurat.
2792 4418 3085 4467 Intantum
3107 4429 3347 4468 manum
3359 4430 3524 4468 suam
3543 4430 3714 4481 super
3727 4429 3817 4467 nos

2237 4486 2615 4550 conﬁrmavit,
2645 4486 2800 4549 quod
2834 4488 3005 4539 etiam
3040 4489 3263 4551 proprio
3289 4486 3428 4538 Filio
3465 4500 3574 4539 suo
3595 4501 3715 4540 non
3735 4501 3818 4552 pe-

2238 4557 2417 4619 percit
2443 4559 2610 4619 (Rom.
2636 4556 2728 4621 8.).
2755 4558 2941 4609 Prima
2964 4556 3197 4622 quidem
3219 4558 3401 4610 virtus
3412 4564 3519 4622 est,
3545 4572 3620 4610 ne
3636 4572 3816 4623 perpe-

2238 4627 2371 4679 trati
2394 4628 2657 4692 debeant,
2679 4630 2861 4681 vitare
2887 4634 3137 4693 peccata.
3168 4630 3429 4681 Secunda
3451 4634 3647 4681 autem
3660 4633 3813 4678 saltem

2233 4703 2556 4762 perpetrata
2572 4700 2871 4763 corrigere.
2886 4699 2994 4751 Sed
3009 4699 3327 4763 plerunque
3342 4700 3540 4765 culpas
3554 4717 3655 4749 non
3666 4704 3735 4749 sol
3746 4719 3767 4747 υ
3777 4716 3813 4747 m

2233 4770 2604 4822 imminentes
2620 4771 2858 4823 minime
2870 4773 3138 4836 vitamus,
3166 4770 3185 4837 Ι
3203 4769 3313 4838 73
3330 4772 3707 4823 verumetiam
3724 4784 3812 4820 nec

2232 4842 3371 4907 commissasagnoscimus.Etpeccatoris
3384 4857 3523 4891 mens
3534 4845 3813 4892 tantoallius

2234 4913 2595 4972 tenebrascit.
2612 4917 2827 4976 quanto
2838 4927 2941 4965 nec
2956 4914 3229 4965 damnum
3244 4926 3367 4965 suae
3380 4912 3811 4965 caacitatisintel-

2228 4982 2371 5045 ligit.
2398 4986 2560 5036 Unde
2584 4985 2979 5048 tltplerunque
2994 4986 3175 5037 divini
3192 4985 3449 5036 muneris
3464 4984 3740 5047 largitate,
3758 4987 3807 5032 ut

2228 5053 2456 5117 culpam
2474 5068 2643 5119 paena
2659 5061 2951 5119 sequatur,
2967 5056 3258 5120 etﬂagella
3274 5054 3468 5107 oculos
3485 5056 3807 5117 delinquentis

2225 5125 2499 5188 aperiant,
2519 5139 2666 5189 quos
2678 5127 2824 5179 inter
2838 5128 2976 5179 vitia
2991 5130 3270 5179 securitas
3282 5127 3552 5179 caacabat.
3569 5128 3804 5190 Torpcns

2226 5196 2438 5259 quippe
2462 5198 2693 5248 animus
2712 5199 3082 5262 percussione
3106 5200 3374 5263 tangitur,
3402 5203 3467 5249 ut
3501 5198 3800 5249 excitetur:

2225 5272 2511 5330 quatenus
2532 5269 2631 5331 qui
2643 5273 2859 5320 statum
2874 5283 2996 5322 suae
3011 5270 3373 5321 rectitudinis
3385 5284 3593 5317 securus
3604 5269 3803 5330 perdidit

2221 5337 2469 5389 afﬂictus
2507 5340 2843 5403 consideret,
2887 5353 3001 5404 quo
3026 5342 3197 5405 jacet.
3238 5343 3367 5405 Ipsa
3397 5340 3675 5401 asperitas
3698 5351 3798 5390 cor-

2220 5410 2491 5461 rectionis
2516 5412 2672 5475 origo
2709 5412 2773 5463 fit
2795 5412 3047 5464 luminis.
3074 5412 3237 5464 Unde
3262 5417 3319 5464 et
3342 5411 3643 5463 subditur:

2283 5480 2332 5534 4.
2365 5482 2485 5530 Νοη
2532 5489 2605 5531 est
2645 5485 2855 5532 sanitas
2888 5484 2948 5532 in
2981 5499 3143 5533 carne
3170 5498 3288 5532 mea
3323 5499 3357 5531 a
3393 5483 3531 5545 facie
3564 5482 3657 5530 ira:
3694 5486 3792 5529 tua.

2218 5552 2441 5604 Etenim
2474 5555 2580 5615 (Eas
2609 5554 2929 5618 Augustino)
2971 5560 3266 5619 portamus
3305 5567 3514 5617 corpus
3556 5550 3793 5616 mortale.

2215 5624 2453 5687 plenum
2480 5626 2890 5678 tentationibus
2906 5632 2963 5678 et
2976 5626 3480 5687 sollicitudinibus,
3494 5625 3791 5676 obnoxium

2214 5694 2510 5748 doloribus
2545 5698 2935 5762 corporalibus
2973 5705 3030 5750 et
3068 5698 3417 5763 indigentiis,
3459 5694 3726 5748 mutabile
3748 5696 3791 5741 et

2211 5766 2572 5832 languidum,
2597 5770 3014 5822 medicamento
3028 5770 3313 5833 indigens.
3341 5770 3483 5819 Nam
3506 5767 3668 5819 famis
3688 5776 3793 5815 me-

2213 5839 2623 5905 dicamentum,
2642 5842 2806 5893 cibus
2826 5846 2943 5893 est:
2964 5842 3449 5895 medicamentum
3472 5840 3597 5890 sitis
3612 5842 3792 5899 estpo-

2212 5912 2307 5964 tus
2337 5928 2349 5961 :
2375 5912 2860 5966 medicamentum
2883 5913 3236 5979 fatigationis
3268 5915 3359 5965 est
3391 5923 3651 5964 somnus.
3686 5910 3784 5959 De-
