3890 6432
21 426 148 481 785

1064 430 1141 480 ΙΝ
1173 428 1499 481 PSALMOS
1531 428 1739 481 LXXV
1767 427 2348 483 COMMENTARIUS.

3258 426 3362 485 786

22 542 352 619 trabeista
363 540 810 619 medicamenta,
821 541 1099 619 deficiunt
1109 541 1241 619 illaL
1235 554 1368 619 quae
1383 542 1658 594 existunt.
1684 553 1740 619 Α
1766 543 1864 619 cit,
1886 543 1944 594 in
1966 542 2092 619 ipso
2116 556 2216 619 spe
2239 548 2296 595 et
2318 554 2513 595 amore
2527 542 2914 619 requiescunt.
2936 543 3007 595 Et
3026 545 3240 607 quanto
3251 543 3366 603 plus

21 615 157 665 Sed
188 614 355 665 unde
379 612 491 663 ista
514 614 770 677 patimur
788 617 816 665 ?
840 614 1064 664 Faciem
1087 614 1188 666 ira:
1210 614 1313 665 Dei
1336 614 1656 665 intuemur:

22 686 234 736 facies
259 686 461 735 autem
481 684 634 735 dicta
654 689 745 735 est
766 691 999 749 propter
1021 685 1425 748 cognitionem,
1451 685 1584 748 quia
1604 685 1665 736 in

22 757 192 807 facie
208 754 478 807 solemus
495 755 759 807 homines
776 768 1141 819 cognoscere.
1156 757 1260 806 Per
1277 757 1663 819 cognitionem

21 841 186 878 vero
205 827 319 878 ira)
342 825 465 885 Dei,
492 825 558 876 fit
585 826 758 878 etiam
782 826 1032 890 cognitio
1047 826 1265 890 peccati
1302 828 1371 878 Et
1392 826 1518 878 ideo
1535 827 1665 877 sub-

21 898 170 948 dit:
236 898 371 947 Non
416 903 487 945 est
527 912 648 961 pax
674 897 877 946 ossibus
902 898 1029 945 meis
1063 911 1097 946 a
1138 898 1277 961 facie
1326 903 1663 962 peccatorum

22 984 332 1019 meorum.
356 969 464 1019 Per
493 980 627 1019 ossa
654 967 1053 1031 intelliguntur
1076 968 1286 1019 animae
1310 968 1491 1020 fortia.
1522 970 1664 1020 Ecce

21 1044 294 1103 propter
324 1043 559 1105 peccata
594 1042 808 1100 nostra,
844 1050 975 1102 quae
1015 1043 1154 1089 sunt
1190 1051 1397 1090 caussa
1419 1039 1520 1091 iraa
1546 1039 1661 1100 Del,

21 1111 245 1161 multa
270 1110 599 1175 patimurin
622 1110 898 1161 membris
920 1110 1190 1173 corporis,
1206 1109 1388 1160 multa
1412 1110 1469 1160 in
1494 1110 1667 1161 virtu-

22 1182 213 1232 tibus
245 1182 481 1232 animae.
514 1182 577 1231 In
601 1193 835 1244 corpore
867 1180 1060 1231 amisit
1074 1181 1245 1231 homo
1264 1180 1665 1244 sanitatem,in

22 1253 251 1303 anima
275 1251 528 1317 perdidit
550 1264 767 1316 pacem.
794 1251 940 1313 Quia
969 1252 1120 1302 enim
1144 1264 1278 1302 cum
1301 1253 1534 1302 auctore
1558 1265 1664 1302 suo

21 1323 413 1381 concordare
435 1321 638 1382 noluit,
650 1323 809 1385 juste
831 1323 970 1373 etin
994 1321 1183 1385 seipsa
1205 1321 1550 1373 discordiam
1574 1321 1667 1372 in-

21 1394 238 1445 venit.
256 1393 531 1456 Magnam
557 1404 755 1456 pacem
778 1404 913 1443 cum
928 1394 1045 1443 Deo
1065 1393 1332 1453 habebat,
1357 1392 1588 1456 quando
1604 1393 1666 1444 in

22 1467 276 1516 interno
297 1465 515 1516 lumine
537 1465 660 1515 sine
684 1464 1131 1516 contradictione
1151 1463 1396 1528 alicujus
1426 1467 1665 1513 molestiae

22 1535 673 1588 indesinenterinhmre
681 1535 908 1588 bat.Sed
922 1539 1225 1599 postquam
1239 1535 1527 1598 peccando
1539 1538 1663 1584 iram

24 1606 155 1659 Dei
179 1608 416 1667 meruit,
442 1619 581 1657 mox
612 1607 686 1657 ab
709 1605 805 1657 illa
828 1608 994 1657 beata
1017 1607 1482 1659 immutabilitate
1510 1610 1666 1655 mise-

22 1678 313 1730 rabiliter
337 1690 631 1740 corruens,
650 1689 880 1741 paenam
889 1690 999 1740 que
1020 1676 1391 1729 mortalitatis
1407 1683 1466 1729 et
1482 1682 1667 1729 muta-

22 1748 295 1800 bilitatis
312 1748 634 1807 incurrens,
653 1759 849 1811 pacem
865 1749 948 1810 (ut
975 1747 1252 1811 diximus)
1276 1748 1491 1799 amisit.
1519 1750 1663 1800 Ecce

25 1820 207 1872 sicut
232 1832 372 1871 ossa
386 1831 645 1871 carnem:
676 1820 760 1870 sic
781 1818 1101 1884 prudentia,
1135 1821 1526 1883 temperentia,
1552 1822 1662 1873 for-

1765 613 2017 665 caalestia
2027 615 2301 677 cogitant,
2313 619 2473 665 tanto
2484 614 2670 678 magis
2680 626 3004 666 aerumnam
3014 625 3196 667 suam,
3211 627 3365 674 quam

1764 684 2028 749 tolerant,
2089 685 2409 751 deplorant.
2472 685 2635 738 Unde
2687 684 2878 737 adhuc
2919 686 3029 736 iste
3072 684 3364 748 paanitens

1764 756 1962 806 subdit
1987 773 1998 804 :

1825 824 1878 879 8.
1897 827 2173 884 Quoniam
2196 826 2367 875 lumbi
2401 827 2507 875 mei
2532 827 2737 891 impleti
2774 831 2902 876 sunt
2930 825 3292 890 ittusionibus,
3317 831 3364 876 et

1760 911 1875 945 non
1890 897 2184 945 estsanitas
2200 898 2261 945 in
2279 912 2442 946 carne
2456 912 2593 948 mea.
2608 898 2862 949 Tristitia
2871 897 3039 948 nobis
3061 897 3153 955 sit,
3180 896 3363 949 donec

1762 971 1819 1019 et
1842 967 2035 1018 anima
2057 972 2259 1018 nostra
2281 973 2530 1019 exuatur
2557 967 2941 1031 illusionibus,
2959 972 3017 1019 et
3036 980 3245 1030 corpus
3268 979 3366 1018 no-

1763 1041 1947 1088 strum
1972 1037 2249 1089 induatur
2279 1039 2540 1089 sanitate.
2565 1038 2668 1089 Illa
2695 1044 2785 1090 est
2806 1051 2945 1090 vera
2969 1037 3207 1098 sanitas,
3228 1049 3364 1100 qua;

1763 1113 1854 1159 est
1870 1108 2228 1160 immortalis.
2255 1109 2388 1160 Ideo
2414 1110 2606 1173 posuit
2627 1110 2877 1171 lumbos,
2909 1109 3047 1173 quia
3066 1109 3127 1159 in
3150 1108 3363 1160 lumbis

1763 1184 1855 1229 est
1876 1179 2122 1230 carnalis
2155 1178 2439 1244 voluptas,
2471 1180 2626 1231 unde
2648 1179 2947 1231 illusiones
2970 1183 3359 1244 procreantur.

1764 1250 1875 1301 Sed
1897 1251 2029 1313 quis
2067 1251 2256 1314 potest
2291 1262 2649 1314 enumerare,
2687 1256 2829 1314 quot
2858 1254 2916 1302 et
2938 1250 3151 1313 quibus
3174 1250 3362 1300 modis

1762 1320 1956 1371 anima
1980 1320 2196 1384 repleta
2221 1321 2296 1371 sit
2317 1320 2688 1373 illusionibus
2709 1324 2737 1371 ‘l
2760 1324 2809 1372 A
2826 1320 2969 1373 facie
2992 1320 3218 1372 illarum
3242 1320 3364 1372 illu-

1763 1390 1993 1441 sionum
2022 1390 2330 1454 aliquando
2366 1392 2467 1443 vix
2504 1403 2666 1443 orare
2708 1392 3075 1456 permittitur.
3102 1393 3265 1455 Saepe
3289 1391 3366 1441 ir-

1760 1465 1938 1513 ruunt
1959 1462 2355 1526 cogitationes,
2370 1474 2515 1526 quas
2528 1475 2645 1513 non
2656 1463 2976 1525 quwrimus
2993 1477 3005 1512 :
3026 1466 3084 1513 et
3093 1461 3365 1514 volumus

1762 1544 1836 1583 ex
1860 1532 1969 1583 hac
1991 1532 2052 1583 in
2075 1533 2225 1583 hanc
2269 1533 2367 1591 ire,
2400 1537 2458 1583 et
2503 1534 2576 1584 ab
2599 1532 2696 1583 illa
2716 1533 2776 1583 in
2809 1532 2961 1583 illam
2996 1534 3238 1584 transire
3268 1549 3279 1580 :
3307 1536 3367 1584 et

1762 1602 2076 1666 aliquando
2102 1604 2191 1654 vis
2206 1604 2390 1655 redire
2401 1604 2473 1655 ad
2494 1603 2571 1665 id,
2586 1603 2743 1667 quod
2755 1604 3066 1668 cogitabas,
3091 1607 3149 1654 et
3172 1602 3367 1654 dimit-

1763 1678 1881 1725 tere
1906 1674 2060 1737 quod
2074 1675 2312 1739 cogitas,
2336 1688 2443 1727 nec
2468 1674 2767 1739 praevales,
2794 1680 2853 1726 et
2868 1673 3019 1725 aliud
3042 1674 3144 1725 tibi
3165 1686 3366 1725 occur-

1762 1746 1852 1796 rit.
1871 1745 1972 1795 Vis
1987 1745 2290 1804 recordari,
2312 1747 2465 1808 quod
2482 1746 2697 1797 oblitus
2712 1758 2858 1809 eras,
2876 1750 3061 1796 etnon
3082 1744 3183 1795 tibi
3206 1744 3367 1796 venit

1757 1815 1819 1866 in
1840 1820 2114 1879 mentem,
2138 1819 2196 1867 et
2218 1817 2378 1867 venit
2414 1817 2608 1880 potius
2635 1816 2813 1881 aliud,
2840 1816 2996 1880 quod
3024 1816 3282 1874 nolebas,
3307 1819 3366 1866 et

26 1890 263 1980 ὶὶῐῃξιοζ
278 1889 508 1971 justitia
532 1889 819 1980 sustinent
837 1890 1255 1980 mentemlSed
1279 1890 1659 1980 eidem‘menti
1680 1906 1734 1980 B
1764 1893 2194 1980 ρεοαξξιξηῐλρξρ
2207 1888 2753 1980 Θοιὶῐξηυωεῖξᾶῠὶξθη.
2764 1899 2911 1980 ,911εῇ
2926 1888 3366 1980 {QP-2183:923-

24 1961 227 2013 modo
244 1962 480 2026 ignavia
503 1960 778 2023 subrepit,
803 1963 860 2011 et
883 1961 1202 2024 prudentia,
1229 1961 1659 2025 frigescitznam

26 2046 184 2084 cum
208 2033 367 2085 fessa
377 2034 582 2098 torpet,
600 2035 846 2084 ventura
868 2044 985 2083 non
997 2032 1282 2096 providet.
1303 2034 1471 2085 Modo
1482 2035 1660 2086 menti

25 2104 360 2156 delectatio
378 2103 650 2167 subrepit,
678 2103 1126 2166 ettemperantia
1137 2102 1396 2167 frigescit
1413 2123 1426 2154 :
1441 2107 1661 2166 inquan-

26 2181 174 2226 tum
196 2175 357 2226 enim
372 2174 446 2226 ad
473 2174 913 2226 delectationem
925 2178 1283 2225 terrenarum
1298 2174 1582 2238 ducimur,
1600 2177 1660 2227 in
1704 2222 1705 2225 η

26 2248 284 2296 tantum
308 2246 502 2296 minus
517 2245 589 2296 ab
607 2244 818 2294 illicitis
842 2248 1245 2309 temperamur.
1273 2246 1597 2309 Aliquando
1608 2261 1661 2295 so

25 2318 224 2368 timor
268 2317 426 2368 cordi
462 2316 736 2379 insinuat,
773 2318 832 2366 et
870 2315 1021 2367 vires
1055 2321 1273 2369 nostra:
1308 2317 1660 2369 fortitudinis

26 2388 251 2439 turbat
268 2405 277 2436 :
294 2391 352 2439 et
367 2399 434 2439 eo
463 2387 716 2438 minores
732 2391 934 2438 contra
956 2386 1201 2438 adversa
1216 2387 1541 2452 existimus,
1559 2405 1660 2450 quo

24 2458 323 2522 quaedam
339 2458 572 2522 perdere
588 2456 1026 2508 immoderatius
1044 2456 1251 2508 dilecta
1265 2458 1656 2511 formidamus.

24 2530 483 2592 Nonnunquam
507 2540 643 2579 vero
655 2539 816 2579 amor
828 2540 967 2578 suus
986 2540 1047 2579 se
1066 2529 1241 2579 menti
1255 2528 1481 2591 ingerit,
1500 2542 1658 2581 eam-

24 2612 159 2664 que
188 2598 391 2650 latenti
432 2611 594 2649 mora
622 2610 657 2648 a
688 2597 1030 2649 rectitudine
1055 2598 1300 2661 justitim
1325 2598 1576 2661 divertit,
1603 2602 1660 2651 et

25 2682 163 2734 quo
192 2681 259 2720 se
282 2673 462 2719 totam
479 2668 699 2720 auctori
715 2667 951 2719 reddere
969 2666 1225 2731 negligit,
1248 2680 1315 2719 eo
1331 2669 1389 2719 in
1406 2682 1468 2720 se
1488 2670 1658 2734 justi-

28 2742 145 2793 tiaa
160 2741 297 2805 jure
321 2740 677 2792 contradicit.
702 2741 920 2790 Turbat
943 2751 1172 2803 quoque
1196 2741 1407 2792 animas
1432 2742 1658 2805 sapien-

22 2814 182 2864 tiam
198 2810 463 2875 stultitia,
479 2810 1158 2874 intellectumlhehetudo.
1185 2811 1484 2862 consilium
1510 2825 1658 2877 prte-

28 2882 330 2947 cipitatio,
358 2881 747 2933 fortitudinem
772 2881 959 2941 timor,
975 2881 1275 2933 scientiam
1309 2882 1653 2949 ignorantia,

26 2956 313 3005 timorem
347 2952 633 3017 superbia.
681 2953 904 3003 Rursus
959 2952 1019 3004 in
1064 2952 1233 3003 corde
1283 2965 1383 3017 per
1431 2954 1655 3017 ﬂagella

25 3024 315 3077 turbatur
355 3024 579 3085 caritas,
626 3035 726 3087 per
745 3022 1109 3074 formidinem
1152 3024 1477 3074 concutitur
1500 3037 1652 3089 spes,

24 3108 145 3161 per
176 3095 533 3159 quaestiones
576 3092 842 3158 pulsatur
869 3093 1033 3145 fides.
1064 3095 1135 3145 Et
1162 3094 1298 3157 quia
1329 3095 1651 3147 innumeris

26 3166 235 3218 modis
260 3166 567 3216 turbantur
590 3164 835 3216 virtutes
851 3176 884 3214 a
900 3165 1057 3215 vitiis
1070 3167 1126 3215 et
1142 3165 1410 3227 peccatis,
1424 3165 1649 3217 dicatur

22 3239 216 3296 recte,
251 3237 375 3286 Non
414 3240 485 3284 est
516 3250 634 3300 pax
662 3235 864 3284 ossibus
907 3236 1039 3283 meis
1072 3251 1107 3284 a
1148 3235 1288 3298 facie
1306 3242 1647 3300 peccatorum

24 3323 310 3359 meorum.
337 3309 451 3358 Nec
476 3307 584 3358 hoc
606 3306 841 3369 mirum,

92 3378 153 3433 5.
184 3378 533 3438 Quoniamin
550 3379 776 3442 quilatcs
803 3392 929 3426 mea:
955 3392 1302 3441 supergressa
1322 3383 1447 3426 sunt
1475 3384 1637 3443 caput

22 3466 243 3500 meum.
266 3449 329 3500 Id
353 3454 443 3500 est
465 3448 897 3514 praevaluerunt
914 3448 1095 3499 menti
1114 3461 1279 3508 meae,
1305 3461 1438 3512 quae
1462 3450 1641 3501 estin-

24 3520 270 3574 terioris
292 3520 541 3571 hominis
579 3524 771 3584 caput.
816 3521 965 3583 Ipsae
992 3524 1148 3582 sunt,
1193 3532 1324 3582 quae
1349 3522 1643 3584 captivant

23 3598 299 3645 mentem
323 3592 383 3642 in
402 3590 528 3654 lege
549 3590 769 3655 peccati
792 3594 851 3641 et
886 3590 1089 3640 mortis
1123 3591 1291 3651 (Rom.
1315 3590 1404 3653 7.).
1432 3592 1499 3639 Et
1540 3592 1642 3641 sic-

22 3670 89 3712 ut
127 3677 275 3711 onus
296 3676 473 3725 grave,
499 3666 731 3725 gravata
751 3666 879 3710 sunt
910 3675 1073 3725 super
1109 3676 1210 3711 me.
1234 3661 1467 3713 Nullum
1492 3675 1640 3713 onus

26 3742 159 3785 tam
190 3745 365 3797 grave
381 3737 570 3797 potest
586 3744 733 3795 esse,
756 3743 933 3795 quam
960 3731 1232 3794 iniquitas
1251 3749 1265 3782 :
1283 3733 1448 3796 cujus
1464 3735 1640 3793 gravi-

26 3812 223 3858 tatem
242 3803 316 3855 illi
340 3804 444 3855 soli
483 3804 757 3863 sentiunt,
777 3805 874 3867 qui
918 3800 1065 3869 I74
1102 3815 1228 3854 eam
1246 3803 1527 3867 deponere
1551 3817 1642 3854 cu-

26 3880 227 3943 piunt.
255 3877 381 3926 Non
396 3875 549 3926 enim
562 3875 849 3939 gravisitli
871 3876 1117 3934 videtur,
1145 3874 1244 3936 qui
1257 3875 1516 3925 adhucin
1545 3874 1641 3925 illa

25 3950 377 4001 delectatur.
406 3947 512 4007 Qui
536 3959 674 3998 vero
698 3946 856 3997 illam
880 3945 1180 4009 deponere,
1207 3950 1264 3995 et
1288 3946 1539 3996 mentem
1567 3946 1640 3996 ad

24 4018 297 4072 caelestia
322 4016 621 4068 sublevare
646 4018 880 4081 appetit,
898 4020 1183 4079 quantum
1201 4029 1347 4066 onus
1360 4016 1436 4067 sit
1457 4019 1641 4078 iniqui-

28 4098 150 4148 tas,
171 4089 363 4140 sentit.
379 4090 519 4139 Cum
544 4088 736 4139 labore
765 4087 1023 4151 erigitur,
1049 4088 1233 4137 libens
1249 4089 1403 4151 jacet
1422 4105 1434 4137 :
1452 4089 1524 4138 ab
1548 4090 1641 4138 in-

26 4161 227 4213 ﬁrmis
245 4159 345 4210 vix
365 4160 608 4219 levatur,
625 4163 684 4210 et
707 4162 899 4209 tamen
915 4157 1139 4209 elevata
1162 4158 1423 4221 protinus
1436 4161 1634 4208 labitur.

24 4231 418 4295 Semetipsam
441 4230 724 4282 laboriose
738 4230 1041 4291 vincendo,
1056 4242 1306 4293 superna
1329 4230 1636 4294 conspicit:

26 4304 137 4355 sed
166 4301 415 4366 pondere
451 4301 678 4367 proprio
701 4302 958 4364 gravata,
989 4300 1049 4351 in
1090 4302 1339 4364 seipsam
1361 4300 1635 4352 continuo

28 4374 215 4427 cadit.
242 4372 401 4425 Unde
434 4373 626 4424 adhuc
651 4371 914 4436 adjungit
939 4389 949 4420 :

93 4445 149 4499 6.
168 4445 520 4505 Putruerunt,
538 4449 584 4492 et
618 4447 883 4506 corruqtm
912 4446 1041 4489 sunt
1064 4440 1331 4489 cicatrices
1361 4454 1488 4490 mete
1511 4442 1636 4504 afa-

24 4519 106 4567 cie
130 4514 459 4578 insipientia:
487 4529 631 4565 mem.
662 4515 767 4565 Per
796 4512 1233 4563 similitudinem
1269 4512 1488 4563 dictum
1525 4519 1632 4565 est.

28 4592 189 4639 Nam
212 4586 361 4636 sicut
383 4585 679 4636 cicatrices
702 4586 1046 4648 putrescunt
1060 4582 1235 4648 prius,
1255 4587 1453 4646 postea
1480 4596 1637 4635 rum-

1765 1962 1873 2009 tur.
1912 1958 2035 2009 Hoc
2058 1958 2196 2020 dixi,
2232 1963 2297 2009 ut
2339 1958 2624 2018 invenias,
2658 1958 2799 2021 quid
2841 1958 2917 2008 sit
2942 1958 3212 2021 plangere
3235 1957 3365 2008 illu-

1760 2029 1954 2080 siones
1969 2030 2206 2081 animae.
2225 2029 2460 2095 Accepit
2475 2041 2706 2093 pmnam
2723 2028 3040 2091 illusiones,
3053 2027 3246 2079 amisit
3268 2040 3367 2079 ve-

1758 2100 2000 2151 ritatem.
2048 2101 2207 2152 Sicut
2252 2100 2406 2151 enim
2451 2112 2626 2165 paena
2662 2105 2753 2152 est
2796 2099 3007 2152 animaa
3045 2099 3254 2161 illusio,
3281 2098 3364 2150 sic

1759 2171 2064 2236 praemium
2090 2172 2303 2223 animm
2325 2171 2541 2223 veritas
2566 2176 2677 2223 est.

1822 2241 1874 2295 9.
1893 2241 2140 2305 Afﬂictus
2161 2256 2283 2291 sum
2302 2247 2348 2291 ct
2365 2241 2693 2291 humiliatus
2706 2255 2829 2290 sum
2853 2241 3053 2290 nimis:
3079 2240 3362 2303 rugiebam

1758 2328 1794 2360 a
1816 2313 2017 2376 gemitu
2041 2312 2217 2361 cordis
2239 2313 2364 2363 mei.
2404 2314 2489 2363 Ex
2508 2311 2815 2364 afﬂictione
2837 2310 3179 2371 humiliatio,
3204 2316 3264 2364 et
3285 2325 3359 2364 ex

1756 2382 2081 2435 humilitate
2126 2384 2380 2448 procedit
2409 2383 2679 2446 gemitus.
2718 2382 2809 2435 Ad
2831 2383 2941 2434 hoc
2964 2383 3154 2446 poenis
3179 2387 3237 2435 et
3266 2384 3361 2433 fla-

1758 2454 1924 2518 gellis
1946 2461 2213 2519 peccator
2257 2454 2547 2519 affligitur,
2574 2458 2641 2505 ut
2674 2466 2709 2504 a
2748 2454 3017 2518 superbia
3040 2466 3145 2505 sua
3174 2454 3363 2505 omni-

1756 2525 1930 2577 modo
1952 2526 2315 2577 humilietur:
2346 2530 2635 2590 quatenus
2652 2526 2751 2588 qui
2770 2525 2943 2578 Iustus
2959 2528 3016 2576 et
3037 2525 3221 2576 elatus
3234 2539 3362 2590 per-

1756 2598 2006 2661 petravit
2030 2596 2606 2662 peccatum,amictus
2619 2600 2677 2647 et
2700 2595 3038 2648 humiliatus
3054 2597 3249 2648 redeat
3285 2596 3359 2648 ad

1755 2666 2094 2719 lamentum.
2115 2669 2276 2730 Quod
2298 2668 2397 2729 ait,
2410 2667 2705 2730 Rugiebam
2719 2684 2753 2716 a
2768 2668 2994 2731 gemitu:
3024 2669 3257 2732 signum
3272 2673 3363 2719 est

1756 2738 2253 2790 vehementissimi
2279 2738 2512 2801 doloris,
2529 2738 2760 2802 quando
2777 2740 2951 2790 homo
2976 2750 3095 2803 prie
3114 2741 3362 2787 anxietate

1755 2810 1944 2861 cordis
1966 2809 2027 2861 in
2050 2822 2156 2861 suo
2172 2810 2408 2873 gemitu,
2435 2810 2721 2873 quendam
2738 2810 2919 2861 ferum
2942 2810 3001 2860 et
3031 2810 3361 2874 intelligibi-

1753 2880 1868 2932 lem
1892 2881 2104 2932 emittit
2148 2880 2424 2945 rugitum.
2459 2882 2529 2931 Et
2571 2880 2892 2932 notandum
2931 2880 3086 2943 quod
3109 2893 3229 2932 non
3256 2881 3356 2938 ait,

1764 2949 1912 3018 I75
1941 2956 1989 3003 Α
2012 2952 2229 3016 gemitu
2252 2951 2471 3002 carnis:
2500 2951 2623 3013 sed,
2644 2955 2693 3000 A
2722 2950 2942 3014 gemitu
2966 2951 3173 3014 cordis,
3192 2951 3358 3003 Multi

1752 3023 1906 3073 enim
1954 3027 2106 3083 sunt,
2142 3022 2241 3086 qui
2263 3034 2365 3087 pro
2393 3021 2586 3084 aliquo
2616 3021 2847 3083 damno,
2874 3020 2967 3073 vel
2988 3021 3356 3074 incommodo

1752 3094 2050 3157 temporali
2073 3092 2445 3144 vehementer
2458 3097 2716 3155 gemunt.
2742 3095 2819 3143 At
2841 3104 2979 3143 vero
3004 3105 3209 3143 servus
3231 3092 3354 3152 Dei,

1748 3164 1882 3227 quia
1904 3164 2059 3226 rugit
2091 3175 2163 3214 ex
2190 3163 2584 3214 recordatione
2601 3163 2845 3221 sabbati,
2870 3163 2970 3214 ubi
2994 3166 3087 3214 est
3108 3175 3354 3227 regnum

1745 3235 1865 3298 Dei,
1882 3234 2037 3298 quod
2049 3246 2178 3285 caro
2192 3238 2251 3285 et
2270 3246 2368 3285 san
2377 3233 2509 3298 guis
2522 3245 2639 3283 non
2654 3233 2975 3297 possidebit
2989 3233 3054 3296 (1.
3072 3232 3193 3284 Cor.
3221 3231 3348 3296 15.):

1748 3305 2156 3357 convenienter
2188 3304 2345 3366 dicit,
2378 3302 2675 3366 Rugiebam
2699 3320 2733 3352 a
2777 3305 2979 3368 gemitu
3007 3304 3183 3353 cordis
3223 3304 3347 3355 mei.

1749 3376 1913 3439 Quod
1944 3375 2240 3427 evidenter
2276 3374 2615 3437 ostenditur,
2652 3388 2783 3426 cum
2810 3376 3189 3427 subintertur:

1806 3446 1889 3501 10.
1917 3447 2148 3495 Domine
2181 3451 2306 3495 ante
2338 3451 2383 3495 te
2413 3460 2570 3495 omne
2592 3446 2919 3495 desiderium
2950 3461 3152 3509 meum,
3191 3451 3236 3495 et
3258 3461 3350 3509 ge-

1742 3519 1909 3567 mitus
1945 3533 2094 3566 meus
2118 3533 2154 3565 a
2177 3522 2221 3566 te
2249 3532 2363 3566 non
2405 3522 2477 3566 est
2507 3516 2866 3567 absconditus.
2893 3518 2975 3568 Sit
2997 3517 3347 3569 desiderium

1744 3593 1909 3639 tuum
1941 3589 2014 3639 ad
2059 3593 2116 3639 te
2158 3588 2339 3652 illum,
2382 3593 2441 3639 et
2474 3590 2640 3640 Pater
2663 3589 2800 3652 quid
2832 3588 2989 3639 videt
3017 3589 3076 3640 in
3100 3589 3345 3652 occulto,

1741 3660 1943 3711 reddet
1987 3659 2090 3710 tibi
2135 3660 2341 3723 (Matth.
2391 3658 2481 3721 6.).
2530 3659 2779 3711 Attende
2824 3664 3036 3719 autem,
3067 3659 3219 3723 quod
3245 3660 3346 3720 ait,

1740 3732 1878 3781 Ante
1900 3735 1962 3790 te,
1986 3743 2052 3781 ac
2087 3729 2135 3780 si
2174 3730 2328 3781 dicat
2357 3745 2370 3780 :
2410 3729 2564 3782 Nihil
2608 3730 2889 3793 desidero,
2915 3730 3031 3781 nisi
3054 3730 3210 3793 quod
3247 3730 3347 3781 tibi

1741 3802 1978 3867 placeat.
2008 3802 2150 3851 Nam
2174 3814 2417 3865 pravum
2456 3801 2807 3853 desiderium
2835 3814 2954 3853 non
2974 3805 3108 3853 ante
3138 3803 3342 3863 Deum,

1744 3873 1843 3923 sed
1863 3875 2065 3922 contra
2080 3872 2259 3921 Deum
2280 3874 2388 3923 est.
2415 3872 2470 3922 Si
2496 3873 2691 3923 autem
2713 3872 3225 3924 inestdesiderium
3241 3873 3341 3924 bo-

1742 3956 1904 4003 num,
1940 3946 2092 3993 Inest
2119 3946 2177 3993 et
2209 3941 2489 4006 gemitus:
2508 3942 2734 4005 quietsi
2755 3943 2828 3994 ad
2848 3955 3017 3994 aures
3040 3942 3342 3994 hominum

1741 4027 1860 4066 non
1872 4025 2097 4077 semper
2108 4013 2388 4077 pervenit,
2411 4014 2484 4063 ab
2498 4013 2736 4064 auribus
2759 4012 2862 4063 Dei
2875 4024 3178 4076 nunquam
3189 4025 3341 4064 rece-

1741 4085 1848 4137 dit:
1876 4085 2035 4136 hunc
2065 4087 2261 4135 autem
2284 4082 2611 4135 inferiorem
2635 4083 2918 4148 gemitum
2953 4082 3338 4145 commendat,

1740 4168 1874 4208 cum
1899 4156 2027 4218 subj
2041 4154 2202 4218 ungit
2230 4168 2244 4205 :

1802 4226 1889 4280 11.
1915 4228 2018 4277 Cor
2035 4242 2216 4275 meum
2239 4225 2619 4275 conturbatum
2644 4231 2734 4276 est.
2760 4227 2942 4287 Quare
2959 4229 2983 4276 Ρ
2999 4225 3136 4289 quia
3149 4225 3344 4275 Dareti-

1738 4299 1856 4362 qm‘t
1882 4313 1962 4346 me
1985 4297 2158 4347 virtus
2173 4312 2310 4346 mea.
2331 4297 2611 4349 Videlicet
2638 4298 3056 4358 immortalitas,
3078 4297 3340 4361 impassi-

1737 4370 1945 4430 bilitas,
1970 4370 2315 4433 innocentia,
2331 4369 2573 4432 justitia.
2598 4369 2667 4418 Et
2686 4369 2867 4419 lumen
2892 4370 3173 4419 oculorum
3195 4383 3337 4417 meo-

1734 4456 1883 4500 rum,
1916 4440 1975 4491 id
2000 4444 2106 4499 est,
2137 4441 2377 4492 rationis
2415 4441 2631 4492 lumen.
2678 4441 2747 4489 Et
2778 4441 2980 4504 ipsum,
3005 4439 3161 4502 quod
3193 4438 3332 4490 mihi

1736 4512 1995 4564 naturale
2029 4515 2167 4571 erat,
2194 4527 2307 4561 non
2330 4517 2401 4561 est
2417 4527 2644 4562 mecum.
2668 4511 2774 4562 Vel
2798 4512 2995 4562 lumen
3017 4510 3334 4571 oculorum,

1734 4583 1857 4647 ipse
1893 4584 2046 4635 Deus
2080 4588 2185 4634 est.
2225 4584 2349 4634 Hoc
2385 4582 2584 4634 lumen
2610 4594 2729 4632 non
2765 4585 2872 4644 est,
2901 4593 3035 4632 cum
3062 4581 3208 4645 ipso,
3233 4580 3337 4633 sed

24 4661 194 4725 pitur
226 4668 354 4707 caro
380 4673 391 4704 :
440 4657 532 4745 sic‘
553 4660 787 4720 peccata
823 4661 1026 4736 sanata
1047 4654 1501 4745 in‘baptisni‘ate,
1526 4668 1631 4719 pu-
1661 4673 1719 4745 D
1739 4659 2015 4745 tanquam
2037 4654 2392 4745 cernentium
2414 4655 2478 4745 in
2509 4665 2647 4745 spe;
2664 4651 3065 4745 Sedlnondum
3088 4651 3339 4745 esilirllutl

28 4732 316 4784 trescunt,
342 4727 575 4791 quando
592 4731 945 4778 renovantur
959 4727 1020 4777 in
1037 4726 1348 4777 voluntate.
1366 4728 1633 4777 Corrum-

22 4804 257 4867 puntur
274 4803 486 4857 autem,
505 4798 737 4862 quando
748 4810 1160 4849 eaexercemus
1174 4797 1233 4847 in
1248 4809 1437 4861 opere.
1453 4798 1520 4848 Et
1536 4801 1629 4846 hoc

23 4876 95 4926 fit
108 4886 148 4924 a
170 4870 311 4922 facie
334 4870 681 4935 insipientize
697 4875 933 4932 nostrae,
951 4869 1005 4919 id
1034 4874 1123 4920 est
1139 4873 1369 4934 propter
1388 4871 1631 4930 insipien-

26 4948 197 5004 tiam,
224 4953 352 5005 quae
376 4942 544 4993 nobis
568 4954 823 5005 praesens
835 4945 942 4991 est.
961 4941 1183 5000 Quanto
1207 4940 1361 4991 enim
1378 4938 1508 5004 plus
1532 4939 1631 4991 de-

28 5016 302 5080 sipimus,
342 5015 504 5063 tanto
549 5012 798 5076 amplius
850 5011 1136 5075 putredini
1181 5015 1239 5063 et
1280 5010 1631 5075 corruptioni

28 5087 509 5153 propinquamus.
534 5084 668 5135 Ideo
692 5082 882 5135 adhuc
907 5082 1173 5133 subditur
1200 5096 1214 5132 :

92 5158 149 5211 7.
166 5155 323 5204 Miser
337 5154 511 5217 factus
536 5159 736 5215 sum,et
760 5158 1012 5202 curvatus
1033 5167 1156 5201 sum
1178 5167 1347 5216 usque
1362 5152 1423 5201 in
1445 5154 1637 5214 ﬁnem.

32 5234 191 5280 Ante
212 5227 406 5276 beatus
430 5224 791 5289 eram,modo
806 5224 990 5275 factus
1017 5236 1147 5274 sum
1175 5225 1370 5287 miser,
1392 5228 1630 5287 portans

26 5300 251 5352 multas
280 5296 559 5358 miserias,
594 5300 651 5347 et
684 5308 741 5346 iu
781 5296 975 5346 anima
1014 5300 1072 5346 et
1101 5296 1162 5346 in
1195 5307 1446 5358 corpore.
1482 5296 1630 5345 Ante

27 5381 264 5423 creatus
286 5380 471 5430 usque
505 5367 579 5419 ad
607 5368 807 5427 Deum,
838 5366 1008 5418 modo
1057 5370 1334 5417 curvatus
1358 5378 1546 5429 usque
1570 5366 1631 5416 in

29 5446 233 5503 tinem,
259 5438 313 5489 id
346 5442 454 5505 est,
492 5438 551 5489 in
590 5441 889 5502 peccatum
917 5454 927 5486 :
977 5436 1069 5489 vel
1112 5449 1298 5500 usque
1328 5437 1387 5487 in
1417 5437 1548 5499 ﬁne,
1574 5436 1631 5486 id

31 5519 142 5569 est,
170 5523 353 5574 usque
381 5510 442 5561 in
464 5516 728 5562 mortem.
754 5509 915 5562 Unde
938 5508 1252 5573 Apostolus
1275 5521 1515 5572 gemens
1534 5508 1629 5571 ait,

34 5585 243 5639 Infelix
255 5595 358 5646 ego
371 5582 561 5641 homo,
582 5582 713 5645 quis
731 5581 1098 5633 meliberabit
1122 5581 1193 5632 de
1223 5593 1457 5644 corpore
1479 5592 1635 5631 mor-

37 5661 110 5710 tis
134 5654 490 5717 hujus(Rom.
505 5653 611 5717 7.)?
653 5654 782 5702 Tota
797 5653 882 5701 die
905 5653 1252 5701 contristatae
1275 5651 1632 5715 ingrediebar.

38 5725 479 5782 Amissalzetitia
499 5723 796 5788 spirituali,
826 5723 955 5775 haec
980 5723 1211 5774 tristitia
1231 5728 1539 5787 generatur
1562 5736 1635 5775 ex

35 5795 429 5852 recordatione
454 5794 694 5847 sabbati.
720 5794 1041 5846 Electorum
1060 5799 1305 5852 mentes,
1324 5797 1441 5842 dum
1460 5802 1637 5843 cuncta

38 5867 362 5923 transitoria
382 5866 542 5918 nulla
564 5877 695 5918 esse
705 5865 1085 5929 conspiciunt.
1102 5865 1173 5915 ad
1198 5876 1330 5928 quas
1350 5866 1468 5917 sint
1490 5878 1633 5917 con-

49 5944 205 6003 dita},
225 5938 537 6003 exquirunt
558 5955 568 5988 :
584 5950 830 6008 cumque
842 5936 952 5990 illis
965 5936 1104 5993 nihil
1121 5940 1286 5993 extra
1298 5937 1481 5989 Deum
1497 5939 1639 5992 sum-

1738 4724 1937 4777 lumen
1959 4726 2031 4776 de
2054 4736 2168 4789 quo
2197 4726 2419 4788 dicitur,
2434 4724 2749 4776 Ostendam
2765 4723 2843 4775 illi
2858 4724 3146 4787 meipsum
3171 4724 3335 4786 (Psat.

1731 4795 1856 4861 90.).
1883 4798 2179 4857 Habemus
2199 4795 2415 4859 aliquid
2449 4795 2706 4860 luminis,
2733 4797 2871 4858 quia
2886 4796 2985 4846 filii
3002 4795 3107 4847 Dei
3131 4808 3336 4847 sumus

1728 4868 1909 4929 (Joan.
1944 4868 2032 4929 1.),
2051 4871 2108 4919 et
2133 4867 2330 4931 utique
2353 4867 2463 4918 hoc
2481 4867 2539 4918 in
2558 4867 2669 4919 (ide
2695 4868 3042 4919 retinemus:
3062 4867 3165 4918 sed
3190 4879 3332 4919 non-

1729 4940 1869 4990 dum
1884 4942 1972 4989 est
1987 4937 2126 4990 illud
2138 4938 2354 5001 lumen,
2372 4939 2526 5001 quod
2543 4939 2889 4997 videbimus,
2904 4938 3164 4990 nondum
3181 4938 3336 4989 enim

1728 5012 2007 5074 apparuit,
2030 5011 2167 5075 quid
2190 5010 2662 5072 erimus(i.Joan.
2689 5010 2780 5074 3.).
2800 5011 3028 5062 Scimus
3052 5009 3186 5073 quia
3199 5021 3335 5060 cum

1684 5100 1687 5103 ί
1728 5082 2071 5146 apparuerit,
2099 5082 2316 5134 similes
2346 5083 2398 5134 ei
2422 5082 2657 5145 erimus,
2692 5094 2826 5134 cum
2851 5080 3176 5132 videbimus
3199 5091 3336 5130 eum

1730 5153 1898 5203 sicuti
1917 5156 2024 5225 est.
2046 5155 2192 5205 Nam
2216 5153 2387 5205 modo
2410 5154 2608 5205 lumen
2631 5153 2784 5217 fidei,
2801 5156 2860 5204 et
2880 5153 3075 5225 lumen
3100 5150 3223 5214 spei
3238 5156 3330 5200 est.
3386 5214 3391 5225 θ

1732 5223 1996 5286 Quandiu
2024 5226 2182 5274 enim
2219 5236 2427 5275 sumus
2469 5224 2529 5274 in
2567 5236 2817 5287 corpore,
2845 5222 3277 5286 peregrinamur
3298 5232 3334 5271 a

1730 5295 1973 5345 Domino
1997 5292 2066 5354 (‘2.
2098 5294 2218 5344 Cor.
2267 5294 2356 5356 3.).
2403 5296 2509 5345 Per
2552 5295 2723 5344 fidem
2757 5294 2911 5345 enim
2944 5292 3330 5354 ambulamus,

1731 5377 1848 5415 non
1882 5376 1982 5427 per
2005 5365 2272 5427 speciem.
2320 5366 2389 5415 Et
2423 5364 2699 5427 quandiu,
2725 5363 2880 5427 quod
2904 5375 3020 5414 non
3043 5361 3332 5422 videmus,

1733 5448 2033 5499 speramus
2060 5448 2073 5483 :
2102 5446 2201 5497 per
2226 5435 2557 5496 patientiam
2603 5438 3013 5498 exspectamus
3038 5433 3208 5493 (Rom.
3234 5430 3330 5494 8.).

1737 5509 1890 5558 Inter
1938 5506 2044 5557 has
2080 5504 2477 5556 tribulationes
2505 5505 2625 5567 jam
2649 5505 2721 5556 ad
2746 5504 3196 5556 consolationem
3224 5514 3333 5553 no-

1733 5582 1914 5628 strum
1937 5576 2243 5628 audiamus
2271 5576 2472 5639 capitis
2497 5575 2679 5629 nostri
2712 5588 2905 5626 voces.
2935 5577 3066 5626 Jam
3099 5573 3334 5638 incipiat

1730 5647 2021 5699 lucescere
2047 5653 2220 5711 caput
2240 5651 2505 5697 nostrum
2531 5646 2592 5697 in
2614 5647 2883 5711 passione
2907 5661 2919 5695 :
2956 5649 3038 5698 ait
3060 5658 3214 5709 ergo,

1797 5718 1882 5773 1‘2.
1920 5719 2098 5768 Amici
2129 5718 2253 5782 mei,
2291 5723 2336 5767 et
2365 5718 2610 5781 proximi
2642 5719 2767 5781 mei,
2818 5718 3098 5766 adversum
3124 5732 3208 5765 me
3230 5732 3334 5781 ap-

1731 5791 2241 5855 propinquaverunt
2255 5795 2299 5839 et
2315 5794 2585 5838 steterunt.
2611 5790 2784 5851 Quasi
2811 5790 2988 5841 dicat:
3016 5788 3163 5851 Quid
3189 5800 3331 5840 con-

1736 5863 1991 5926 quereris
2015 5865 2041 5912 ‘I
2080 5863 2222 5913 Vide
2242 5861 2535 5918 afflictum,
2573 5862 2933 5924 cruciﬁxum,
2966 5865 3201 5926 peccata
3233 5864 3335 5912 tua

1737 5938 2085 6000 portantem,
2110 5933 2315 5985 mundi
2336 5932 2598 5987 miserias
2626 5932 2922 5992 ferentem,
2941 5937 3001 5985 et
3024 5932 3335 5983 auferentem
