3890 6398
547 382 651 440 787

1621 381 1889 433 RUFINO
1912 381 2364 433 PRESBYTERO
2390 381 2776 433 ASCRIPTUS

3753 380 3841 433 788

548 498 617 548 Et
647 496 757 547 hoc
792 496 880 547 est
902 493 1055 568 quod
1076 492 1232 555 dicit,
1260 492 1438 542 Amici
1462 491 1660 568 mei,_id
1675 491 2137 568 _est,_Juda3i,_qui
2162 494 2218 568 Α
2246 493 2372 545 buit
2395 493 2461 556 (1.
2489 494 2634 568 Petri.
2655 492 2841 568 Q.)._Et
2864 491 3016 568 dolor
3041 492 3557 568 vicnam-conspectu
3578 506 3842 568 meo_sem-

549 581 611 618 se
633 568 925 617 ﬁnxerunt
947 565 1161 615 amicos
1180 575 1355 623 meos,
1374 569 1417 611 et
1438 564 1685 626 proximi
1700 563 2138 613 meisecundum
2162 562 2218 568 ’“
2238 580 2354 627 per.
2391 569 2481 615 An
2505 564 2575 615 de
2604 563 2827 628 ﬂagello
2849 562 3112 614 dolebat?
3136 562 3320 614 Absit.
3345 563 3509 615 Unde
3539 566 3728 627 ergo?
3762 577 3841 614 se-

547 650 775 689 carnem
793 637 999 699 (Matth.
1026 635 1072 687 1.
1098 640 1143 681 et
1168 632 1232 686 15
1258 634 1292 695 ).
1313 634 1598 680 adversum
1624 648 1704 680 me
1727 634 2142 696 appi'Opinqua-

546 714 750 768 ierunt,
783 719 913 757 cum
950 704 1154 767 gladiis
1178 708 1235 754 et
1258 704 1511 753 fustibus
1532 704 1741 765 (Matth.
1766 703 1833 756 ‘26
1859 709 1903 751 et
1925 702 2051 765 “27.).
2079 709 2143 755 ut

546 792 635 828 me
662 777 947 828 traderent
979 791 990 824 :
1029 780 1073 821 et
1096 780 1347 821 sle/erunt
1380 773 1543 836 rigidi
1567 774 1627 822 in
1650 773 1868 824 malitia
1898 786 2002 823 sua
2018 787 2143 835 per-

545 852 890 905 severantes,
932 848 1114 896 Grive
1148 847 1237 895 est
1268 857 1533 908 peccare,
1571 844 1672 893 sed
1708 845 1944 906 gravius
1970 849 2057 894 est
2085 844 2142 894 in

545 924 773 984 peccato
811 918 1162 980 pertinacem
1188 926 1535 978 permanere.
1555 917 1624 965 Et
1643 915 1964 965 notandum
1988 915 2143 977 quod

542 1003 656 1041 non
688 990 785 1048 ait,
810 986 1433 1047 Inimici,autextranei
1453 1001 1464 1034 :
1488 984 1589 1036 sed
1615 985 1781 1034 amici
1810 990 1853 1033 et
1878 986 2141 1049 proximi.

542 1059 811 1110 Graviora
836 1057 1066 1120 quidem
1090 1061 1230 1107 sunt
1255 1055 1405 1105 mala
1430 1068 1561 1119 qua
1580 1056 1653 1105 ab
1671 1055 1871 1105 amicis
1896 1056 2142 1118 patimur

540 1142 715 1194 quam
740 1142 807 1180 ea
838 1140 971 1190 qua:
998 1127 1249 1191 patimur
1266 1127 1338 1176 ab
1361 1125 1625 1176 inimicis.
1654 1127 1777 1176 Non
1799 1124 1987 1176 solum
2004 1128 2140 1174 enim

539 1212 713 1266 paena
738 1199 969 1250 illorum
990 1210 1100 1248 nos
1128 1197 1363 1258 cruciat,
1387 1196 1491 1247 sed
1511 1197 1683 1248 etiam
1706 1198 1912 1247 caritas
1929 1197 2144 1249 amissa

542 1275 870 1323 tormentat.
916 1268 983 1318 Et
1020 1268 1117 1332 qui
1146 1267 1315 1331 juxta
1340 1282 1422 1315 mc
1445 1273 1607 1316 erant
1631 1267 1692 1315 de
1715 1266 1867 1330 longe
1889 1273 2141 1316 steterunt

540 1342 715 1404 Idest,
764 1337 1031 1402 discipuli
1070 1353 1082 1388 :
1118 1338 1253 1400 quia
1284 1338 1480 1389 relicto
1521 1351 1588 1388 eo
1631 1349 1834 1387 omnes
1868 1336 2142 1400 fugerunt

541 1413 755 1477 (Matth.
787 1410 914 1471 ‘26.).
941 1410 1007 1458 Et
1028 1410 1139 1457 vim
1154 1408 1425 1471 faeiebant
1450 1410 1545 1471 qui
1566 1409 1868 1471 quaerebant
1891 1411 2137 1457 animam

541 1498 735 1533 meam.
766 1481 1084 1532 Trahentes
1118 1493 1252 1531 eum
1282 1480 1351 1530 ad
1372 1479 1649 1539 judicium
1686 1485 1743 1530 et
1776 1484 2038 1530 mortem.
2074 1480 2140 1528 Et

539 1556 637 1620 qui
661 1552 1010 1618 inquirebant
1034 1551 1181 1600 mata
1205 1551 1345 1599 mihi
1362 1551 1569 1614 toquuti
1592 1556 1718 1599 sunt
1742 1551 2019 1599 vanitates.

538 1619 745 1677 cebant
770 1624 924 1675 enim
948 1623 1231 1674 adversus
1248 1635 1379 1673 eum
1396 1622 1536 1672 falsa
1556 1619 2138 1683 testimonia(Luc.2?.

535 1702 581 1745 et
604 1695 730 1759 923.).
763 1695 830 1744 Et
854 1694 1002 1743 dolos
1028 1699 1135 1742 tota
1165 1692 1249 1740 die
1285 1692 1705 1741 meditabantur.
1753 1692 1972 1752 Quibus
2006 1696 2140 1743 ante

540 1766 785 1818 Pilatum
820 1777 1097 1816 accusare
1118 1769 1358 1827 possent
1381 1764 1592 1825 (Matth;
1629 1761 1755 1825 ‘26.).
1784 1762 1894 1814 Sed
1914 1764 2038 1826 jam
2071 1775 2144 1827 pa

540 1837 797 1889 “dentiam
822 1835 1003 1886 nostri
1028 1834 1425 1897 Redemptoris
1449 1834 1753 1884 audiamus
1782 1849 1794 1883 :

602 1916 689 1969 13.
735 1916 850 1979 Ego
895 1920 1077 1963 autem
1125 1919 1406 1977 tamquam
1452 1913 1651 1962 surdus
1690 1928 1802 1962 non
1832 1913 2137 1966 audiebam.

553 1985 707 2055 I76
753 1985 918 2039 Unde
955 1984 1193 2048 quidam
1226 1997 1424 2035 eorum
1448 1986 1526 2035 ait
1551 2002 1563 2055 ε
1598 1997 1714 2035 non
1738 1984 1907 2036 audis
1927 1988 2145 2047 quanta

538 2053 853 2110 adversum
877 2062 933 2109 te
958 2056 1341 2108 testiﬁcantur
1370 2055 1515 2117 (Luc.
1540 2053 1648 2117 29..)
1672 2058 1698 2105 ?
1721 2056 1789 2104 Et
1808 2056 1943 2105 sicut
1964 2055 2144 2105 mutus

537 2146 649 2179 non
675 2130 924 2192 aperiens
942 2143 998 2175 os
1021 2142 1183 2174 suum
1202 2144 1213 2175 ε
1229 2127 1386 2177 Sicut
1411 2127 1687 2190 scriptum
1714 2128 2143 2190 est:Tanquam

536 2201 662 2252 ovis
686 2199 759 2250 ad
783 2198 1076 2250 victimam
1098 2196 1311 2248 ductus
1334 2202 1440 2255 est,
1467 2199 1524 2248 et
1539 2210 1655 2247 non
1670 2198 1892 2261 aperuit
1907 2211 1971 2249 os
1990 2214 2139 2246 suum

538 2272 678 2335 (lsai.
706 2269 837 2333 53.).
864 2271 935 2320 Et
960 2268 1069 2319 hoc
1085 2267 1305 2318 dictum
1322 2272 1413 2319 est
1437 2268 1757 2319 secundum
1782 2273 1995 2319 actum.
2016 2272 2138 2318 Cum

535 2343 772 2393 haberet
789 2345 986 2391 actum
1001 2338 1273 2390 audiendi
1297 2343 1355 2390 et
1376 2338 1667 2402 loquendi,
1688 2352 1802 2390 non
1819 2340 2023 2391 eodem
2040 2347 2142 2389 ute-

534 2414 705 2464 batur
719 2410 795 2463 ad
817 2409 1151 2463 vindictam.
1170 2410 1307 2461 Haec
1330 2414 1524 2462 autem
1549 2410 1919 2474 pertinentad
1936 2417 2139 2476 poten-

534 2484 693 2546 tiam,
719 2495 853 2533 cum
878 2480 1235 2532 subinfertur
1261 2498 1272 2529 :

598 2554 685 2607 14.
740 2552 807 2602 ΕΙ
837 2553 1013 2615 factus
1044 2566 1167 2599 sum
1191 2552 1327 2599 sicut
1368 2551 1528 2599 homo
1552 2567 1665 2600 non
1688 2553 1936 2616 audiens,
1960 2552 2137 2616 Idest,

536 2637 656 2674 non
692 2628 899 2687 potens
914 2621 1131 2673 audire.
1156 2622 1223 2670 Et
1245 2637 1359 2669 non
1388 2621 1586 2670 habens
1619 2624 1680 2670 in
1706 2638 1795 2672 ore
1818 2639 1913 2673 suo
1943 2641 2000 2673 re
2027 2628 2137 2674 ’ar—

537 2695 794 2757 gat-iones.
820 2692 995 2755 ldest,
1020 2692 1289 2755 quamvis
1311 2691 1585 2743 haberem
1613 2693 1766 2744 unde
1789 2708 2022 2758 possem
2044 2710 2137 2747 re-

539 2766 838 2828 darguere,
862 2768 1054 2814 tamen
1077 2762 1159 2814 fui
1188 2762 1354 2825 quasi
1379 2775 1495 2813 non
1514 2763 1752 2814 habens.
1780 2765 1924 2826 Quid
1949 2766 2009 2816 in
2030 2766 2137 2818 hoc

538 2836 711 2898 aliud,
728 2834 839 2885 nisi
852 2837 1051 2884 nostra
1072 2834 1340 2895 superbia
1352 2833 1760 2885 confunditur?
1775 2837 1914 2897 Quae
1938 2838 1984 2886 si
2000 2850 2139 2889 exa-

537 2908 719 2971 gitata
768 2905 860 2957 vel
901 2905 1103 2956 leviter
1145 2904 1333 2965 fuerit,
1376 2905 1622 2955 acriores
1663 2906 1905 2967 injurias
1931 2908 2133 2972 reddit,

538 2990 715 3041 quam
747 2981 1045 3040 acceperat
1083 2990 1095 3026 :
1136 2975 1273 3026 facit
1300 2976 1453 3026 mala
1476 2988 1607 3037 quae
1640 2981 1845 3040 potest,
1881 2979 2136 3031 minatur

538 3061 668 3112 quas
693 3060 809 3099 non
831 3051 1039 3111 potest.
1067 3047 1211 3098 Ecce
1233 3046 1312 3109 inj
1324 3047 1504 3097 uriam
1522 3047 1839 3111 suscipiens
1859 3051 2012 3100 Deus
2034 3067 2133 3100 non

534 3120 818 3183 irascitur,
866 3132 987 3170 non
1031 3118 1446 3170 contumeliosa
1484 3120 1662 3171 verba
1702 3121 2030 3184 respondet.
2072 3124 2141 3173 Et

537 3193 817 3255 tanquam
870 3190 921 3241 si
965 3189 1016 3241 ei
1063 3189 1364 3241 diceretur.
1408 3190 1589 3250 Quare
1620 3203 1739 3244 non
1768 3192 2042 3256 aperuisti
2074 3206 2141 3244 os

537 3267 705 3314 tuum
723 3265 749 3312 (ἔ
774 3261 1059 3323 Sequitur,
1094 3264 1152 3312 et
1174 3260 1311 3311 dicit
1334 3274 1347 3310 :

601 3330 687 3385 15.
724 3331 998 3389 Quoniam
1030 3331 1092 3379 in
1138 3336 1199 3391 te,
1237 3330 1486 3381 Domine.
1527 3332 1758 3395 speravi,
1803 3337 1859 3380 tu
1879 3334 2135 3395 exaudire

537 3417 641 3462 mc,
665 3403 895 3451 Domine
928 3401 1068 3450 Dcus
1095 3415 1260 3451 meus.
1288 3400 1450 3451 Unde
1473 3402 1532 3452 et
1552 3401 1632 3453 illi
1655 3402 1958 3453 dixerunt:
1986 3407 2135 3456 Con-

535 3474 661 3524 lldit
688 3473 749 3523 in
793 3473 932 3536 Deo,
961 3471 1165 3523 liberet
1192 3483 1348 3521 nunc
1375 3485 1508 3522 eum
1544 3472 1593 3523 si
1616 3473 1743 3524 vult
1767 3474 1976 3537 (Matth.
2004 3474 2131 3539 “26.).

535 3542 723 3595 Facile
751 3542 999 3594 adversa
1022 3554 1280 3605 superas,
1308 3541 1357 3592 si
1388 3554 1521 3605 spes
1547 3546 1646 3593 tua
1676 3545 1793 3594 ﬁxa
1818 3545 1892 3594 sit
1919 3545 1976 3595 in
1996 3547 2133 3597 Deo.

540 3616 610 3665 Et
656 3614 703 3663 si
735 3612 1025 3664 tribularis
1060 3611 1134 3662 ad
1170 3615 1419 3675 tempus,
1455 3613 1516 3663 in
1539 3617 1792 3676 tempore
1813 3622 2135 3678 opportuno

538 3683 809 3736 exaudiet
825 3689 879 3735 te
904 3682 1183 3734 Dominus
1195 3683 1350 3734 Deus
1368 3686 1518 3734 tuus.
1535 3684 1644 3736 Sed
1666 3684 1817 3737 unde
1833 3688 2133 3739 exaudiet?

540 3756 801 3817 sequitur
825 3768 838 3804 :

600 3824 685 3879 16.
726 3825 865 3883 Quia
900 3824 1040 3885 dixi,
1067 3823 1372 3888 Nequando
1395 3826 1832 3889 supergaudeant
1855 3829 1996 3878 mihi
2029 3830 2135 3878 ini-

535 3897 665 3945 mici
685 3897 808 3946 mei.
838 3898 951 3947 Nos
976 3895 1075 3958 qui
1100 3896 1225 3958 puri
1250 3896 1511 3947 homines
1537 3911 1763 3961 sumus,
1788 3899 2134 3961 quandoim-

536 3972 760 4031 petrare
777 3966 994 4029 aliquid
1015 3965 1304 4028 volumus,
1327 3966 1621 4018 humiliter
1634 3969 2006 4032 deprecamur
2023 3973 2133 4022 Do-

534 4039 779 4089 minum.
820 4038 1097 4090 Mediator
1132 4038 1234 4089 Dei
1268 4042 1326 4089 et
1347 4037 1644 4090 hominum
1675 4040 1849 4092 homo
1873 4041 2134 4093 Christus

534 4111 710 4160 Jesus
758 4109 828 4170 (l.
884 4110 1017 4158 Tim.
1055 4107 1148 4171 2.),
1187 4109 1321 4171 quia
1356 4110 1510 4160 Deus
1534 4115 1623 4161 est
1652 4110 1723 4161 de
1752 4112 1886 4173 Deo,
1911 4113 2047 4163 dicit
2070 4119 2135 4165 ut

532 4180 726 4243 ﬂat,et
751 4180 958 4231 factum
986 4185 1099 4231 est.
1119 4180 1255 4231 Orat
1278 4180 1510 4242 quando
1535 4181 1677 4245 vult,
1704 4195 1776 4232 ex
1799 4182 2133 4235 inﬁrmitate

532 4251 721 4302 carnis
746 4268 757 4299 :
786 4250 1028 4314 imperat
1052 4250 1285 4314 quando
1312 4249 1455 4313 vult,
1479 4264 1552 4302 ex
1574 4255 1853 4315 potestate
1877 4253 2135 4305 divinita-

535 4322 627 4372 tis.
661 4321 771 4373 Sed
797 4322 933 4384 quid
958 4321 1145 4372 dixit?
1170 4320 1483 4383 Nequando
1508 4324 1967 4386 supergaudeant
1993 4326 2133 4377 mihi

527 4392 745 4444 inimici
761 4393 892 4455 mei,
918 4405 1018 4455 pro
1045 4403 1137 4442 me
1160 4391 1405 4443 devicto.
1432 4394 1933 4456 Supergauderent
1956 4397 2129 4460 enim,

531 4464 581 4514 si
603 4465 713 4527 ipsi
736 4476 853 4514 non
875 4467 1216 4526 resurgeret,
1246 4463 1311 4511 Et
1338 4464 1469 4511 dum
1487 4473 1901 4528 commoventur,
1916 4471 2131 4527 etquasi

529 4532 804 4585 labuntur
822 4534 978 4597 pedes
1006 4534 1111 4581 mei
1134 4549 1146 4584 :
1173 4535 1234 4584 in
1265 4535 1530 4597 passione
1552 4551 1712 4599 super
1734 4552 1816 4586 me
1838 4553 2042 4600 magna
2062 4538 2137 4587 to-

530 4606 690 4668 quuti
704 4610 849 4653 sunt.
878 4605 1242 4667 Projicientes
1255 4606 1406 4656 enim
1419 4606 1438 4667 j
1450 4620 1622 4669 ugum
1638 4608 1684 4670 ej
1696 4621 1781 4667 us,
1796 4613 1968 4670 atque
1983 4612 2126 4658 illum

530 4675 853 4727 contemtui
869 4675 1151 4726 habentes
1168 4678 1411 4739 superbe
1424 4677 1721 4730 dixerunt:
1744 4680 1866 4730 Non
1886 4683 2128 4730 habemus

527 4759 724 4809 regem
763 4746 876 4796 nisi
899 4740 1182 4798 Casarem
1212 4748 1392 4811 (Joan.
1426 4748 1553 4812 19.).
1606 4752 1677 4801 Et
1707 4750 1888 4802 multa
1911 4752 2020 4803 alia
2040 4752 2127 4804 lo-

529 4818 693 4881 quuti
712 4818 851 4869 sunt
878 4829 1053 4881 super
1078 4832 1229 4869 eum.
1257 4822 1475 4881 Quare?

591 4888 675 4942 17.
704 4890 976 4947 Quoniam
1001 4905 1091 4953 ego
1118 4890 1177 4938 in
1200 4891 1411 4953 ﬂagella
1426 4897 1653 4955 paratus
1676 4907 1815 4944 sum.
1842 4895 2129 4954 Aliquando

528 4960 636 5021 (Eae
667 4960 991 5023 Augustino)
1025 4967 1349 5025 peccatores
1372 4964 1431 5013 in
1453 4963 1562 5013 hac
1588 4963 1706 5015 vita
1732 4968 1832 5015 aut
1857 4977 1992 5026 non,
2028 4970 2129 5016 aut

526 5032 718 5083 minus
744 5032 1125 5095 ﬂagellantur,
1149 5034 1286 5096 quia
1303 5034 1424 5096 jam
1447 5033 1746 5097 desperata
1767 5037 1856 5084 est
1881 5037 2127 5087 intentio

525 5116 744 5155 eorum.
773 5105 850 5155 At
867 5117 1000 5155 vero
1022 5104 1121 5165 illi,
1137 5105 1348 5167 quibus
1370 5108 1604 5169 paratur
1616 5106 1736 5156 vita
1759 5108 2122 5170 sempiterna,

522 5186 763 5227 necesse
803 5180 894 5226 est
936 5178 1003 5226 ut
1045 5174 1138 5226 hic
1180 5174 1574 5238 ﬂagellentur:
1603 5175 1738 5237 quia
1761 5190 1895 5226 vera
1919 5183 2006 5228 est
2031 5178 2127 5229 illa

524 5245 823 5305 sententia,
843 5244 1052 5305 Fili,ne
1077 5245 1312 5296 delicias
1332 5258 1367 5295 a
1389 5245 1687 5309 disciplina
1699 5248 1942 5309 Domini,
1961 5264 2125 5309 neque

521 5315 777 5379 fatigeris
800 5316 939 5367 dum
963 5318 1035 5367 ab
1068 5329 1137 5368 eo
1160 5317 1417 5377 argueris
1443 5318 1615 5380 (Prov.
1634 5316 1724 5380 3.).
1756 5322 1935 5381 Quem
1968 5323 2123 5371 enim

521 5386 705 5451 diligit
758 5387 1059 5447 Dominus,
1096 5387 1327 5451 corripit
1360 5388 1630 5452 ﬂagellat,
1665 5402 1896 5442 omnem
1941 5390 2121 5442 lilium

524 5468 695 5520 quem
759 5458 961 5521 recipit
1032 5456 1206 5520 (Hebr.
1266 5455 1350 5510 12.
1428 5460 1590 5523 Apoc.
1668 5459 1761 5522 3.).
1808 5462 1941 5512 Ideo
1985 5474 2120 5526 ergo

516 5540 635 5579 non
678 5528 959 5580 insultent
993 5528 1206 5579 inimici
1245 5529 1371 5587 mei,
1410 5543 1529 5582 non
1552 5543 1762 5595 magna
1794 5532 2115 5595 loquantur.

520 5600 589 5649 Et
634 5599 684 5649 si
726 5600 975 5663 ﬂagellat
1006 5613 1096 5650 me
1134 5601 1301 5652 Pater
1323 5614 1508 5666 meus,
1534 5603 1595 5653 in
1630 5604 1857 5666 ﬂagella
1886 5610 2117 5666 paratus

519 5681 651 5720 sum
678 5685 690 5719 :
727 5672 861 5732 quia
884 5670 1024 5721 mihi
1050 5677 1405 5735 praeparatur
1422 5673 1746 5725 haereditas.
1771 5676 1893 5724 Non
1919 5676 2007 5725 vis
2023 5678 2118 5728 ﬂa-

518 5739 768 5801 gellum?
792 5743 917 5793 Non
947 5742 1047 5794 tibi
1064 5743 1234 5795 datur
1255 5744 1792 5796 hiereditas.0mnis
1805 5745 1958 5796 enim
1978 5750 2115 5797 ﬁlius

517 5822 758 5863 necesse
785 5818 877 5864 est
898 5819 963 5866 ut
990 5815 1322 5879 ﬂagelletur.
1355 5816 1551 5879 Usque
1573 5816 1716 5867 adeo
1737 5817 1925 5868 omnis
1938 5820 2114 5879 ﬂagel-

517 5882 692 5947 latur,
716 5887 910 5935 utnec
932 5884 1041 5949 ipsi
1063 5886 1393 5952 pepercerit,
1419 5887 1519 5951 qui
1539 5893 1839 5952 peccatum
1870 5902 1989 5943 non
2010 5891 2114 5943 ha-

2243 636 2435 698 quitur
2463 650 2474 685 :

2305 705 2389 759 18.
2417 707 2689 764 Quoniam
2715 705 3057 768 iniquitatem
3083 721 3256 752 meam
3291 705 3662 767 annuntiubo,
3697 711 3742 752 et
3771 721 3843 752 co-

2243 778 2418 838 gitabo
2438 794 2538 840 pro
2569 784 2774 839 pet-cato
2798 791 2929 825 meo.
2958 779 3100 827 Ecce
3126 777 3231 837 (15.1:
3256 777 3451 835 eodem)
3486 778 3649 827 unde
3674 776 3841 826 dolor.

2245 849 2370 897 Non
2404 848 2474 898 de
2500 849 2739 910 ﬂagello,
2771 859 2887 896 non
2912 847 2981 897 de
3010 848 3260 909 vulnere,
3281 860 3396 898 non
3420 855 3490 898 de
3512 848 3840 897 medecina:

2243 919 2343 967 sed
2361 918 2430 968 de
2456 922 2703 981 peccato.
2735 919 2875 968 Nam
2902 916 3191 980 ﬂagellum
3222 917 3505 968 medicina
3538 923 3634 968 est
3654 922 3843 968 contra

2242 993 2557 1051 peccatum.
2606 991 2731 1039 Non
2776 1001 3013 1038 securus
3060 988 3159 1049 sis,
3181 1002 3312 1039 cum
3338 990 3646 1039 confessus
3679 988 3841 1038 fueris

2242 1065 2560 1124 peccatum.
2588 1062 2714 1110 Non
2736 1059 2846 1110 hoc
2863 1058 3091 1120 sulIlcit,
3116 1059 3225 1109 nisi
3247 1059 3455 1111 deinde
3492 1060 3721 1122 cogites
3754 1072 3840 1121 pro

2241 1137 2474 1196 peccato
2498 1136 2613 1182 tuo.
2634 1129 2919 1181 Detexisti
2945 1129 3160 1181 vulnus
3184 1130 3511 1186 confitendo
3540 1146 3553 1180 :
3578 1130 3841 1180 sacerdos

2242 1202 2340 1265 qui
2361 1206 2451 1252 est
2468 1201 2723 1251 medicus
2747 1201 2958 1251 animae
2976 1205 3110 1259 tuae,
3124 1200 3281 1251 dedit
3298 1201 3399 1252 tibi
3421 1201 3735 1252 consilium
3757 1217 3845 1248 me.

2241 1273 2448 1324 dicinte
2471 1288 2482 1322 :
2521 1269 2668 1338 |77
2697 1271 2845 1322 dixit
2872 1271 2970 1321 tibi
2990 1270 3144 1321 unde
3168 1271 3485 1333 abstineas,
3513 1270 3662 1334 quid
3688 1270 3846 1321 adhi-

2242 1344 2380 1394 beas
2405 1342 2630 1394 vulneri
2643 1347 2761 1393 tuo.
2787 1343 2973 1393 Debes
2985 1354 3121 1406 ergo
3135 1342 3383 1405 cogitare
3399 1355 3500 1406 pro
3516 1347 3780 1406 peccato,
3807 1350 3845 1389 et

2242 1427 2468 1476 semper
2491 1414 2821 1464 memoriter
2857 1414 3119 1475 retinere,
3158 1416 3214 1464 et
3238 1413 3420 1463 facere
3455 1426 3589 1475 quae
3614 1412 3840 1473 audisti,

2240 1498 2432 1536 curam
2458 1497 2671 1548 gerere,
2689 1488 2748 1535 et
2770 1496 3000 1548 operam
3024 1484 3175 1540 dare,
3201 1489 3267 1535 ut
3290 1484 3527 1534 saneris.
3548 1484 3840 1543 Cagitalmt

2238 1554 2333 1606 ille
2363 1568 2464 1618 pro
2492 1560 2722 1617 peccato
2748 1567 2872 1612 suo,
2899 1554 2996 1616 qui
3019 1553 3571 1614 dicebatzouonlam
3604 1555 3842 1614 iniquita-

2240 1632 2358 1678 tem
2380 1640 2567 1678 meam
2592 1639 2698 1690 ego
2722 1639 3028 1689 cognosco,
3043 1631 3099 1675 et
3117 1629 3414 1687 peccatum
3432 1638 3633 1676 meum
3655 1630 3839 1676 contra

2240 1710 2333 1748 me
2355 1701 2446 1749 est
2475 1711 2703 1761 semper
2740 1697 2899 1760 (Psal.
2932 1696 3057 1759 50.).
3078 1698 3275 1759 Neque
3298 1696 3454 1747 enim
3478 1709 3729 1747 securus
3753 1696 3840 1745 ad-

2240 1768 2356 1820 huc
2378 1774 2519 1832 erat,
2547 1770 2812 1833 quamvis
2840 1768 3102 1819 audisset
3134 1780 3168 1817 a
3200 1768 3492 1831 propheta,
3520 1768 3839 1818 Transtulit

2247 1841 2528 1891 Dominus
2550 1855 2584 1892 a
2607 1846 2664 1893 te
2690 1846 2988 1904 peccatum
3014 1844 3176 1890 tuum
3206 1839 3272 1901 (εὶ.
3293 1840 3416 1902 Reg.
3444 1838 3573 1901 12.).
3600 1842 3739 1889 llzec
3751 1852 3841 1889 au-

2245 1917 2362 1963 tem
2386 1913 2561 1963 verba
2586 1912 2649 1963 in
2671 1924 2918 1976 persona
2945 1916 3142 1963 nostra
3164 1909 3316 1961 dicta
3332 1914 3488 1973 sunt,
3514 1910 3623 1974 qui
3647 1923 3840 1961 sumus

2242 1988 2593 2045 peccatores.

2304 2053 2389 2107 19.
2428 2054 2646 2103 Inimici
2683 2058 2861 2102 autem
2902 2052 3007 2101 mei
3030 2052 3232 2103 vivunt.
3258 2051 3408 2102 Bene
3432 2055 3521 2103 est
3542 2049 3686 2113 Illis,
3712 2065 3838 2116 gau-

2242 2126 2379 2178 dent
2406 2126 2467 2176 in
2498 2124 2696 2176 saeculi
2714 2124 2998 2185 felicitate,
3022 2123 3119 2174 ubi
3144 2136 3250 2186 ego
3266 2123 3478 2185 laboro,
3503 2124 3681 2186 rugio
3702 2136 3737 2174 a
3754 2138 3837 2187 ge-

2239 2197 2385 2247 mitu
2409 2195 2595 2247 cordis
2628 2195 2758 2246 mei.
2784 2195 2853 2243 Et
2876 2195 3181 2256 conﬁrmati
3197 2200 3322 2242 sunt
3345 2209 3505 2257 super
3528 2209 3635 2254 me,
3676 2193 3740 2244 Id
3763 2198 3835 2245 est

2244 2270 2325 2332 (ea:
2352 2268 2698 2331 Augustino),
2737 2265 3058 2327 conglobati
3091 2268 3148 2315 et
3170 2266 3517 2316 corroborati
3540 2265 3623 2316 ad
3662 2267 3837 2328 oppri-

2238 2341 2513 2390 mendum
2537 2352 2648 2390 me.
2674 2338 2743 2387 Et
2767 2337 3113 2401 multiplicati
3135 2336 3369 2400 suntqui
3385 2336 3626 2386 oderunt
3639 2351 3722 2385 me
3740 2338 3834 2384 ini-

2239 2426 2357 2474 que.
2406 2409 2567 2460 Multi
2604 2410 2757 2461 enim
2798 2411 3188 2472 apparuerunt
3211 2406 3271 2457 in
3304 2407 3567 2470 passione
3605 2407 3832 2464 inimici,

2237 2481 2337 2545 qui
2381 2486 2551 2532 antea
2583 2480 2926 2532 videbantur
2963 2478 3149 2529 amici.
3177 2477 3319 2538 Quia
3342 2477 3610 2528 Christus
3644 2477 3834 2529 dilexit

2238 2566 2355 2615 eos,
2375 2552 2453 2602 illi
2470 2564 2601 2602 eum
2622 2552 2868 2602 oderunt
2884 2550 3095 2612 inique.
3111 2549 3318 2600 Odium
3336 2560 3591 2611 namque
3606 2551 3832 2610 iniquum

2238 2626 2343 2685 est,
2370 2622 2500 2674 odio
2523 2622 2731 2673 habere
2754 2621 3022 2672 amicum.
3047 2619 3254 2671 Odium
3278 2619 3539 2683 iniquum
3563 2624 3683 2682 est,
3695 2621 3832 2671 odire

2236 2694 2551 2756 hominem,
2580 2706 2698 2744 non
2724 2695 3041 2756 peccatum.
3065 2691 3170 2755 Hic
3194 2696 3282 2742 est
3299 2690 3485 2741 omnis
3509 2696 3566 2741 et
3595 2703 3832 2754 magnus

2232 2769 2425 2815 reatus
2458 2765 2703 2815 illorum.
2745 2765 2888 2813 Nam
2922 2762 3058 2825 quid
3098 2775 3296 2813 nocere
3319 2765 3637 2826 potuerunt
3659 2774 3832 2825 persc-

2236 2834 2465 2898 quendo
2520 2834 2814 2885 voluntate
2866 2846 2983 2884 non
3039 2832 3369 2884 necissitate
3393 2832 3705 2883 morienti?
3737 2832 3830 2883 Sed

2229 2906 2422 2969 ipsum
2446 2905 2640 2956 odium
2657 2909 2745 2955 est
2767 2904 2982 2955 crimen
3005 2904 3322 2954 maximum
3346 2903 3767 2967 persequentis.

2296 2975 2383 3031 20.
2412 2976 2831 3035 Quiretribuunt
2845 2975 2989 3023 mala
3002 2990 3102 3038 pro
3122 2974 3272 3023 bonis
3288 2974 3670 3022 destrahebant
3686 2972 3828 3022 mihi.

2235 3048 2305 3099 Et
2325 3061 2444 3099 non
2465 3046 2574 3098 alia
2596 3046 2668 3098 de
2684 3059 2911 3109 caussa,
2929 3046 3039 3096 nisi
3061 3046 3324 3109 quoniam
3345 3044 3604 3108 sequebar
3626 3044 3831 3095 bonita-

2245 3125 2364 3169 tem.
2403 3119 2733 3169 Debuerant
2760 3117 2993 3180 quidem
3027 3129 3127 3180 pro
3153 3117 3328 3168 tantis
3354 3116 3652 3166 beneﬂciis
3695 3116 3830 3166 bona

2241 3190 2556 3242 retribuere
2580 3203 2592 3239 :
2622 3188 2775 3252 quod
2800 3201 2918 3239 non
2950 3187 3139 3238 solum
3154 3200 3271 3238 non
3300 3188 3577 3250 fecerunt,
3606 3199 3828 3238 verum-

2166 3261 2212 3333 C
2238 3262 2411 3313 etiam
2442 3274 2543 3324 pro
2574 3261 2725 3333 bona
2747 3260 2899 3333 mala
2920 3259 3295 3333 reddiderunt.
3316 3260 3429 3309 Nec
3453 3259 3649 3333 solum
3672 3270 3828 3309 noce-

2239 3332 2379 3383 bant
2412 3333 2580 3394 facto,
2617 3331 2717 3382 sed
2750 3331 2922 3382 etiam
2945 3330 3016 3381 de
3043 3329 3344 3381 trahebant
3374 3330 3566 3381 verbo.
3607 3328 3828 3393 Propter

2234 3401 2341 3454 hoc
2362 3405 2503 3466 orat,
2528 3407 2586 3453 et
2620 3402 2758 3453 dicit
2787 3418 2800 3452 :

2296 3472 2383 3527 21.
2420 3474 2499 3523 Ne
2528 3474 2871 3535 derelinquas
2907 3486 3008 3531 me,
3033 3471 3259 3520 Domine
3278 3472 3415 3520 Deus
3438 3486 3607 3523 naeus.
3638 3470 3702 3521 Id
3727 3474 3820 3529 est,

2234 3558 2309 3596 ne
2329 3544 2628 3609 permittas
2654 3558 2743 3594 me
2760 3543 2963 3594 cadere
2988 3542 3455 3594 intentationem.
3479 3542 3558 3591 Ne
3579 3543 3818 3590 discesse-

2234 3617 2312 3666 ris
2347 3632 2382 3665 a
2422 3631 2520 3666 me.
2563 3618 2641 3665 Ne
2677 3629 2775 3679 per
2805 3614 3128 3665 absentiam
3163 3613 3362 3675 gratia:
3401 3616 3519 3664 tute
3542 3612 3817 3663 dimiseris

2232 3700 2326 3738 me
2350 3687 2555 3750 perire.
2580 3688 2701 3737 Hoc
2734 3685 2944 3737 dicitur
2969 3685 3026 3735 in
3050 3697 3295 3749 persona
3326 3684 3527 3734 nostri.

2295 3756 2381 3811 9‘2.
2417 3758 2633 3806 Intende
2668 3760 2726 3805 in
2762 3756 3101 3819 adjutorium
3124 3770 3323 3806 meum.
3349 3754 3411 3806 Id
3434 3760 3542 3819 est,
3566 3754 3644 3807 da
3668 3760 3720 3805 te
3744 3755 3817 3804 in-

2234 3833 2478 3888 tentum,
2499 3827 2922 3891 utmeadjuvcs
2939 3828 3009 3876 ad
3035 3830 3182 3878 bene
3201 3826 3569 3891 Operandum.
3594 3827 3813 3875 Dominr

2232 3899 2601 3950 Deus‘salutis
2649 3914 2791 3947 meae.
2838 3900 3044 3950 Rector
3075 3911 3261 3960 meus,
3310 3897 3537 3948 Creator
3558 3910 3744 3962 meus,
3768 3902 3815 3946 et

2234 3983 2379 4023 meae
2407 3969 2610 4020 salutis
2633 3975 2849 4021 auctor.

2461 4056 2827 4119 TITULUS
2871 4055 3193 4119 PSALMI
3239 4054 3621 4118 XXXVIII.

2296 4141 2341 4186 1.
2368 4136 2431 4201 In
2456 4138 2621 4201 ﬁnem
2640 4152 2741 4201 pro
2771 4137 3009 4201 [dit/ium
3029 4136 3429 4201 Canticuiiiipsi
3441 4136 3634 4185 David.
3655 4138 3812 4194 Cujus

2233 4201 2346 4247 dam
2362 4199 2470 4258 (Ex
2495 4199 2815 4259 Augustino)
2859 4202 2949 4259 qui
2973 4208 3175 4247 vocatur
3200 4199 3435 4257 ldithum,
3461 4213 3608 4246 voces
3629 4214 3811 4257 exsper—

2236 4265 2395 4309 inmite
2406 4268 2555 4321 atque
2572 4263 2790 4308 audiend
2800 4268 2974 4309 aasunt.
2993 4263 3046 4308 Et
3062 4264 3102 4308 si
3118 4276 3225 4308 esse
3239 4263 3586 4320 unusquisque
3599 4269 3807 4308 nostrum

2233 4325 2449 4383 potuerit
2474 4326 2688 4371 lditlium
2711 4325 2763 4370 in
2790 4338 2847 4370 eo
2872 4327 3002 4383 quod
3030 4330 3210 4385 cantat,
3236 4324 3511 4373 invenitse.
3539 4330 3586 4370 et
3605 4326 3807 4370 auditse.

2233 4388 2469 4444 Idithum,
2517 4388 2702 4445 quippe
2756 4385 3083 4433 Transitiens
3116 4400 3198 4434 eos
3238 4387 3605 4444 interpretatur.
3638 4388 3683 4431 Si
3710 4387 3811 4443 quis

2234 4449 2518 4495 transiliens
2546 4449 2777 4505 cantavit,
2798 4450 3007 4506 gaudeat
3030 4463 3079 4494 se
3103 4462 3209 4496 esse
3230 4450 3361 4506 quod
3387 4449 3619 4495 cantavit.
3640 4448 3808 4505 Siquis

2234 4512 2399 4557 adhuc
2428 4519 2560 4557 terrm
2588 4511 2837 4556 inluereus
2863 4514 3093 4569 cantavit,
3120 4517 3249 4569 optet
3273 4511 3524 4557 etstudeat
3548 4524 3657 4555 esse
3688 4508 3805 4568 quod

2233 4573 2467 4619 cantavit.
2496 4572 2751 4618 Canticum
2778 4573 2889 4619 ideo
2914 4573 3113 4632 dicitur,
3141 4574 3261 4631 qnia
3285 4573 3592 4631 spiritualem
3610 4574 3805 4618 continet

2155 4624 2588 4697 Djocunditatem
2624 4649 2637 4687 ;
2671 4634 2809 4680 docet
2846 4635 2981 4681 enim
3021 4624 3111 4681 nos
3135 4624 3381 4682 mente-de
3407 4636 3613 4681 terrenis
3637 4635 3696 4680 ad
3722 4646 3807 4678 ca:-

2232 4697 2374 4743 lestia
2415 4697 2681 4743 transilire.
2708 4698 2851 4742 Mittit
2888 4710 2979 4743 nos
3001 4699 3055 4743 in
3090 4698 3325 4755 ﬂuem,id
3357 4703 3444 4755 est,
3470 4698 3522 4743 in
3549 4698 3802 4744 Christum.

2231 4759 2428 4806 Materia
2471 4766 2543 4805 est
2575 4760 2862 4805 transiliens
2881 4765 2928 4804 et
2952 4760 3196 4817 perfectus
3223 4759 3308 4805 ille
3331 4760 3419 4818 qui
3443 4760 3578 4805 omni
3607 4757 3801 4804 munda-

2229 4834 2446 4867 norunm
2467 4822 2715 4879 Voluptate
2740 4824 3026 4879 pastposita,
3065 4822 3185 4867 solis
3200 4823 3482 4868 coelestibus
3499 4821 3670 4875 inhiat,
3693 4826 3800 4865 etla-

2229 4882 2295 4929 lis
2318 4885 2405 4941 qui
2427 4897 2455 4930 a
2472 4886 2561 4929 Deo
2584 4884 2827 4941 perfectus
2844 4888 2992 4940 est,ut
3007 4890 3151 4929 etiam
3175 4885 3397 4941 linguam
3411 4896 3552 4929 suam
3572 4897 3598 4927 a
3619 4886 3798 4942 peccato

2226 4947 2435 4991 omnino
2466 4946 2709 4992 cohibeat.
2748 4947 2881 4991 lianc
2914 4958 2999 5003 per
3031 4952 3191 5005 partes
3215 4946 3279 4991 ita
3305 4946 3540 5004 disponit.
3572 4946 3625 4991 In
3654 4946 3797 5004 prima

2224 5012 2359 5066 parte
2384 5008 2597 5053 ostendit
2637 5007 2724 5053 ille
2759 5008 3072 5065 transiliens,
3112 5021 3164 5054 se
3211 5012 3364 5054 tacere
3398 5007 3602 5064 mundo,
3636 5007 3684 5053 id
3717 5012 3796 5059 est,

2228 5070 2516 5116 hominibus
2543 5070 2827 5129 pravis,qui
2854 5070 3137 5127 deprimunt
3164 5084 3298 5128 eum,
3320 5075 3365 5116 et
3388 5073 3639 5118 conantur
3664 5080 3797 5125 repre-

2225 5132 2443 5178 hendere
2466 5133 2594 5177 dicta
2621 5133 2747 5187 ejus,
2778 5139 2825 5177 et
2850 5134 2984 5191 loqui
3010 5134 3071 5178 de
3101 5145 3173 5177 eo.
3203 5134 3257 5179 lu
3289 5133 3507 5179 secunda
3529 5137 3796 5189 partecom-

2224 5199 2363 5252 parat
2395 5196 2502 5241 haec
2530 5196 2787 5240 mundana
2815 5209 2927 5240 cum
2962 5195 3266 5255 ccelestibus,
3290 5195 3553 5240 ostendens
3577 5194 3681 5240 ὴωο
3707 5202 3795 5237 θεῖε

2222 5268 2371 5311 vana,
2397 5257 2488 5302 illa
2510 5257 2803 5314 appetenda.
2830 5259 2881 5303 In
2910 5258 3049 5304 tertia
3076 5257 3213 5315 ponit
3235 5258 3525 5313 orationem,
3554 5260 3607 5301 ut
3628 5255 3791 5301 amatis

2222 5317 2479 5378 liberetur,
2514 5324 2559 5364 et
2597 5319 2818 5364 caelestia
2851 5320 3004 5365 valeat
3044 5320 3283 5365 obtinere.
3310 5318 3519 5365 Intentio
3542 5323 3631 5373 est,
3651 5319 3791 5375 justus

2220 5379 2505 5442 admonere,
2551 5383 2607 5427 ut
2646 5381 2919 5427 mundanis
2962 5380 3264 5441 postpositis,
3310 5381 3370 5427 ad
3406 5380 3621 5428 ccelcslia
3647 5388 3788 5427 trans-

2219 5448 2349 5488 eam.
2603 5519 3004 5584 PSALMUS
3037 5519 3421 5584 XXXVIII.

2279 5606 2298 5674 I
2316 5606 2427 5674 78
2446 5608 2978 5670 Q.Dia:i,Custodiam
2994 5612 3110 5660 vias
3124 5626 3285 5671 meas,
3302 5616 3357 5659 ul
3369 5626 3479 5659 non
3492 5610 3779 5673 delinquam

2215 5679 2277 5728 in
2296 5680 2489 5741 lingua
2511 5697 2647 5732 mea.
2669 5682 2790 5733 Via:
2816 5687 3031 5734 nostrae
3044 5682 3115 5732 ad
3132 5683 3453 5741 Dominum,
3474 5684 3608 5732 sunt
3630 5681 3784 5731 actio-

2212 5763 2318 5802 nes
2334 5757 2391 5803 et
2406 5752 2721 5804 locutiones
2737 5758 2970 5805 nostra).
2987 5756 3138 5806 Bene
3160 5755 3310 5805 enim
3324 5752 3604 5816 loquendo
3620 5760 3663 5801 et
3677 5758 3783 5799 recte

2211 5822 2436 5885 agendo
2452 5824 2524 5875 ad
2547 5829 2762 5876 interna
2794 5825 3225 5889 proﬁciscimur.
3252 5826 3320 5877 Et
3341 5826 3477 5888 quia
3502 5826 3586 5877 vir
3599 5830 3779 5873 sanctus

2206 5894 2331 5959 jam
2342 5896 2694 5950 custodierat
2710 5897 2833 5951 vias
2846 5909 3041 5962 prava
3052 5897 3336 5963 factionis,
3349 5898 3775 5948 deliberavitetiam
