3890 6414
1851 19 2849 43 Μ

36 391 157 446 789
1078 395 1152 445 ΙΝ
1188 392 1511 445 PSALMOS
1551 392 1760 447 LXXV
1792 393 2377 447 COMMENTARIUS.

3266 393 3373 450 790

38 504 368 581 custod_ire
390 504 517 581 vias
525 506 745 581 illicitas
757 505 1126 581 loquutionis_.
1144 505 1288 581 Nam
1302 504 1400 581 qui
1413 505 1483 581 in
1498 505 1674 581 v_e_rbo
1698 507 1754 581 Α
1779 506 2086 581 terirenon
2100 505 2279 581 valet.
2305 507 2422 558 Nec
2443 505 2576 581 ideo
2601 506 2812 581 dicitur
2836 505 3057 558 dierum
3090 517 3372 581 numerus

36 588 174 625 non
206 575 477 637 oﬂendit,
505 576 595 627 ille
620 577 906 640 perfectus
941 580 1031 627 est
1062 576 1149 625 vir
1175 575 1375 639 (Jacob.
1410 574 1499 638 3.).
1527 576 1673 625 Hinc
1698 574 1754 581 ’“
1779 577 1931 639 quod
1953 578 2032 628 ita
2067 576 2141 628 sit
2162 577 2222 627 in
2251 590 2340 628 re:
2361 579 2463 629 sed
2485 579 2618 640 quia
2640 591 2749 630 nos
2771 578 2942 641 longa
2956 578 3142 641 spatia
3158 581 3371 640 tempo-

37 646 343 696 Salomon
376 646 481 696 ait:
509 647 617 708 Qui
640 647 893 697 custodit
924 646 1182 709 linguam
1209 658 1394 707 suam,
1422 646 1681 696 custodit
1777 661 1904 698 rum
1923 648 2297 711 designamus
2312 648 2633 711 pluralitate
2646 650 2869 700 dierum
2885 660 2987 713 pro
3007 649 3375 708 nostracapaci-

40 717 329 766 animam
378 730 544 767 suam
593 719 765 777 (Prov.
799 715 925 779 21.).
973 718 1125 778 Dixi,
1174 717 1431 779 inquam,
1458 721 1517 767 et
1552 717 1675 767 feci.
1778 723 1909 781 tate,
1934 720 2226 770 infinitum
2262 721 2596 771 aeternitatis
2622 721 2889 784 spatium,
2922 731 3229 769 numerum
3253 718 3374 768 die-

39 790 205 837 Nam
242 791 513 849 sequitur
538 802 549 837 :
577 789 743 837 Posui
781 790 865 836 ori
904 803 1017 835 meo
1041 789 1360 838 custodiam.
1385 787 1624 848 Quando
1650 790 1678 837 ?
1777 803 1904 840 rum
1917 791 2136 853 quiest,
2163 791 2467 854 improprie
2481 790 2970 854 voluitappellare.
2986 791 3157 839 Recte
3177 792 3371 838 autem

44 860 202 908 Cum
236 859 587 909 consisteret
610 858 818 920 aliquis
853 859 1000 921 pius,
1031 861 1088 909 et
1111 858 1437 920 religiosus,
1463 863 1520 909 et
1545 870 1678 908 san-

44 935 191 979 ctus
223 931 254 978 ⁵1
283 930 467 978 Absit.
495 929 567 978 Hi
584 929 666 979 sic
689 929 933 979 audiunt
962 929 1406 991 (exAugustino),
1434 933 1497 978 ut
1523 929 1677 991 quod

44 1000 340 1063 probant,
358 1000 619 1050 laudent:
640 999 793 1061 quod
806 1004 997 1049 autem
1015 1000 1359 1063 improbant,
1374 1002 1504 1047 inter
1518 1002 1678 1047 multa

46 1070 210 1121 forte
239 1082 378 1132 quae
391 1069 649 1132 laudant,
670 1070 892 1120 veniam
908 1082 1025 1120 non
1048 1069 1297 1120 laudatis
1314 1070 1470 1129 dant,
1486 1070 1676 1132 potius

47 1152 245 1202 quam
264 1139 617 1192 calumniam
642 1145 860 1203 parent.
888 1141 1125 1201 Quando
1149 1153 1284 1203 ergo
1299 1144 1326 1190 ?
1351 1141 1487 1189 Cum
1507 1141 1680 1188 consi-

47 1216 220 1257 steret
248 1216 495 1273 peccator
518 1211 806 1259 adversum
832 1224 933 1258 me.
957 1211 1078 1261 Stat
1107 1211 1261 1260 enim
1287 1211 1513 1273 propria
1534 1222 1681 1272 qua-

49 1281 197 1330 dam
213 1280 431 1331 notitia
446 1285 711 1343 peccator
722 1281 1335 1343 superbus,quisquam
1351 1280 1583 1331 invidus
1593 1295 1679 1326 au-

47 1350 508 1413 ditloquentem
540 1350 971 1413 transilientem,
997 1352 1389 1414 captatverba,
1412 1350 1676 1414 proponit

46 1419 581 1483 laqueos.DiiIlcile
606 1426 711 1481 est,
738 1424 803 1471 ut
826 1433 943 1471 non
960 1421 1220 1471 inveniat
1240 1420 1454 1483 aliquid
1470 1434 1589 1471 non
1606 1423 1675 1468 ita

47 1491 313 1553 dictum,
327 1494 390 1542 ut
413 1491 524 1542 dici
540 1492 841 1543 debuisset
855 1507 867 1542 :
881 1505 985 1542 nec
1000 1491 1286 1543 audiendo
1304 1492 1568 1554 ignoscit,
1589 1494 1673 1540 sed

48 1562 797 1613 calumniaturinvidendo.
814 1562 1047 1612 Talibus
1060 1562 1293 1625 quidem
1314 1563 1499 1624 magis
1516 1564 1675 1609 silen-

50 1632 206 1683 dum
234 1638 351 1693 est,
378 1645 554 1695 quam
578 1632 793 1695 aliquid
817 1633 1145 1683 dicendum.
1173 1635 1317 1683 Nam
1348 1633 1484 1695 quid
1511 1633 1672 1683 dicas

53 1703 339 1766 turbidis,
353 1704 743 1765 calumniosis,
756 1704 1055 1767 litigiosis?
1070 1704 1216 1754 Hinc
1245 1703 1520 1754 Dominus
1536 1702 1675 1753 dicit

48 1776 109 1826 in
135 1775 482 1837 Evangelio,
510 1774 694 1826 Nolite
726 1775 862 1826 dare
900 1780 1167 1826 sanctum
1197 1776 1457 1835 canibus,
1482 1786 1669 1836 neque

1774 859 1869 911 illa
1885 861 2041 924 prius
2068 861 2212 911 scire
2236 862 2481 924 appetit,
2506 867 2571 911 ut
2593 861 2961 922 postmodum
2996 860 3138 909 sciat
3160 858 3300 920 quid
3323 859 3374 908 ei

1774 931 1940 982 desit.
1968 933 2094 982 Non
2116 932 2268 982 enim
2282 931 2445 995 plene
2463 932 2607 981 scire
2625 944 2935 995 possumus
2956 942 3088 992 qua:
3104 929 3272 979 nobis
3285 931 3373 976 de-

1776 1001 1893 1052 sint
1916 1002 1977 1052 in
2011 1002 2442 1063 temporalibus,
2480 1002 2591 1052 nisi
2619 1002 2773 1063 prius
2808 1004 3025 1052 aeterna
3045 1001 3209 1056 bona,
3236 1010 3372 1061 qum

1773 1073 2091 1133 amisimus,
2116 1074 2357 1124 Domino
2374 1072 2684 1135 revelante,
2704 1083 3142 1135 cognoscamus.
3156 1070 3372 1120 Idcirco

1774 1144 1996 1206 reprobi
2032 1143 2171 1205 quid
2196 1144 2280 1194 eis
2318 1143 2487 1202 desit,
2512 1142 2939 1206 deprehendere
2965 1154 3081 1191 non
3103 1144 3368 1203 possunt,

1774 1214 1910 1276 quia
1934 1214 2176 1264 terrenis
2202 1215 2373 1264 rebus
2390 1226 2459 1264 ex
2476 1226 2670 1264 amore
2686 1213 3087 1263 succumbunt.
3115 1213 3374 1273 Cumque

1773 1284 1846 1335 ad
1885 1284 2300 1346 perennitatem
2327 1284 2500 1335 corda
2520 1297 2638 1334 non
2669 1284 2996 1343 sublevant,
3025 1280 3259 1333 exilium
3282 1291 3376 1343 pa-

1775 1356 1963 1416 triam,
1994 1356 2263 1406 tenebras
2280 1355 2487 1416 lucem,
2504 1367 2737 1405 cursum
2752 1353 3119 1405 stabilitatem
3140 1354 3373 1415 putant:

1772 1424 1907 1487 quia
1932 1425 2031 1487 qui
2053 1426 2269 1488 majora
2295 1426 2577 1488 nesciunt,
2591 1425 2847 1487 judicare
2871 1424 2941 1474 de
2968 1421 3223 1473 minimis
3256 1433 3376 1472 non

1772 1500 2034 1559 possunt.
2062 1496 2183 1555 Quo
2208 1499 2624 1547 contraservus
2650 1495 2749 1545 Dei
2773 1507 2907 1545 cum
2921 1493 2992 1544 ad
3009 1504 3257 1556 superna
3280 1503 3377 1542 cor

1771 1565 1976 1623 elevat,
2023 1565 2312 1616 defectum
2347 1565 2781 1629 temporalitatis
2818 1578 2892 1616 ex
2915 1562 3373 1615 consideratione

1771 1637 2145 1699 perennitatis
2169 1636 2378 1687 melius
2402 1641 2620 1701 pensat.
2640 1636 2800 1688 Unde
2813 1641 3089 1697 tanquam
3105 1635 3242 1684 noto
3260 1632 3374 1683 line

1776 1720 1900 1769 suo,
1926 1712 1984 1758 et
1999 1720 2240 1757 numero
2263 1708 2485 1759 dierum
2503 1707 2601 1771 qui
2625 1712 2734 1767 est,
2750 1706 2998 1758 attendit
3010 1705 3083 1757 ad
3096 1704 3225 1757 hac
3236 1715 3371 1766 quae

1768 1779 2086 1840 transeunt,
2117 1783 2174 1829 et
2203 1778 2282 1829 ait
2313 1794 2325 1828 :

52 1847 417 1938 margaritas
436 1850 854 1938 sparge‘reaante
875 1859 1076 1938 porco‘s
1095 1847 1305 1926 (Matth.
1333 1846 1402 1938 ἵ.)
1451 1848 1668 1938 Qualiter
1693 1861 1750 1938 B
1835 1848 1882 1901 6.
1929 1849 2060 1897 Ecce
2110 1848 2493 1938 mensi-titubabat
2523 1848 2751 1929 posuisti
2787 1848 2905 1929 ’ἀίεις
2945 1862 3104 1929 meos.
3157 1848 3221 1899 Id
3259 1854 3371 1911 est,

51 1921 263 1967 autem
289 1918 374 1968 ori
400 1930 506 1968 suo
527 1917 850 1969 custodiam
867 1917 1079 1981 posuit,
1101 1917 1359 1967 insinuat
1390 1929 1522 1966 cum
1546 1918 1666 1964 subs

44 1988 283 2051 jungit:

116 2058 170 2112 3.
206 2057 489 2117 Obmutui,
528 2063 574 2106 et
625 2058 949 2107 humiliatus
993 2074 1133 2121 sum,
1177 2063 1223 2107 et
1252 2058 1383 2106 silui
1416 2074 1451 2106 a
1502 2057 1670 2107 bonis.

53 2128 237 2178 Recte
255 2140 396 2177 cum
413 2128 671 2191 dixisset,
701 2128 973 2190 Obmutui,
999 2129 1262 2192 protinus
1285 2128 1571 2189 adjungit,
1604 2127 1672 2175 Et

14 2246 15 2251 η
54 2198 401 2246 humiliatus
412 2214 533 2247 sum
549 2216 561 2247 :
577 2198 1039 2262 utintelligamus
1058 2204 1246 2249 virum
1258 2200 1486 2261 justum
1503 2201 1676 2246 obmu-

12 2312 15 2325 λ
52 2269 260 2330 tuisse,
290 2281 412 2319 non
426 2282 499 2319 ex
515 2269 599 2319 ira
612 2270 731 2320 sive
746 2269 1140 2332 indignatione
1159 2288 1172 2320 :
1193 2270 1295 2320 sed
1310 2268 1672 2319 solummodo

51 2352 125 2389 ex
156 2339 517 2391 humilitate.
559 2340 724 2390 Siluit
757 2343 951 2391 autem
984 2353 1019 2391 a
1052 2341 1239 2401 bonis,
1269 2344 1335 2390 ut
1357 2353 1474 2390 non
1499 2338 1676 2389 delin-

12 2433 15 2468 ε
55 2414 261 2472 queret
287 2411 351 2460 in
374 2411 562 2460 malis.
588 2411 655 2458 Et
672 2424 745 2461 ex
769 2411 896 2473 hoc,
923 2412 1130 2474 inquit,
1156 2411 1309 2459 dolor
1336 2425 1484 2458 meus
1513 2424 1675 2457 reno-

12 2508 15 2537 :
52 2487 209 2528 ratus
233 2486 332 2531 est.
362 2483 410 2531 A
436 2481 630 2533 dolore
670 2481 881 2545 quippe
906 2482 1158 2544 quodam
1185 2482 1289 2544 (Ea:
1318 2481 1471 2542 eod.),
1499 2492 1672 2542 quem

12 2578 15 2609 ι
58 2552 201 2601 mihi
253 2552 604 2603 inﬂexerant
646 2552 1088 2603 calumniatores
1120 2557 1178 2603 et
1208 2552 1670 2613 reprehensores,

12 2648 15 2681 ι
65 2627 352 2685 tanquam
369 2624 764 2685 requieverain
778 2623 837 2673 in
855 2622 1099 2683 silentio,
1118 2626 1172 2673 et
1186 2626 1517 2672 cessaverat
1531 2623 1673 2667 dolor

9 2718 17 2767 ρ
57 2692 168 2752 ille,
194 2694 300 2756 qui
332 2693 518 2767 factus
543 2694 725 2744 fuerat
750 2706 785 2745 a
808 2693 1670 2767 calumniantibus._Renovatus

10 2790 17 2825 ξ

10 2922 15 2967 t

60 2770 147 2814 est
162 2769 373 2815 autem
389 2764 549 2815 dolor
563 2777 731 2815 meus
743 2802 757 2825 ,
775 2764 912 2827 quia
935 2763 1083 2826 ccepi
1100 2763 1228 2827 plus
1245 2762 1434 2813 dolere
1460 2765 1670 2809 tacuisse

58 2848 189 2897 quae
221 2835 418 2885 dicere
442 2834 727 2897 deberem,
777 2847 953 2898 quam
979 2834 1275 2886 dolueram
1298 2833 1512 2885 dixisse
1537 2844 1671 2895 quas

61 2906 254 2957 dicere
278 2918 402 2957 non
424 2906 709 2957 deberem.
737 2908 805 2956 Et
826 2906 982 2955 ideo:

124 2976 175 3029 4.
199 2976 495 3026 Concaluit
507 2991 597 3024 cor
610 2990 792 3023 meum
806 2977 959 3024 intra
972 2990 1072 3025 me.
1093 2976 1274 3039 C(Bpit
1296 2988 1426 3026 esse
1448 2973 1671 3036 inquie-

61 3051 183 3097 tum
200 3060 308 3098 cor
325 3060 545 3097 meum:
565 3047 833 3099 videbam
845 3047 1192 3105 insensatos,
1208 3051 1264 3097 et
1282 3046 1664 3097 tabescebam.

8 3146 17 3181 ι
62 3119 183 3168 Non
216 3119 559 3181 arguebam,
608 3123 666 3168 et
697 3131 790 3168 me
831 3119 912 3168 sic
960 3122 1245 3169 tacentem
1270 3117 1428 3168 zelus
1462 3116 1668 3166 domus

8 3218 15 3251 ε
63 3192 176 3241 tuas
223 3190 570 3241 comedebat
622 3189 802 3252 (Psal.
852 3187 938 3242 68.
985 3189 1146 3239 Joan.
1196 3187 1245 3241 2.
1273 3190 1307 3250 ).

1356 3191 1425 3239 Et
1469 3199 1542 3237 ne
1566 3198 1670 3248 pu-

1771 1932 1891 1970 non
1914 1924 2179 1978 aeternos,
2207 1919 2307 1970 sed
2333 1919 2668 1970 defectivos.
2695 1919 2950 1981 Quisque
2970 1919 3123 1969 enim
3140 1922 3375 1969 subcerta

1768 2002 2042 2041 mensura
2075 1990 2234 2041 vivit.
2283 1990 2349 2038 Et
2389 1989 2693 2038 substantia
2735 2004 2893 2038 mea:
2929 2002 3045 2040 non
3078 1991 3373 2042 renovatio

1770 2072 1945 2123 quam
1971 2060 2104 2110 fecit
2128 2060 2411 2120 Christus,
2440 2060 2542 2110 sed
2568 2059 2824 2111 essentia
2846 2059 3171 2124 corpOralis,
3198 2073 3374 2123 quam

1771 2131 2057 2181 traximus
2075 2144 2144 2181 ex
2159 2131 2371 2181 Adam:
2393 2136 2659 2193 tanquam
2674 2130 2917 2178 nihilum
2936 2136 3059 2179 ante
3084 2135 3146 2178 te.
3162 2133 3372 2187 Quidam

1770 2200 2039 2252 videntur
2063 2201 2257 2263 magni
2272 2204 2405 2250 ante
2418 2210 2499 2263 se,
2518 2200 2589 2250 de
2614 2200 2828 2262 quibus
2846 2200 3122 2263 scriptum
3136 2205 3252 2252 est:
3268 2203 3372 2252 Vae

1770 2271 1871 2333 qui
1901 2272 2189 2334 sapientes
2234 2272 2373 2321 estis
2402 2270 2461 2320 in
2500 2269 2682 2320 oculis
2712 2270 2918 2321 vestris
2944 2270 3089 2330 (Isai.
3122 2268 3193 2329 3.)
3228 2287 3241 2321 :
3269 2272 3370 2322 sed

1769 2347 1901 2392 ante
1925 2343 2103 2392 Deum
2127 2342 2268 2391 nihil
2293 2345 2448 2400 sunt,
2476 2342 2621 2391 teste
2656 2340 2948 2403 Apostolo,
2988 2340 3087 2402 qui
3119 2340 3200 2391 ait
3224 2356 3237 2392 :
3264 2342 3371 2403 Qui

1769 2417 1935 2476 putat
1951 2425 2014 2463 se
2036 2412 2253 2474 aliquid
2274 2425 2422 2473 esse,
2452 2424 2583 2461 cum
2617 2410 2759 2461 nihil
2785 2412 2876 2471 sit,
2902 2411 3024 2473 ipse
3061 2423 3122 2461 se
3147 2411 3371 2462 seducit

1771 2483 1951 2546 {Galat
1996 2481 2084 2542 5.).
2115 2484 2229 2532 Nec
2254 2482 2361 2532 iste
2387 2494 2459 2532 ex
2482 2481 2592 2531 hoc
2615 2493 2859 2542 magnus
2883 2485 2988 2540 est,
3014 2493 3151 2531 nam
3175 2483 3370 2530 inﬂatio

1769 2559 1827 2605 et
1852 2558 2043 2604 tumor
2064 2553 2319 2602 imitatur
2336 2551 2809 2615 magnitudinem,
2837 2552 2939 2601 sed
2963 2564 3079 2602 non
3102 2552 3277 2602 habet
3290 2568 3365 2600 suo

1767 2625 2027 2675 nitatem.
2055 2623 2145 2674 Sic
2188 2623 2408 2686 primus
2432 2623 2604 2672 homo
2638 2622 2882 2672 traditus
2906 2622 3028 2679 fuit,
3055 2626 3121 2673 ut
3144 2635 3244 2685 per
3266 2634 3371 2673 au-

1766 2700 2004 2759 gmenta
2016 2699 2341 2757 temporum
2368 2692 2522 2744 tendi
2538 2698 2734 2755 posset
2750 2693 2877 2756 ejus
2893 2694 2993 2740 vita
3011 2695 3367 2753 tantummodo,

1769 2780 1886 2817 non
1916 2765 2121 2817 evolvi.
2151 2765 2256 2815 Sed
2276 2764 2412 2826 quia
2447 2767 2653 2827 sponte
2681 2763 2754 2813 ad
2774 2762 2998 2826 culpam
3021 2763 3232 2814 decidit
3255 2776 3369 2826 quo

1765 2837 1957 2899 attigit
1971 2835 2236 2896 vetitum,
2264 2833 2495 2898 pertulit
2518 2834 2849 2885 decursum.
2876 2834 3010 2884 Ideo
3034 2836 3274 2882 nunciste
3291 2836 3367 2882 vir

1767 2912 2007 2959 sanctus
2035 2906 2158 2956 dies
2184 2919 2321 2956 suos
2347 2905 2707 2955 transitorios
2731 2904 3032 2967 conspicit,
3059 2908 3116 2955 et
3140 2916 3203 2953 se
3223 2903 3368 2953 nihil
3402 2924 3410 2933 -

1764 2979 1879 3029 nisi
1914 2977 2210 3039 pulverem
2235 2975 2552 3039 cognoscit.
2577 2974 2739 3026 Unde
2763 2974 2937 3025 etiam
2964 2978 3248 3036 sequutus
3265 2973 3360 3024 ad-

1760 3048 1981 3113 junxit:
2011 3048 2385 3097 Verumtamen
2404 3045 2656 3093 universa
2673 3045 2908 3106 vanitas,
2922 3044 3100 3092 omnis
3113 3045 3275 3092 homo
3291 3044 3366 3091 ui-

1766 3134 1907 3169 vcns.
1928 3120 2055 3169 Jam
2085 3116 2324 3167 transilii
2348 3114 2608 3166 mortalia
2631 3114 2843 3166 omnia.
2863 3114 3099 3164 Ascendi
3121 3114 3193 3164 ad
3209 3113 3367 3165 dele-

1766 3190 2070 3240 ctationem
2088 3187 2233 3250 legis
2249 3187 2367 3237 Dei.
2384 3184 2711 3237 Desideravi
2724 3187 2873 3233 finem
2893 3186 2995 3241 (Ea:
3015 3183 3361 3247 Augustino),

8 3292 13 3323 ί
60 3260 503 3345 taremusnhunc
526 3259 771 3345 calorem
811 3272 938 3310 esse
973 3271 1236 3345 parvum,
1261 3259 1533 3345 continuo
1565 3255 1666 3305 ad-
1694 3270 1743 3345 ρ
1765 3261 1934 3323 cujus
1946 3272 2062 3309 non
2077 3263 2167 3309 est
2188 3258 2411 3345 ﬂnis,et
2435 3268 2741 3345 numerum
2767 3256 2991 3306 dierum
3011 3258 3099 3316 qui
3118 3260 3220 3345 est,
3237 3260 3284 3303 et
3307 3256 3362 3302 in

56 3332 276 3392 junxit:
312 3332 381 3379 Et
406 3331 465 3378 in
489 3330 836 3378 meditatione
856 3345 976 3378 mea
992 3330 1291 3377 exardescet
1316 3330 1477 3391 ignis.
1509 3329 1573 3377 In
1597 3340 1664 3376 eo

60 3403 211 3464 quod
240 3414 367 3453 non
390 3401 500 3453 ait:
541 3401 785 3460 Exarsit,
816 3401 917 3451 sed
953 3401 1299 3449 Emardescet:
1325 3399 1577 3450 ostendit
1604 3397 1664 3447 il-

58 3472 175 3523 lum
191 3475 393 3537 ignem
411 3485 664 3523 crescere
680 3472 865 3535 magis
883 3485 950 3523 ac
964 3472 1145 3535 magis
1162 3484 1234 3522 ex
1260 3471 1661 3521 taciturnitate.

8 3580 11 3603 π
64 3550 137 3595 Ac
162 3546 210 3594 si
236 3546 491 3595 diceret:
524 3544 789 3604 Quandiu
825 3543 1022 3596 silebo.
1049 3546 1208 3593 tanto
1243 3542 1489 3598 amplius
1513 3540 1665 3603 ignis

8 3646 12 3677 ξ
61 3616 421 3667 exardescet.
449 3615 681 3665 Positus
707 3615 819 3676 (Ea:
840 3614 971 3677 eod.)
991 3615 1050 3665 in
1066 3615 1171 3664 hac
1193 3614 1565 3665 fluctuatione
1583 3615 1668 3665 di-

63 3687 223 3736 cendi
266 3691 333 3738 et
367 3684 612 3744 tacendi,
645 3685 796 3735 inter
839 3698 935 3735 eos
981 3685 1078 3747 qui
1124 3684 1457 3735 calumniari
1485 3686 1663 3747 parati

66 3763 217 3820 sunt,
244 3762 308 3809 et
334 3770 432 3807 eos
449 3758 543 3819 qui
570 3756 1082 3813 aiiectantinstrui,
1103 3754 1426 3820 periclitans
1442 3769 1513 3805 ne
1539 3770 1667 3818 pro-

56 3829 210 3889 jiciat
236 3831 585 3890 margaritas
617 3827 820 3890 porcis,
864 3826 1191 3889 periclitans
1226 3839 1299 3876 ne
1330 3838 1449 3875 non
1471 3832 1666 3889 eroget

64 3900 269 3950 cibaria
298 3899 622 3949 conservis:
648 3899 709 3949 in
732 3898 840 3948 hoc
869 3902 1017 3948 aestu
1042 3896 1318 3958 quaesivit
1344 3896 1518 3946 alium
1542 3910 1665 3947 nie-

64 3969 256 4022 liorem
292 3972 507 4025 locum.
534 3974 589 4021 et
608 3970 908 4033 suspirans
924 3969 982 4019 in
1005 3969 1179 4018 tinem
1209 3966 1535 4030 quemdam,
1567 3970 1663 4019 ubi

65 4040 171 4091 ista
198 4054 322 4092 non
346 4041 453 4092 erit
476 4053 777 4104 passurus,
812 4041 919 4091 ait:

122 4111 421 4165 5.Locutus
444 4126 567 4159 sum
596 4113 657 4160 in
687 4111 883 4174 lingua
920 4125 1056 4159 mea.
1084 4109 1191 4160 Sed
1213 4121 1317 4159 cur
1339 4108 1389 4159 ei
1412 4108 1666 4171 loquitur

66 4182 120 4233 in
142 4183 347 4247 lingua
362 4196 485 4244 sua,
501 4183 741 4233 cuinota
755 4187 845 4232 est
868 4181 1133 4244 cogitatio
1152 4192 1258 4230 sua
1277 4183 1304 4229 ?
1320 4179 1427 4230 Sed
1458 4179 1665 4231 fortas-

69 4255 144 4304 sis
167 4256 301 4307 ideo
327 4255 387 4305 in
409 4255 606 4317 lingua
631 4253 902 4315 loquitur.
942 4258 1006 4303 ut
1034 4252 1161 4315 ejus
1187 4252 1474 4302 locutione
1498 4252 1664 4302 audi-

69 4329 253 4377 torum
277 4327 405 4377 vita
447 4326 781 4376 instruatur.
821 4325 917 4375 Ait
952 4337 1088 4386 ergo
1115 4339 1127 4373 :
1153 4323 1357 4371 Notum
1391 4322 1480 4383 fac
1502 4323 1662 4383 mihi,

70 4396 317 4456 Domine,
346 4399 512 4459 ﬁnem
534 4412 730 4444 meum.
759 4396 899 4456 Quia
917 4396 1038 4458 jam
1054 4395 1178 4445 vias
1202 4394 1413 4455 quibus
1439 4394 1662 4463 gradie-

68 4467 247 4530 batur,
265 4471 512 4519 noverat
533 4472 591 4518 et
615 4467 868 4529 easdem,
886 4479 958 4517 ne
982 4465 1307 4523 offenderet,
1323 4468 1489 4527 prout
1514 4469 1665 4527 pote-

70 4543 169 4599 rat,
195 4539 563 4590 custodiebat
589 4552 600 4587 :
636 4534 784 4604 179
814 4536 947 4588 Vult
968 4537 1138 4586 etiam
1162 4535 1337 4585 ﬁnem
1362 4547 1533 4584 suum
1547 4546 1663 4596 quo

73 4611 301 4661 tendere
333 4610 555 4664 debeat,
577 4610 748 4659 scire:
773 4621 847 4659 ne
870 4608 919 4658 si
942 4611 1133 4658 currat
1155 4607 1211 4656 in
1236 4606 1534 4663 incertum,
1560 4618 1660 4656 va-

72 4677 180 4729 leat
190 4682 472 4732 aberrare.
488 4679 688 4730 Finem
713 4678 824 4729 via:
839 4684 1053 4729 nostra;
1074 4676 1241 4726 nobis
1253 4675 1506 4726 ostendit
1527 4681 1661 4735 Apo-

72 4750 267 4811 stolus,
295 4751 394 4802 ubi
418 4751 534 4801 ait:
571 4750 727 4800 Finis
771 4749 913 4811 legis
955 4748 1235 4806 Christus,
1281 4746 1350 4796 ad
1379 4746 1666 4809 justitiam

72 4823 224 4872 omni
256 4822 513 4874 credenti
555 4822 729 4883 (Rom.
778 4819 901 4881 16.).
934 4818 1194 4870 Christus
1218 4821 1307 4868 est
1331 4817 1461 4867 finis
1483 4817 1665 4868 nostri

74 4893 273 4954 operis,
301 4899 592 4945 etmerces
608 4892 838 4943 laboris.
864 4891 950 4941 Ad
967 4891 1157 4951 ipsum
1180 4888 1492 4950 tendimus,
1518 4887 1668 4938 ultra

75 4961 258 5024 ipsum
276 4977 395 5016 non
418 4969 508 5015 est
530 4976 643 5027 quo
663 4962 892 5014 tendere
922 4960 1238 5012 valeamus.
1256 4962 1385 5023 Ipse
1404 4964 1493 5010 est
1514 4959 1666 5010 enim

79 5046 367 5087 summum
386 5036 621 5096 bonum,
641 5044 872 5085 summa
890 5031 1201 5082 beatitudo.
1222 5031 1494 5093 Quisquis
1511 5030 1667 5080 hunc

80 5104 247 5157 tinem
269 5108 472 5169 nescit,
496 5106 569 5157 ad
596 5108 787 5169 ipsum
811 5117 929 5155 non
942 5103 1141 5153 tendit.
1158 5102 1339 5152 Etiam
1354 5104 1401 5151 si
1426 5106 1579 5153 recte
1592 5101 1669 5153 vi-

81 5187 208 5226 vere
232 5179 517 5240 videatur,
549 5178 609 5227 in
631 5188 849 5228 vanum
886 5174 1079 5224 currit.
1109 5175 1224 5224 Nec
1248 5177 1469 5223 certum
1492 5173 1667 5223 tinem

83 5248 493 5307 tantummodo,
508 5247 610 5298 sed
629 5258 820 5297 veram
836 5257 1066 5307 quoque
1079 5244 1257 5295 vitam
1276 5247 1421 5293 scire
1433 5245 1667 5305 postulat,

82 5327 210 5367 cum
226 5320 554 5382 subiungit:
574 5318 641 5367 Et
656 5330 949 5365 numerum
966 5316 1179 5363 dierum
1190 5328 1431 5362 meorum
1446 5314 1568 5377 quis
1578 5319 1666 5372 est,

82 5391 281 5440 notum
311 5391 398 5442 fac
445 5389 604 5441 mihi.
641 5390 825 5449 Quare
847 5390 873 5435 ‘2
904 5387 965 5435 Ut
1001 5386 1170 5434 sciam
1192 5385 1327 5448 quid
1347 5384 1477 5432 desit
1507 5384 1666 5434 mihi.

88 5456 184 5507 Isti
208 5460 331 5511 dies
353 5474 469 5512 non
496 5462 645 5511 sunt.
666 5462 814 5509 Ante
830 5458 1047 5508 abeunt
1064 5469 1207 5520 pene
1233 5468 1405 5517 quam
1432 5458 1668 5505 veniant:

84 5529 136 5576 et
159 5542 288 5581 cum
312 5532 592 5592 venerint,
618 5533 767 5580 stare
793 5542 906 5580 non
930 5533 1193 5592 possunt.
1220 5528 1434 5588 Urgent
1458 5539 1539 5589 se,
1575 5540 1670 5575 se—

88 5605 340 5658 quuntur
364 5617 443 5657 se,
468 5607 665 5653 etnon
690 5613 751 5651 se
777 5604 990 5651 tenent.
1017 5596 1167 5649 Nihil
1200 5598 1267 5647 de
1285 5597 1571 5661 praeterito
1589 5610 1670 5647 re-

92 5676 335 5736 vocatur,
375 5674 530 5737 quod
559 5672 814 5723 futurum
838 5670 1218 5721 transiturum
1254 5672 1621 5731 exspectatur
1657 5683 1669 5717 :

89 5743 336 5796 nondum
360 5747 620 5805 habetur,
643 5744 782 5793 dum
802 5754 917 5794 non
929 5741 1115 5793 venit:
1139 5753 1255 5791 non
1276 5743 1516 5799 tenetur,
1534 5738 1673 5789 dum

92 5815 319 5866 venerit.
336 5818 619 5868 Numerus
643 5826 777 5877 ergo
803 5812 1019 5864 dierum
1046 5811 1139 5874 qui
1168 5813 1273 5873 est,
1293 5810 1417 5873 ipsa
1433 5814 1520 5861 est
1542 5810 1675 5859 inii-

92 5881 237 5936 nitas
249 5887 603 5951 aeternitatis,
631 5897 761 5950 quae
781 5896 984 5939 verum
998 5895 1124 5934 esse
1146 5882 1321 5934 habet
1339 5881 1501 5945 :quia
1527 5892 1676 5945 pra:-

1685 4628 1744 4701 D

1766 3344 1833 3382 eo
1858 3331 2013 3392 quod
2031 3333 2209 3380 restat
2234 3329 2316 3379 sic
2332 3328 2506 3377 inhio.
2537 3328 2945 3378 Verumtamen
2958 3326 3213 3388 quandiu
3240 3331 3364 3373 tem-

1765 3400 2034 3466 poraliter
2048 3401 2197 3460 vivo,
2216 3399 2492 3461 quamdiu
2507 3396 2525 3463 |
2541 3394 2653 3463 80
2689 3400 2926 3448 tentatio
2943 3402 3033 3447 est
3056 3396 3174 3446 vita
3188 3394 3368 3446 homi-

1764 3472 1857 3521 nis
1880 3483 2051 3534 super
2073 3474 2281 3520 terram
2308 3468 2438 3529 (Job.
2466 3467 2555 3531 7.),
2582 3468 2858 3531 quamdiu
2880 3467 3138 3517 humana
3160 3471 3366 3517 natura

1766 3547 1823 3593 et
1847 3540 2166 3592 secundum
2197 3552 2405 3601 corpus
2435 3544 2492 3590 et
2517 3538 2837 3590 secundum
2861 3538 3132 3597 animam,
3161 3539 3270 3588 sub
3302 3550 3365 3588 se

1766 3613 1941 3663 habet
1962 3612 2234 3662 deﬁcere:
2287 3611 2548 3659 Universa
2576 3611 2791 3658 vanitas
2813 3615 2883 3657 est
2907 3609 3087 3657 omnis
3114 3609 3272 3657 homo
3294 3608 3369 3657 vi-

1766 3699 1909 3733 vens.
1936 3684 2216 3733 Universa
2231 3682 2384 3732 enim
2411 3693 2541 3743 quae
2567 3681 2627 3731 in
2652 3680 2885 3731 homine
2909 3681 3063 3739 sunt,
3092 3686 3202 3729 tam
3225 3678 3366 3730 inte-

1764 3754 1884 3804 rius
1907 3765 2083 3815 quam
2106 3752 2378 3810 exterius,
2397 3752 2837 3802 diminutionem
2848 3750 3083 3811 habent,
3101 3750 3223 3801 sive
3247 3762 3369 3800 mu-

1765 3824 2120 3875 tabilitatem.
2158 3822 2377 3880 Omnia,
2418 3821 2674 3885 inquam,
2722 3821 2895 3872 homo
2940 3827 2997 3871 et
3041 3832 3285 3870 manens
3309 3824 3368 3870 et

1764 3895 2107 3953 transiliens,
2133 3896 2188 3943 et
2201 3893 2322 3955 ipse
2339 3892 2510 3943 etiam
2529 3892 2799 3953 Idithum,
2816 3889 3094 3953 quamdiu
3110 3890 3204 3940 hic
3216 3893 3363 3953 vivit,

1763 3966 2050 4016 universa:
2069 3964 2330 4026 subjacet
2352 3962 2611 4014 vanitati.
2627 3961 2788 4012 Unde
2811 3960 3078 4012 Salomon
3098 3960 3205 4011 ait:
3233 3960 3365 4011 Vidi

1764 4039 1971 4086 cuncta
2006 4045 2139 4096 quin
2177 4033 2326 4083 fiunt
2349 4034 2458 4084 sub
2495 4033 2635 4092 sole,
2662 4044 2794 4083 ecce
2825 4032 3107 4082 universa
3135 4032 3366 4082 vanitas

1767 4107 1923 4171 (Eccl.
1957 4104 2057 4167 1.).
2084 4103 2245 4156 Unde
2267 4107 2326 4155 et
2350 4102 2615 4154 subditur
2647 4119 2660 4154 :

1826 4176 1876 4230 7.
1907 4177 2288 4225 Verumtamen
2319 4174 2380 4222 in
2420 4174 2661 4236 imagine
2682 4174 2977 4237 pertransit
2998 4172 3175 4232 homo,
3209 4172 3298 4220 sed
3319 4176 3366 4220 et

1762 4248 1973 4311 frustra
1984 4246 2724 4309 conturbatur.Quamquam
2738 4247 2922 4309 portet
2934 4244 3243 4308 imaginem
3258 4245 3363 4303 Dei,

1766 4324 1956 4370 tamen
1979 4330 2097 4368 non
2116 4316 2300 4367 solum
2317 4317 2650 4379 transit,sed
2669 4315 2990 4379 pertransit.
3010 4315 3184 4378 Cujus
3202 4321 3367 4363 trans-

1764 4390 1864 4451 ire,
1889 4391 1980 4441 est
2013 4389 2256 4451 singulis
2301 4388 2608 4438 momentis
2642 4387 2710 4437 ad
2740 4387 2912 4436 finem
2952 4385 3198 4437 tendere.
3229 4386 3365 4435 Per-

1766 4461 2010 4513 transire
2028 4472 2165 4509 vero
2179 4459 2357 4511 vitam
2375 4457 2670 4509 moriendo
2696 4457 2874 4507 finire.
2894 4457 3007 4507 Nec
3032 4453 3221 4506 solum
3236 4454 3366 4505 haac

1762 4532 1995 4595 patitur,
2023 4529 2122 4580 sed
2158 4532 2217 4579 et
2240 4530 2445 4579 usibus
2471 4527 2709 4578 terrenis
2728 4526 2940 4576 frustra
2970 4526 3365 4575 conturbatur.

1770 4601 2001 4652 Undeet
2017 4599 2309 4650 subditur:
2348 4598 2688 4646 Thesaurizat
2712 4601 2757 4645 et
2786 4596 3006 4658 ignorat
3035 4596 3123 4644 cui
3147 4610 3369 4659 congre-

1769 4672 1914 4737 gabit
1938 4689 2017 4722 ea.
2036 4673 2177 4722 Haec
2201 4675 2292 4721 est
2315 4669 2504 4720 adhuc
2527 4668 2713 4731 magis
2736 4667 2982 4730 lugenda
3000 4667 3368 4726 vanitas,quia

1766 4756 1898 4794 cum
1923 4743 2094 4793 homo
2123 4754 2157 4792 a
2180 4741 2270 4792 sui
2295 4740 2614 4791 Conditoris
2639 4752 2831 4789 amore
2856 4738 3078 4801 cecidit,
3105 4737 3367 4802 protinus

1766 4819 2034 4865 amoreet
2058 4812 2247 4864 studio
2270 4811 2664 4862 mundialibus
2687 4810 2937 4873 inhaesit,
2964 4810 3272 4871 intentum,
3299 4809 3363 4859 ut

1766 4883 2004 4935 exilium
2023 4896 2195 4934 suum
2211 4882 2398 4933 libens
2415 4881 2657 4946 perferat
2671 4897 2682 4931 :
2696 4881 2916 4932 invitus
2933 4880 3368 4946 recedat.czeca-:

1768 4969 1879 5019 que
1903 4954 2213 5019 cupiditate
2237 4954 2490 5013 orbatus,
2516 4953 2820 5003 thesauros
2853 4950 3109 5015 colligat:
3150 4950 3251 5000 sed
3276 4950 3373 4999 θυι

1768 5030 2079 5090 congreget
2101 5025 2304 5076 nescit.
2332 5024 2494 5076 Unde
2518 5024 2743 5074 cuidam
2768 5023 2987 5074 dictum
3012 5026 3131 5072 est:
3159 5019 3350 5079 Stulte,

1766 5097 1876 5148 hac
1897 5102 2065 5147 nocte
2096 5096 2349 5147 animam
2388 5101 2546 5147 tuam
2577 5095 2773 5145 tollent
2802 5106 2836 5142 a
2860 5099 2930 5143 te.
2958 5094 3099 5152 Quae
3125 5105 3365 5150 praepara-

1770 5168 1861 5228 sti,
1888 5170 2062 5229 cujus
2087 5172 2253 5217 erunt
2286 5168 2435 5228 (Luc.
2462 5165 2610 5226 12.)?
2651 5165 2873 5215 Habere
2899 5162 2987 5212 vis
3014 5159 3168 5223 quod
3192 5161 3367 5218 Deus,

1769 5244 1826 5289 et
1849 5251 1966 5289 non
1990 5238 2222 5301 perdere
2243 5240 2267 5287 '?
2291 5237 2603 5288 Ostendam
2633 5236 2731 5285 tibi
2753 5239 2942 5283 tutum
2968 5232 3179 5301 locum.
3217 5229 3369 5280 Audi

1768 5299 2079 5361 Dominum
2094 5307 2155 5357 in
2175 5307 2485 5369 Evangelio
2505 5322 2516 5355 :
2542 5304 2941 5355 Thesaurizate
2955 5300 3118 5351 vobis
3134 5299 3368 5350 thesau-

1769 5394 1864 5431 ros
1895 5380 1952 5429 in
1977 5377 2137 5438 cmlo,
2156 5377 2255 5427 ubi
2281 5378 2453 5437 fures,
2480 5388 2595 5425 non
2614 5376 2893 5433 furantur,
2907 5385 3011 5423 nec
3025 5383 3241 5434 aerugo,
3265 5374 3368 5421 aut

1774 5454 1918 5503 tinea
1951 5448 2257 5500 demolitur
2296 5447 2501 5509 (Matth.
2528 5445 2613 5507 6.).
2654 5444 2763 5497 Sed
2799 5456 2951 5506 ergo,
2991 5441 3196 5504 inquis,
3230 5452 3369 5503 quo-

1772 5523 1943 5575 modo
1971 5534 2120 5585 pono
2144 5520 2203 5570 in
2227 5518 2368 5569 caelo
2391 5521 2417 5566 εἰ
2465 5518 2615 5566 Pone
2645 5516 2703 5565 in
2762 5514 3027 5585 inanibus
3052 5524 3366 5585 pauperum

1775 5597 1914 5661 (Luc.
1948 5582 2080 5654 ii):
2116 5592 2189 5642 da
2228 5588 2639 5652 indigentibus.
2666 5585 2837 5649 Audi,
2871 5590 2930 5636 et
2965 5584 3051 5635 fac
3075 5582 3230 5647 quod
3257 5582 3370 5633 iste

1775 5665 2101 5718 transiliens
2130 5661 2289 5713 addit
2311 5676 2322 5711 :

1836 5737 1886 5789 8.
1906 5736 1974 5784 Et
2009 5749 2175 5793 nunc,
2211 5736 2413 5796 quaeest
2435 5728 2749 5793 exspectatio
2786 5742 2901 5775 mea
2919 5729 2943 5777 .9
2966 5725 3160 5796 Nonne
3182 5722 3372 5772 Domi-

1774 5824 1879 5857 nus
1903 5810 1926 5857 .9
1952 5808 2020 5856 Et
2043 5805 2176 5868 quia
2200 5795 2405 5854 cuncta
2426 5801 2517 5852 hic
2544 5801 2864 5860 transeunt,
2889 5801 2946 5868 et
2968 5795 3109 5868 nihil
3137 5798 3371 5868 retinetur

1775 5882 2018 5941 certum,
2044 5866 2145 5928 aut
2181 5885 2451 5927 securum
2482 5885 2647 5932 nunc,
2675 5869 2732 5922 id
2757 5872 2864 5933 est,
2893 5867 2953 5918 in
2980 5866 3089 5919 hac
3122 5866 3372 5920 vanitate
