3890 6398
524 355 623 409 791

519 470 582 521 in
603 469 712 521 hac
737 471 1208 542 peregrinatione,
1241 469 1380 520 dum
1403 469 1590 520 adhuc
1613 468 1964 542 haberenon
1991 480 2118 531 pos-
2138 473 2192 542 Α

523 554 652 592 sum
677 555 690 592 :
719 541 855 604 quid
873 541 1074 601 debeo,
1090 541 1200 591 nisi
1218 543 1397 590 Deum
1416 540 2116 602 exspectareﬂitconver-

523 619 652 666 tens
678 627 740 663 se
765 613 835 662 ad
852 625 982 662 eum
1009 625 1177 674 quem
1203 613 1546 674 exspectans
1570 609 1772 672 diligit,
1791 609 2116 660 eifamiliari

521 690 582 738 et
601 685 838 746 antiqua
861 683 1148 733 locutione
1173 681 1335 733 dicit:
1365 682 1430 730 Et
1453 680 1754 729 substantia
1773 696 1887 728 mea
1910 681 2117 744 apudte

521 761 608 806 est.
639 755 807 818 Apud
831 754 1138 804 Dominum
1163 753 1336 804 habet
1360 751 1740 802 substantiam
1759 751 2114 814 suam,quis-

521 827 650 891 quis
667 828 895 888 propter
905 827 1089 875 Deum
1107 829 1316 874 cuncta
1330 834 1463 886 quas
1481 823 1669 884 habet,
1689 821 2009 872 distribuit:
2028 829 2115 869 aut

521 911 590 950 ea
621 909 752 960 quin
776 897 1000 954 retinet,
1025 895 1096 944 ad
1113 895 1391 946 honorem
1417 893 1602 955 ipsius
1617 893 1924 956 expendit:
1950 897 2007 942 et
2028 893 2116 942 ni-

519 969 600 1022 hil
625 967 860 1020 omnino
884 971 1094 1030 praeter
1118 967 1300 1016 Deum
1318 963 1687 1028 concupiscit.
1712 965 1842 1014 Post
1859 968 2117 1014 contem-

522 1047 646 1093 tum
672 1051 882 1102 rerum,
900 1036 1156 1101 postulat
1170 1035 1568 1087 remissionem
1584 1039 1968 1099 peccatorum,
1983 1047 2120 1086 cum

525 1109 828 1164 subiungit
855 1123 868 1158 :

583 1125 653 1236 δὴ]
664 1125 1012 1230 ῗίῐὲλῗπὶιῆἱὸιιε
1035 1176 1418 1240 iniquitatibus
1437 1177 1567 1225 meis
1581 1192 1704 1225 erue
1719 1191 1818 1224 me.
1834 1177 1922 1227 Ab
1938 1176 2118 1227 omni-

523 1253 654 1314 bus,
690 1252 952 1313 inquam,
979 1253 1105 1308 {tam
1137 1249 1504 1311 cogitationis
1536 1260 1710 1311 quam
1732 1247 2039 1298 locutionis
2063 1251 2120 1298 et

524 1323 732 1388 operis.
758 1323 898 1372 Tam
917 1320 990 1370 ab
1014 1319 1254 1370 occultis
1285 1331 1459 1382 quam
1483 1321 1555 1370 ab
1575 1318 1796 1376 alienis,
1822 1319 1935 1368 tam
1961 1329 1996 1368 a
2021 1331 2120 1369 ve-

521 1393 774 1447 nialibus
801 1403 971 1455 quam
992 1401 1028 1442 a
1057 1390 1469 1440 criminalibus.
1496 1391 1565 1441 Et
1587 1389 1723 1452 quia
1748 1393 1969 1440 terrena
1983 1401 2121 1440 con-

528 1471 742 1528 temno,
759 1463 895 1527 quia
915 1460 1101 1513 laetari
1123 1461 1183 1512 in
1209 1461 1384 1512 transi
1395 1460 1552 1512 toriis
1569 1460 1720 1522 nolo,
1745 1461 1882 1523 quia
1898 1459 2122 1510 humili-

526 1539 704 1589 tatem
737 1538 794 1586 et.
839 1538 1231 1598 paupertatem
1268 1537 1496 1595 appeto,
1540 1536 1599 1583 et
1645 1531 1768 1584 sola
1810 1531 2120 1582 invisibilia

525 1610 892 1672 concupisco,
918 1603 1282 1669 Opprobrium
1307 1604 1588 1668 insipienti
1618 1603 1807 1652 dedisti
1831 1617 1930 1654 me.
1955 1602 2120 1655 Unde

524 1678 837 1745 Apostolus
859 1676 940 1727 ait
964 1674 1397 1738 :Spectaculum
1423 1674 1558 1725 facti
1582 1686 1787 1745 sumus
1810 1673 2045 1738 mundo,
2063 1678 2122 1724 et

524 1744 762 1812 angelis,
800 1751 860 1798 et
896 1745 1230 1796 hominibus
1264 1745 1334 1804 (1.
1381 1745 1502 1794 Cor.
1539 1744 1623 1806 4.).
1663 1747 1710 1796 Α
1749 1745 1966 1796 dextris
1999 1749 2058 1796 et
2087 1755 2123 1794 a

527 1817 1094 1906 sinistrisohabemus‘
1113 1827 1275 1866 arma
1298 1815 1510 1906 quibus
1533 1828 1876 1906 pugnamus,
1889 1829 1986 1878 per
2000 1815 2123 1906 glo—
2138 1831 2193 1906 B

526 1891 672 1942 riam
700 1893 758 1940 et
779 1887 1214 1952 ignobilitatem,
1251 1899 1353 1949 per
1387 1885 1683 1936 infamiam
1715 1891 1774 1937 et
1805 1887 2014 1937 bonam
2041 1887 2123 1938 fa-

526 1973 703 2023 mam,
738 1964 804 2010 ut
837 1957 1174 2009 seductores
1205 1961 1264 2006 et
1297 1970 1533 2007 veraces
1581 1955 1646 2020 (εἰ.
1692 1957 1812 2008 Cor.
1853 1957 1940 2020 6.).
1977 1959 2122 2010 Hinc

529 2031 665 2084 alibi
687 2029 994 2082 Psalmista
1017 2028 1156 2079 dicit
1177 2027 1451 2079 :Multum
1471 2028 1670 2090 repleti
1698 2041 1903 2079 sumus
1932 2029 2129 2094 despe-

529 2103 716 2154 ctione
752 2099 913 2164 (Psat.
961 2099 1122 2160 ηρ).
1159 2098 1403 2149 Multum
1429 2099 1643 2162 repleta
1679 2103 1769 2151 est
1800 2100 1991 2150 anima
2022 2114 2126 2152 no-

529 2179 668 2235 stra,
693 2169 1064 2236 opprobrium
1091 2169 1916 2234 abundantibus,etdespectio
1937 2185 2124 2236 super-

527 2246 638 2296 bis.
663 2245 818 2294 Inter
852 2241 979 2293 haec
1023 2241 1324 2304 opprobria
1373 2241 1744 2301 constitutus,
1789 2242 2124 2305 patientiam

528 2327 696 2368 suam
730 2314 820 2364 vir
858 2316 1096 2363 sanctus
1132 2313 1299 2363 nobis
1331 2311 1604 2372 insinuat,
1633 2325 1763 2362 cum
1787 2314 2119 2377 subjungit:

590 2386 672 2440 10.
701 2384 974 2443 Obmutui,
991 2389 1038 2432 et
1057 2399 1168 2432 non
1193 2384 1386 2447 aperui
1409 2398 1466 2432 os
1490 2399 1690 2434 meum.
1715 2385 1843 2434 Non
1859 2385 2126 2448 respondi

528 2458 613 2509 eis
644 2457 911 2517 verbum,
948 2467 1056 2506 nec
1095 2454 1453 2506 murmuravi
1490 2459 1689 2506 contra
1726 2458 1783 2506 te
1816 2453 1938 2522 181
1981 2459 2126 2517 Quia

526 2529 813 2594 potuisset
827 2527 1112 2578 obmutire
1141 2526 1302 2589 prius
1319 2531 1376 2576 et
1403 2530 1603 2588 postea
1625 2525 1802 2585 loqui:
1823 2527 1948 2577 ideo
1967 2532 2126 2590 post-

528 2612 703 2664 quam
727 2597 893 2660 dixit,
923 2596 1193 2659 Obmutui,
1219 2597 1493 2646 continuo
1520 2597 1784 2658 subjecit,
1800 2597 1844 2644 Ε
1849 2602 1985 2645 t'non
2008 2613 2127 2662 ape-

528 2671 624 2718 rui
647 2685 703 2718 os
724 2682 904 2716 meum
935 2683 947 2718 :
971 2669 1037 2718 ut
1051 2667 1141 2717 sui
1158 2665 2127 2730 silentiiostenderetlonganimita—

531 2744 666 2792 tem.
693 2739 909 2790 Deinde
935 2736 1382 2788 misericordiam
1415 2741 1473 2788 et
1509 2737 1815 2788 sanitatem
1855 2739 2124 2803 postulat,

468 2810 474 2815 ’
529 2823 796 2863 caussam
819 2807 1240 2872 praemittendo,
1269 2820 1402 2859 cum
1427 2807 1731 2872 subjungit
1755 2823 1768 2859 :

591 2883 678 2937 11.
721 2881 993 2938 Quoniam
1046 2885 1105 2927 tu
1135 2879 1337 2941 fecisti:
1373 2893 1559 2927 amove
1597 2895 1633 2928 α
1659 2894 1742 2927 me
1763 2880 1956 2944 plagas
1983 2887 2122 2934 tuas.

531 2957 670 3016 Quae
697 2957 834 3002 sunt
855 2955 977 3002 istae
999 2951 1202 3014 plagae,
1228 2950 1440 3013 quibus
1463 2950 1828 3013 omnipotens
1851 2953 2003 3003 Deus
2029 2967 2127 3016 per

525 3025 711 3078 cussit
727 3022 1022 3074 hominem
1040 3025 1414 3084 peccatorem,
1429 3021 1540 3071 nisi
1560 3023 1868 3086 corruptio,
1881 3025 2127 3085 passibi-

525 3097 676 3157 litas,
702 3098 762 3146 et
785 3091 1105 3144 mortalitas
1123 3096 1146 3141 Ρ
1161 3093 1248 3142 Ab
1264 3092 1392 3142 istis
1419 3091 1602 3156 plagis
1623 3093 2124 3158 sanaridesiderat,

527 3174 585 3221 et
607 3168 680 3220 ad
705 3178 902 3218 veram
933 3163 1240 3214 sanitatem
1264 3163 1480 3224 reduci,
1506 3163 1560 3214 id
1575 3167 1683 3224 est,
1708 3164 1780 3214 ad
1806 3165 2127 3229 impassibi-

523 3239 746 3291 litatem
769 3241 825 3288 et
855 3235 1358 3286 immortalitatem.
1375 3236 1443 3285 Et
1465 3234 1660 3294 debes,
1685 3235 1888 3298 inquit,
1914 3236 2021 3286 hoc
2047 3237 2129 3288 fa-

529 3322 674 3368 cere,
707 3307 980 3370 quoniam
1005 3309 1070 3355 tu
1095 3304 1279 3356 fecisti
1303 3317 1415 3363 me,
1445 3305 1537 3356 vel
1562 3306 1835 3368 quoniam
1865 3309 1928 3356 tu
1944 3308 2128 3359 fecisti

528 3379 655 3431 illas
689 3377 906 3442 plagas,
943 3388 1216 3427 amovere
1245 3387 1345 3426 eas
1381 3374 1558 3426 debes
1585 3388 1621 3426 a
1656 3389 1764 3426 me.
1792 3376 1950 3427 Sicut
1974 3379 2126 3430 enim

528 3454 695 3501 tuum
720 3453 809 3499 est
833 3447 994 3498 ferire
1012 3451 1370 3510 peccatorem
1395 3459 1468 3497 ex
1486 3446 1732 3509 justitia,
1751 3447 1833 3496 sic
1855 3451 2020 3498 tuum
2037 3455 2127 3500 est

527 3532 761 3586 parcere
785 3531 858 3568 ex
882 3516 1288 3568 misericordia.
1309 3518 1505 3579 Neque
1527 3517 1681 3567 enim
1701 3520 1923 3568 tantum
1931 3520 2128 3583 justus

529 3605 612 3653 es,
639 3590 737 3640 sed
762 3590 933 3639 etiam
962 3587 1304 3638 misericors.
1333 3587 1597 3638 Ostendit
1615 3593 1809 3639 autem
1829 3589 2129 3643 vehemen-

533 3662 618 3711 ter
639 3673 700 3710 se
725 3659 1020 3712 amictum.
1046 3669 1179 3707 cum
1204 3657 1399 3707 subdit
1427 3677 1436 3705 :

593 3730 680 3784 12.
713 3731 752 3778 Α
789 3728 1116 3791 fortitudine
1153 3743 1351 3775 manus
1373 3734 1474 3776 tuae
1497 3745 1588 3792 ego
1613 3729 1776 3790 (te/cci
1802 3731 1854 3778 in
1879 3731 2129 3795 increpa-

531 3801 781 3852 tionibus.
834 3799 1132 3850 Fortitudo
1174 3811 1386 3849 manus
1422 3801 1522 3850 Dei
1555 3801 1679 3864 ipsa
1711 3806 1799 3851 est
1831 3803 2129 3865 percussio

529 3871 759 3936 flagelli.
787 3873 918 3935 Ipso
943 3870 1268 3934 ﬁagellante
1295 3883 1330 3922 a
1351 3871 1539 3934 rigore
1573 3873 1888 3924 defecimus
1912 3879 2128 3925 nostris

531 3942 956 4008 superbimesi
964 3956 1033 3992 us
1051 3941 1449 4005 percussiones
1462 3943 1630 3993 nobis
1645 3948 1781 3994 sunt
1793 3945 2130 4008 increpatio-

528 4028 650 4067 nes.
675 4017 739 4065 In
767 4026 834 4065 eo
858 4015 1030 4072 enim,
1061 4013 1215 4076 quod
1238 4013 1505 4076 ﬂagellat,
1530 4014 1783 4076 increpat
1806 4027 1914 4064 nos
1939 4029 1951 4064 :
1995 4016 2130 4078 quia

529 4085 916 4151 peccavimus.
945 4084 1107 4135 Unde
1133 4085 1238 4145 (Ea:
1259 4085 1584 4147 Augustino)
1598 4085 1825 4136 Domini
1843 4086 2127 4148 justitiam

528 4155 958 4218 commendans,
975 4159 1029 4205 et
1055 4160 1311 4206 nostram
1336 4155 1564 4218 culpam
1587 4153 1910 4218 insinuans,
1934 4155 2130 4219 adjun-

527 4226 614 4291 git
637 4239 650 4275 :
681 4225 902 4289 Propter
938 4225 1287 4289 iniquitatem
1309 4224 1618 4286 corripuisti
1645 4226 1893 4274 homines.
1921 4227 2128 4278 Totum

529 4295 685 4359 quod
713 4295 834 4359 feci,
868 4297 1019 4359 quod
1047 4296 1312 4346 inﬁrmus
1343 4308 1494 4357 sum,
1519 4295 1673 4358 quod
1702 4296 1762 4346 in
1786 4297 1901 4348 imo
1924 4298 2126 4361 clamo,

526 4369 714 4418 totum
738 4379 840 4431 pro
863 4367 1166 4430 iniquitate
1191 4383 1204 4416 :
1231 4371 1287 4416 et
1313 4366 1370 4416 in
1397 4366 1791 4418 hoc'erudisti
1817 4369 2124 4420 hominem.

528 4437 679 4490 Audi
703 4437 813 4490 hoc
836 4437 1064 4502 planius
1087 4449 1160 4488 ex
1184 4436 1294 4487 alio
1310 4437 1549 4499 psalmo.
1565 4438 1784 4489 Bonum
1802 4439 2125 4501 mihiDeus,

527 4509 680 4572 quod
709 4508 1024 4559 humiliasti
1059 4519 1171 4568 me,
1195 4511 1260 4557 ut
1286 4507 1504 4557 discam
1523 4507 1967 4570 justiﬁcationes
1995 4515 2122 4561 tuas

544 4579 690 4630 Psal.
718 4577 879 4641 118.).
904 4576 1256 4628 Humiliatus
1281 4590 1432 4638 sum,
1455 4583 1512 4629 et
1547 4579 1762 4630 bonum
1775 4586 1864 4632 est
1881 4583 2123 4632 mihizet

567 4661 702 4700 mna
725 4653 833 4710 est,
859 4653 917 4700 et
938 4648 1121 4711 gratia
1142 4653 1248 4698 est.
1281 4649 1426 4698 Hinc
1455 4649 1589 4701 alibi
1611 4651 1818 4703 dicitur
1846 4667 1859 4702 :
1887 4655 1990 4714 Qui
2015 4654 2121 4703 ﬁn-

571 4719 618 4770 is
641 4720 894 4771 laborem
918 4720 978 4768 in
1002 4724 1308 4783 praecepto,
1326 4719 1382 4770 id
1398 4725 1506 4785 est,
1528 4721 1781 4774 laborem
1805 4723 2038 4783 formas,
2062 4729 2127 4775 ut

525 4790 668 4841 mihi
702 4794 1056 4854 praeceptum
1095 4791 1186 4840 sit.
1213 4791 1368 4853 Dico,
1403 4805 1626 4844 amove.
1665 4795 1731 4844 Et
1754 4807 1901 4858 opus
1931 4799 2038 4858 est,
2063 4800 2128 4846 ut

523 4873 816 4923 amoveas,
843 4860 976 4922 quia
999 4873 1108 4923 ego
1133 4861 1329 4926 defeci,
1355 4863 1412 4914 id
1437 4869 1544 4927 est,
1571 4864 1857 4916 sustinere
1882 4878 1998 4916 non
2023 4879 2126 4930 po-

525 4933 608 4984 tui
635 4944 670 4982 a
699 4931 1032 4982 fortitudine
1057 4945 1267 4984 manus
1293 4939 1429 4997 tute,
1455 4935 1512 4986 id
1536 4940 1642 4997 est,
1664 4947 1698 4987 a
1721 4936 1847 4986 forti
1873 4937 2128 4990 vindicta

523 5007 626 5054 tua
651 5004 801 5053 facta
823 5002 879 5053 in
909 5003 1413 5068 increpationibus.
1440 5007 1544 5056 Per
1571 5006 1682 5057 hoc
1707 5007 1858 5068 quod
1888 5007 2042 5068 dicit,
2069 5011 2127 5060 in

525 5073 1033 5139 increpationibus,
1051 5077 1401 5128 notatDeum
1426 5076 1740 5128 vindictam
1767 5091 1932 5129 suam
1943 5080 2016 5130 ad
2037 5085 2126 5130 hoc

523 5145 726 5208 facere,
761 5149 828 5196 ut
863 5146 1116 5197 retrahat
1149 5147 1441 5198 hominem
1479 5159 1513 5197 a
1546 5151 1794 5211 peccato.
1831 5151 1970 5201 Cum
1998 5151 2126 5203 dico

521 5217 720 5282 plagas
747 5221 894 5276 tuas,
913 5221 1014 5268 aut
1038 5217 1240 5268 fortem
1255 5230 1491 5268 manum
1517 5221 1826 5282 tuam,non
1845 5226 2082 5272 teaccuso
2107 5239 2124 5272 :

522 5288 624 5339 sed
655 5288 930 5340 conﬁteor
945 5299 1036 5338 me
1059 5288 1267 5338 habere
1291 5288 1670 5350 iniquitatem,
1697 5297 1925 5354 propter
1949 5305 2122 5356 quam

521 5359 839 5422 disciplinis
860 5359 976 5410 tuis
1001 5359 1328 5421 corripuisti
1350 5372 1443 5410 me
1467 5359 1779 5413 hominem.
1801 5364 1905 5414 llic
1929 5372 2126 5413 notatur

517 5431 804 5492 judicium
829 5435 886 5480 et
916 5429 1304 5480 misericordia
1326 5431 1442 5481 Dei.
1464 5433 1527 5482 In
1545 5433 1963 5499 hacjudicium,
1987 5439 2119 5495 quod

521 5504 757 5566 propter
781 5501 1146 5564 iniquitatem
1181 5501 1448 5564 ﬂagellat.
1482 5505 1544 5553 In
1577 5503 1683 5554 hac
1714 5506 2120 5569 misericordia,

521 5572 674 5636 quod
689 5573 1054 5636 corruptione
1069 5571 1232 5634 quasi
1248 5576 1410 5636 pater
1425 5575 1686 5639 castigat,
1706 5580 1765 5626 ut
1777 5577 1849 5627 ad
1865 5578 2015 5628 viam
2033 5591 2126 5630 ve-

521 5643 708 5694 ritatis
746 5643 1005 5694 reducat.
1038 5642 1199 5694 Unde
1232 5644 1424 5696 adhuc
1457 5647 1772 5709 subiungit.
1801 5648 1867 5696 Et
1901 5648 2124 5698 tabsccre

517 5711 688 5774 fecisti
700 5713 840 5762 sicut
858 5727 1124 5762 araneam
1135 5714 1385 5764 animam
1397 5731 1422 5760 ρ
1416 5715 1527 5778 jus.
1542 5717 1790 5768 Attende
1807 5717 1822 5767 i
1828 5731 1997 5782 psum
2011 5732 2080 5771 an
2088 5721 2124 5770 i-

584 5857 601 5877 ·
624 5849 1050 5914 Augustiniana
1071 5851 1240 5904 lectio
1251 5853 1340 5905 est
1353 5865 1456 5922 pro
1480 5853 1796 5920 corripuisti

1582 355 1848 408 RUFINO
1882 354 2343 408 PRESBYTERO
2377 355 2759 408 ASCRIPTUS

2148 4603 2204 4675 D

3714 354 3802 407 792

2220 467 2354 528 mal,
2379 480 2550 530 quam
2577 468 2827 518 tabidum
2853 473 2961 519 est.
2988 469 3140 520 Pone
3165 480 3337 532 supra
3357 466 3628 530 digitum,
3655 466 3803 517 ruina

2219 545 2326 590 est.
2341 540 2734 590 Nihilomnino
2747 546 2835 590 est
2854 540 3322 591 tabidius.Talem
3341 539 3526 590 fecisti
3540 541 3801 585 humanam

2215 611 2485 670 animam,
2504 611 2575 660 ad
2600 611 2977 662 erudiendum
2993 624 3118 661 eam
3139 625 3236 674 pio
3253 611 3572 673 iniquitate.
3594 610 3806 655 Eruditi)

2211 681 2355 743 justi
2374 682 2472 732 Dei
2493 683 2636 732 hanc
2650 682 3040 734 infirmitatem
3060 682 3208 732 fecit.
3227 680 3525 732 Fortitudo
3541 679 3804 742 quaedam

2215 755 2336 803 erat
2363 752 2586 810 vitium,
2603 752 2934 804 fortitudine
2959 753 3204 815 quadam
3229 751 3728 816 displicuithomo,
3757 756 3809 801 ut

2215 823 2534 874 erudiretur
2564 824 2916 885 inﬁrmitate,
2953 827 3011 874 et
3045 825 3179 888 quia
3217 823 3486 888 superbia
3507 822 3807 886 displicuit,

2216 895 2475 945 eruditur
2494 895 2832 956 humilitate,
2861 895 2950 946 vel
2975 895 3322 946 inﬁrmitate.
3343 897 3457 944 Iste
3485 907 3696 944 versus
3718 907 3806 957 ap-

2215 965 2412 1028 plicari
2441 971 2630 1030 potest
2654 967 2797 1016 etad
2825 966 3176 1028 bonos,etad
3196 965 3399 1018 malos.
3417 965 3504 1016 Ad
3528 966 3720 1016 bonos
3731 967 3809 1012 hoc

2217 1037 2415 1088 modo:
2449 1039 2533 1087 lta
2553 1038 2875 1102 corripuisti
2894 1039 3202 1100 hominem,
3225 1043 3292 1088 ut
3304 1037 3532 1101 penitus
3555 1049 3620 1087 se
3633 1039 3809 1084 mundo

2217 1108 2604 1167 mortiﬁcaret,
2623 1109 2775 1160 sicut
2789 1121 2998 1160 aranea
3015 1122 3077 1160 se
3095 1109 3404 1160 mortiﬁcat
3417 1108 3477 1158 in
3501 1120 3613 1158 suo
3631 1120 3811 1169 opere.

2217 1179 2482 1229 Tabescit
2503 1181 2693 1230 anima
2709 1180 2852 1241 justi
2877 1181 3026 1230 sicut
3043 1192 3270 1241 aranea,
3284 1179 3516 1242 quando
3533 1190 3569 1228 a
3590 1177 3815 1242 pingue-

2217 1249 2349 1310 dine
2372 1250 2619 1300 carnalis
2635 1251 2946 1314 voluptatis
2961 1251 3171 1314 deﬁcit,
3184 1263 3316 1302 eum
3340 1262 3570 1300 carnem
3581 1249 3814 1312 jejuniis

2217 1325 2277 1372 et
2309 1321 2520 1384 vigiliis
2552 1327 2820 1374 macerat.
2853 1327 2911 1373 et
2947 1327 3198 1372 mentem
3219 1334 3256 1372 a
3276 1320 3582 1372 desideriis
3609 1319 3813 1370 illicitis

2218 1391 2463 1453 castigat
2497 1406 2510 1442 :
2557 1405 2687 1444 cum
2721 1391 2919 1444 studet
2950 1406 3010 1444 se
3043 1393 3200 1444 vitiis
3231 1396 3290 1444 et
3338 1391 3814 1456 concupiscentiis

2218 1463 2580 1524 mortiﬁcare,
2605 1468 2780 1527 atque
2809 1464 2869 1514 in
2898 1464 3206 1515 virtutibus
3222 1465 3536 1515 extenuare
3565 1476 3578 1512 :
3608 1464 3812 1523 texere,

2218 1541 2283 1586 ut
2295 1550 2427 1587 cum
2441 1540 2603 1586 veste
2615 1535 2857 1599 nuptiali
2880 1534 3096 1586 cretesti
3109 1546 3321 1598 sponso
3333 1534 3509 1597 digna
3541 1531 3697 1600 182
3732 1545 3814 1582 va-

2218 1606 2331 1660 leat
2361 1619 2648 1671 apparere.
2689 1607 2794 1658 Vel
2825 1607 2973 1656 sicut
3005 1619 3214 1658 aranea
3236 1605 3309 1658 ad
3333 1603 3535 1656 inutile
3560 1617 3713 1668 opus
3742 1605 3813 1654 fa-

2219 1679 2489 1730 ciendum
2505 1677 2776 1728 interiora
2787 1689 2894 1728 sua
2917 1677 3168 1729 extrahit
3190 1681 3248 1728 et
3266 1676 3588 1726 consumit:
3612 1675 3698 1725 sic
3711 1691 3813 1735 per-

2221 1753 2378 1800 cator
2408 1749 2672 1800 interiora
2693 1749 2901 1800 animae
2925 1761 3066 1808 suae,
3103 1749 3162 1799 in
3186 1748 3438 1812 appetitu
3463 1751 3813 1798 terrenarum

2219 1821 2464 1872 inaniter
2485 1819 2776 1883 expendit.
2805 1823 3032 1870 Avarus
3053 1819 3207 1870 enim
3223 1819 3394 1870 etiam
3411 1818 3670 1869 animam
3685 1833 3812 1865 suam

2221 1893 2483 1942 venalem
2513 1890 2702 1941 habet.
2729 1891 2875 1940 Hinc
2897 1891 3178 1942 Dominus
3201 1889 3339 1940 dicit
3374 1890 3433 1940 in
3460 1889 3773 1951 Evangelio
3804 1901 3815 1936 :

2219 1965 2289 2015 Et
2311 1963 2446 2026 quid
2473 1961 2706 2026 prodest
2728 1961 2946 2012 homini
2969 1961 3015 2010 si
3040 1961 3291 2011 lucretur
3313 1962 3496 2010 totum
3517 1959 3816 2014 mundum.

2219 2034 2430 2085 anima:
2449 2035 2640 2084 autern
2667 2033 3210 2084 suaedetrimentum
3230 2035 3440 2092 patiatur
3464 2031 3689 2092 (Matth.
3719 2029 3815 2090 6.)?

2221 2107 2292 2156 Et
2313 2105 2439 2154 ideo
2464 2103 2732 2155 subditur
2757 2121 2768 2152 :
2809 2103 3169 2152 Veruntamen
3188 2117 3322 2151 vane
3344 2101 3816 2150 conturbaturom-

2221 2178 2309 2224 nis
2329 2177 2507 2225 homo.
2525 2175 2723 2226 Omnis
2749 2174 2963 2225 scilicet
2987 2175 3177 2237 homo,
3203 2173 3302 2236 qui
3324 2172 3634 2222 carnaliter
3666 2171 3814 2223 vivit.

2219 2246 2359 2298 dum
2379 2251 2604 2297 terrena
2617 2249 2882 2309 appetere
2905 2258 3002 2307 per
3015 2244 3381 2308 cupiditatem
3397 2243 3623 2304 nititur,
3638 2244 3818 2290 inutili-

2222 2323 2308 2368 ter
2336 2317 2884 2377 conlurbatur.Quis
2904 2317 3016 2378 (Ea:
3039 2313 3461 2377 Augustino)vel
3479 2313 3551 2363 de
3575 2313 3708 2377 ipso
3725 2325 3817 2362 suo

2221 2390 2372 2440 bono
2404 2390 2782 2455 securusest?
2806 2388 2954 2449 Quid
2979 2387 3038 2438 in
3061 2387 3168 2438 hac
3192 2391 3342 2437 terra
3353 2389 3574 2455 certum
3589 2384 3815 2455 est,nisi

2221 2463 2414 2509 mors?
2441 2453 2811 2509 Considerate
2841 2458 3053 2520 omnia,
3079 2455 3171 2507 vel
3200 2457 3368 2517 bona,
3393 2453 3479 2505 vel
3507 2453 3670 2505 mala
3692 2454 3815 2505 vita:

2222 2530 2415 2593 hujus,
2442 2529 2533 2580 vel
2553 2529 2610 2580 in
2627 2530 2754 2592 ipsa
2763 2529 3006 2592 justitia,
3037 2527 3197 2578 velin
3214 2525 3656 2590 ipsainiquitate
3679 2539 3693 2574 :
3717 2539 3816 2572 om—

2221 2601 2377 2651 mnia
2389 2601 2606 2651 incerta
2617 2605 2767 2650 sunt.
2783 2599 2922 2660 Quid
2940 2599 3022 2650 sis
3039 2599 3206 2649 hodie
3221 2598 3356 2648 scis:
3376 2597 3522 2658 Quid
3534 2598 3742 2644 futurus
3756 2598 3814 2643 sis

2222 2671 2491 2734 crastino,
2519 2671 2731 2722 nescis.
2751 2671 2967 2733 Pauper
2990 2673 3092 2721 es?
3115 2669 3395 2720 incertum
3419 2672 3511 2718 est
3531 2680 3614 2718 an
3649 2666 3814 2716 dites-

2223 2755 2338 2793 cas.
2366 2742 2976 2793 Indoctus‘tincertum
3006 2745 3097 2792 est
3111 2753 3185 2791 an
3198 2739 3492 2790 erudiaris.
3511 2739 3813 2787 Imbecillis'.’

2221 2813 2504 2864 incertum
2529 2817 2620 2863 est
2643 2825 2715 2864 an
2739 2812 3129 2864 convalescas.
3153 2812 3330 2862 Natus
3353 2813 3446 2861 es?
3467 2813 3692 2860 certum
3715 2813 3810 2866 est,

2224 2885 2357 2947 quia
2382 2883 2656 2934 morieris.
2683 2885 3034 2946 Quocunque
3060 2887 3114 2934 te
3149 2881 3403 2944 verteris,
3441 2879 3668 2930 incerta
3690 2881 3813 2929 sunt

2223 2955 2434 3004 omnia.
2470 2954 2599 3004 Sola
2635 2967 2792 3004 mors
2824 2959 3014 3004 certa:
3041 2959 3100 3005 et
3129 2951 3250 3002 sola
3282 2952 3529 3002 multum
3561 2955 3810 3010 cavetur,

2222 3038 2354 3088 qua:
2369 3025 2527 3076 nullo
2545 3026 2714 3076 modo
2737 3025 3042 3076 devitatur.
3075 3023 3348 3086 Quisquis
3362 3035 3496 3084 ergo
3519 3021 3812 3072 conturba-

2227 3101 2320 3146 tur
2343 3097 2522 3160 jactet
2553 3097 2613 3148 in
2642 3097 2951 3148 Dominum
2977 3108 3172 3148 curam
3197 3107 3382 3156 suam,
3408 3097 3465 3144 et
3487 3093 3648 3144 dicat
3669 3090 3812 3155 quod

2227 3169 2488 3230 sequitur
2515 3181 2527 3217 :

2153 3241 2201 3315 ρ
2231 3313 2237 3315 _
2290 3237 2372 3291 13.
2401 3238 2626 3315 [ἐξημίάί
2639 3237 2950 3315 orationem
2973 3250 3164 3315 meam.
3201 3237 3275 3287 Ut
3295 3235 3467 3287 ﬁnem
3715 3245 3813 3285 no-

2228 3313 2350 3359 tum
2381 3309 2518 3358 mihi
2545 3308 2736 3358 facias.
2771 3307 2837 3355 Et
2861 3307 3283 3370 dqirecatimtcm
3304 3322 3498 3356 meam.
3529 3307 3604 3356 Ut
3620 3307 3693 3355 ab
3711 3317 3816 3355 om-

2223 3379 2804 3442 nibusiniquitatibus
2822 3390 2992 3428 eruas
3009 3391 3120 3429 me.
3134 3381 3200 3428 Et
3216 3378 3391 3429 debes
3404 3377 3812 3440 exaudire,quia

2225 3462 2357 3500 cum
2395 3451 2602 3501 affectu
2641 3453 2698 3500 et
2745 3449 3013 3512 lacrymis
3051 3449 3322 3512 deprecor
3358 3452 3430 3499 te.
3469 3450 3535 3498 Et
3569 3447 3685 3498 hoc
3716 3453 3811 3499 est.

2224 3521 2378 3583 quod
2403 3520 2541 3571 dicit
2565 3535 2576 3570 :
2603 3521 2842 3569 Auribus
2863 3521 3072 3584 percipe
3107 3520 3378 3583 tacrymas
3412 3534 3572 3568 meas.
3600 3520 3812 3579 Quanto

2226 3592 2470 3655 quisque
2496 3591 2744 3642 sanctior
2766 3595 2872 3652 est,
2901 3596 3056 3641 tanto
3087 3591 3378 3641 uberiores
3407 3591 3699 3652 lacrymas
3732 3589 3813 3638 ha-

2227 3663 2322 3712 bet
2345 3663 2400 3712 in
2425 3663 2705 3713 oratione:
2739 3675 2882 3724 quas
2901 3663 3188 3722 benignus
3215 3663 3364 3712 Deus
3388 3662 3630 3711 auribus
3656 3659 3814 3724 perci-

2225 3734 2328 3797 pit.
2353 3734 2584 3795 quando
2595 3733 3036 3784 misericorditer
3052 3733 3322 3796 suscepit.
3343 3733 3399 3784 Si
3413 3732 3498 3782 vis
3521 3745 3556 3781 a
3580 3731 3812 3782 Domino

2227 3805 2485 3854 exaudiri
2513 3819 2523 3850 :
2553 3818 2648 3854 OI‘t
2675 3817 2802 3854 cum
2826 3804 3113 3866 lacrymis,
3139 3807 3477 3854 conterecor
3493 3799 3814 3853 tuum.l\'ul-

2227 3874 2346 3925 lum
2381 3877 2566 3937 majus
2581 3875 2922 3924 sacriﬁcium
2948 3877 3064 3924 Deo
3087 3874 3272 3924 afferri
3297 3878 3501 3935 potest,
3529 3885 3708 3936 quam
3729 3883 3812 3921 cor

2223 3947 2532 3996 contritum
2568 3952 2626 3996 et
2659 3945 3017 3996 humiliatum
3053 3945 3212 4007 (Psat.
3249 3943 3377 4001 50.).
3414 3945 3516 3996 Ubi
3559 3948 3704 3995 sunt
3743 3943 3811 3991 la-

2227 4030 2460 4080 crymtn,
2502 4017 2578 4066 ibi
2623 4017 2858 4066 divinus
2893 4017 3044 4072 ignis
3074 4016 3426 4067 accenditur.
3458 4015 3652 4076 Qumri
3680 4013 3810 4063 solet

2227 4101 2403 4151 quare
2441 4087 2695 4138 orandus
2731 4089 2805 4137 sit
2837 4089 3008 4146 Deus,
3036 4093 3093 4139 et
3121 4088 3257 4152 quid
3279 4100 3424 4150 opus
3448 4087 3522 4136 sit
3546 4087 3810 4145 oratione,

2227 4171 2356 4209 cum
2383 4158 2504 4221 ipse
2527 4159 2669 4209 sciat
2690 4163 3001 4220 antequam
3028 4171 3276 4217 oremus,
3295 4157 3431 4220 quid
3457 4170 3603 4220 opus
3631 4158 3810 4207 sitno-

2229 4229 2317 4280 bis
2355 4230 2560 4292 (Matth.
2590 4228 2658 4292 6.)
2719 4229 2828 4280 Sed
2853 4230 2980 4280 ideo
3006 4229 3287 4281 orandum
3317 4234 3422 4290 est,
3449 4229 3583 4292 quia
3610 4228 3810 4280 oratio-

2227 4301 2320 4353 nis
2358 4301 2598 4352 intentio
2642 4314 2739 4350 cor
2767 4307 3030 4352 nostrum
3067 4306 3296 4354 serenat
3318 4304 3375 4352 et
3398 4302 3621 4364 purgat,
3653 4312 3808 4362 capa-

2229 4372 2467 4434 ciusque
2505 4371 2678 4422 efﬁcit
2711 4371 2784 4422 ad
2821 4372 3158 4434 excipienda
3181 4371 3378 4422 divina
3402 4382 3657 4434 munera,
3689 4380 3808 4432 quat

2229 4442 3184 4506 spiritualiternobisinfunduntur.
3205 4443 3337 4492 Pius
3360 4442 3639 4492 Dominus
3663 4443 3812 4491 offert

2221 4513 2384 4564 nobis
2407 4514 2646 4576 gratiam
2673 4526 2858 4572 suam,
2871 4519 2928 4565 et
2941 4527 3160 4578 semper
3174 4518 3409 4578 paratus
3425 4517 3516 4563 est
3530 4513 3686 4564 dare.
3705 4514 3807 4562 Nos

2226 4598 2362 4635 vero
2376 4598 2492 4636 non
2519 4598 2744 4648 semper
2768 4586 2948 4649 parati
2970 4598 3174 4636 sumus
3190 4586 3473 4648 accipere:
3509 4597 3644 4635 cum
3661 4583 3807 4634 incli-

2223 4656 2516 4706 namurad
2545 4660 2784 4716 terrena,
2808 4660 2864 4706 et
2888 4669 3078 4707 rerum
3111 4656 3512 4720 temporalium
3549 4657 3806 4716 cupiditate

2226 4727 2608 4778 tenebramur.
2625 4729 2713 4778 Fit
2729 4739 2864 4789 ergo
2885 4727 2943 4777 in
2967 4727 3222 4778 oratione
3238 4726 3534 4777 conversio
3557 4725 3740 4777 cordis
3751 4726 3801 4771 ad

2224 4800 2430 4861 Deum,
2459 4804 2515 4849 et
2539 4799 2598 4849 in
2621 4798 2748 4862 ipsa
2763 4799 3137 4850 conversione
3162 4799 3418 4862 puriores
3441 4807 3500 4849 et
3527 4797 3803 4861 digniores

2225 4869 2521 4921 efﬁcimur.
2546 4871 2708 4921 Unde
2732 4870 2922 4921 adhuc
2947 4869 3249 4920 subditur:
3277 4870 3356 4918 Ne
3375 4869 3531 4917 sileas
3553 4871 3801 4933 quoniam

2225 4941 2435 4990 advena
2451 4957 2542 5002 ego
2569 4955 2696 4992 sum
2721 4943 2872 5006 apud
2896 4947 2956 4991 te.
2987 4942 3264 5004 Loquitur
3283 4941 3434 4992 enim
3455 4943 3610 4991 Deus
3635 4947 3802 4989 secreta

2225 5024 2331 5062 sua
2352 5013 2638 5064 locutione
2655 5014 2714 5064 in
2737 5013 3008 5064 cordibus
3035 5025 3272 5063 suorum
3297 5012 3568 5075 ﬁdelium,
3587 5017 3645 5063 et
3665 5011 3805 5075 aspi-

2223 5083 2500 5134 rationem
2526 5083 2777 5134 infundit.
2794 5085 2992 5148 gratim
3011 5096 3152 5135 sum.
3173 5084 3304 5134 Ideo
3324 5084 3456 5134 alibi
3469 5083 3718 5146 postulat
3731 5081 3804 5130 di-

2224 5167 2376 5205 cens.
2395 5155 2491 5205 Dic
2516 5168 2725 5206 animas
2741 5169 2905 5217 mem,
2927 5157 3097 5207 Salus
3124 5162 3219 5205 tua
3236 5167 3343 5214 ego
3365 5155 3670 5214 sum(Psal.
3688 5152 3798 5211 3L).

2225 5227 2294 5277 Et
2328 5227 2556 5277 iterum.
2601 5227 2848 5278 Audiam
2887 5227 3024 5290 quid
3049 5227 3314 5290 loquatur
3336 5227 3395 5277 in
3418 5239 3508 5278 me
3534 5227 3800 5277 Dominus

2223 5297 2398 5360 Deus,
2434 5303 2490 5348 et
2527 5304 2738 5350 caetera
2776 5299 2917 5362 (l’sal
2967 5297 3094 5357 84.).
3130 5298 3262 5349 Ideo
3284 5303 3476 5349 autem
3497 5311 3614 5350 non
3641 5299 3800 5349 debes

2226 5370 2395 5420 silere
2424 5381 2458 5419 a
2491 5383 2580 5420 me
2604 5387 2616 5421 :
2646 5371 2920 5434 quoniam
2945 5370 3172 5421 advena
3195 5383 3303 5432 ego
3328 5383 3479 5424 sum.
3501 5369 3797 5420 translatus

2222 5439 2292 5490 de
2317 5441 2547 5492 civitate
2568 5443 2895 5506 Babylonis,
2925 5443 2982 5492 in
3008 5454 3123 5505 qua
3146 5446 3317 5492 natus
3343 5443 3560 5492 fueram
3587 5455 3682 5506 per
3703 5439 3797 5490 ori—

2221 5511 2408 5574 ginale
2432 5520 2730 5576 peccatum
2755 5514 2916 5575 (Psal.
2945 5513 3051 5578 50.)
3086 5532 3096 5562 :
3129 5525 3367 5563 manens
3392 5514 3540 5574 apud
3585 5519 3656 5577 te,
3692 5523 3797 5561 ser—

2222 5583 2384 5634 viens
2414 5584 2530 5646 tibi,
2550 5590 2607 5635 et
2635 5585 2704 5636 de
2731 5591 2829 5636 tua
2853 5586 3064 5636 familia
3087 5586 3366 5636 existens.
3387 5587 3500 5635 Nec
3522 5589 3706 5634 tamen
3719 5579 3799 5631 ad-

2221 5653 2337 5706 huc
2359 5655 2418 5704 in
2441 5655 2672 5706 civitate
2706 5661 2804 5707 tua
2827 5669 2975 5707 sum.
3003 5658 3302 5720 Propterea
3331 5655 3527 5706 subdit
3553 5670 3563 5700 :
3590 5656 3657 5704 Et
3670 5667 3795 5718 perc-

2221 5725 2310 5788 gri
2317 5740 2435 5786 nus,
2459 5726 2596 5775 sicut
2615 5743 2798 5776 omnes
2816 5735 2998 5794 patres
3015 5729 3118 5777 mei
3136 5728 3367 5780 fuerunt
3385 5727 3681 5792 peregrini.
3699 5722 3796 5776 Sci-
