3890 6408
70 392 201 449 793

1125 394 1199 444 ΙΝ
1233 392 1557 445 PSALMOS
1593 394 1801 446 LXXV
1838 395 2403 451 COMMENTARIUS

3304 400 3335 454 7
3340 400 3410 456 94

70 508 236 585 licet
266 507 774 585 A_braham,Isaac,
800 512 859 559 et
876 507 1074 569 Jacob,
1098 509 1272 585 atque
1300 505 1415 557 alii.
1440 507 1707 585 Q_uandiu
1731 516 1789 585 Α
1815 509 2572 585 telligebant,“attendentes
2615 514 2673 565 et
2714 513 3009 566 imitantes
3034 513 3240 581 cantici
3267 516 3407 567 novi

73 579 265 630 enim
311 580 371 630 in
413 591 646 642 corpore
690 591 913 641 sumus,
952 578 1433 642 peregrinamura
1460 579 1704 630 Domino

79 650 259 712 (Ileb.
298 648 418 712 13.).
442 651 569 699 Non
593 650 748 700 enim
774 650 1055 700 habemus
1088 648 1182 698 hic
1202 653 1530 699 manentem
1569 650 1709 699 civi-

77 727 315 785 tatem,
342 721 442 771 sed
466 721 715 772 futuram
736 721 794 771 in
821 719 961 771 caelo
976 719 1337 783 requirimus.
1371 719 1516 779 Quid
1535 724 1710 782 ergo?

76 794 335 857 Restat,
367 797 434 842 ut
452 797 661 856 petam,
686 792 822 855 quia
841 792 965 843 sine
979 790 1155 842 dubio
1179 790 1534 853 migraturus
1559 803 1707 842 sum.

81 864 388 926 Sequitur
407 869 465 915 et
488 863 652 914 dicit:

172 933 442 1001 18314.
457 934 912 995 Remittemihi,ut
925 934 1230 997 refrigerer.
1275 934 1340 982 In
1361 932 1711 985 conscientia

79 1018 259 1064 mea,
278 1012 344 1055 ut
367 1010 679 1057 exonerata
694 1006 930 1057 sita-“astu
947 1004 1328 1056 solicitudinis
1345 1008 1709 1066 peccatorum

83 1090 397 1128 meorum.
412 1078 747 1141 Priusquam
763 1076 966 1138 abeam,
993 1090 1062 1128 ex
1084 1077 1193 1127 hac
1216 1075 1362 1125 vita:
1379 1074 1448 1122 Et
1471 1076 1709 1139 amplius

79 1162 216 1195 non
253 1163 367 1211 ero,
404 1148 571 1210 idest,
603 1160 719 1199 non
744 1149 927 1199 habeo
959 1161 1159 1200 verum
1192 1158 1339 1208 esse,
1379 1144 1427 1194 si
1462 1156 1569 1209 ego
1591 1160 1709 1200 non

80 1219 377 1270 remissis
400 1220 561 1283 prius
588 1219 837 1284 peccatis
859 1220 1004 1272 meis
1026 1221 1164 1272 hinc
1186 1222 1392 1273 abiero.

359 1325 731 1390 TlTULUS
789 1326 1114 1391 PSALMI
1149 1328 1466 1393 XXXIX.

157 1433 219 1501 1.
237 1436 443 1501 Titulus
459 1435 715 1501 sequentis
727 1437 906 1501 psalmi
919 1440 1010 1501 est,
1028 1436 1089 1483 In
1105 1437 1267 1497 ﬁnem
1282 1437 1526 1501 psalmus
1536 1436 1711 1486 David

87 1500 347 1546 Psalmus
370 1499 461 1544 iste
493 1498 730 1561 convenit
747 1499 920 1557 David,
938 1500 991 1544 id
1015 1505 1088 1545 est
1114 1498 1327 1561 Christo,
1346 1502 1535 1547 scilicet
1555 1501 1707 1560 capiti

86 1567 141 1608 et
169 1561 446 1607 membris.
493 1560 695 1606 Materia
735 1566 806 1606 est
846 1561 1130 1607 immutatio
1160 1564 1339 1609 veteris
1367 1563 1615 1611 sacrificii.
1649 1563 1707 1608 In

84 1624 275 1683 prima
301 1627 439 1681 parte
460 1622 600 1679 ponit
617 1622 957 1669 testimonium
976 1624 1130 1680 hujus
1154 1625 1515 1672 iunovationis.
1563 1626 1615 1670 In
1635 1638 1708 1671 se-

85 1686 278 1731 cunda
303 1690 439 1744 parte
460 1684 653 1731 inducit
675 1685 842 1743 ipsum
871 1686 1123 1732 Christum
1143 1687 1322 1745 legalis
1339 1688 1707 1747 destituentem,

85 1754 136 1794 et
154 1760 317 1793 suam
332 1747 705 1793 innovationem
717 1748 1114 1797 conﬁrmantem.
1128 1750 1183 1794 in
1211 1750 1389 1796 ultima
1406 1749 1707 1807 parteindu-

88 1810 165 1856 cit
189 1822 442 1868 sequaces
469 1809 672 1865 Christi,
708 1810 757 1855 id
787 1813 876 1866 est,
911 1811 1288 1858 annuntiantes.
1331 1812 1545 1858 Intendit
1588 1824 1707 1869 per-

1810 584 2145 645 cantatores,
2158 583 2463 635 illuminati
2479 590 2633 636 sunt.
2656 584 2945 637 Videbunt
2957 599 3090 649 ergo
3105 585 3405 638 credentes

1806 654 2092 704 timebunt
2103 657 2462 718 pcenitentes,
2479 657 2791 720 sperabunt
2804 656 3056 708 caelestia
3066 661 3405 721 appetentes

1808 724 2121 787 Postquam
2138 727 2310 778 homo
2326 727 2437 777 fide
2452 727 2810 779 illuminatus
2826 741 2857 778 e
2870 732 2942 789 st,
2955 728 3177 792 primus
3192 728 3409 791 gradus

1806 795 1877 847 ad
1908 797 2088 847 Deum
2111 801 2200 847 est
2222 797 2405 859 timor,
2441 798 2593 849 sicut
2618 800 2895 862 scriptum
2927 803 3034 862 est,
3062 798 3405 862 Principium

1808 867 2107 930 sapientiae
2131 868 2302 918 timor
2317 869 2541 919 Domini
2569 869 2735 931 (Psal.
2763 868 2926 932 110.).
2958 871 3026 919 Et
3048 874 3265 932 quanto
3289 881 3410 921 ma-

1807 938 1895 1002 gis
1926 938 2173 1002 quisque
2189 939 2249 989 in
2274 951 2335 990 se
2347 938 2680 990 humiliatur
2694 953 2790 1002 per
2814 941 3094 999 timorem,
3112 944 3272 990 tanto
3284 951 3404 989 am-

1806 1009 2017 1074 pliusin
2044 1011 2157 1060 Deo
2177 1009 2413 1074 erigitur
2429 1023 2529 1074 per
2551 1023 2734 1074 spem.
2759 1012 2866 1074 Spe
2889 1014 3084 1061 autem
3110 1010 3182 1060 ad
3207 1009 3407 1061 invisi-

1809 1079 1944 1131 bilia
1985 1082 2135 1132 bona
2175 1085 2422 1141 erectus,
2470 1080 2937 1143 incipitcselestia
2963 1080 3197 1144 diligere
3220 1085 3278 1131 et
3301 1080 3405 1131 de-

1809 1152 2027 1214 spicere
2044 1158 2269 1204 terrena
2304 1152 2371 1216 (1.
2399 1154 2520 1202 Cor.
2549 1151 2673 1216 13.).
2714 1147 2856 1202 Ecce
2890 1152 3055 1214 ﬁdes,
3099 1165 3229 1216 spes
3268 1151 3404 1203 cari-

1811 1227 1916 1283 tas,
1955 1225 2168 1286 quibus
2197 1224 2587 1287 coliturDeus,
2614 1227 2671 1274 et
2699 1222 2942 1274 efficitur
2973 1223 3147 1274 homo
3178 1223 3401 1275 beatus.

1807 1294 1971 1347 Unde
1993 1300 2050 1345 et
2073 1295 2344 1346 subditur
2370 1310 2383 1346 :

1869 1366 1920 1419 5.
1950 1367 2143 1415 Beatus
2166 1368 2250 1414 vir
2271 1366 2425 1430 cujus
2440 1371 2511 1414 cst
2535 1380 2735 1415 nomen
2751 1365 2979 1414 Domini
2999 1380 3114 1429 spes
3137 1365 3267 1429 ejus.
3301 1366 3407 1415 No-

1804 1448 1936 1488 men
1964 1437 2187 1488 Domini
2205 1439 2235 1489 J
2241 1449 2377 1488 esus
2402 1441 2508 1497 est,
2538 1437 2691 1500 quod
2717 1436 3128 1501 interpretatur
3152 1436 3404 1486 Salvator

1810 1509 2017 1571 (Matth.
2059 1508 2111 1562 1.
2160 1510 2284 1557 Luc.
2320 1507 2408 1571 1.).
2435 1510 2645 1559 Beatus
2671 1519 2805 1571 ergo
2842 1507 2955 1567 ille,
2996 1507 3094 1570 qui
3124 1519 3186 1557 se
3209 1518 3243 1556 a
3265 1508 3405 1558 Jesu

1807 1580 2233 1643 salvarisperat.
2264 1581 2337 1643 Et,
2352 1594 2465 1643 non
2485 1579 2717 1643 respexit
2737 1581 2795 1627 in
2816 1579 3135 1643 vanitateset
3152 1578 3405 1643 insanias

1804 1640 1996 1704 falsas.
2045 1639 2116 1693 Ut
2137 1642 2397 1694 avaritia:
2434 1639 2773 1700 dese'rviret,
2815 1645 2918 1691 aut
2942 1639 3095 1691 idola
3116 1640 3400 1690 adoraret.

1808 1714 2053 1764 Terrena
2076 1714 2283 1777 quippe
2308 1713 2734 1777 concupiscere,
2753 1712 2814 1762 in
2829 1711 3111 1762 vanitates
3125 1711 3403 1774 respicere

1807 1787 1915 1835 est.
1941 1784 2101 1835 Unde
2124 1784 2404 1835 Dominus
2429 1783 2639 1833 dicitin
2664 1781 2995 1844 Evangelio,
3020 1783 3197 1832 Nemo
3222 1782 3403 1844 respi-

87 1851 879 1944 έίεέέἒδῗέῖὲέἕλιῖἐίιῖἒίἶῖυἶῖιἱεἷῶ
896 1851 1700 1944 $525533?btréi'h'ﬁiis‘iﬁr
1730 1870 1785 1944 B
1810 1851 3402 1944 “currentemres99.13al€ra9;t.19993231139

84 1934 153 1979 ad
185 1935 354 1980 Deum
367 1933 703 1979 accedendum
732 1947 864 1980 esse:
889 1934 1148 1980 utscilicet
1165 1933 1453 1994 postpositis
1467 1934 1706 1994 supersti-

87 1996 339 2042 tionibus
358 1997 645 2042 Judaiorum
676 2000 725 2042 et
766 1995 1049 2042 idololatria
1083 1998 1368 2055 gentilium,
1412 1999 1706 2045 accedamus

90 2059 156 2104 ad
196 2058 358 2105 ﬁdem
387 2058 588 2106 Christi.
614 2057 695 2104 Ait
717 2070 861 2116 ergo:

541 2162 934 2227 PSALMUS
963 2163 1261 2227 XXXIX

151 2268 209 2323 2.
238 2270 557 2333 Expectant;
581 2270 853 2333 expectaui
881 2270 1199 2333 Dominum,
1224 2276 1270 2319 et
1292 2271 1524 2319 intendit
1540 2270 1700 2319 mihi.

84 2344 172 2392 Ac
192 2341 247 2391 si
272 2341 448 2405 dicat,
465 2344 551 2392 Ita
572 2341 904 2404 exspectavi
920 2342 1246 2405 Dominum,
1260 2347 1326 2393 ut
1349 2342 1601 2404 quotidie
1616 2354 1704 2391 es-

89 2426 220 2464 sem
244 2418 633 2475 exspectans:
651 2417 707 2463 et
730 2413 862 2475 quia
885 2414 1268 2476 perseveravi,
1287 2412 1530 2463 intendit
1543 2414 1703 2460 Domi-

84 2485 297 2536 minus
323 2483 482 2542 mihi,
509 2484 675 2547 idest,
700 2484 774 2534 ad
788 2483 1092 2535 utilitatem
1104 2496 1313 2544 meam,
1332 2483 1548 2534 scilicet
1568 2495 1704 2545 prm-

87 2556 314 2605 stando
332 2554 572 2618 gratiam
590 2555 895 2615 suam.Qui
923 2555 1074 2605 enim
1100 2554 1490 2617 perseveravit
1514 2565 1702 2616 usque

87 2627 150 2677 in
184 2626 392 2687 linem,
417 2624 512 2676 hic
551 2624 748 2676 salvus
773 2627 880 2677 erit
902 2626 1067 2689 (Matt.
1094 2624 1221 2689 24.).
1248 2626 1392 2676 Hinc
1421 2626 1703 2688 Propheta

87 2710 202 2748 nos
243 2696 543 2758 admonet,
579 2695 793 2755 dicens,
835 2698 891 2747 Si
922 2708 1143 2747 moram
1184 2698 1390 2759 fecerit,
1428 2699 1703 2760 exspecta

87 2780 254 2819 eum:
284 2767 426 2830 quia
448 2766 685 2818 veniens
710 2768 901 2818 veniet
933 2767 1110 2832 (Abac.
1151 2766 1243 2831 2.).
1262 2769 1558 2829 Quomodo
1596 2780 1699 2819 au-

92 2844 215 2891 tem
242 2837 501 2889 intendit
524 2838 575 2889 ei
612 2838 910 2899 Dominus,
939 2839 1179 2902 exponit
1200 2851 1332 2889 cum
1365 2840 1697 2903 subjungit:

154 2908 294 2964 3.Et
330 2909 796 2973 exaudivitprcces
808 2924 970 2960 meas.
986 2912 1046 2960 In
1059 2922 1174 2973 quo
1186 2909 1523 2961 exaudivit?
1549 2911 1699 2962 Audi

89 2981 248 3044 quod
297 2980 580 3042 sequitur.
607 2981 674 3029 Et
707 2982 895 3030 eduxit
923 2996 1006 3029 me
1026 2981 1087 3029 de
1111 2981 1233 3029 lacu
1257 2982 1501 3030 miserias.
1524 2983 1695 3046 Idest,

88 3053 161 3103 de
179 3053 331 3104 certi
359 3051 744 3116 profunditate
777 3052 1001 3114 erroris,
1022 3064 1156 3115 qum
1179 3052 1440 3103 homines
1458 3053 1698 3105 miseros

91 3123 247 3175 facit.
284 3123 360 3171 Et
383 3122 445 3171 de
469 3122 578 3171 luto
600 3123 764 3185 fa’cis.
784 3123 955 3181 Idest,
992 3123 1062 3174 de
1086 3124 1562 3187 concupiscentiis
1576 3137 1699 3176 car-

90 3196 199 3253 nis,
229 3206 373 3258 quae
397 3194 619 3245 animas
642 3193 1218 3246 redduntlutulentas
1234 3207 1424 3246 coram
1436 3196 1694 3260 Domino,

92 3271 149 3317 et
172 3266 238 3317 in
266 3267 392 3316 imo
421 3266 699 3328 jacentes.

152 3338 205 3391 4.
234 3337 309 3386 Et
352 3337 540 3385 statuit
575 3352 746 3400 supra
782 3342 989 3399 petram
1033 3337 1187 3401 pedes
1218 3352 1376 3397 meos,
1410 3343 1457 3386 et
1494 3338 1697 3387 direxit

88 3424 309 3471 gressus
332 3423 489 3458 meos.
520 3406 783 3473 [Vers.5.]
817 3409 880 3456 Et
905 3409 1133 3456 immisit
1156 3409 1217 3456 in
1240 3424 1296 3457 os
1321 3424 1498 3458 meum
1521 3410 1700 3458 canti-

94 3495 219 3527 cum
250 3494 464 3528 novum
491 3494 713 3528 carmen
746 3480 852 3528 Deo
876 3485 1076 3530 nostro.
1106 3480 1405 3530 Notandus
1442 3486 1533 3532 est
1561 3481 1700 3531 ordo

94 3550 433 3602 berborum.
448 3551 610 3601 Prius
626 3550 779 3601 enim
791 3550 861 3601 de
877 3550 997 3602 luto
1026 3551 1322 3614 pravitatis
1338 3552 1622 3613 educitur,
1636 3557 1701 3603 ut

93 3622 218 3683 ejus
250 3621 436 3685 pedes
478 3634 577 3685 per
612 3621 782 3672 ﬁdem
806 3622 866 3672 in
889 3626 1047 3685 petra
1074 3622 1407 3674 solidentur.
1440 3624 1698 3686 Settquia

92 3697 316 3743 rectam
340 3693 511 3743 fidem
530 3695 682 3743 recta
695 3693 972 3755 subsequi
990 3692 1161 3744 debet
1173 3696 1441 3757 operatio,
1461 3708 1698 3759 gressus

95 3764 223 3824 ejus
265 3763 472 3815 directi
508 3767 661 3826 sunt,
695 3766 759 3815 ut
802 3767 933 3828 post
969 3764 1338 3816 directionem
1370 3778 1696 3830 gressuum,

94 3833 262 3893 idest,
316 3835 721 3901 perfectionem
758 3835 895 3886 boni
939 3836 1141 3899 operis,
1192 3837 1252 3887 in
1303 3850 1398 3888 ore
1442 3840 1699 3902 accipere

98 3906 269 3956 etiam
296 3918 519 3958 novum
545 3907 833 3957 canticum
858 3906 1297 3969 praedicationis.
1322 3909 1529 3959 Adhuc
1546 3910 1698 3960 enim

101 3978 269 4028 nobis
296 3977 722 4029 ininﬂrmitatis
739 3976 1076 4029 confusione
1085 3978 1431 4042 jacentibus,
1457 3980 1700 4044 praeberi

93 4059 209 4099 non
235 4048 733 4101 debetauctoritas
749 4049 1196 4113 praedicationis.
1218 4051 1327 4101 Sed
1350 4064 1483 4101 cum
1495 4052 1614 4114 jam
1638 4051 1698 4101 in

96 4118 246 4171 bono
270 4132 446 4183 opere
481 4121 792 4184 surgimus,
823 4133 952 4170 cum
974 4121 1096 4183 jam
1118 4122 1255 4170 recti
1278 4125 1428 4172 stare
1462 4122 1700 4184 emperi-

97 4202 245 4249 mus,
272 4192 520 4253 dignum
535 4196 641 4249 est,
674 4194 739 4242 ut
763 4191 834 4242 ad
861 4191 1166 4242 lucrandos
1192 4192 1334 4243 alios
1357 4194 1416 4243 in
1432 4194 1702 4257 praedica-

95 4260 312 4313 tionem
335 4264 481 4313 mitti
502 4263 836 4314 debeamus.
859 4263 1039 4313 Valde
1056 4264 1229 4313 etiam
1242 4266 1561 4315 notandum
1590 4269 1697 4327 est,

98 4334 249 4392 quod
280 4336 594 4398 postquam
620 4334 764 4384 dixit
783 4334 1103 4395 Canticum,
1131 4336 1406 4386 continuo
1431 4336 1700 4398 adjunxit

99 4404 361 4466 Carmen,
380 4405 547 4468 idest,
564 4406 843 4467 hymnum
862 4406 1203 4456 Deonostro.
1225 4408 1367 4457 Sunt
1382 4408 1535 4457 enim
1553 4420 1699 4457 non-

98 4473 242 4525 nulli
279 4476 495 4538 quibus
536 4488 571 4527 a
593 4477 836 4527 Domino
860 4477 1041 4539 gratia
1080 4477 1353 4528 doctrinae
1380 4478 1565 4541 datur,
1593 4480 1697 4530 sed

100 4546 364 4598 eamdem
377 4547 433 4597 in
451 4558 617 4598 suam
633 4547 913 4611 propriam
939 4548 1176 4610 gloriam
1190 4550 1478 4599 rellectere
1492 4563 1698 4601 conan-

102 4618 288 4668 tur.Hi
315 4618 587 4669 nimirum
603 4619 961 4669 canticumin
980 4631 1075 4670 ore
1086 4620 1425 4683 percipiunt,
1453 4622 1552 4671 sed
1577 4634 1696 4672 car-

1808 1926 2030 1991 psalmo
2059 1928 2199 1987 orat,
2225 1925 2443 1984 dicens,
2463 1928 2675 1975 Averte
2693 1925 2889 1975 oculos
2910 1935 3153 1974 meosne
3172 1923 3406 1974 videant

1804 1998 2118 2048 vanitatem
2166 1996 2327 2060 (Psat.
2378 1994 2539 2058 118.).
2595 1994 2753 2046 Idola
2783 2007 2919 2046 vero
2956 1994 3157 2057 colere,
3183 1992 3402 2058 lapides

1802 2068 2058 2127 adorare,
2091 2072 2367 2118 creatura:
2392 2066 2586 2131 potius
2620 2066 2913 2117 deservire
2938 2078 3114 2129 quam
3153 2066 3402 2117 Creatori

1806 2141 1973 2203 (Rom.
2023 2138 2114 2201 1.),
2161 2138 2259 2201 qui
2301 2138 2494 2188 omnia
2518 2137 2670 2200 fecit,
2696 2136 2891 2187 omnia
2913 2136 3158 2199 sapienti
3180 2136 3402 2199 cogita-

1804 2211 1957 2262 tione
1980 2209 2249 2273 disponit.
2263 2220 2473 2267 magna
2493 2212 2551 2259 et
2576 2208 2717 2258 falsa
2739 2207 2964 2258 insania
2986 2212 3092 2258 est.
3108 2206 3271 2257 Unde
3288 2206 3401 2257 ﬁde

1802 2285 1862 2332 et
1895 2280 2200 2331 devotione
2223 2281 2567 2331 convertens
2594 2291 2655 2328 se
2679 2278 2750 2329 ad
2786 2277 3114 2340 Dominum,
3141 2280 3205 2327 ut
3226 2276 3400 2327 corda

1801 2351 2062 2402 similiter
2088 2350 2160 2400 ad
2185 2351 2373 2413 ipsum
2406 2353 2703 2400 convertat
2722 2348 3096 2412 aliorum,qui
3116 2348 3399 2399 vanitates

1800 2425 1859 2475 et
1879 2422 2134 2472 insanias
2158 2421 2329 2471 falsas
2354 2419 2696 2483 respiciunt,
2722 2419 2835 2470 ait:

1863 2494 1914 2547 6.
1961 2492 2136 2541 Multa
2175 2492 2344 2552 fecisti
2387 2497 2463 2554 tu,
2501 2491 2734 2539 Domine
2758 2491 2900 2539 Deus
2921 2504 3093 2551 meus,
3119 2488 3400 2538 mirabilia

1801 2570 1912 2614 tua.
1940 2563 2146 2614 Fecisti
2171 2564 2324 2613 enim
2347 2561 2553 2614 cmlum
2577 2566 2637 2613 et
2653 2566 2863 2612 terram
2887 2564 2943 2611 et
2965 2561 3156 2611 omnia
3181 2572 3313 2623 quae
3338 2559 3399 2610 in

1801 2637 1886 2687 eis
1911 2639 2050 2686 sunt
2081 2650 2094 2686 :
2119 2638 2177 2686 et
2200 2634 2328 2685 hinc
2351 2632 2588 2696 quidem
2614 2631 3010 2693 tua,idesttibi
3027 2631 3273 2691 subdita,
3294 2630 3400 2682 tibi

1800 2706 2156 2757 famulantia.
2171 2705 2239 2753 Et
2255 2704 2670 2766 cogitationibus
2694 2705 2818 2765 tuis,
2833 2703 3054 2765 Quibus
3065 2703 3259 2754 omnia
3279 2702 3398 2752 dis-

1799 2779 1985 2843 ponis,
2013 2776 2141 2826 Non
2163 2781 2233 2825 est
2257 2778 2352 2839 qui
2374 2775 2570 2824 similis
2594 2776 2661 2824 sit
2682 2775 2794 2825 tibi.
2812 2775 2951 2835 Quis
2963 2776 3113 2826 enim
3126 2772 3398 2838 cognovit

1800 2861 2041 2900 sensum
2056 2847 2318 2898 Domini?
2333 2851 2435 2897 aut
2446 2846 2577 2908 quis
2592 2846 2948 2896 consiliarius
2963 2847 3086 2909 ejus
3098 2845 3209 2896 fuit
3225 2845 3394 2907 (Rom.

1799 2920 1905 2983 11.)
1921 2924 1945 2968 7
1968 2920 2106 2970 Haec
2128 2923 2226 2969 tua
2241 2917 2518 2969 mirabilia
2540 2928 2712 2980 opera
2736 2921 2854 2967 tam
2871 2915 3120 2967 visibilia
3133 2927 3305 2978 quam
3318 2915 3402 2964 in-

1796 2990 2060 3044 visibilia.
2093 2994 2150 3040 et
2166 2995 2262 3040 tua
2277 2987 2871 3050 incomprehensibilis
2891 2986 3169 3050 sapientia
3182 2984 3394 3049 praedi-

1796 3076 1829 3114 c
1846 3066 1931 3112 int
1952 3066 2004 3112 te
2025 3060 2212 3112 solum
2225 3058 2526 3109 colendum
2541 3070 2685 3117 esse,
2712 3061 2767 3108 te
2791 3058 2979 3108 solum
2999 3057 3309 3107 amandum
3334 3058 3392 3106 et

1794 3132 2182 3198 appetendum
2205 3145 2219 3182 :
2244 3142 2362 3180 non
2379 3129 2521 3178 istas
2545 3129 2832 3179 vanitates
2858 3133 2919 3179 et
2940 3128 3196 3178 insanias
3213 3126 3391 3198 falsas

1797 3197 1878 3254 An
1891 3220 1919 3249 η
1934 3203 2161 3251 untiavi.
2181 3202 2319 3252 Haec
2331 3200 2743 3251 nescientibus.
2760 3200 2825 3247 Et
2837 3200 3041 3248 locutus
3055 3212 3196 3258 sum,
3213 3197 3392 3248 scien-

1801 3278 1975 3327 tibus.
1991 3272 2355 3336 Sapientibus
2367 3272 2519 3321 enim
2534 3270 3007 3335 etinsipientibus
3024 3269 3247 3320 debitor
3262 3280 3393 3319 sum

1804 3348 1972 3411 (Rom.
2006 3344 2100 3408 1.).
2117 3343 2221 3395 Vel
2247 3342 2585 3394 annuntiavi
2600 3343 2760 3405 prius
2784 3354 2884 3406 per
2899 3346 3109 3406 patres,
3129 3339 3395 3391 etnovis-

1796 3410 1939 3469 Sime
1954 3416 2183 3468 locutus
2209 3428 2339 3465 sum
2356 3426 2452 3475 per
2464 3414 2886 3476 memetipsum.
2907 3410 3395 3476 Mulliplicatisunt

1794 3504 1957 3553 super
1969 3501 2279 3536 numerum.
2300 3487 2350 3536 Μ
2361 3485 2462 3535 ulti
2480 3487 2634 3534 enim
2651 3484 2850 3535 audita
2863 3482 3271 3547 prmdicatione
3289 3492 3394 3553 ve-

1797 3550 2009 3611 nerunt
2037 3559 2109 3610 ad
2136 3558 2469 3608 societatem
2494 3556 2872 3615 credentium,
2905 3554 3005 3617 qui
3027 3566 3143 3605 non
3167 3557 3306 3603 sunt
3336 3550 3397 3602 in

1796 3643 2040 3682 numero
2056 3629 2389 3691 electorum,
2406 3630 2552 3678 teste
2566 3627 2832 3681 Veritate.
2850 3638 2982 3688 quae
2992 3625 3072 3675 ait
3097 3639 3110 3675 :
3131 3622 3288 3673 Multi
3305 3634 3400 3673 vo-

1798 3701 1929 3763 cati,
1958 3700 2123 3765 pauci
2152 3712 2290 3750 vero
2314 3698 2476 3750 electi
2511 3697 2715 3759 (Matth.
2743 3696 3066 3760 20.).Super
3088 3705 3397 3746 numerum

1798 3785 1934 3837 ergo
1967 3771 2504 3835 praedestinatorum
2543 3771 2613 3821 ad
2642 3770 2840 3830 vitam,
2870 3766 3233 3837 multiplicati
3254 3768 3397 3837 sunt

1798 3835 2114 3895 credentes.
2142 3844 2212 3892 Et
2235 3842 2371 3904 quia
2392 3841 2450 3891 in
2478 3846 2734 3903 tempore
2751 3837 2905 3902 quod
2920 3837 3064 3888 fides
3085 3835 3399 3900 praedicata

1798 3919 1907 3977 est,
1940 3918 2106 3965 vetus
2121 3912 2293 3963 etiam
2309 3911 2649 3962 sacrificium
2663 3913 2952 3959 mutatum
2977 3912 3068 3958 est
3092 3905 3268 3969 (Hebr.
3285 3905 3314 3957 7
3326 3913 3355 3967 .)
3378 3918 3393 3956 :

1797 3984 2141 4043 ostenditur,
2166 3981 2665 4033 cumsubinfertur
2692 3994 2705 4029 :

1862 4056 1911 4109 7.
1940 4054 2285 4116 Sacriﬁcium
2310 4059 2357 4102 et
2379 4052 2703 4101 oblationem
2726 4048 2968 4110 noluisti,
3011 4063 3170 4096 aures
3212 4052 3395 4096 autem

1809 4125 1827 4194 |
1844 4125 1956 4192 85
1983 4126 2248 4190 per/scisti
2263 4124 2423 4174 mihi.
2442 4125 2586 4174 Ecce
2598 4120 2889 4194 quomodo
2903 4120 2988 4170 vir
3007 4123 3245 4194 sanctus
3262 4134 3396 4194 prae-

1798 4190 2033 4249 videbat
2054 4196 2398 4247 mutandum
2423 4207 2553 4246 esse
2578 4193 2941 4252 sacritlcium,
2956 4191 3209 4254 etlegem
3228 4190 3396 4255 spiri-

1801 4269 2030 4320 tualiter
2052 4267 2502 4330 intelligendam.
2528 4267 2643 4316 Nec
2672 4264 2884 4315 factum
2908 4263 3118 4313 esthoc
3135 4262 3398 4325 tempori-

1797 4342 1910 4392 bus
1934 4340 2073 4402 suis,
2101 4340 2202 4390 sed
2237 4339 2467 4390 nostris.
2502 4340 2629 4401 Ipse
2654 4336 2762 4387 hoc
2782 4334 2993 4399 Spiritu
3011 4337 3211 4384 sancto
3233 4345 3396 4383 reve-

1798 4412 1948 4463 lante
1986 4411 2360 4475 praevidebat.
2391 4410 2504 4459 Nos
2535 4413 2729 4458 autem
2754 4406 2903 4455 sicut
2935 4403 3291 4475 audivimus.
3312 4402 3394 4475 sic

1798 4474 2049 4534 vidimus
2065 4483 2124 4532 in
2140 4482 2370 4531 civitate
2395 4479 2638 4531 Domini.
2654 4479 2795 4527 Ecce
2815 4475 3157 4526 sacriﬁcium
3176 4478 3230 4524 et
3244 4474 3397 4524 obla-

1799 4555 2031 4615 tionem,
2048 4553 2196 4603 sicut
2207 4553 2365 4615 prius
2378 4549 2733 4601 consuetudo
2750 4552 2886 4604 erat,
2901 4545 3083 4597 noluit
3099 4544 3392 4596 Dominus.

1798 4628 1924 4688 Ipse
1941 4624 2128 4674 factus
2140 4622 2414 4674 estnobis
2428 4619 2694 4671 sacerdos
2719 4622 2776 4669 et
2791 4617 3151 4668 sacriﬁcium.
3168 4618 3295 4679 Ipse
3308 4620 3398 4666 est

102 4697 254 4763 men,
280 4688 710 4763 idest,laudem,
728 4690 971 4740 Domino
993 4692 1108 4763 Deo
1126 4694 1320 4741 nostro
1342 4692 1412 4741 de
1432 4698 1695 4756 percepta
1721 4692 1776 4763 D
1800 4708 1973 4747 verus
1997 4707 2182 4757 agnus
2204 4694 2321 4756 Dei,
2347 4692 2447 4754 qui
2482 4689 2812 4763 immolatus
2837 4691 2923 4763 est
2949 4702 3047 4752 pro
3073 4688 3262 4763 nobis,
3286 4689 3394 4763 _q_ui

106 4761 288 4820 gratia
300 4761 538 4812 reddere
552 4765 949 4812 contemnunt.
969 4762 1074 4813 Sed
1089 4763 1224 4825 quia
1240 4764 1306 4812 ist
1317 4776 1347 4813 e
1361 4764 1448 4813 vir
1458 4769 1697 4814 sanctus

116 4832 534 4888 praedicationis
560 4834 797 4883 verbum
820 4833 890 4883 de
914 4846 1063 4884 novo
1088 4836 1457 4885 Testamento
1484 4836 1702 4886 scilicet

108 4898 177 4949 de
210 4902 932 4964 Dominicaincarnatione,
952 4904 1237 4967 passione,
1266 4907 1698 4969 resurrectione,

108 4974 446 5025 ascensione
467 4979 524 5026 et
540 4974 610 5026 de
634 4976 861 5026 caeteris
881 4988 1014 5037 quae
1040 4976 1111 5026 ad
1136 4989 1349 5027 novam
1369 4977 1545 5027 vitam
1558 4982 1613 5028 et
1628 4978 1700 5028 ad

110 5044 488 5112 novum|84
536 5046 830 5097 hominem
875 5047 1173 5110 pertinent,
1199 5048 1439 5112 accepit:
1468 5054 1526 5099 et
1574 5049 1701 5099 haec

112 5116 384 5182 omniaad
399 5116 625 5168 laudem
641 5118 1047 5182 omnipotentis
1058 5119 1154 5169 Dei
1170 5120 1460 5182 expendit,
1482 5133 1599 5171 non
1618 5134 1703 5171 so-

115 5181 231 5236 lum
247 5188 309 5238 in
321 5200 415 5239 ore
434 5202 540 5240 suo
557 5181 884 5240 immissum
901 5202 1027 5240 esse
1044 5181 1332 5240 canticum
1349 5181 1584 5245 novum.
1600 5191 1700 5242 sed

113 5256 281 5309 etiam
310 5271 541 5312 carmen
569 5262 685 5312 Deo
708 5267 930 5322 nostro,
966 5266 1121 5312 recte
1147 5264 1392 5312 testatus
1427 5267 1533 5313 est.
1566 5265 1701 5313 Esto

113 5336 296 5406 novus
310 5330 501 5395 homo,
515 5333 765 5406 praedira
781 5333 1071 5406 Christum
1090 5350 1100 5379 :
1119 5338 1172 5406 et
1190 5334 1271 5383 sic
1286 5334 1546 5396 cantasti,
1568 5348 1703 5385 can-

115 5400 291 5468 ticum
314 5415 552 5454 novum.
579 5404 706 5454 Noli
725 5416 981 5467 quaerere
1003 5404 1231 5455 laudem
1251 5410 1426 5468 tuam,
1452 5409 1551 5456 sed
1575 5406 1701 5457 lau-

115 5466 256 5549 dans
286 5473 492 5549 invoca
518 5466 825 5549 Dominum
848 5491 860 5525 :
896 5476 1061 5549 etsic
1109 5488 1339 5549 carmen
1362 5466 1481 5528 Deo
1507 5482 1703 5529 nostro

117 5538 325 5612 dixisti.
354 5546 550 5597 Fidem
577 5547 803 5597 Domini
830 5547 1155 5610 praedicare,
1184 5548 1487 5612 etinsuper
1509 5549 1703 5612 ipsum

118 5608 319 5666 devote
340 5616 589 5678 laudare,
609 5608 895 5669 canticum
909 5623 966 5670 et
985 5608 1215 5669 carmen
1234 5621 1343 5670 Deo
1359 5608 1553 5671 noetro
1566 5633 1704 5671 can-

123 5681 232 5733 tare
256 5693 360 5738 est.
388 5689 601 5751 thuia
614 5690 721 5740 hoc
747 5691 966 5741 cantico
991 5692 1046 5740 et
1068 5691 1317 5741 carmine
1341 5691 1535 5742 audito
1558 5693 1708 5743 mul-

121 5754 205 5830 tos
218 5757 289 5807 ad
307 5759 475 5810 ﬁdem
493 5773 877 5811 conversuros
898 5762 986 5812 vir
1002 5766 1239 5811 sanctus
1263 5762 1422 5825 vidit,
1437 5763 1565 5813 ideo
1588 5776 1706 5826 pro-

125 5825 279 5899 tinus
297 5830 545 5881 addidit:
583 5831 843 5881 Videbunt
868 5832 1045 5891 multi,
1066 5838 1111 5881 et
1142 5832 1421 5892 timebunt,
1447 5839 1492 5882 et
1515 5825 1705 5899 spera-

125 5890 321 5947 buntin
352 5902 604 5954 Domino.
636 5903 741 5965 Qui
766 5906 902 5956 caeci
927 5890 1105 5967 erant,
1130 5907 1187 5957 et
1220 5903 1290 5956 de
1320 5890 1435 5957 Deo
1459 5890 1600 5957 nihil
1629 5906 1711 5958 in-

1802 4766 1948 4817 tollit
1971 4770 2205 4830 peccata
2221 4764 2437 4815 mundi.
2455 4762 2744 4813 Transivit
2760 4762 2985 4819 umbra,
3005 4761 3267 4823 apparuit
3286 4760 3399 4810 Ve-

1800 4839 1975 4889 ritas:
2017 4842 2212 4888 vetera
2233 4835 2602 4893 transierunt,
2647 4837 2706 4884 et
2744 4844 2876 4884 ecce
2900 4833 3047 4882 facta
3070 4837 3395 4881 suntnova.

1798 4908 2037 4959 Perfecit
2050 4920 2123 4959 au
2132 4911 2243 4958 tem
2260 4908 2429 4958 nobis
2443 4918 2629 4961 aures,
2648 4909 2713 4955 ut
2729 4916 2860 4967 quae
2878 4903 2948 4953 de
2970 4903 3094 4965 lege
3109 4902 3395 4963 audimus,

1800 4978 2167 5044 spiritualiter
2181 4978 2588 5041 intelligamus.
2616 4977 2735 5026 Has
2768 4976 3093 5038 requirebat
3116 4974 3394 5032 Christus,

1800 5051 2032 5113 quando
2056 5050 2304 5111 dicebat,
2331 5049 2435 5109 Qui
2460 5049 2633 5099 habt‘t
2668 5059 2839 5098 aures
2884 5044 3153 5097 audiendi
3197 5044 3396 5094 audiat

1798 5122 1944 5184 (Luc.
1968 5120 2057 5184 8.).
2086 5126 2271 5172 Aures
2296 5120 2530 5183 perfecit
2544 5119 2663 5169 suis
2680 5116 3002 5181 Discipulis,
3027 5116 3394 5178 quandoape-

1798 5193 1914 5243 ruit
1937 5192 2048 5241 illis
2074 5204 2331 5247 sensum,
2365 5196 2429 5240 ut
2461 5190 2843 5246 intelligerent
2879 5186 3200 5249 Scripturas
3245 5186 3388 5247 (Luc.

1798 5262 1924 5326 22.1.).
1959 5262 2061 5313 Vel
2084 5274 2256 5313 aures
2280 5261 2447 5311 nobis
2479 5259 2850 5324 perﬁciuntur
2868 5270 2902 5307 a
2918 5259 3051 5316 Deo,
3071 5255 3303 5319 quando
3319 5256 3390 5306 ad

1800 5333 2185 5386 obediendum
2230 5332 2279 5382 ei
2308 5344 2406 5395 per
2428 5332 2623 5382 omnia
2653 5329 2883 5392 perfecti
2907 5328 3201 5379 efﬁcimur.
3228 5326 3392 5378 Unde

1802 5406 2078 5469 scriptum
2114 5408 2220 5463 est,
2257 5402 2455 5453 Melior
2488 5406 2574 5451 est
2597 5400 2921 5451 obedientia
2943 5410 3115 5462 quam
3141 5397 3392 5469 victimae

1802 5476 1870 5539 (1.
1906 5466 2023 5537 Reg.
2054 5473 2178 5537 15.).
2210 5472 2491 5524 Perfectus
2515 5469 2988 5521 auresaDomino
3026 5469 3277 5532 populus
3302 5466 3393 5539 ille

1802 5548 2004 5599 habuit
2033 5547 2101 5596 de
2126 5557 2240 5608 quo
2262 5544 2392 5594 alibi
2440 5542 2722 5592 Dominus
2748 5554 2847 5605 per
2893 5539 3249 5591 Psalmistam
3294 5538 3392 5599 ait,

1804 5618 2056 5682 Pepulus
2081 5629 2251 5680 quem
2264 5626 2376 5665 non
2394 5615 2655 5677 cognovi,
2678 5610 3237 5672 servivitmihi(Psat.
3255 5608 3388 5670 17.):

1802 5692 1863 5742 in
1887 5692 2086 5742 auditu
2109 5688 2262 5739 auris
2304 5685 2562 5737 obedivit
2600 5684 2741 5735 mihi
2778 5684 2967 5745 (Ibid).
3009 5682 3391 5731 Holocaustum

1801 5769 1847 5812 et
1878 5778 1978 5828 pro
2002 5766 2209 5826 peccato
2233 5774 2344 5807 non
2366 5757 2647 5822 postulasti
2675 5756 2845 5819 (Hebr.
2875 5754 3013 5828 10.)._
3033 5755 3178 5828 ‘Hoc
3213 5753 3392 5803 distat

1802 5825 1955 5886 intra
1977 5825 2382 5885 holocaustum
2399 5834 2456 5881 et
2475 5828 2818 5880 sacrificium
2838 5826 3019 5890 :quod
3032 5825 3238 5878 hostia:
3259 5838 3390 5890 pars

1802 5906 1994 5970 aliqua
2015 5904 2205 5957 oblata
2236 5905 2372 5967 Deo,
2398 5901 2738 5953 sacrificium
2763 5899 3076 5952 dicebatur.
3104 5899 3391 5950 Holocau-
