3890 6404
470 344 574 401 795

1525 357 1792 411 RUFINO
1825 357 2289 411 PRESBYTERO
2322 356 2708 410 ASCRIPTUS

3677 353 3780 408 796

472 465 850 548 stum-autem
882 471 1066 548 totum
1089 469 1390 548 incensum
1415 471 1744 548 erat_(Levit.
1772 471 1842 548 1,_)
1866 470 2068 548 :Avide-
2090 475 2145 548 Α
2171 475 2337 548 tuum
2360 472 2505 548 (Luc.
2549 469 2646 532 2.).
2687 472 2757 548 Et
2781 468 2922 548 alibi
2941 467 3522 548 Psalmistapostulat
3550 467 3779 548 dicens,

470 529 604 584 lieet
631 537 864 598 quando
892 542 1006 590 tota
1030 541 1218 592 hostia
1248 542 1308 592 in
1325 529 1604 593 sacrificio
1629 529 2062 593 incendebatur.

475 603 584 654 Sed
610 606 892 685 Dominus
927 624 1034 685 nec
1063 613 1285 685 minora
1307 627 1414 685 nec
1439 614 1653 676 majora
1684 615 1894 685 veteris
1928 613 2071 676 legis

475 677 754 728 sacriticia
788 681 1041 742 requirit,
1069 683 1161 733 cui
1184 695 1299 734 non
1319 683 1439 746 jam
1464 685 1686 746 umbra,
1721 684 1822 734 sed
1857 685 2072 735 veritas

475 751 637 808 grata
662 749 856 799 existit
891 765 903 799 :
932 753 1401 816 quandoquidem
1435 755 1562 806 haec
1585 767 1702 805 non
1736 755 2069 819 postulavit.

477 819 616 888 Quae
637 823 792 881 sunt,
819 833 950 882 quae
979 824 1336 883 postulavit?
1361 826 1638 888 sequitur,
1663 829 1720 876 et
1745 825 1881 876 dicit
1904 840 1917 875 :

533 887 588 939 8.
631 889 774 960 Tum
797 891 854 938 di
867 892 934 942 ei.
960 893 1090 942 Ecce
1103 896 1273 944 venio.
1290 897 1417 947 Vox
1433 887 1642 946 Christi
1659 896 1815 947 estin
1830 909 2075 960 persona

475 968 581 1038 sua
599 973 622 1038 :_
636 959 798 1038 Tunc,
815 961 982 1022 idest,
1001 977 1068 1015 eo
1095 970 1366 1038 tempore,
1385 979 1502 1030 quo
1527 967 1669 1018 mihi
1687 959 2074 1031 opportunum

473 1028 794 1102 videbatur,
827 1038 890 1084 ut
919 1028 1756 1090 veterainnovamutarentur}
1768 1028 1928 1102 Diaei,
1947 1039 2075 1086 Ecce

474 1100 626 1180 senio
658 1101 832 1180 (Hebr.
857 1103 984 1180 11).),
1007 1105 1177 1165 idest,
1202 1107 1511 1160 deliberavi
1550 1113 1616 1160 ut
1658 1108 1719 1160 in
1742 1100 2077 1159 minifesta-

474 1173 628 1244 tione
652 1173 813 1226 ﬂeret
837 1176 1124 1230 adventus
1147 1192 1332 1232 meus.
1351 1180 2075 1244 Hujusadventustestimo-

473 1243 635 1294 nium
659 1245 731 1296 de
749 1248 1033 1312 scriptura
1056 1250 1246 1312 trahit,
1289 1265 1422 1303 cum
1441 1243 1637 1304 subdit
1661 1254 1992 1301 eonvertendo
2025 1266 2076 1299 se

474 1313 546 1386 ad
577 1315 805 1369 Patrem
828 1324 888 1370 et
908 1320 1152 1374 dicendo
1180 1339 1191 1371 :
1220 1325 1284 1372 1η
1325 1324 1494 1386 capite
1524 1323 1652 1372 libri
1693 1323 1956 1386 scriptum
2007 1327 2077 1371 est

475 1385 538 1434 de
562 1401 644 1434 me
671 1387 854 1451 (Vers.
889 1389 962 1456 9.]
994 1397 1051 1440 ut
1082 1393 1317 1455 facerem
1351 1385 1677 1444 voluntatem
1701 1385 1854 1442 lnam
1889 1409 1904 1441 :
1939 1393 2079 1442 Deus

475 1470 626 1506 meus
661 1459 838 1512 volui:
874 1462 944 1511 Et
977 1463 1141 1526 legem
1175 1469 1329 1513 tuam
1357 1465 1419 1513 in
1452 1465 1628 1514 medio
1654 1465 1832 1514 cordis
1864 1463 1988 1514 mei.
2013 1465 2081 1514 In

475 1527 658 1600 primo
681 1531 900 1594 psalmo
915 1533 1090 1599 hujus
1105 1535 1240 1588 libri
1253 1536 1530 1600 scriptum
1557 1541 1664 1598 est,
1679 1541 1744 1587 ut
1764 1535 1966 1587 faciam
1985 1548 2079 1587 vo-

473 1599 752 1679 luntatem
779 1607 954 1667 tuam,
979 1606 1145 1668 idest,
1183 1611 1249 1679 ut
1273 1599 1543 1679 impleam
1557 1606 1944 1679 obedientiam
1967 1617 2004 1679 a
2025 1611 2081 1657 te

474 1670 616 1721 mihi
649 1672 993 1736 injunctam.
1043 1679 1113 1728 Et
1147 1677 1230 1728 sic
1256 1678 1538 1742 scriptum
1563 1682 1690 1729 est:
1720 1679 1808 1728 Ita
1843 1676 2018 1740 volui,
2046 1689 2080 1727 ο

474 1742 630 1793 Deus
651 1755 832 1796 meus.
862 1747 988 1798 Non
999 1748 1130 1800 veni
1153 1748 1339 1800 facere
1365 1748 1724 1800 voluntatem
1750 1760 1960 1808 meam,
1980 1746 2084 1798 sed

475 1812 833 1892 voluntatem
857 1817 1111 1892 ejusbqui
1134 1820 1292 1892 misit
1307 1832 1402 1871 me
1417 1820 1614 1892 Patris.
1647 1819 1928 1892 Attende,
1945 1819 2082 1892 quid

476 1885 540 1933 in
557 1885 747 1954 capite
769 1886 946 1948 hujus
966 1889 1093 1941 libri
1118 1891 1395 1954 scriptum
1419 1892 1497 1942 sit
1511 1891 1582 1943 de
1609 1891 1851 1942 Christo.
1867 1891 2084 1942 Dicitur

477 1953 629 2004 enim
653 1955 749 2020 ibi,
781 1959 988 2010 Beatus
1013 1961 1098 2011 vir
1120 1961 1218 2024 qui
1233 1953 1349 2013 non
1365 1962 1522 2025 abiit,
1547 1966 1604 2012 et
1621 1966 1844 2012 caetera.
1867 1961 1970 2012 Hic
1986 1977 2083 2009 au-

479 2026 596 2076 tem
619 2025 718 2091 ait,
745 2028 874 2078 Ecce
896 2032 1066 2080 venio.
1096 2033 1315 2084 Dicitur
1336 2033 1414 2084 ibi
1443 2053 1455 2081 :
1481 2033 1592 2084 Sed
1617 2033 1674 2083 in
1707 2033 1834 2096 lege
1859 2031 2085 2084 Domini

480 2097 753 2150 voluntas
779 2102 905 2164 ejus
931 2116 944 2152 :
977 2103 1070 2154 hie
1101 2117 1236 2156 vero
1269 2105 1366 2166 ait,
1412 2105 1475 2154 Ut
1497 2105 1727 2166 facerem
1759 2105 2084 2153 voluntatem

481 2173 650 2218 tuam.
687 2172 907 2224 Dicitur
925 2174 1029 2224 ibi:
1047 2177 1116 2227 Et
1138 2176 1197 2226 in
1210 2175 1336 2238 lege
1360 2175 1587 2227 Domini
1602 2175 1974 2227 meditabitur
1989 2175 2084 2226 die

479 2249 546 2288 ac
568 2245 736 2292 nocte
761 2256 775 2291 :
803 2243 894 2294 hic
919 2250 1112 2296 autem
1144 2245 1298 2305 dicit,
1335 2247 1403 2294 Et
1441 2247 1603 2309 legem
1629 2253 1780 2298 tuam
1812 2247 1872 2294 in
1907 2246 2083 2294 medio

478 2309 655 2360 cordis
677 2313 796 2362 mei.
825 2316 965 2365 Haec
996 2317 1138 2366 satis
1165 2315 1595 2379 aequipollentia
1619 2321 1776 2367 sunt.
1804 2317 1965 2378 Quod
1990 2329 2084 2367 me

479 2379 635 2432 dium
652 2389 759 2444 est,
778 2397 895 2436 non
912 2385 1159 2438 declinat
1169 2387 1356 2451 magis
1378 2388 1451 2438 ad
1473 2379 1722 2450 aliquam
1737 2393 1976 2451 partem.
1996 2389 2084 2435 Ille

480 2465 614 2516 ergo
640 2453 812 2506 habet
833 2456 1021 2521 legem
1047 2459 1147 2509 Dei
1172 2471 1230 2521 in
1253 2459 1443 2510 medio
1467 2459 1655 2510 cordis
1681 2459 2084 2522 sui,quiman-

478 2523 612 2574 data
638 2525 766 2588 ejus
791 2527 872 2578 ita
892 2528 1206 2579 meditatur
1227 2535 1286 2580 et
1317 2533 1528 2588 servat,
1546 2535 1613 2580 ut
1635 2542 1753 2580 non
1764 2528 2080 2580 declinetad

480 2593 796 2657 dexteram,
830 2611 1016 2661 neque
1039 2601 1113 2650 ad
1151 2599 1443 2650 sinistram
1472 2601 1639 2662 (Deut.
1669 2599 1760 2662 5.).
1787 2599 1885 2650 Ille
1909 2599 2085 2650 habet

480 2663 667 2728 legem
695 2667 794 2718 Dei
819 2668 880 2718 in
903 2669 1093 2720 medio
1117 2670 1304 2721 cordis
1329 2671 1438 2734 sui,
1454 2671 1554 2732 qui
1572 2671 1757 2734 diligit
1773 2671 2082 2721 Dominum

483 2736 666 2787 Deum
691 2749 762 2788 ex
787 2743 908 2790 toto
933 2739 1103 2792 corde
1121 2753 1246 2800 suo,
1273 2745 1332 2791 et
1355 2753 1426 2790 ex
1452 2745 1573 2792 tota
1595 2741 1790 2791 anima
1803 2753 1927 2800 sua,
1945 2743 1997 2790 et
2009 2753 2081 2792 ex

482 2807 619 2856 totis
654 2807 872 2860 viribus
899 2810 1040 2874 suis,
1065 2817 1122 2863 et
1142 2811 1470 2874 proximum
1497 2824 1670 2862 suum
1695 2812 2080 2870 sicutseipsum

483 2877 632 2936 (Luc.
663 2877 786 2941 10.).
814 2881 1086 2944 Quisquis
1105 2881 1234 2934 talis
1257 2887 1364 2945 est,
1377 2882 1603 2946 justum
1621 2882 1871 2946 profecto
1892 2885 2000 2943 est,
2017 2886 2081 2933 ut

476 2947 776 3010 justitiam,
802 2964 976 3013 quam
1001 2953 1124 3014 ipse
1150 2953 1342 3014 habet,
1365 2953 1494 3004 aliis
1520 2953 1826 3018 praedicare
1837 2965 1955 3004 non
1967 2965 2086 3004 ces-

487 3022 575 3068 set
596 3019 791 3082 (Gatat.
817 3020 908 3084 3.).
937 3023 1098 3074 Unde
1122 3029 1178 3074 et
1202 3024 1470 3075 subditur
1503 3037 1516 3073 :

549 3087 634 3158 10:
660 3091 1011 3142 Annuntiavi
1031 3093 1306 3157 justitiam
1331 3101 1482 3144 tuam
1511 3095 1574 3143 in
1595 3093 1828 3144 Ecclesia
1857 3109 2084 3158 magna,

494 3156 644 3228 I86
671 3162 813 3214 Toto
839 3165 976 3214 orbe
1007 3156 1286 3216 terrarum
1311 3165 1536 3219 diffusa.
1563 3156 2086 3228 Annuntiaviquod

2171 542 2428 593 Salutare
2476 547 2638 594 tuum
2670 541 2746 591 da
2791 541 2960 591 nobis
3006 540 3168 603 (Psal.
3201 539 3326 602 84.).
3361 541 3488 590 Non
3515 539 3780 588 asbcondi

2169 614 2600 662 misericordiam
2625 618 2854 672 tuam,et
2877 611 3148 660 veritatem
3165 617 3315 660 tuam
3338 627 3374 660 a
3398 611 3634 662 concilio
3645 611 3781 658 mul-

2171 686 2311 734 to.In
2321 685 2575 735 conciliis
2587 689 2644 735 et
2657 683 2974 746 synagogis
2990 687 3126 734 ante
3141 695 3304 746 reges
3320 685 3376 733 et
3390 685 3642 743 praesides
3665 697 3780 731 cum

2170 768 2382 818 magna
2393 756 2730 806 auctoritate
2755 759 2812 805 et
2834 755 3075 804 audacia
3099 752 3355 817 Apostoli
3371 753 3557 804 sancti
3572 757 3637 804 et
3653 769 3784 800 mar-

2177 831 2328 888 tyres
2353 826 2810 889 praedicaverunt
2835 827 2965 888 (Act.
2998 823 3076 885 5.)
3093 823 3546 876 misericordiam
3557 830 3620 876 et
3639 825 3784 874 veri-

2175 900 2352 948 tatem
2393 896 2621 947 Christi.
2659 897 2760 946 Vis
2781 895 2978 946 audire
3007 896 3454 946 misericordiam
3479 896 3582 946 Dei
3610 897 3640 945 ἵ
3660 898 3780 958 Age

2173 967 2594 1030 paenitentiam,
2611 971 2668 1018 et
2685 967 3055 1017 remittuntur
3082 967 3181 1016 tibi
3207 969 3436 1029 peccata
3462 965 3781 1029 (.1!atth.4,).

2174 1039 2276 1088 Vis
2299 1038 2497 1088 audire
2523 1038 2820 1088 veritatem
2835 1040 2862 1087 ‘t
2875 1037 3325 1100 Tenejustitiam
3344 1042 3401 1088 et
3424 1036 3665 1088 dabitur
3684 1036 3784 1086 tibi

2173 1122 2397 1161 merces
2422 1114 2637 1161 aeterni
2662 1108 2875 1171 (Eccles.
2906 1106 3031 1170 18.).
3058 1107 3209 1159 Audi
3230 1107 3694 1159 misericordiam
3711 1107 3785 1157 si-

2173 1179 2296 1232 mul
2311 1185 2368 1230 et
2393 1181 2710 1231 veritatem.
2738 1179 3142 1231 Pmnitentiam
3164 1179 3332 1242 agite,
3358 1179 3784 1244 appropinqua-

2177 1253 2260 1304 vit
2289 1251 2446 1302 enim
2471 1263 2714 1314 regnum
2737 1251 3011 1302 caelorum
3031 1251 3242 1313 (Matth.
3261 1249 3352 1312 4.).
3376 1249 3784 1302 Paenitentiam

2178 1323 2424 1388 pertinet
2443 1322 2515 1373 ad
2533 1321 3000 1386 miscricordiam,
3027 1333 3270 1384 regnum
3287 1320 3564 1372 caelorum
3586 1319 3666 1371 ad
3693 1333 3788 1370 ve—

2179 1395 2420 1445 ritatem.
2440 1393 2606 1443 Modo
2623 1392 3011 1444 misericordia
3034 1391 3392 1456 praedicatur,
3422 1396 3631 1454 postea
3657 1394 3790 1438 veri-

2178 1469 2269 1516 tas
2303 1465 2623 1515 exhibetur.
2642 1466 2863 1515 Rursus
2881 1463 2981 1527 qui
3013 1463 3186 1514 modo
3211 1463 3532 1514 contemnit
3555 1463 3783 1513 miseri-

2179 1536 2460 1587 cordiam:
2479 1534 2736 1586 districte
2762 1539 2959 1598 postea
2987 1535 3192 1586 sentiet
3218 1534 3510 1585 veritatem
3535 1545 3662 1584 non
3675 1533 3790 1595 qui-

2179 1607 2310 1657 dem
2321 1606 2394 1657 ad
2418 1606 2678 1670 gloriam,
2704 1605 2804 1656 sed
2827 1605 2900 1656 ad
2926 1617 3170 1664 poenam.
3199 1605 3411 1657 Deinde
3435 1603 3703 1669 respexit
3719 1603 3787 1654 ad

2183 1679 2442 1728 membra
2467 1677 2680 1736 saucia,
2709 1680 2768 1728 et
2793 1688 2895 1740 pro
2919 1675 3031 1727 illis
3055 1675 3410 1736 orat,dieens
3433 1691 3450 1724 :

2248 1746 2333 1802 1‘2.
2371 1749 2446 1796 Tu
2469 1754 2667 1807 autem,
2693 1747 2940 1812 Domine,
2966 1763 3033 1796 ne
3053 1747 3206 1810 longe
3227 1747 3400 1810 facias
3413 1746 3788 1796 miserationes

2113 1835 2168 1908 B
2187 1825 2355 1908 33“”?
2377 1835 2480 1908 νβ’
2503 1819 2923 1908 ίάξθδὲιθξλίίίῗξ
2938 1818 3564 1908 ἐλέἕῗὲἳῗιξῗξῗῗίίξθῗξ
3573 1817 3788 1908 3290.13

2186 1889 2357 1951 longe
2401 1891 2586 1942 facere
2621 1891 2694 1941 ab
2726 1890 2809 1941 eis
2834 1895 2962 1941 tuas
2985 1889 3398 1942 miserationes.
3424 1889 3709 1952 Quisquis
3732 1902 3788 1938 se

2182 1962 2357 2013 sentit
2378 1961 2632 2024 elongari
2660 1973 2695 2012 a
2721 1961 2963 2012 Domino
2982 1975 3079 2024 per
3100 1973 3338 2025 pravam
3353 1961 3552 2020 vitam,
3566 1973 3674 2024 per
3695 1976 3790 2008 Ina-

2180 2035 2295 2085 lam
2317 2033 2691 2096 voluntatem,
2716 2033 2868 2084 dicat
2889 2033 3114 2093 devote,
3150 2032 3302 2084 dicat
3324 2031 3785 2096 lacrymabiliter,

2187 2105 2263 2153 Tu
2286 2111 2485 2165 autem,
2500 2105 2746 2163 Domine,
2765 2120 2829 2153 ne
2850 2103 3002 2167 longe
3029 2103 3201 2166 facias
3225 2104 3596 2152 miserationes
3614 2109 3738 2151 tuas
3756 2117 3787 2149 α

2181 2189 2282 2224 me.
2311 2175 2428 2238 Ego
2451 2175 2643 2238 miser,
2671 2176 2755 2225 Tu
2780 2175 3122 2225 misericors.
3149 2173 3340 2226 Multae
3365 2187 3509 2225 mete
3535 2175 3789 2234 iniquita-

2184 2249 2290 2298 tes.
2317 2245 2418 2296 sed
2443 2250 2715 2309 superant
2733 2250 2849 2297 tuae
2863 2245 3680 2296 miserationes.Misericordia
3697 2251 3785 2291 tua

2369 2322 2416 2364 et
2439 2317 2632 2364 veritus
2655 2322 2750 2364 tua
2781 2331 2986 2379 semper
3006 2321 3348 2378 susceperunt
3379 2330 3480 2364 me.
3505 2314 3786 2366 Attende.

2183 2391 2319 2450 quia
2339 2387 2666 2438 misericors
2686 2400 2774 2437 es:
2801 2386 3057 2448 attendo,
3083 2387 3219 2450 quia
3232 2399 3406 2437 verax
3429 2390 3681 2438 es.Amo
3699 2385 3789 2434 mi-

2183 2458 2548 2518 sericordem,
2599 2457 2770 2508 timeo
2815 2469 3090 2508 veracem.
3126 2459 3194 2507 Et
3227 2457 3309 2507 sic
3339 2469 3499 2507 amor
3519 2461 3582 2507 et
3619 2457 3788 2507 timor

2181 2527 2410 2580 ducunt
2447 2541 2540 2579 me
2581 2528 2654 2578 ad
2699 2533 2780 2578 te:
2832 2529 2967 2590 quia
3001 2527 3371 2575 misericordia
3395 2533 3441 2575 el
3462 2527 3667 2575 veritas
3691 2533 3779 2574 tua

2180 2615 2385 2663 semper
2406 2606 2746 2663 susceperunt
2771 2613 2873 2650 me.
2897 2598 3032 2650 Ideo
3059 2611 3175 2662 oro,
3199 2611 3274 2650 ne
3297 2598 3464 2662 longe
3475 2597 3659 2650 facias
3681 2598 3786 2649 mi-

2183 2669 2497 2721 serationes
2527 2675 2674 2720 tuas.

2245 2740 2329 2794 13.
2372 2742 2647 2800 Quoniam
2691 2739 3158 2789 circumdederunt
3202 2755 3286 2788 me
3328 2739 3497 2802 mala,
3541 2755 3780 2804 quorum

2179 2827 2294 2860 non
2305 2818 2376 2861 est
2392 2828 2669 2862 numerus.
2689 2813 2998 2863 lnnumera
3014 2816 3150 2862 sunt
3162 2815 3393 2874 peccata
3407 2823 3546 2872 mea,
3561 2813 3779 2860 inﬁnita

2181 2883 2695 2946 suntnegligentim
2711 2895 2876 2942 meae,
2891 2896 3024 2946 qua
3041 2883 3292 2945 undique
3307 2882 3783 2943 circumdant,un-

2179 2955 2352 3016 dique
2373 2953 2714 3018 impediunt.
2733 2955 3006 3006 Dicamus
3023 2954 3147 3005 hinc
3162 2953 3427 3004 medullis
3439 2952 3653 3004 cordis.
3679 2953 3780 3003 Os-

2187 3030 2227 3076 tt
2242 3025 2492 3076 ndamus
2510 3025 2728 3076 medico
2740 3030 2942 3076 nostro
2958 3025 3254 3088 passiones
3267 3026 3784 3076 nostras:humiliter

2186 3097 2576 3160 deprecemur,
2591 3101 2654 3146 ut
2665 3109 2772 3148 nos
2787 3096 3064 3160 suscipiat
3077 3095 3150 3147 ad
3173 3095 3510 3146 sanandum.
3525 3096 3710 3146 Nemo
3726 3108 3782 3144 se

2181 3168 2409 3232 justum
2437 3171 2616 3230 putet.
2644 3168 2813 3218 Teste
2830 3167 2981 3218 enim
3008 3166 3361 3230 Apostolo,in
3394 3165 3592 3217 multis
3619 3166 3783 3219 oll‘en-

485 3243 558 3316 ei;
603 3231 886 3316 legalibus
929 3235 1211 3316 institutis
1239 3237 1470 3316 justitia
1490 3250 1606 3316 non
1637 3236 1760 3316 flat,
1783 3236 1884 3316 sed
1911 3250 1984 3316 ex
2013 3241 2085 3288 te.
2116 3241 2166 3316 Ο
2187 3231 2390 3290 dimus
2423 3250 2629 3316 omnes
2663 3237 2858 3316 (.lacob.
2900 3236 2970 3316 3).
3015 3237 3263 3316 Pertinet
3292 3236 3366 3316 ad
3387 3249 3494 3288 nos
3516 3237 3780 3316 clamare,

487 3301 615 3352 Ecce
638 3303 783 3353 labia
807 3320 928 3354 mea
949 3321 1060 3355 non
1081 3307 1389 3371 prohibebo.
1409 3309 1464 3358 Si
1479 3307 1655 3370 aliqui
1672 3307 1956 3358 voluerint
1976 3323 2090 3368 pro-

489 3371 704 3436 bibere,
729 3385 847 3425 non
872 3377 1090 3427 tacebo.
1119 3376 1278 3428 Talia
1301 3378 1450 3428 labia
1473 3377 1721 3428 habebat
1738 3379 2090 3436 Petrus,tam

486 3451 711 3506 promta
734 3445 807 3496 ad
826 3447 1249 3510 praedicandam
1263 3449 1548 3512 justitiam
1567 3465 1579 3498 :
1599 3449 1830 3510 quando
1846 3448 2091 3512 prohibi-

487 3517 611 3564 tum
644 3519 736 3566 est
773 3527 808 3567 a
841 3516 1212 3582 principibus,
1239 3532 1310 3568 ne
1333 3519 1482 3568 ultra
1505 3519 1834 3581 loqueretur
1853 3521 1922 3571 de
1945 3524 2084 3568 Jesu:

483 3590 542 3636 et
577 3587 698 3650 ipse
722 3586 960 3638 viriliter
984 3589 1294 3652 respondit,
1319 3589 1563 3641 Obedire
1589 3596 1814 3653 oportet
1836 3595 1952 3643 Deo
1976 3605 2091 3642 ma-

482 3657 574 3719 gis
607 3669 783 3719 quam
807 3657 1142 3710 hominibus
1167 3661 1298 3722 (Act.
1325 3661 1375 3714 4.
1403 3667 1448 3709 et
1481 3659 1574 3723 5.).
1616 3665 1684 3712 Et
1711 3663 1845 3724 quia
1866 3669 2090 3726 promta

483 3731 625 3779 sunt
650 3727 800 3779 labia
817 3742 942 3780 mea
957 3730 1027 3780 ad
1040 3732 1498 3783 annunti'tndam
1517 3733 1836 3794 veritatem,
1859 3736 2089 3784 Domine

483 3804 544 3846 lu
567 3799 730 3850 scisti.
758 3801 842 3851 Tu
859 3801 1012 3851 enim
1037 3803 1297 3865 cognitor
1321 3804 1526 3866 cordis,
1556 3809 1616 3854 tu
1643 3807 1806 3856 testis
1822 3809 2086 3854 conscien-

488 3870 602 3922 tiaa.
625 3870 908 3934 Quicquid
932 3873 1081 3922 labia
1104 3879 1302 3924 nostra
1325 3873 1652 3938 loquantur,
1678 3878 1832 3926 Deus
1860 3890 2088 3940 semper

485 3941 732 3992 attendit
756 3954 853 3992 eor
879 3946 1162 4002 nostrum,
1180 3949 1236 3994 et
1261 3945 1738 3996 secundumillud
1755 3949 2083 4005 nosjudicat.

485 4011 650 4064 Tales
675 4025 809 4076 ergo
855 4026 964 4065 nos
989 4014 1262 4066 exhibere
1285 4016 1584 4080 debemus,
1611 4021 1676 4068 ut
1703 4019 1942 4068 Domino
1972 4019 2086 4068 Deo

485 4088 684 4136 nostro
707 4084 876 4136 corde
893 4089 948 4135 et
961 4085 1126 4137 labiis
1145 4086 1490 4150 placeamus.
1511 4089 1708 4146 Corde,
1729 4089 1917 4151 inquit
1931 4093 1962 4135 Λ
1972 4104 2088 4148 pos-

485 4154 659 4215 tolus,
685 4156 938 4207 creditur
961 4158 1033 4208 ad
1049 4159 1356 4220 justitiam,
1381 4173 1474 4210 ore
1499 4164 1694 4210 autem
1713 4159 1998 4210 confessio
2023 4159 2088 4212 ῆι

484 4226 558 4277 ad
579 4225 826 4277 salutem
845 4228 1015 4288 (Rom.
1038 4228 1160 4291 10.).
1191 4231 1342 4280 Sona
1365 4229 1548 4291 labiis,
1564 4230 1878 4294 propinqua
1895 4229 2082 4295 corde,

485 4302 549 4347 ut
571 4300 777 4348 testem
813 4299 1001 4350 cordis
1033 4299 1114 4349 tui
1143 4301 1328 4363 possis
1351 4300 1620 4351 invocare
1655 4301 1980 4363 Dominum,
2002 4302 2086 4352 tli-

487 4381 626 4418 cens
663 4369 892 4418 Domine
927 4376 986 4418 tu
1018 4370 1178 4420 scisti.
1207 4371 1396 4421 Gloria
1424 4373 1574 4421 enim
1599 4376 1797 4422 nostra
1827 4373 1950 4424 haec
1975 4377 2084 4434 est,

489 4439 883 4491 testimonium
907 4440 1282 4493 conscientia:
1308 4445 1523 4492 nostrae
1551 4439 1621 4503 (‘2.
1653 4443 1772 4492 Cor.
1799 4441 1889 4506 1.).
1923 4443 2084 4494 Unde

488 4514 547 4560 et
581 4511 851 4562 subditur
874 4525 887 4561 :

551 4579 636 4634 11.
663 4581 943 4630 Justitiam
965 4587 1118 4630 tuam
1142 4596 1252 4631 non
1279 4581 1532 4632 abscondi
1556 4584 1616 4632 in
1635 4585 1790 4633 corde
1812 4599 1943 4634 meo.
1970 4585 2085 4635 Sic-

489 4654 555 4700 ut
581 4649 673 4700 ille
689 4664 895 4702 servus
919 4653 1095 4714 piger,
1121 4652 1221 4715 qui
1245 4651 1520 4704 talentum
1544 4655 1844 4706 abscondit
1877 4655 1936 4706 in
1961 4662 2088 4704 terra

491 4722 700 4783 (Μιιαὴ.
727 4721 854 4784 25.).
872 4723 1016 4772 Hinc
1032 4723 1314 4774 Dominus
1341 4725 1644 4788 Discipulis
1671 4727 1793 4776 suis
1817 4726 1916 4786 ait,
1935 4731 2092 4788 Quee-

493 4803 742 4854 cumque
775 4792 974 4843 audivi
999 4805 1035 4844 a
1059 4795 1218 4845 Patre
1243 4808 1391 4859 meo,
1423 4803 1559 4848 nota
1585 4796 1692 4848 feci
1717 4799 1883 4848 vobis
1909 4800 2090 4858 (Joan.

493 4859 624 4923 15.).
657 4862 790 4912 ideo
813 4868 869 4914 et
890 4866 1172 4927 Apostolis
1197 4867 1563 4930 praecepit,ut
1586 4881 1774 4930 neque
1799 4869 2090 4920 sacculum

491 4937 788 5004 portarent
827 4935 968 4997 (Luc.
1013 4934 1102 4998 9.).
1131 4937 1432 4988 Saeculum
1463 4951 1714 5000 namque
1753 4944 1956 5004 portat,
1993 4943 2090 5002 qui

494 5004 672 5054 verba
693 5003 888 5056 divina
913 5007 972 5058 in
1001 5008 1170 5058 corde
1189 5008 1351 5060 celat.
1384 5009 1620 5059 Justitia
1643 5009 1703 5060 in
1723 5011 1829 5060 hoc
1851 5003 1972 5061 loco
2005 5011 2092 5061 in-

493 5073 770 5138 telligitur
795 5077 952 5128 lldes.
987 5079 1189 5130 Justus
1212 5081 1366 5130 enim
1391 5093 1464 5130 ex
1499 5080 1610 5130 (ide
1637 5079 1778 5130 vivit
1801 5081 1972 5144 (Rom.
2003 5081 2092 5145 1.).

489 5145 740 5196 Credidit
766 5149 1058 5200 Abraham
1082 5151 1216 5210 Deo,
1245 5155 1302 5200 et
1334 5154 1664 5213 reputatum
1691 5156 1779 5202 est
1808 5153 1948 5203 eiad
1973 5155 2094 5215 jus-

488 5217 694 5280 titiam,
723 5219 919 5280 (Gatat.
951 5219 1045 5283 3.).
1083 5222 1245 5271 Hanc
1263 5221 1428 5270 multi
1453 5221 1821 5272 abscondunt
1842 5226 1899 5274 in
1925 5225 2092 5275 corde

491 5300 616 5348 suo,
647 5290 849 5341 timore
876 5293 1092 5342 mortis.
1119 5290 1279 5342 Multi
1292 5291 1479 5342 adhuc
1500 5293 1864 5345 abscondunt
1879 5295 2095 5353 Deijus-

488 5359 694 5430 titiam,
742 5365 846 5412 aut
882 5367 1114 5424 prepter
1148 5374 1381 5425 pmnam
1414 5364 1704 5425 timentes,
1739 5371 1842 5416 aut
1862 5371 2093 5430 propter

488 5429 788 5482 damnum.
814 5431 921 5493 Qui
957 5437 1152 5483 autem
1177 5445 1282 5482 nec
1315 5446 1563 5498 pmnam,
1593 5449 1700 5486 nec
1725 5429 2002 5486 damnum
2031 5439 2096 5499 ti-

486 5509 664 5564 ment,
689 5503 760 5553 ad
780 5503 906 5554 illos
932 5504 1234 5566 pertinent,
1257 5505 1326 5555 de
1342 5506 1556 5569 quibus
1580 5506 1807 5563 dicitur,
1829 5507 1983 5558 Beati
2003 5508 2090 5567 qui

491 5575 950 5634 persecutionem
968 5576 1260 5637 patiuntur
1282 5583 1511 5640 propter
1528 5577 1836 5640 justitiam,
1854 5580 2092 5637 quoniam

490 5642 749 5705 ipsorum
773 5651 862 5697 est
887 5659 1130 5711 regnum
1155 5645 1426 5698 caelorum
1453 5648 1659 5711 (Matth.
1685 5645 1778 5711 5.).
1815 5648 2094 5696 Veritatem

493 5718 647 5762 tuam
670 5722 716 5765 et
739 5719 976 5766 salutare
997 5723 1152 5766 tuum
1195 5719 1316 5767 dixi
1368 5718 1542 5776 Irlest,
1569 5717 1864 5769 Christum
1887 5718 2094 5782 prmdi-

493 5785 637 5848 cavi,
665 5787 765 5849 qui
788 5788 860 5838 de
884 5787 1075 5852 seipse
1099 5789 1332 5849 ait.Ego
1360 5801 1490 5838 sum
1511 5789 1732 5840 Veritas
1758 5788 1937 5851 (Joan.
1969 5788 2090 5854 14.).

497 5855 568 5908 Et
581 5855 654 5908 de
684 5869 798 5922 quo
823 5859 1056 5911 Simeon
1082 5859 1241 5923 dicit,
1255 5859 1538 5912 Viderunt
1556 5859 1704 5914 oculi
1717 5860 1831 5912 mei
1844 5859 2092 5914 salutare

2195 3321 2439 3373 gemere,
2467 3310 2723 3360 conﬁteri
2749 3325 2762 3359 :
2796 3321 2913 3360 non
2931 3309 3164 3372 jactare,
3190 3321 3304 3360 non
3324 3307 3395 3359 de
3418 3309 3640 3360 meritis
3669 3310 3783 3370 glo-

2192 3380 2336 3432 riari.
2377 3381 2516 3440 Quae
2548 3379 2596 3430 si
2621 3379 2736 3430 ulla
2759 3385 2913 3443 sunt,
2943 3379 3082 3443 quid
3105 3380 3285 3431 habes
3309 3379 3464 3443 quod
3489 3393 3606 3430 non
3631 3392 3782 3430 acce-

2190 3453 2326 3516 pisti
2349 3451 2418 3513 (1.
2441 3452 2560 3501 Cor.
2587 3451 2658 3512 4.)
2672 3457 2695 3502 ξ’
2715 3453 2886 3503 Recte
2905 3465 3040 3516 ergo
3057 3451 3346 3503 subditur:
3365 3451 3784 3515 Comprehende-

2188 3528 2320 3571 runt
2346 3539 2428 3571 me
2463 3523 2778 3585 iniquitates
2810 3538 2954 3585 meae,
2985 3529 3030 3571 el
3075 3539 3189 3572 non
3225 3524 3398 3588 potui,
3443 3528 3501 3571 ut
3533 3523 3778 3572 viderem.

2188 3597 2485 3645 Intantum
2510 3593 3462 3658 comprehenduntnosiniquitates
3473 3598 3711 3650 nostrae,
3725 3597 3780 3644 ut

2188 3667 2360 3716 etiam
2375 3665 2424 3715 si
2442 3664 2685 3715 velimus
2699 3665 3093 3726 evadere,sine
3103 3665 3195 3729 adj
3205 3665 3386 3717 utorio
3398 3681 3497 3714 non
3508 3669 3777 3714 valeamus.

2187 3737 2333 3786 Hinc
2369 3735 2521 3785 ailibi
2561 3734 2861 3786 Psalmista
2883 3735 3052 3786 dicit:
3081 3737 3270 3786 Funes
3297 3739 3665 3800 peccatorum
3689 3736 3779 3786 cir-

2187 3805 2503 3869 cumplexit
2530 3810 2769 3856 suntme
2795 3806 2958 3865 (Psat.
2985 3806 3142 3868 118.).
3166 3805 3327 3858 Unde
3351 3809 3407 3858 et
3431 3808 3690 3870 postulat
3703 3807 3780 3855 di-

2187 3891 2346 3939 cens,
2375 3879 2654 3928 Converte
2676 3877 2918 3928 Domine
2935 3877 3326 3941 captivitatem
3349 3880 3610 3928 nostram
3625 3876 3775 3937 (Psal.

2188 3947 2350 4008 1:25.).
2376 3948 2608 3998 Amissa
2631 3952 2823 3998 autem
2846 3947 3243 4000 veritatisluce
3266 3948 3326 3998 in
3349 3952 3568 4000 tantam
3589 3952 3780 3996 caecita-

2187 4025 2304 4071 tem
2327 4020 2614 4075 venimus,
2636 4023 2702 4069 ut
2724 4019 3112 4083 nosmetipsos
3137 4019 3487 4084 ignoremus.
3503 4020 3780 4084 Perpetra-

2185 4103 2320 4140 mus
2351 4089 2517 4146 mala,
2544 4103 2649 4140 nec
2674 4089 2916 4140 celerius
2939 4090 3441 4154 deprehendimus,
3463 4092 3560 4140 vel
3585 4102 3778 4154 perpe-

2188 4165 2351 4211 trata.
2380 4161 2626 4211 Exclusa
2650 4161 2722 4211 ab
2741 4161 2964 4211 interno
2987 4160 3206 4212 lumine
3223 4161 3416 4212 anima
3430 4159 3508 4212 nil
3532 4161 3592 4211 in
3614 4175 3675 4212 se
3687 4163 3775 4208 DiSl

2187 4233 2454 4282 tenebras
2481 4231 2717 4281 invenit.
2746 4231 3125 4294 Semetipsam
3144 4231 3337 4283 videre
3361 4231 3626 4295 perdidit,
3651 4230 3778 4294 quia

2184 4303 2436 4352 auctoris
2462 4302 2551 4352 sui
2571 4302 2854 4352 visionem
2876 4303 3198 4354 contemsit.
3221 4306 3303 4354 Ex
3321 4303 3777 4354 amissionelumi-

2184 4373 2277 4424 nis
2293 4372 2876 4436 crevitmultiplicitas
2889 4373 3226 4436 iniquitatis.
3242 4374 3373 4425 Ideo
3384 4377 3614 4435 adjungit
3629 4389 3642 4424 :
3655 4371 3779 4422 Mut-

2181 4444 2389 4508 plicalae
2409 4450 2535 4492 sunt
2559 4460 2720 4507 super
2741 4445 2960 4508 capillos
2982 4445 3174 4508 capitis
3199 4445 3318 4496 mei.
3345 4444 3588 4508 Capillos
3613 4445 3777 4504 capitis

2183 4515 2256 4566 ad
2269 4517 2491 4566 numeri
2508 4515 2934 4566 multitudinem
2950 4519 3335 4578 revocat.Quis
3347 4514 3772 4578 (EacAugustino)

2115 4607 2166 4678 ι)
2187 4585 2698 4678 numtiI-at‘capillos
2716 4584 3124 4678 Phlultorninus
3136 4591 3366 4678 peccata
3365 4591 3660 4678 numerat:
3675 4600 3775 4678 qua)

2189 4657 2479 4707 excedunt
2491 4669 2795 4707 numerum
2809 4655 3164 4720 capillorum.
3177 4659 3306 4708 Jam
3319 4669 3436 4722 non
3450 4656 3772 4714 occidis,non

2192 4728 2518 4787 mmcharis,
2538 4742 2655 4778 non
2680 4729 2815 4778 facis
2847 4732 3081 4791 furtum,
3105 4741 3222 4779 non
3238 4728 3380 4779 dicis
3399 4727 3602 4778 falsum
3629 4725 3774 4778 testi-

2190 4800 2470 4861 monium,
2487 4804 2544 4850 et
2569 4805 2775 4851 caetera
2791 4799 3127 4862 hujusmodi
3150 4799 3387 4863 grandia
3402 4806 3598 4860 pecata:
3631 4799 3774 4846 moles

2192 4878 2330 4920 sunt
2347 4871 2476 4922 istae
2501 4877 2882 4934 peccatorum.
2903 4871 3106 4934 Magna
3131 4870 3472 4934 prmcavisti,
3493 4870 3563 4921 de
3576 4869 3771 4918 minutis

2191 4941 2326 5002 quid
2353 4941 2476 4990 auis
2492 4948 2516 4989 τ
2540 4943 2643 4991 Pro
2643 4941 2660 5004 j
2671 4941 2830 4990 ecisti
2849 4940 3074 5000 molem,
3097 4940 3227 4992 vide
3239 4954 3308 4992 ne
3327 4953 3499 4991 arena
3511 4937 3775 4990 obruaris.

2191 5011 2300 5061 Sed
2317 5010 2508 5060 adhuc
2527 5010 2691 5061 valde
2714 5011 2945 5072 gravius
2968 5014 3073 5070 est,
3089 5009 3243 5074 quod
3269 5009 3592 5073 subjungit:
3619 5009 3683 5058 Et
3695 5021 3773 5054 cor

2193 5097 2367 5130 meum
2387 5081 2668 5144 dereliquit
2687 5097 2783 5130 me.
2809 5083 2927 5132 Hoc
2945 5085 3050 5137 est.
3065 5081 3248 5132 virtus
3260 5081 3448 5132 cordis
3464 5079 3772 5136 meidefecit,

2190 5157 2247 5204 et
2287 5165 2404 5202 non
2429 5157 2520 5202 est
2536 5152 2804 5203 idoneum
2830 5153 2904 5203 ad
2924 5152 3391 5214 cognoscendum
3416 5164 3496 5204 se.
3512 5151 3771 5213 Quotiens

2192 5227 2386 5274 mente
2407 5236 2682 5286 vagamur
2707 5223 2864 5288 foris,
2890 5223 3244 5274 delectamur
3269 5223 3528 5282 terrenis,
3561 5221 3771 5286 propria

2190 5299 2390 5344 nostra
2412 5294 2604 5344 studia
2627 5293 3036 5358 relinquimus:
3055 5299 3230 5356 atque
3245 5294 3458 5357 inania,
3473 5293 3560 5344 vel
3571 5295 3769 5353 agimus,

2192 5365 2282 5415 vel
2328 5364 2636 5428 loquimur,
2674 5365 2765 5416 vel
2790 5367 2911 5428 cogi
2923 5370 3110 5415 tamus
3137 5386 3147 5413 :
3177 5366 3386 5416 totiens
3410 5378 3506 5416 cor
3526 5369 3768 5414 nostrqu

2193 5434 2446 5498 dereliuq
2456 5436 2540 5486 uit
2569 5449 2695 5486 nos.
2717 5439 2992 5497 Quotiens
3010 5449 3124 5486 non
3141 5436 3459 5498 cogitamus
3477 5437 3676 5495 Deum,
3693 5429 3768 5483 vel

2193 5520 2278 5566 ea,
2305 5519 2438 5568 qua:
2461 5505 2533 5556 ad
2557 5506 2862 5558 utilitatem
2888 5507 3211 5557 animarum
3244 5507 3554 5568 pertinent:
3579 5505 3767 5555 totiens

2193 5577 2518 5628 amittimus
2543 5591 2640 5629 cor
2660 5584 2940 5630 nostrum.
2970 5578 3148 5638 Unde,
3175 5578 3410 5642 quidam
3433 5577 3658 5640 sapiens
3684 5574 3766 5624 ait.

2195 5652 2549 5710 Quocunque
2587 5653 2840 5712 tempore
2886 5661 3003 5700 non
3037 5649 3384 5710 cogivateris
3413 5650 3610 5707 Deum,
3648 5651 3766 5710 puta

2192 5717 2335 5770 illud
2368 5720 2653 5773 amisisse.
2703 5722 2961 5786 Congrue
3005 5731 3136 5782 ergo
3169 5721 3425 5784 sequitur
3461 5719 3587 5771 haue
3608 5714 3767 5769 oratio

2193 5802 2310 5854 qua
2337 5790 2547 5842 dicitur
2570 5806 2583 5842 :

2258 5860 2345 5916 14.
2387 5863 2724 5928 Complaceat
2748 5864 2844 5916 tibi
2871 5865 3030 5928 Deus,
3054 5870 3113 5916 ut
3136 5877 3297 5914 eruas
3319 5876 3420 5924 me,
3451 5860 3687 5924 Domine,
3708 5853 3767 5906 ad
