3890 6408
81 397 216 453 797

1128 399 1204 451 ΙΝ
1234 397 1558 452 PSALMOS
1591 397 1800 451 LXXV
1833 396 2418 451 COMMENTARIUS.

3312 394 3419 451 798

84 508 507 586 adiuvandum
527 490 619 586 tne
658 507 1049 586 respice._Bene
1072 509 1169 586 ait,
1199 508 1575 586 complaceat:
1602 522 1718 586 non
1741 513 1797 586 Α
1821 508 2059 586 salutare
2102 513 2274 559 tuum.
2302 507 2448 586 Quid
2480 506 2633 586 enim
2653 511 2773 560 tam
2797 506 3066 586 laudare,
3072 510 3189 558 tam
3210 506 3420 569 praedi-

84 581 282 632 enim
304 593 377 631 ex
398 579 636 639 meritis,
674 579 776 630 sed
815 579 935 630 solo
965 580 1318 644 heneplacito
1344 593 1449 631 suo
1474 581 1597 643 (Tit.
1625 580 1717 645 3.),

85 652 239 703 sola.
257 652 463 714 gratia,
480 649 603 700 sola
615 650 865 701 bonitate
878 651 1006 713 suaj
1017 651 1266 702 ustiiicat
1277 653 1432 702 Deus
1446 654 1718 703 hominem.

85 725 423 774 Miseretur
440 721 608 772 nobis
627 721 756 783 pius
777 721 1070 785 Dominus,
1097 722 1229 784 quia
1240 723 1288 773 ei
1306 724 1386 773 sic
1404 724 1604 786 placet.
1620 737 1719 771 non

87 794 259 856 quia
286 806 392 843 nos
406 790 889 842 meruimusldeo
907 792 1201 854 discipulis
1227 793 1346 842 suis
1371 794 1465 852 ait,
1488 795 1609 842 Non
1636 807 1720 840 vos

87 876 199 915 me
229 863 512 927 elegistis,
540 862 641 911 sed
668 875 772 924 ego
796 862 938 926 elegi
963 876 1065 913 vos
1087 863 1266 923 (Joan.
1294 863 1415 926 15.).
1447 865 1510 913 Et
1533 866 1719 926 Apos-

87 934 295 996 tolus,
320 933 505 998 gratia
520 933 624 983 Dei
642 945 772 983 sum
790 933 847 983 id
861 933 1014 995 quod
1039 947 1168 983 sum
1188 934 1254 995 ('l.
1275 934 1393 985 Cor.
1410 932 1531 997 15.).
1560 937 1718 985 Com-

82 1004 449 1056 mendando
462 1016 597 1067 ergo
613 1004 873 1067 gratiam,
891 1004 1182 1055 humiliter
1194 1006 1503 1056 Dominum
1520 1006 1718 1068 depre-

86 1081 327 1137 caatur,
354 1080 418 1127 ut
442 1087 577 1125 eum
601 1080 764 1125 eruat
787 1087 819 1124 a
850 1077 934 1126 tot
959 1079 1016 1126 et
1048 1076 1240 1139 tantis,
1286 1089 1417 1139 quae
1442 1076 1720 1140 praemisit

83 1147 309 1209 malis,
325 1151 388 1198 ut
400 1144 836 1197 misericorditer
853 1145 1208 1209 respiciendo
1224 1146 1463 1210 adjuvet
1476 1147 1535 1197 in
1553 1149 1717 1198 bonis.

85 1218 345 1270 Deinde
406 1222 607 1269 contra
660 1221 1051 1280 persecutores
1126 1218 1464 1281 deprecatur
1521 1218 1718 1269 dicens

161 1287 265 1342 15.
293 1287 727 1350 Confztndanlur
748 1292 795 1335 et
815 1293 1160 1336 revercantur
1182 1288 1719 1352 simulquiquaerunt

86 1375 171 1408 an
184 1360 373 1408 imam
386 1373 580 1407 meam.
597 1357 746 1420 Quid
762 1364 1151 1420 revereautur,
1168 1357 1256 1409 vel
1277 1357 1714 1425 |8800miuum,

88 1429 201 1483 vel
216 1441 605 1496 pmnam,qua
617 1430 887 1493 puniendi
901 1434 1063 1481 sunt?
1076 1430 1718 1493 Multiquaesieruntani-

88 1514 273 1553 mam
303 1502 530 1565 Christi,
557 1500 659 1552 sed
702 1500 795 1551 ille
826 1506 1169 1564 potestatem
1194 1500 1443 1552 habebat
1471 1501 1719 1564 ponendi

88 1572 375 1624 animam
401 1584 569 1623 suam
586 1572 862 1623 etiterum
875 1572 1142 1623 sumendi
1156 1584 1301 1634 eam,
1318 1572 1403 1622 Illi
1418 1576 1609 1623 autem
1625 1584 1719 1635 ga-

92 1646 220 1696 visi
250 1650 415 1705 sunt,
454 1657 585 1695 cum
610 1644 839 1707 posuit:
866 1644 1089 1695 contusi
1126 1648 1280 1708 sunt,
1327 1656 1457 1694 cum
1484 1644 1712 1707 recepit.

92 1716 278 1767 Multi
292 1716 484 1766 adhuc
495 1718 767 1777 quaerunt
792 1727 996 1778 corpus
1014 1715 1240 1772 Christi,
1257 1717 1311 1765 et
1323 1716 1592 1778 quierunt.
1607 1716 1715 1762 ani-

93 1800 237 1838 mas
272 1786 509 1849 perdere
550 1785 728 1847 (Joan.
774 1784 883 1847 10.)
918 1784 1054 1847 :qui
1078 1784 1327 1848 profecto
1351 1788 1453 1835 aut
1475 1785 1719 1835 confun-

94 1857 331 1908 dentur
344 1856 537 1919 modo,
556 1860 621 1906 ut
636 1855 979 1905 erubescant
997 1854 1067 1906 de
1084 1856 1270 1915 malis,
1301 1859 1357 1906 et
1372 1858 1714 1916 paenitentiam

92 1932 311 1989 agant.
340 1930 398 1979 et
421 1926 1101 1978 timentesrevereantur:
1128 1930 1510 1977 autmternam
1534 1928 1714 1975 confu-

94 1999 342 2049 sionem
368 1996 742 2061 postmodum
772 1996 1080 2059 patientur,
1107 2010 1238 2047 cum
1260 1997 1481 2047 dicetur
1496 1997 1597 2055 eis,
1615 1998 1716 2059 Ite,

90 2068 493 2131 maledicti,in
511 2068 706 2132 ignem
727 2071 1011 2119 internum
1031 2069 1239 2131 (Matth.
1258 2065 1385 2130 25.).
1399 2070 1537 2116 Unde
1547 2071 1721 2116 etsub—

90 2144 245 2189 ditur
265 2154 280 2191 :
312 2141 645 2190 Avertantur
656 2144 1398 2202 retrorsum,elrercreantur,
1419 2140 1515 2204 qui
1536 2139 1719 2189 volunt

93 2212 251 2261 mihi
266 2211 441 2261 mata.
459 2212 787 2262 Retrorsum
803 2210 945 2261 nant
960 2223 1059 2273 per
1068 2210 1717 2274 humilitatem,quierant

94 2283 293 2334 erecti
311 2282 461 2334 male
486 2294 586 2346 per
609 2282 955 2345 superbiam,
973 2286 1030 2332 et
1046 2282 1144 2345 qui
1166 2283 1442 2346 preeibant
1458 2284 1715 2343 trahendo,

92 2353 449 2414 occidendo,
464 2358 780 2417 sequantur
795 2353 1130 2405 obediendo.
1144 2355 1714 2417 Revereanturetiam,

95 2425 155 2476 id
183 2430 301 2487 est,
333 2426 593 2488 timeant,
615 2428 672 2476 et
689 2425 1183 2486 honorentDeum,
1200 2425 1294 2485 qui
1311 2426 1465 2488 prius
1481 2426 1717 2484 blasphe-

97 2496 358 2547 mabant
380 2511 392 2546 :
420 2497 476 2546 et
501 2494 584 2546 sic
615 2499 1024 2547 convertantur
1045 2508 1080 2547 a
1101 2494 1252 2547 mala
1273 2495 1717 2558 voluntate,qua

98 2580 194 2618 me
227 2566 752 2630 persequebantur.
1568 2586 1575 2592 -

165 2637 482 2692 16.Ferant
505 2636 780 2699 confestim
806 2636 1177 2699 confusionem
1201 2651 1377 2687 suam.
1402 2636 1474 2686 Ut.
1495 2635 1605 2686 cito
1627 2648 1716 2686 re-

100 2709 289 2760 deant
308 2708 385 2759 ad
403 2708 825 2772 pcenitentiam:
857 2708 959 2766 Qui
992 2707 1354 2769 dicuntmihi,
1379 2707 1545 2770 Euge,
1568 2721 1712 2769 euge.

97 2779 165 2830 Id
193 2784 316 2841 est,
343 2780 516 2839 Bene,
534 2779 712 2830 Bene:
739 2779 994 2830 Irrisoria
1016 2779 1145 2830 laus
1170 2781 1270 2829 est.
1294 2778 1504 2829 lnistis
1528 2777 1713 2828 tribus

98 2851 386 2902 versibus
420 2853 558 2902 nota
581 2850 685 2900 tria
702 2862 914 2913 genera
932 2854 1381 2913 persecutorum.
1401 2849 1563 2900 Prius
1593 2852 1717 2900 orat

98 2934 204 2985 pro
223 2921 337 2982 eis,
357 2920 455 2984 qui
481 2926 756 2983 quierunt
775 2920 1026 2972 animam
1045 2922 1189 2984 ejus,
1208 2924 1273 2971 ut
1287 2919 1548 2971 auferant.
1562 2933 1669 2968 eam
1697 2937 1709 2968 :

99 2991 471 3056 intelligendi
489 2991 740 3055 suntilli,
766 2993 864 3055 qui
889 2994 1082 3056 aperta
1100 2992 1490 3056 persecutione
1515 3003 1712 3041 servos

99 3063 203 3114 Dei
251 3067 546 3114 conantur
567 3063 841 3114 occidere.
886 3063 1053 3113 Tales
1078 3062 1311 3114 fuerunt
1333 3061 1428 3124 illi,
1456 3062 1713 3125 quicum

100 3134 320 3198 gladiis
339 3136 394 3185 et
410 3132 661 3184 fustibus
675 3133 1176 3197 apprehenderunt
1194 3134 1222 3183 J
1229 3145 1414 3195 esum,
1437 3136 1494 3183 et
1517 3132 1617 3194 qui
1631 3146 1711 3191 po-

103 3208 363 3256 suerunt
400 3217 535 3256 eum
560 3203 622 3254 in
653 3217 819 3255 cruce
855 3205 1037 3266 (Joan.
1060 3204 1189 3266 18.).
1216 3203 1429 3255 Deinde
1464 3205 1586 3254 orat
1609 3214 1710 3266 pro

101 3278 206 3361 eis,
233 3276 345 3356 qui
362 3275 639 3361 voluntei
660 3275 810 3326 mala
839 3276 1043 3361 (Matth.
1068 3274 1195 3337 26.).
1225 3273 1553 3361 accipiendi
1573 3276 1711 3361 sunt
1736 3287 1785 3361 Ο

98 3346 199 3406 illi,
237 3347 345 3411 qui
370 3347 628 3397 nondum
645 3351 1291 3410 persequunturaperte.
1318 3345 1419 3396 sed
1431 3345 1627 3396 odium
1652 3348 1711 3395 et

100 3417 443 3469 inimicitias
480 3422 709 3481 gestant
730 3418 790 3469 in
821 3418 988 3469 corde
1014 3433 1025 3468 :
1052 3418 1111 3469 hi
1135 3416 1445 3479 aliquando
1471 3415 1711 3466 simula-

101 3488 372 3539 tionibus
403 3492 459 3539 et
481 3487 701 3539 callidis
726 3493 970 3539 utuntur
984 3487 1352 3550 argumentis,
1371 3488 1441 3537 ad
1461 3489 1709 3547 decipien-

102 3559 243 3611 dum
270 3572 378 3611 eos
402 3572 549 3623 quos
597 3559 881 3610 oderunt:
917 3558 1223 3622 aliquando
1261 3559 1629 3610 eil‘raenantur
1652 3558 1711 3608 in

102 3633 281 3683 verba
307 3631 562 3683 malitia.
590 3630 1000 3682 Talesfuerunt
1020 3631 1207 3682 Judmi
1224 3631 1505 3681 adversus
1519 3629 1712 3680 Domi-

102 3715 247 3753 num
276 3703 493 3766 (Matth.
517 3700 599 3755 1‘2.
627 3701 810 3765 e122).
832 3702 1205 3753 Postmodum
1223 3708 1348 3754 orat
1373 3714 1470 3765 pro
1494 3701 1596 3764 eis,
1614 3700 1712 3763 qui

106 3773 316 3826 dicunt
341 3774 410 3831 ei,
427 3773 593 3837 Euge,
617 3773 766 3836 Euge
785 3788 797 3823 :
813 3773 1193 3837 designantur
1215 3773 1314 3835 illi,
1341 3775 1441 3836 qui
1456 3772 1712 3823 deridere

106 3844 296 3897 selent
320 3844 651 3908 religionem
683 3849 739 3895 et
768 3844 1190 3908 simplicitatem
1211 3845 1518 3907 justorum.
1545 3844 1712 3895 Tales

105 3916 277 3967 etiam
296 3916 603 3967 fueruntin
625 3915 893 3979 passione
908 3915 1134 3965 Christi.
1154 3915 1257 3966 Isti
1272 3919 1537 3966 omnesin
1550 3917 1712 3976 ipsius

107 3999 347 4052 corpore
374 3990 759 4051 perseverant.
788 3987 943 4037 Sicut
958 3990 1153 4038 autem
1169 3999 1287 4037 non
1312 4000 1373 4037 se
1400 3986 1714 4037 vindicavit

106 4056 174 4107 de
191 4056 309 4109 illis
347 4057 644 4120 Dominus,
671 4058 773 4109 sed
806 4071 908 4122 pro
937 4057 1048 4108 illis
1073 4057 1256 4108 oravit
1280 4058 1417 4119 (Luc.
1440 4056 1524 4110 23.
1552 4057 1708 4109 Hebr.

108 4126 175 4191 5.)
197 4129 311 4180 :sic
327 4140 562 4179 nosnon
599 4129 881 4181 debemus
908 4128 1240 4179 deinimicis
1256 4140 1514 4191 quaerere
1543 4128 1713 4180 ultio-

107 4211 261 4262 nem,
294 4200 401 4251 sed
425 4199 702 4251 humilem
722 4201 970 4264 proferre
993 4200 1326 4259 orationem,
1344 4200 1716 4263 quemadmo-

108 4269 388 4335 dumipse
413 4272 703 4335 praecepit,
729 4271 952 4322 dicens:
977 4271 1202 4335 Diligite
1218 4271 1482 4322 inimicos
1504 4279 1711 4334 vestros,

111 4340 433 4394 benefacite
455 4342 563 4404 his,
593 4342 692 4405 qui
725 4342 970 4393 oderunt
995 4355 1100 4393 vos
1128 4363 1140 4392 :
1167 4347 1243 4405 et,
1269 4345 1436 4393 Orate
1473 4355 1569 4406 pro
1594 4355 1715 4406 per-

110 4415 494 4475 sequentibus
539 4416 594 4465 et
614 4412 1096 4465 calumniantibus
1131 4427 1236 4465 vos
1284 4414 1489 4476 (Matth.
1516 4411 1618 4475 5.).
1645 4415 1714 4465 Et

111 4485 276 4544 quasi
302 4485 436 4548 quis
448 4490 749 4548 quaereret,
777 4498 890 4548 quo
916 4486 1123 4541 fructu,
1151 4484 1538 4547 quamercede
1555 4489 1579 4534 .°
1601 4500 1711 4545 pro-

113 4552 272 4605 tinus
298 4555 579 4619 adjungit,
598 4555 671 4606 Ut
689 4555 814 4605 sitis
833 4554 1053 4618 (inquit)
1076 4554 1172 4605 ﬁlii
1196 4555 1379 4605 Patris
1406 4554 1599 4606 vestri.
1614 4556 1712 4617 qui

112 4622 167 4673 in
190 4626 350 4677 caelis
376 4628 483 4677 est.
511 4629 579 4677 Et
604 4626 676 4677 de
703 4626 891 4689 seipso
914 4626 1082 4677 nobis
1108 4626 1365 4677 tribuens
1381 4624 1709 4689 exemplum

115 4696 310 4747 subdit
340 4714 352 4748 :
380 4697 485 4757 Qui
512 4697 692 4748 solem
728 4709 899 4748 suum
930 4697 1061 4749 oriri
1088 4697 1220 4748 facit
1253 4710 1424 4760 super
1447 4698 1629 4748 bonos
1654 4703 1711 4749 et

116 4766 321 4830 malos,
339 4773 395 4819 et
413 4767 944 4833 pluitsuperjustos
962 4773 1017 4820 et
1042 4769 1288 4827 injustos
1319 4768 1576 4830 (Ibidem).
1602 4772 1709 4819 At-

117 4837 285 4889 tende
303 4844 557 4901 quantus
574 4839 759 4890 honor
776 4844 863 4890 est
876 4852 1005 4891 esse
1020 4839 1203 4889 illium
1223 4839 1342 4902 Dei,
1358 4842 1420 4889 ut
1435 4839 1715 4901 patienter

118 4905 263 4959 feras
288 4910 528 4972 injurias
549 4910 780 4961 inimici.
813 4910 1024 4962 Deinde
1055 4914 1396 4961 convertens
1422 4922 1482 4960 se
1504 4909 1578 4961 ad
1602 4911 1716 4961 Do-

115 4978 362 5046 minum,
389 4980 718 5032 consolatur
734 4985 904 5033 noset
927 4981 1217 5043 admonet,
1237 4981 1461 5032 dicens:

177 5048 263 5103 17.
295 5052 551 5101 Exultant
593 5058 639 5101 et
677 5051 920 5101 laetentur
955 5068 1114 5115 super
1144 5057 1188 5101 te
1223 5067 1405 5101 omnes
1428 5056 1715 5115 quaerentes

119 5122 179 5169 te.
206 5120 422 5175 Omnes
444 5123 727 5187 perlldem
751 5129 807 5174 et
829 5123 1211 5183 dilectionem,
1230 5124 1329 5186 qui
1348 5126 1399 5174 te
1425 5127 1717 5186 quierunt,

118 5191 378 5245 exultent
394 5207 645 5259 corpore,
663 5195 933 5247 laetentur
947 5194 1145 5258 spiritu
1173 5210 1184 5244 :
1202 5207 1317 5245 non
1331 5208 1506 5257 super
1522 5208 1602 5255 se,
1629 5198 1714 5242 sed

122 5271 291 5325 super
317 5268 368 5317 te
393 5283 403 5313 :
431 5270 496 5316 ut
519 5266 616 5328 qui
641 5264 916 5330 gloriatur
936 5266 996 5317 in
1022 5265 1263 5317 Domino
1288 5264 1575 5329 glorietur.
1604 5268 1714 5317 Ge-

121 5333 275 5412 mina
300 5349 519 5412 merces
538 5338 706 5388 nobis
736 5338 1033 5412 promissa
1057 5344 1141 5387 est
1163 5349 1197 5385 a
1214 5336 1474 5396 Domino,
1500 5335 1717 5412 scilicet

120 5406 512 5471 immortalitas
532 5408 801 5471 corporis,
820 5412 993 5470 atque
1008 5408 1218 5458 animae
1232 5410 1484 5456 beatitudo
1504 5406 1552 5471 (ρ
1593 5407 1711 5458 Cor.

123 5470 244 5537 10.).
273 5478 572 5542 Propterea
600 5470 830 5541 gemina
846 5479 1199 5530 exultatione
1218 5470 1578 5542 prmeipimhr
1592 5493 1717 5537 gau-

123 5542 271 5626 dere,
295 5562 428 5626 cum
472 5550 697 5611 dicitur,
747 5552 1019 5626 E_xulte_nt
1043 5554 1100 5601 et
1126 5550 1411 5626 laetentur:
1446 5550 1715 5626 Exultare

124 5621 270 5686 enim
296 5621 367 5672 ad
409 5635 617 5686 corpus
649 5622 910 5685 pertinet,
943 5621 1149 5673 Lmtari
1178 5635 1309 5672 vero
1337 5621 1409 5672 ad
1440 5621 1714 5672 animam.

125 5685 562 5755 Commendatur
584 5698 776 5744 autem
800 5697 927 5743 laus
952 5693 1203 5755 Domini,
1227 5706 1356 5743 cum
1383 5694 1712 5752 subinfertur,

122 5754 187 5805 Et
208 5760 388 5813 dicant
419 5779 641 5829 semper,
667 5765 1040 5829 Magniﬁcetur
1054 5764 1342 5827 Dominus,
1359 5765 1455 5828 qui
1477 5763 1717 5828 diligunt

1736 1877 1791 1951 B

1740 4649 1793 4721 D

1822 592 1968 641 care,
1996 584 2113 630 tam
2131 579 2495 643 magniﬁcare
2519 579 3005 642 debemus,quam
3027 579 3207 629 Deum
3232 582 3290 629 et
3315 589 3417 640 pa-

1824 656 1967 702 trem
2007 647 2154 718 |89
2168 649 2470 709 luminum,
2488 662 2522 700 a
2543 662 2659 712 quo
2671 655 2940 700 estomne
2953 649 3152 699 datum
3170 650 3413 708 optimum

1821 727 1880 773 et
1903 735 2072 773 omne
2108 724 2327 772 donum
2366 722 2678 784 perfectum
2727 720 2918 783 (Iacob.
2956 719 3026 782 1.)
3052 724 3076 769 ‘7
3099 722 3228 782 Ipse
3261 719 3416 769 enim

1819 796 2035 856 primos
2048 796 2237 855 patres
2261 796 2492 842 nostros
2527 795 2932 856 exspectantes
2954 803 3104 853 eum,
3124 790 3325 840 eduxit
3344 789 3416 838 de

1819 851 1938 914 luto
1956 851 2131 924 fmcis,
2157 867 2214 913 et
2240 862 2440 912 statuit
2476 851 2653 926 supra
2678 862 2900 912 ﬁrmam
2928 851 3147 925 petram
3173 872 3303 922 quae
3328 864 3417 909 est

1820 935 2081 985 Christus
2103 933 2312 995 (Ephes.
2344 932 2443 995 1.):
2474 936 2531 983 et
2553 932 2712 983 dedit
2725 933 2808 982 eis
2825 944 2997 995 opera
3023 932 3191 988 bona,
3217 930 3416 980 docuit

1819 1005 2109 1055 canticum
2128 1015 2369 1067 novum,
2386 1001 2736 1054 illuminavit
2751 1017 2851 1067 per
2868 1016 2967 1054 eos
2979 1002 3139 1053 alios.
3153 1001 3322 1052 Dedit
3336 1002 3414 1049 eis

1820 1075 2081 1127 timorem
2107 1077 2164 1126 et
2187 1086 2368 1138 spem,
2411 1074 2647 1125 trahens
2673 1086 2771 1123 eos
2795 1087 2829 1123 a
2853 1073 3205 1123 vanitatibus
3230 1070 3412 1121 falsis.

1819 1147 2107 1197 Auxiteos
2123 1151 2179 1196 et
2202 1156 2464 1206 numero,
2478 1149 2537 1195 et
2560 1146 2786 1194 virtute.
2809 1143 3024 1194 Deinde
3041 1143 3197 1193 misit
3213 1141 3412 1193 Filium

1817 1217 1879 1267 in
1902 1228 2134 1267 carnem
2159 1216 2257 1279 qui
2282 1214 2491 1266 faceret
2515 1214 2873 1266 voluntatem
2891 1227 3056 1264 suam
3073 1218 3131 1264 et
3145 1214 3415 1261 annuntia-

1817 1292 1905 1339 ret
1922 1288 2212 1351 justitiam
2235 1298 2402 1337 suam
2426 1286 2484 1336 in
2508 1285 2762 1337 Ecclesia
2776 1296 3006 1346 magna,
3024 1289 3081 1335 et
3102 1283 3417 1334 misericor-

1816 1359 1971 1409 diam
1997 1362 2054 1409 et
2077 1358 2377 1408 veritatem
2403 1361 2461 1409 et
2487 1355 2738 1407 salutare
2756 1368 2949 1420 suum,
2968 1358 3033 1406 ut
3048 1355 3417 1404 liberaremur

1815 1430 1887 1481 ab
1902 1428 2221 1480 innumeris
2247 1428 2495 1490 peccatis
2511 1432 2567 1478 et
2588 1426 2852 1489 inimicis,
2869 1432 2927 1477 et
2950 1438 3018 1476 ex
3027 1424 3343 1476 ultaremus
3359 1426 3417 1474 et

1814 1499 2147 1552 laataremur
2168 1500 2229 1549 in
2254 1498 2514 1549 Domino.
2541 1499 2682 1549 Haec
2701 1501 2839 1548 sunt
2862 1508 3089 1547 caussae
3102 1498 3410 1559 justorum,

1814 1575 1881 1621 ut
1903 1571 2098 1622 dicant
2114 1582 2353 1632 semper,
2371 1569 2747 1632 Magniﬁcelur
2766 1568 3052 1617 Dominus.
3068 1566 3177 1618 Sed
3191 1565 3286 1628 qui
3305 1565 3413 1615 hoc

1814 1642 2041 1693 dicant?
2065 1641 2171 1702 Qui
2205 1640 2472 1703 diligunt,
2492 1639 2697 1702 inquit,
2728 1639 2979 1689 salutare
3010 1642 3192 1700 tuum,
3217 1635 3276 1685 id
3302 1638 3411 1695 est,

1813 1712 2019 1763 Filium
2037 1716 2223 1773 tuum,
2251 1723 2351 1775 per
2366 1722 2535 1773 quem
2548 1710 2715 1761 nobis
2732 1714 2947 1760 aeterna
2971 1708 3105 1759 data
3128 1711 3217 1758 est
3234 1705 3414 1756 salva-

1815 1784 1912 1835 tio.
1942 1783 2051 1845 Qui
2074 1796 2193 1834 non
2216 1782 2401 1844 diligit
2424 1782 2736 1832 Dominum
2760 1783 3027 1830 nostrum
3044 1776 3413 1828 JesumChri-

1817 1859 1971 1905 stum
1999 1853 2064 1918 (1.
2084 1854 2205 1903 Cor‘.
2231 1852 2357 1915 16.),
2382 1864 2498 1903 non
2523 1856 2613 1902 est
2638 1851 2894 1914 speciosa
2912 1849 3041 1901 laus
3065 1849 3124 1899 in
3146 1860 3242 1899 ore
3267 1847 3412 1918 ejus.

1818 1916 2075 1977 Laudem
2097 1928 2357 1975 nostram
2386 1921 2538 1987 apud
2567 1922 2877 1972 Dominum
2907 1934 3026 1971 non
3050 1916 3418 1970 commendat

1819 1997 1931 2048 nisi
1945 1995 2169 2047 affectio
2193 1998 2249 2046 et
2271 1994 2501 2045 caritas.
2520 1993 2666 2054 Quid
2691 1997 2885 2044 autem
2914 1995 3030 2042 tam
3056 1989 3287 2053 diligere
3311 1987 3415 2039 de-

1818 2068 2041 2129 bemus,
2068 2078 2245 2129 quam
2285 2078 2418 2116 eum
2442 2076 2476 2114 a
2500 2076 2614 2127 quo
2639 2062 2811 2114 creati
2834 2066 2893 2113 et
2935 2061 3140 2113 salvati
3162 2071 3365 2111 sumus
3388 2060 3414 2104 P

1819 2141 2040 2191 Rursus
2054 2137 2205 2189 redit
2218 2136 2292 2187 ad
2309 2135 2558 2186 miseriae
2575 2140 2632 2186 et
2650 2134 2858 2198 inopia:
2873 2132 3410 2192 considerationem,

1818 2222 1992 2274 quam
2016 2208 2076 2259 in
2099 2208 2206 2259 hac
2229 2206 2683 2271 peregrinatione
2708 2204 2918 2269 patitur
2942 2218 2955 2254 :
2982 2208 3040 2255 et
3067 2202 3207 2274 dicit
3230 2218 3242 2250 :

1880 2280 1966 2335 18.
1983 2280 2098 2343 Ego
2123 2283 2303 2328 autem
2329 2277 2608 2326 mendicus
2633 2292 2753 2326 sum
2778 2281 2823 2325 et
2844 2290 3074 2340 pauper.
3101 2273 3210 2326 Sed
3238 2272 3413 2343 proti-

1816 2365 1924 2402 nus
1946 2342 2094 2402 redit
2117 2348 2449 2410 consolatio,
2477 2359 2609 2398 cum
2646 2346 2860 2410 subdit,
2882 2345 3152 2394 Dominus
3175 2342 3410 2392 solicitus

1815 2429 1885 2471 est
1908 2422 2028 2470 mei.
2078 2423 2222 2472 Ecce
2266 2418 2516 2471 mendici
2553 2417 2783 2469 Domini
2806 2427 3013 2467 sumus
3037 2428 3051 2464 :
3079 2414 3411 2477 adjanuam

1816 2506 1940 2545 suae
1964 2490 2368 2543 misericordiae
2394 2490 2665 2541 sedemus
2689 2503 2702 2538 :
2729 2486 3126 2539 mendicamus
3142 2489 3199 2536 et
3224 2487 3413 2533 clama-

1813 2577 1965 2623 mus,
1998 2563 2282 2615 Adveniat
2309 2572 2552 2625 regnum
2583 2564 2767 2620 tuum,
2805 2563 2880 2621 et,
2906 2560 2991 2609 Da
3008 2557 3176 2608 nobis
3203 2566 3408 2620 panem

1813 2640 2099 2698 nostrum,
2125 2639 2198 2696 et,
2229 2633 2428 2683 Libera
2451 2645 2558 2682 nos
2591 2644 2626 2682 θ.
2655 2630 2805 2682 malo
2832 2629 3043 2694 (Matth.
3069 2627 3165 2690 6.).
3196 2628 3411 2688 Paupe-

1813 2719 1907 2759 res
1935 2706 2086 2758 enim
2105 2717 2331 2766 sumus,
2349 2703 2493 2754 nihil
2508 2703 2793 2753 habemus
2810 2712 2845 2751 a
2860 2700 3048 2751 nobis.
3064 2701 3204 2750 Ecce
3223 2708 3412 2755 magna

1815 2790 1973 2841 spes:
1996 2775 2278 2827 Dominus
2296 2773 2574 2824 sollicitus
2593 2773 2821 2824 estmei.
2838 2771 2986 2821 Dicit
3007 2769 3217 2833 aliquis
3231 2768 3293 2817 in
3307 2781 3413 2815 ser-

1814 2849 1954 2901 vitio
1970 2846 2194 2899 Domini
2207 2845 2578 2906 constitutus,
2590 2843 2886 2894 Mendicus
2900 2851 3384 2905 sum,paupersum
3396 2876 3410 2899 ,

1812 2932 1928 2971 non
1946 2920 2130 2971 habeo
2143 2917 2295 2969 unde
2314 2917 2525 2967 vivam.
2545 2914 2730 2966 Nolite
2748 2912 3006 2964 difﬁdere
3027 2922 3300 2975 pauperes
3320 2911 3407 2956 Do-

1813 2990 1970 3041 mini.
1986 2989 2229 3040 Omnem
2244 2985 2667 3038 solicitudinem
2685 2987 2937 3035 vestram
2957 2981 3207 3045 projicite
3220 2982 3273 3027 in
3286 2992 3405 3029 eum

1813 3060 2088 3124 quoniam
2108 3058 2217 3121 ipsi
2242 3069 2379 3108 cura
2402 3060 2493 3107 est
2516 3056 2587 3105 de
2613 3055 2792 3106 vobis.
2821 3056 2890 3104 Et
2912 3066 2985 3104 ne
3011 3052 3231 3124 dicatis,
3258 3048 3405 3124 Quid

1809 3121 2289 3182 manducabimus
2305 3132 2328 3176 ‘2
2351 3131 2452 3177 aut
2477 3139 2591 3189 quo
2610 3125 2964 3177 vestiemur?
2988 3122 3261 3185 quoniam
3276 3121 3404 3172 haec

1809 3207 2012 3267 gentes
2029 3199 2301 3262 cogitant.
2321 3198 2465 3258 Quid
2484 3210 2617 3260 ergo
2633 3194 2984 3247 faciendum?
3001 3194 3254 3267 Primum
3265 3207 3401 3253 quae-

1813 3265 1917 3323 rite
1942 3282 2185 3334 regnum
2213 3269 2314 3321 Dei
2331 3272 2387 3319 et
2395 3267 2681 3331 justitiam
2694 3271 2740 3329 ej
2752 3280 2837 3330 us,
2865 3269 2922 3317 et
2948 3270 3072 3316 haec
3086 3265 3279 3315 omnia
3300 3275 3404 3313 au-

1810 3343 2078 3408 jicientur
2102 3340 2264 3391 vobis
2292 3340 2497 3404 (Matth.
2518 3338 2610 3400 6.).
2636 3338 2936 3400 Dominus,
2962 3336 3149 3408 inquit
3174 3346 3404 3399 pauper,

1810 3407 2088 3466 Sollicitus
2114 3417 2198 3463 est
2217 3411 2349 3463 mei.
2377 3413 2523 3474 Ergo
2549 3410 2597 3460 si
2617 3410 2895 3460 Dominus
2912 3407 3192 3459 sollicitus
3217 3412 3322 3465 est,
3351 3410 3406 3455 et

1809 3499 1917 3537 nos
1944 3484 2133 3536 securi
2157 3483 2357 3533 simus.
2377 3482 2485 3548 $ed
2511 3481 2646 3543 quia
2654 3480 2879 3544 jamdiu
2906 3484 3215 3543 expectans
3231 3490 3407 3540 expe-

1811 3556 2007 3618 ctavit,
2037 3555 2341 3605 Dominum
2369 3550 2640 3616 postulat,
2669 3564 2802 3602 cum
2829 3549 3149 3614 subjungit,
3173 3548 3409 3611 Adjutor

1809 3642 1978 3689 meus,
2002 3632 2047 3675 et
2070 3630 2333 3690 protector
2359 3638 2508 3672 meus
2532 3628 2591 3671 tu
2619 3638 2688 3682 es,
2715 3623 2854 3672 Deus
2880 3637 3047 3683 meus,
3070 3636 3139 3670 ne
3165 3620 3410 3669 tardave-

1809 3699 1906 3749 ris.
1933 3700 2258 3760 Expectans
2279 3695 2579 3759 expectavi
2605 3698 2657 3744 te
2675 3694 2987 3745 Dominum
3003 3705 3196 3743 meum
3216 3706 3229 3742 :
3246 3691 3409 3741 inten-

1810 3769 1945 3820 disti
1975 3767 2132 3826 mihi,
2168 3765 2351 3817 multa
2384 3765 2659 3816 beneficia
2683 3764 3004 3828 largiendo:
3045 3762 3322 3814 sollicitus
3345 3774 3408 3811 es

1810 3839 1939 3890 mei.
1954 3838 2139 3889 Inhac
2160 3837 2279 3889 vita
2304 3836 2493 3887 factus
2520 3849 2581 3886 es
2596 3835 2827 3898 adjutor
2859 3847 3025 3885 meus
3049 3834 3111 3884 in
3138 3833 3322 3894 bonis,
3348 3836 3407 3883 et

1811 3912 2096 3973 protector
2118 3908 2177 3958 in
2200 3907 2480 3958 adversis.
2501 3905 2667 3956 Solus
2686 3911 2821 3956 tuus
2839 3905 2979 3955 mihi
2998 3908 3177 3955 restat
3199 3903 3407 3953 adven-

1812 3986 1925 4040 tus,
1946 3980 2102 4030 Deus
2118 3991 2304 4037 meus,
2325 3990 2398 4027 ne
2416 3976 2747 4027 tardaveris.
2769 3975 3035 4036 Quandiu
3053 3978 3105 4024 te
3124 3989 3223 4020 non
3240 3973 3405 4031 video,

1810 4063 1927 4102 non
1952 4049 2236 4114 possideo,
2266 4047 2564 4098 mendicus
2589 4050 2646 4097 et
2669 4059 2884 4109 pauper
2900 4057 3049 4095 sum.
3072 4042 3222 4094 Nihil
3245 4047 3410 4093 extra

1811 4126 1867 4172 te
1890 4120 2029 4171 mihi
2059 4118 2292 4170 suiﬂcit.
2320 4119 2405 4167 Tu
2442 4116 2759 4180 expectatio
2784 4126 2943 4166 mea:
2972 4119 3035 4165 tu
3075 4115 3233 4164 salus
3262 4125 3355 4163 me
3393 4131 3403 4160 :

1810 4192 1927 4244 noli
1951 4191 2177 4242 morari.
2216 4191 2341 4242 Una
2376 4188 2518 4240 hora
2544 4186 2907 4246 desideranti,
2939 4184 3212 4237 aestuanti
3234 4184 3407 4248 longa

1810 4275 1973 4315 mora
1995 4266 2084 4314 est
2108 4276 2121 4312 :
2148 4263 2303 4313 Deus
2327 4273 2511 4322 meus,
2540 4271 2613 4309 ne
2647 4257 2977 4308 tardaveris.

2155 4349 2344 4412 TITU
2358 4347 2514 4412 LUS
2563 4344 2887 4410 PSALMI
2928 4344 3068 4407 XL.

1876 4446 1921 4491 1.
1947 4441 2143 4488 Titulus
2168 4441 2421 4499 sequentis
2447 4438 2624 4497 psalmi
2644 4442 2737 4496 est,
2766 4435 2829 4483 In
2854 4436 3018 4496 ﬁnem
3038 4432 3280 4499 psalmus
3298 4431 3408 4499 Da-

1814 4504 1925 4566 vid,
1949 4504 2070 4561 quia
2093 4505 2197 4560 jam
2234 4495 2373 4560 siepe
2398 4495 2657 4566 expositus
2694 4505 2784 4558 est,
2811 4495 3129 4566 nouoportet
3153 4495 3403 4566 replicari.

1811 4558 2338 4615 MateriaestChristus
2361 4566 2489 4609 Deus
2508 4569 2555 4608 et
2572 4563 2719 4607 homo
2744 4560 3019 4606 secundum
3047 4558 3403 4605 humanitatem

1816 4630 2104 4687 injuriatus,
2133 4641 2217 4686 per
2247 4627 2478 4672 deitatem
2516 4623 2847 4682 gloriﬁcatus.
2884 4622 3017 4687 Facit
3040 4628 3135 4687 tres
3164 4622 3406 4687 partesin

1816 4682 2206 4749 ho'cpsalmofln
2232 4689 2390 4747 prima
2408 4691 2541 4746 parte
2557 4688 2805 4745 admonet,
2820 4697 2933 4731 cum
2960 4682 3409 4749 houispromissio:

1809 4747 1981 4821 nibus,
2000 4765 2055 4808 ut
2076 4760 2387 4814 intelligatur
2413 4758 2639 4804 Christus
2664 4770 2814 4815 supra
2832 4754 3085 4800 hominem
3099 4754 3240 4809 Deus,
3257 4748 3276 4817 |

1812 4833 1867 4878 In
1893 4832 2112 4878 secunda
2139 4834 2273 4889 parte
2288 4831 2427 4889 ponit
2448 4841 2668 4888 caussas,
2682 4839 2835 4886 quare
2850 4826 3054 4884 quidam
3070 4824 3408 4889 eumsiinpli-

1812 4895 1932 4941 citer
1955 4884 2211 4940 hominem
2239 4884 2559 4951 pdtaverunt,
2585 4884 2710 4948 quia
2730 4888 3027 4945 injuriatum
3053 4886 3230 4951 multis
3247 4884 3407 4930 modis

1813 4956 2064 5004 viderunt.
2090 4956 2145 5001 in
2174 4948 2315 4999 ter—tia
2337 4960 2471 5012 parte
2498 4948 2589 4998 nos
2615 4952 2775 4999 reddit
2798 4957 2971 5006 certos,
2997 4962 3111 4995 eum
3137 4948 3404 5012 plusquam

1812 5018 2065 5064 hominem
2097 5015 2269 5064 fuisse.
2296 5010 2512 5062 Intentio
2547 5020 2619 5061 est
2644 5027 2733 5060 nos
2762 5014 3044 5068 admonere,
3087 5010 3403 5056 mediutorem

1814 5080 1893 5126 Dei
1920 5084 1965 5124 et
1991 5079 2252 5125 hominum
2278 5079 2532 5124 hominem
2558 5077 2713 5123 simul
2749 5076 2817 5134 (1.
2849 5073 2983 5122 Tim.
3011 5073 3078 5131 2.)
3109 5072 3329 5118 extitisse
3362 5074 3407 5116 et

1813 5143 1965 5188 Deum
1984 5153 1996 5188 :
2014 5146 2208 5197 propter
2229 5140 2438 5197 gloriam
2456 5138 2703 5197 passionis
2715 5138 2916 5195 Christi,
2946 5134 3256 5194 imperatoris
3273 5146 3408 5179 mar-

1814 5202 2104 5263 tyrum,qui
2134 5214 2235 5247 non
2257 5201 2355 5246 sibi
2375 5201 2606 5259 pepercit,
2631 5200 2878 5246 militibus
2901 5200 3152 5255 imperans
3164 5209 3400 5263 pugnam,

1812 5259 1895 5312 sed
1916 5259 2051 5324 prior
2062 5263 2322 5322 pugnavit,
2351 5263 2485 5324 prior
2505 5263 2643 5321 vicit,
2660 5265 2715 5306 ut
2735 5266 3015 5324 pugnantes
3031 5259 3257 5317 exemplo
3284 5260 3407 5303 hor—

1809 5321 2077 5379 taretur.et
2096 5326 2348 5381 majestate
2384 5323 2661 5380 adjuverat,
2688 5327 2733 5368 et
2768 5321 3096 5379 promissione
3128 5324 3402 5367 coronaret.

1814 5382 2088 5437 Audiamus
2105 5384 2539 5446 (ExAugustino)
2554 5384 2748 5442 aliquid
2763 5384 2815 5429 in
2829 5383 2922 5427 isto
2934 5381 3135 5439 psalmo,
3150 5382 3283 5440 quod
3304 5394 3408 5446 per-

1816 5454 1936 5498 tinet
1960 5452 2020 5497 ad
2076 5450 2182 5507 ejus
2225 5444 2525 5506 passionem.
2564 5445 2979 5507 Commendamus
3003 5444 3403 5507 autemrsmpius,

1814 5515 1944 5573 quod
1969 5505 2114 5559 nobis
2153 5505 2273 5557 utile
2304 5514 2373 5555 est
2411 5509 2641 5573 retinere,
2668 5506 2933 5553 Dominum
2955 5505 3123 5550 Jesum
3154 5505 3403 5573 Christum

1815 5565 2112 5635 plerumque
2137 5573 2273 5632 loqui
2317 5584 2460 5627 exse,
2501 5570 2654 5627 idest,
2698 5581 2754 5614 ex
2792 5579 3003 5625 persona
3041 5579 3151 5635 sua,
3176 5565 3308 5635 quod
3334 5568 3411 5635 est

1815 5627 1961 5697 caput
1986 5627 2241 5684 nostrum:
2268 5635 2564 5693 plerumque
2587 5646 2644 5677 ex
2662 5643 2879 5697 persona
2894 5628 3113 5697 corporis
3134 5627 3253 5697 sui,_
3269 5627 3404 5697 quod

1814 5688 1990 5748 sumus
2004 5713 2090 5747 nos
2122 5703 2169 5745 et
2194 5688 2405 5744 Ecclesia
2425 5688 2561 5752 ejus:
2592 5688 2681 5740 sed
2704 5693 2789 5754 itu,
2824 5692 2967 5751 quasi
2987 5695 3035 5736 et
3057 5691 3212 5736 unius
3241 5688 3407 5735 homi-

1815 5765 1924 5811 nis'
1943 5774 2153 5823 persona
2172 5774 2348 5808 sonare
2366 5759 2530 5817 verba,
2545 5761 2599 5803 ut
2622 5755 2961 5813 intelligamus
2976 5756 3125 5812 caput
3151 5756 3197 5799 et
3222 5763 3407 5811 corpus

186 5853 204 5873 '
243 5848 422 5902 Minus
445 5850 1023 5917 apudAugustinum
1059 5854 1212 5904 recte
1245 5855 1336 5905 est
1370 5866 1460 5903 ore
1489 5862 1589 5917 pro
1619 5864 1871 5915 persona,
1899 5854 2075 5914 atque
2101 5847 2199 5901 illa
2231 5844 2465 5912 quidem
2494 5855 2614 5898 vox
2647 5841 2851 5895 abesse
2880 5838 3089 5892 dicitur
3117 5850 3153 5892 a
3175 5838 3308 5890 Mss.
3339 5839 3406 5889 ut

124 5917 348 5967 Persona
376 5914 770 5969 subaudiatui'.

2752 5971 2766 5996 Ι
