3890 6428
465 424 570 481 799

460 542 515 589 in
551 541 743 588 unitate
767 539 1065 597 integritatis
1085 538 1369 597 consistere,
1407 547 1498 581 nec
1518 531 1743 597 separari
1760 532 1822 577 ab
1838 530 2053 597 invicem

464 610 702 663 tanquam
727 604 836 657 conj
848 591 1017 658 uirium
1036 600 1183 663 illud,
1199 600 1260 645 de
1282 591 1383 663 quo
1402 598 1591 663 dictum
1607 599 1696 652 est,
1711 595 1867 663 Erunt
1891 591 2057 663 daein

464 654 614 713 carne
637 678 739 711 una
766 654 943 725 (Genes
977 666 1022 710 2.
1044 661 1215 709 Malh.
1243 654 1339 725 19).
1367 660 1417 725 Si
1447 672 1564 716 ergo
1588 656 1911 725 agnoscimus
1937 654 2062 698 duos

464 728 519 775 in
555 741 703 775 carne
735 717 855 781 una,
881 737 1210 784 agnoscamus
1237 717 1364 770 duos
1402 722 1456 767 in
1496 733 1615 767 voce
1638 725 1759 767 una.
1785 717 2063 765 Audiamus

464 803 582 849 ergo
605 789 739 848 quod
766 788 966 835 dicitur.

972 896 1372 963 PSALMUS
1414 895 1554 959 XL.

523 1023 575 1079 2.
603 1025 797 1074 Beatus
824 1023 921 1088 qui
949 1022 1197 1085 intelligit
1227 1036 1388 1086 super
1419 1033 1648 1084 egenum
1687 1023 1731 1067 et
1750 1032 2063 1082 pauperem.

463 1096 529 1149 Id
562 1100 669 1156 est,
691 1106 861 1159 super
883 1094 1193 1145 Christum.
1219 1094 1397 1157 Super
1412 1103 1660 1156 egenum
1677 1095 1734 1141 et
1759 1101 2067 1153 pauperem

460 1165 799 1229 intelligere,
827 1168 916 1214 est
942 1176 1115 1227 super
1130 1162 1549 1213 humanitatem
1573 1164 1630 1212 et
1677 1160 2069 1210 inﬁrmitatem

464 1236 676 1287 Christi
713 1235 870 1286 aliud
897 1234 1069 1285 altius
1097 1234 1365 1297 cogitare.
1382 1234 1503 1282 Hoc
1526 1232 1725 1294 utique
1748 1229 2071 1293 intelligen-

465 1305 605 1357 dum
629 1309 738 1369 est,
766 1306 921 1369 quod
938 1305 1220 1355 Dominus
1235 1308 1291 1355 et
1303 1302 1613 1355 Redemter
1626 1305 1843 1362 noster,
1856 1313 1990 1350 cum
2011 1301 2071 1350 in

467 1378 653 1430 forma
700 1377 805 1428 Dei
844 1381 1018 1435 esset,
1059 1376 1435 1438 semetipsum
1474 1372 1808 1433 exinanivit,
1831 1372 2071 1422 formam

470 1449 625 1500 servi
641 1447 928 1510 accipiens
940 1446 1023 1509 ,in
1037 1445 1464 1497 similitudinem
1482 1442 1781 1495 hominum
1792 1442 1996 1506 factus,
2014 1446 2072 1493 et

471 1519 673 1571 habitu
697 1520 971 1569 inventus
1006 1522 1072 1568 ut
1091 1517 1263 1568 homo
1291 1516 1552 1580 (Philipp.
1578 1513 1677 1578 2.).
1712 1514 1885 1565 Dives
1918 1513 2073 1577 apud

472 1592 718 1648 Patrem,
741 1602 958 1653 pauper
967 1588 1121 1652 apud
1138 1600 1264 1638 nos.
1288 1587 1396 1639 Sed
1410 1592 1605 1638 tamen
1626 1589 1933 1649 paupertas
1945 1585 2072 1648 ejus

472 1661 690 1712 divitias
702 1661 919 1711 nostra:
934 1664 1095 1710 sunt:
1113 1658 1402 1722 quomodo
1420 1657 1724 1709 inﬁrmitas
1736 1656 1864 1719 ejus
1874 1661 2074 1707 nostra

474 1731 749 1782 fortitudo
774 1732 889 1781 est:
915 1730 1205 1793 quomodo
1229 1729 1472 1780 stultum
1488 1728 1617 1791 ejus
1636 1730 1832 1779 nostra
1856 1726 2076 1790 sapien-

478 1804 558 1853 tia
569 1807 683 1854 est:
700 1801 987 1864 quomodo
999 1800 1317 1853 mortalitas
1330 1800 1456 1864 ejus
1466 1796 2075 1850 nostraimmortalitas

476 1878 583 1926 est.
624 1872 943 1936 Intelligere
978 1873 1151 1923 etiam
1167 1876 1413 1936 oportet,
1447 1870 1899 1934 quiapaupertas
1915 1873 1972 1919 et
1994 1869 2075 1919 in-

476 1944 718 1995 ﬁrmitas
730 1943 912 1995 nostri
925 1942 1236 1994 Salvatoris
1247 1954 1277 1994 e
1286 1941 1575 2005 xemplum
1587 1940 1754 1990 nobis
1766 1940 1964 1990 tribuit
1973 1939 2076 1990 hu-

476 2013 755 2077 militatis,
779 2014 1092 2077 patientiae,
1109 2012 1469 2070 obedientiaa,
1485 2010 1972 2073 mansuetudinis,
1991 2021 2079 2061 ca-

476 2085 682 2137 ritatis.
706 2087 845 2136 Hmc
868 2084 1187 2146 intelligere
1205 2087 1262 2134 et
1289 2082 1556 2147 cogitare,
1581 2080 1813 2132 credere
1847 2086 1905 2131 et
1950 2081 2080 2131 imi-

479 2157 605 2220 tari,
616 2169 753 2207 vera
765 2156 1059 2207 beatitudo
1071 2159 1178 2205 est.
1191 2154 1441 2217 thuasi
1457 2152 1588 2215 quis
1608 2158 1916 2215 quaereret,
1936 2152 2079 2214 Quis

475 2227 701 2278 fructus
725 2227 832 2279 erit
852 2227 1034 2290 hujus
1058 2225 1427 2276 intellectus?
1452 2222 1716 2286 sequitur
1738 2223 1978 2273 etdicit:
2013 2224 2077 2271 In

474 2298 562 2347 die
595 2298 745 2348 mala
767 2297 1007 2347 liberabit
1029 2312 1151 2345 eum
1183 2296 1467 2345 Dominus.
1506 2295 1568 2345 Id
1594 2296 1699 2357 est,
1731 2294 1790 2344 in
1816 2294 1906 2345 die
1924 2294 2081 2356 judi-

475 2369 564 2427 cii,
583 2369 817 2431 quando
829 2367 1104 2433 puniendi
1126 2365 1704 2425 suntmali,liberabit
1720 2377 1855 2415 eum
1882 2364 2078 2415 Domi-

475 2453 588 2490 nus
604 2441 676 2491 ab
705 2440 864 2491 omni
889 2439 1059 2500 male,
1093 2439 1166 2490 ab
1191 2437 1348 2489 omni
1374 2448 1544 2501 paena
1567 2437 1639 2486 ab
1662 2435 1820 2486 omni
1843 2435 2081 2486 tribula-

475 2512 630 2562 tione
651 2516 709 2562 et
734 2511 1009 2575 angustia
1032 2510 1209 2574 hujus
1234 2507 1453 2570 saeculi,
1484 2510 1658 2571 atque
1676 2519 1710 2558 a
1724 2511 2006 2570 potestate
2023 2512 2082 2558 et

480 2584 782 2633 tormentis
807 2580 1036 2641 diaboli,
1063 2584 1121 2631 et
1143 2580 1377 2631 inferni:
1405 2584 1462 2630 et
1486 2577 1795 2629 transferet
1842 2590 1977 2629 eum
2021 2578 2081 2628 in

477 2653 804 2704 libertatem
837 2653 1035 2715 glorise
1066 2651 1310 2702 ﬁliorum
1324 2651 1427 2701 Dei
1463 2651 1637 2711 (Rom.
1673 2647 1765 2711 8.).
1795 2650 1996 2700 Narrat
2024 2654 2081 2700 et

480 2723 592 2774 alia
607 2723 898 2781 beneﬁcia,
927 2734 1061 2786 qum
1082 2722 1362 2773 Dominus
1377 2721 1617 2786 largitur
1636 2721 1801 2772 beato
1820 2719 1965 2783 viro,
1982 2720 2081 2783 qui

481 2792 769 2857 intelligit,
795 2794 1079 2845 subdens:
1295 2800 1315 2819 ⁶

546 2863 598 2918 3.
632 2865 902 2914 Dominus
943 2868 1207 2914 conservet
1241 2878 1382 2926 eum,
1406 2868 1453 2912 et
1485 2862 1710 2926 vivi/ieci
1734 2867 1938 2925 cum,et
1961 2860 2082 2909 bea-

483 2939 598 2984 tum
631 2936 801 2998 faciat
823 2951 944 2985 eum
960 2936 1022 2985 in
1039 2944 1202 2997 terra,
1228 2940 1274 2984 et
1287 2950 1395 2984 non
1414 2936 1593 2983 tradat
1609 2948 1730 2982 eum
1753 2934 1809 2981 in
1830 2933 2081 2981 animam

482 3007 835 3056 inimicorum
850 3008 980 3071 ejus.
1006 3011 1145 3060 Haec
1166 3006 1347 3058 oratio
1370 3005 1675 3071 promissio
1701 3007 1805 3054 est.
1838 3005 2080 3054 Conser-

478 3082 580 3145 vat
593 3078 744 3129 enim
760 3079 1034 3130 Dominus
1045 3079 1202 3130 hunc
1214 3076 1647 3141 intelligentem.
1663 3077 1820 3126 Intra
1832 3074 2083 3138 pericula

476 3153 533 3200 et
552 3149 897 3201 tentationes
926 3150 1103 3214 hujus
1144 3149 1447 3200 laboriosas
1495 3149 1632 3199 vitae
1652 3160 1769 3198 non
1795 3146 2079 3197 siniteum

476 3220 826 3283 perire.'Non
841 3221 1119 3284 permittit
1163 3220 1368 3271 tentari
1393 3232 1586 3284 supra,
1612 3231 1781 3282 quam
1817 3218 1959 3269 ferre
1982 3229 2081 3282 po-

480 3290 675 3352 test(1.
707 3290 968 3354 Cor-.10.).
994 3290 1275 3354 Quicquid
1305 3292 1459 3353 agat,
1488 3301 1858 3353 quocumque
1883 3302 1944 3340 se
1961 3302 2076 3339 ver-

481 3364 584 3423 tat,
605 3374 829 3426 semper
839 3363 898 3413 in
914 3362 1180 3413 custodia
1199 3362 1303 3412 Dei
1316 3364 1421 3411 est.
1439 3361 1708 3411 Viviﬁcat
1723 3373 1852 3410 eum
1872 3360 2075 3423 spiritu

480 3445 587 3483 suo
608 3434 795 3497 magis
820 3446 886 3483 ac
900 3433 1086 3496 magis
1105 3432 1427 3483 secundum
1440 3431 1767 3481 interiorem
1784 3430 2078 3481 hominem

482 3503 695 3566 (Ephes.
734 3502 848 3565 3.).,
882 3509 946 3555 ut
983 3504 1237 3567 quotidie
1260 3501 1484 3565 justius
1522 3507 1579 3553 et
1608 3502 1808 3565 purius
1840 3503 1998 3553 vivat
2021 3503 2080 3551 in

480 3573 620 3624 Deo.
648 3575 715 3623 Et
732 3573 1021 3625 beatiﬁcat
1054 3571 1176 3641 |9|
1214 3585 1343 3623 eum
1369 3585 1485 3622 non
1502 3572 1690 3624 solum
1712 3572 1766 3623 in
1794 3571 1951 3627 caelo.
1980 3573 2079 3622 sed

484 3644 656 3695 etiam
668 3645 727 3694 in
739 3644 796 3695 in
812 3649 973 3704 terra,
989 3643 1315 3709 spirituales
1331 3644 1572 3694 virtutes
1585 3642 1892 3706 largiendo.
1908 3645 2082 3694 Juxta

482 3714 639 3777 quod
665 3716 941 3778 scriptum
965 3718 1082 3765 est:
1110 3715 1283 3774 Beati,
1312 3713 1406 3777 qui
1437 3715 1738 3777 sperantin
1759 3716 2081 3777 te,Domine

486 3785 650 3843 (Psat.
692 3784 819 3849 38.),
859 3792 919 3837 et
968 3787 1122 3838 beati
1159 3786 1258 3849 qui
1294 3785 1542 3849 diligunt
1570 3798 1780 3836 nomen
1808 3787 2082 3836 tuum.Et

484 3855 639 3907 beati
664 3870 942 3921 pauperes
969 3858 1186 3921 spiritu.
1215 3857 1369 3908 Beati
1402 3857 2081 3918 mites,beatimisericer—

485 3925 608 3990 des,
656 3928 805 3979 beati
848 3928 1085 3992 paciﬁci,
1131 3928 1281 3979 beati
1319 3926 1537 3977 mundo
1561 3928 1750 3988 corde,
1787 3931 1842 3979 et
1871 3931 2081 3979 caetera

487 3997 699 4061 (Matth.
727 3997 818 4060 5.).
858 4000 1142 4049 Promittit
1171 3998 1336 4049 nobis
1359 3998 1643 4049 Dominus
1670 3998 2081 4049 beatitudinem

483 4068 546 4119 in
564 4068 755 4120 futura
767 4070 907 4120 vita:
940 4070 1041 4121 sed
1061 4070 1109 4121 si
1134 4069 1434 4133 diligenter
1444 4070 1818 4122 attendimus.
1833 4070 2007 4121 etiam
2023 4070 2083 4119 in

482 4139 593 4190 hac
618 4142 767 4191 terra
783 4142 905 4203 jam
930 4146 1148 4204 partem
1170 4142 1387 4204 praemii
1416 4141 1799 4206 possidemus.
1822 4142 1959 4191 Pars
1976 4140 2083 4190 uti-

483 4222 618 4273 quaa
643 4224 869 4275 magna)
894 4212 1174 4263 felicitatis
1194 4217 1301 4275 est,
1320 4212 1600 4263 saeculum
1628 4213 1882 4271 potuisse
1898 4211 2083 4275 despi—

482 4293 628 4343 cere,
664 4285 721 4332 et
754 4284 1131 4347 omnipotenti
1155 4285 1274 4334 Deo
1298 4284 1511 4334 servire
1537 4283 1800 4346 cmpisse,
1826 4283 2083 4333 evasisse

482 4352 758 4404 vitiorum
773 4354 1236 4406 infelicissimum
1253 4354 1634 4414 dominatum,
1648 4354 1889 4404 liberum
1906 4367 2034 4405 esse
2052 4366 2085 4403 a

483 4423 696 4474 misera
720 4426 999 4477 servitute
1024 4424 1232 4476 diaboli
1269 4429 1328 4475 et
1349 4424 1567 4488 peccati
1590 4425 1770 4486 (Joan.
1794 4424 1886 4488 8.),
1912 4436 2088 4474 vana-

482 4507 613 4545 rum
638 4508 830 4547 rerum
848 4496 1263 4561 cupiditatibus
1277 4509 1392 4546 non
1410 4497 1745 4558 excruciari,
1773 4497 2087 4547 sceleribus

484 4578 605 4617 non
630 4567 958 4630 immisceri,
984 4568 1335 4624 innocenter.
1372 4568 1586 4625 vivere,
1618 4569 1802 4620 beatae
1833 4568 2085 4619 castitati

487 4649 722 4701 operam
735 4638 1159 4703 dare,gloriosae
1173 4639 1518 4702 paupertatis
1533 4639 1941 4690 sufﬁcientiam
1958 4651 2084 4702 pes-

1521 416 1790 472 RUFINO
1825 413 2288 467 PRESBYTERO
2321 412 2709 465 ASCRIP'I‘US

3658 400 3762 455 800

2158 530 2472 585 cantamus,
2482 525 2613 588 quia
2625 522 2889 575 videlicet
2900 521 2970 573 de
2987 517 3273 583 triumpho
3284 516 3761 588 exultamus.Nec

2160 586 2576 648 annuutiamus
2595 599 2827 655 mortes,
2850 592 2949 643 sed
2988 588 3285 641 natalicia:
3310 589 3443 651 quia
3480 586 3760 648 martyrio

2160 667 2423 718 feeliciter
2448 666 2646 728 renati,
2688 666 2988 727 cmperunt
3025 662 3189 712 beate
3226 658 3422 711 vivere
3458 658 3519 708 in
3557 656 3758 728 gloria.

2160 739 2396 791 Dicatur
2415 750 2548 801 ergo
2573 739 2744 798 recte,
2769 736 2835 783 Et
2853 749 2963 783 non
2983 730 3359 781 tradcteumin
3372 729 3629 801 animam
3651 727 3763 775 ini-

2159 811 2427 859 micorum
2448 800 2578 872 ejus.
2607 807 2876 869 Sequitur
2908 803 3062 855 aliud
3089 813 3362 866 magnum
3387 800 3629 872 donum.

2221 880 2271 934 4.
2300 867 2564 928 Dominus
2578 867 2730 942 opem
2752 878 2893 940 ferat
2912 875 3166 938 illisuper
3185 872 3373 921 tectum
3391 870 3596 920 deteris
3618 867 3755 942 ejus.

2164 953 2269 1003 Per
2280 950 2492 1001 lectum
2516 939 3099 1010 doloris,intelligitur
3119 956 3249 995 caro
3264 944 3480 1004 nostra,
3497 952 3638 1005 quae
3663 939 3765 1010 do-

2163 1022 2241 1073 let
2266 1021 2509 1073 inﬁrma.
2546 1019 2843 1081 Quomodo
2868 1017 3073 1080 aliquis
3092 1016 3244 1079 jacet
3277 1018 3336 1065 et
3366 1010 3683 1077 requiescit
3706 1009 3762 1059 in

2163 1093 2310 1144 lecto
2336 1106 2460 1154 suo,
2482 1093 2560 1143 ita
2581 1092 2810 1141 animus
2835 1088 3097 1139 inﬁrmus
3114 1087 3268 1151 jacet
3290 1089 3349 1136 et
3372 1081 3762 1154 requiescitin

2165 1176 2337 1215 carne
2363 1152 2487 1213 sua.
2508 1165 2573 1213 In
2598 1160 2925 1213 carnalibus
2944 1159 3095 1210 enim
3108 1156 3420 1208 delectatur
3443 1152 3762 1217 voluptati-

2169 1236 2296 1286 bus.
2320 1236 2589 1285 Humana
2609 1233 2819 1296 quippe
2839 1236 3046 1282 natura
3073 1229 3275 1292 eoipso
3292 1225 3446 1291 quod
3463 1228 3663 1277 creata
3677 1226 3763 1296 est

2166 1306 2227 1358 in
2256 1306 2606 1368 inﬁrmitate,
2628 1294 2858 1366 semper
2877 1302 3050 1353 habet
3073 1299 3332 1361 deficere,
3358 1301 3532 1360 atque
3548 1294 3768 1368 indesi-

2168 1381 2370 1429 nenter
2392 1376 2464 1426 ad
2481 1366 2762 1427 deteriora
2794 1372 3029 1424 labitur:
3056 1371 3166 1422 nisi
3196 1383 3302 1434 ope
3317 1368 3533 1420 divinae
3561 1366 3768 1431 gratia:

2168 1452 2586 1499 sustententur.
2601 1446 2870 1497 Portabat
2896 1448 2948 1494 te
2965 1443 3068 1506 (Ex
3082 1440 3401 1505 Augustino)
3423 1438 3635 1495 lectus,
3652 1448 3770 1487 non

2168 1520 2435 1584 portabas
2448 1517 2679 1570 lectum.
2709 1514 3061 1577 Paralyticus
3088 1514 3248 1564 intus
3276 1523 3429 1584 eras:
3451 1508 3657 1584 _Ad_est
3674 1507 3769 1570 qui

2170 1579 2322 1641 dicat
2343 1589 2465 1650 tibi,
2488 1587 2644 1639 Tolle
2664 1589 2969 1652 grabatum
2996 1590 3179 1646 tuum,
3207 1586 3264 1634 et
3286 1580 3504 1633 vadein
3530 1579 3772 1630 domum

2171 1666 2331 1712 tuam
2382 1661 2559 1721 (Joan.
2585 1658 2678 1720 5.).
2713 1660 2780 1708 Et
2820 1657 2984 1720 quasi
3015 1657 3384 1718 quaereretur.
3416 1652 3603 1712 Quare
3638 1659 3771 1721 ergo

2177 1745 2310 1783 cum
2333 1720 2497 1795 opem
2525 1730 2667 1781 ferat
2688 1728 2853 1779 nobis
2884 1729 3055 1785 Deus,
3082 1729 3242 1777 tanta
3263 1722 3414 1774 mala
3436 1721 3694 1795 patimur
3716 1720 3773 1770 in

2177 1802 2285 1853 hac
2308 1793 2447 1862 vita,
2466 1806 2656 1852 tantos
2670 1800 2913 1861 labores,
2937 1802 3157 1849 tantam
3178 1793 3642 1858 inquietudinem
3665 1802 3774 1841 car-

2096 1892 2151 1965 B
2179 1865 2894 1965 eisesselifeenjﬁaii}.
2902 1867 3767 1965 ii?i‘?3‘33132“35.$f£3?.‘¥“32

2182 1944 2489 1997 concilium
2510 1942 2675 1993 nobis
2692 1941 2993 1993 medicina:
3009 1950 3322 2003 exponens,
3336 1934 3638 1999 adjunxit:
3670 1933 3771 1981 Um'

2177 2030 2392 2066 versum
2424 2020 2655 2063 stratum
2691 2012 2805 2075 ejus
2832 2011 3052 2060 versasti
3081 2011 3143 2057 in
3165 2008 3480 2072 inﬁrmitate
3502 2020 3642 2070 qus.
3675 2005 3774 2054 Per

2179 2092 2422 2139 stratum
2434 2097 2640 2149 corpus
2657 2096 2787 2134 cum
2800 2086 2993 2133 mente
3009 2080 3134 2133 vult
3149 2078 3409 2142 intelligi.
3423 2078 3772 2130 Universum

2179 2158 2315 2209 dicit
2337 2148 2654 2207 secundum
2666 2166 2868 2205 omnes
2885 2165 3113 2205 sensus.
3131 2153 3196 2202 ut
3208 2148 3528 2203 secundum
3547 2159 3772 2199 carnem

2179 2228 2570 2280 etsecundum
2592 2227 2991 2285 mentem,tam
3022 2222 3283 2285 interius,
3315 2233 3491 2284 quam
3516 2218 3773 2271 exterius

2176 2300 2465 2362 intelligas
2481 2297 2774 2348 hominem
2788 2296 3162 2347 inﬁrmatum.
3182 2295 3390 2345 Lectus
3403 2291 3610 2362 carnis,
3622 2289 3775 2340 inﬁr-

2180 2361 2381 2422 matur
2394 2382 2496 2433 per
2518 2369 2744 2431 famem,
2759 2380 2859 2432 per
2882 2367 3058 2429 sitim,
3072 2379 3170 2429 per
3192 2364 3391 2429 frigus,
3410 2375 3510 2428 per
3525 2361 3772 2433 calorem

2179 2455 2279 2507 per
2294 2428 2641 2506 passionem,
2660 2428 3025 2503 per—dolerem
3036 2428 3051 2499 ,
3062 2428 3161 2495 per
3172 2428 3615 2507 corruptionem,
3630 2431 3650 2499 |
3664 2428 3771 2498 92

2178 2505 2281 2578 per
2299 2505 2707 2563 mortalitatem
2726 2515 2783 2562 et
2806 2508 3126 2560 innumeris
3139 2507 3264 2559 aliis
3283 2505 3487 2558 modis.
3522 2506 3775 2578 Stratum

2180 2575 2394 2635 mentis
2432 2583 2756 2633 inﬁrmatur
2794 2593 2893 2644 per
2924 2579 3327 2644 ignorantiam.
3351 2590 3449 2641 per
3472 2575 3774 2627 stulttiam.

2179 2668 2279 2721 per
2302 2652 2727 2713 hebetudinezn,
2754 2664 2856 2716 per
2874 2651 3154 2713 timerem,
3182 2661 3281 2713 per
3306 2647 3660 2721 superbiam,
3684 2656 3773 2721 per

2180 2716 2390 2778 vanam
2426 2726 2685 2788 gloriam,
2717 2736 2816 2787 per
2857 2722 3154 2784 invidiam,
3186 2732 3286 2784 per
3304 2720 3464 2779 iram,
3496 2722 3556 2769 et
3591 2716 3772 2768 modis

2179 2797 2304 2850 aliis
2318 2795 2678 2847 multis.llaéc
2690 2799 2885 2844 autem
2899 2793 3202 2844 inﬁrmitas
3217 2802 3387 2854 paena
3407 2794 3494 2841 est
3504 2788 3767 2853 peccatis.

2179 2870 2320 2933 Quia
2344 2868 2515 2918 homo
2549 2866 2734 2917 noluit
2767 2864 2929 2915 fortis
2945 2877 3078 2915 esse
3102 2863 3162 2913 in
3186 2863 3320 2923 Deo,
3346 2860 3576 2912 inﬁrma
3596 2863 3688 2910 est
3716 2858 3768 2907 in

2179 2940 2388 3002 seipse.
2415 2938 2556 2998 Quia
2580 2948 2749 2987 carne
2773 2940 2830 2985 et
2854 2935 3054 3000 spiritu
3079 2934 3396 2985 delectatus
3416 2935 3705 2991 est,carne
3718 2933 3769 2979 et

2181 3010 2380 3075 spiritu
2400 3008 2635 3074 punitus
2648 3011 2753 3058 est.
2777 3007 3011 3057 Dicatur
3024 3017 3179 3069 ergo,
3201 3004 3520 3053 Universum
3533 3006 3764 3075 stratum

2178 3070 2290 3145 ejus
2304 3070 2524 3129 versasti
2572 3079 2630 3127 in
2668 3078 2986 3140 inﬁrmitate
3013 3078 3142 3140 ejus.
3179 3076 3476 3145 Propterea
3497 3072 3693 3145 adhuc
3715 3070 3768 3120 in

2177 3144 2286 3203 hac
2307 3151 2635 3202 inﬁrmitate
2648 3149 3007 3212 relinquitur,
3029 3146 3202 3197 etiam
3220 3146 3267 3196 si
3280 3144 3549 3208 originale
3564 3154 3771 3207 pecca-

2181 3228 2323 3285 tum,
2365 3226 2590 3286 propter
2621 3219 2774 3284 qued
2810 3219 3044 3284 punitus
3084 3220 3188 3276 est,
3213 3216 3561 3268 remittatur:
3602 3226 3676 3265 ne
3698 3214 3766 3263 ite

2174 3307 2302 3346 rum
2322 3294 2505 3358 possit
2530 3292 2839 3356 superbire,
2872 3295 2927 3341 et
2951 3288 3175 3354 culpam
3206 3299 3380 3351 quam
3410 3287 3559 3345 fecit,
3585 3286 3770 3358 valeat

2176 3354 2455 3418 oblivisci.
2493 3354 2678 3414 Malus
2722 3375 2925 3413 servus
2956 3364 3072 3413 est:
3100 3372 3325 3423 semper
3348 3361 3569 3422 oportet
3597 3354 3769 3408 teneri

2180 3438 2292 3487 sub
2316 3434 2556 3500 ﬂagello.
2577 3433 2683 3487 Sed
2705 3434 2827 3498 jam
2854 3432 3171 3498 ﬁagellatus
3186 3430 3440 3496 postulat
3455 3428 3771 3480 misericor-

2180 3508 2352 3559 diam:
2387 3499 2641 3570 postulat
2653 3506 2958 3557 sanitatem
2982 3504 3055 3555 de
3087 3502 3354 3566 superbia
3385 3500 3457 3552 ad
3481 3499 3769 3551 humilita-

2180 3584 2299 3631 tem
2326 3578 2490 3628 redit.
2522 3577 3141 3640 Conﬁteturpeccatum
3168 3585 3357 3635 suum,
3395 3571 3623 3623 dicens:

2242 3649 2294 3703 5.
2342 3649 2476 3711 Ego,
2522 3649 2662 3707 dixi,
2712 3648 2866 3709 Deus,
2914 3648 3160 3694 miserere
3192 3645 3327 3694 mei:
3358 3658 3495 3692 sana
3518 3642 3762 3690 animam

2178 3735 2357 3769 meam
2392 3720 2525 3782 quia
2549 3719 2757 3780 peccari
2791 3718 2907 3766 tibi.
2940 3720 3056 3781 Ego
3081 3716 3219 3776 dixi,
3246 3715 3451 3777 inquit.
3479 3715 3611 3764 Non
3643 3712 3763 3764 abs-

2182 3790 2352 3843 condi
2376 3795 2609 3854 peccata
2637 3802 2780 3848 mea,
2827 3801 2942 3839 non
2968 3788 3118 3839 tacui
3145 3786 3597 3838 confessionem:
3632 3783 3769 3834 sicut

2181 3862 2416 3926 quidam
2475 3860 2670 3923 tacuit,
2721 3865 2780 3911 et
2817 3860 2943 3910 ideo
2968 3860 3287 3910 inveterata
3314 3862 3452 3908 sunt
3483 3868 3622 3906 ossa
3656 3855 3766 3917 ejus

2182 3934 2345 3993 (Psal.
2381 3932 2508 3994 31.).
2546 3931 2823 3993 Quoniam
2867 3930 2964 3994 qui
2985 3931 3221 3993 malum,
3252 3927 3408 3991 quod
3438 3926 3637 3991 gessit.
3664 3936 3763 3975 non

2181 4005 2377 4068 aperit,
2396 4016 2495 4054 eas
2520 4004 2692 4053 etiam
2716 4003 2983 4065 virtutes,
3018 4013 3163 4064 quas
3188 4000 3378 4059 habet,
3401 3997 3606 4063 perdit.
3625 3999 3766 4056 itera:

2181 4074 2517 4126 humilitatis
2533 4073 2804 4124 indicium
2819 4076 2925 4135 est,
2953 4071 3179 4135 culpam
3197 4082 3364 4123 suam
3377 4078 3766 4133 recognoscere

2182 4150 2354 4209 atque
2371 4146 2632 4196 eamdem
2648 4157 2785 4194 voce
2802 4142 3182 4194 confessionis
3194 4141 3563 4205 aperire.ldeo
3580 4137 3764 4203 praeci-

2180 4217 2265 4282 pit
2291 4217 2565 4266 Dominus
2590 4220 2885 4277 noster,ut
2910 4219 3143 4278 peccata
3164 4216 3364 4265 nostra
3381 4210 3764 4282 sacerdotibus

2183 4281 2561 4340 conﬁteamur
2607 4288 2747 4348 (Luc.
2782 4285 2921 4347 15.):
2950 4288 3014 4336 ut
3036 4284 3301 4336 videlicet
3326 4282 3653 4334 conﬁtendo
3666 4281 3766 4331 hu-

2184 4359 2486 4415 miliemur,
2527 4362 2584 4407 et
2617 4371 2716 4421 per
2738 4356 3074 4407 humilitatis
3098 4357 3366 4406 meritum
3392 4353 3759 4418 percipiamus

2184 4430 2581 4481 remissionem
2618 4431 2999 4492 peccatorum.
3039 4428 3307 4491 Superbis
3350 4426 3502 4476 enim
3553 4422 3759 4475 resistit

2184 4503 2360 4563 Deus,
2394 4501 2493 4551 sed
2508 4500 2820 4550 humilibus
2846 4499 2945 4549 dat
2961 4498 3202 4561 gratiam
3220 4496 3761 4559 (Jacob.4.).Magnus

2183 4576 2272 4622 est
2308 4571 2684 4622 confessionis
2715 4570 2957 4620 fructus.
2986 4570 3132 4619 Dicit
3159 4569 3392 4631 quidam
3415 4566 3759 4630 pmnitensin

2183 4642 2292 4693 alio
2336 4643 2576 4706 psalmo.
2618 4642 2765 4703 Dixi,
2800 4641 3116 4692 conﬁtebor
3140 4654 3151 4690 :
3179 4644 3235 4691 et
3254 4645 3314 4690 tu
3334 4638 3551 4689 rcmisti
3577 4637 3759 4698 impie-

486 4708 675 4784 sidere
687 4726 702 4784 7:
732 4710 874 4784 nihil
906 4715 1071 4784 extra
1099 4711 1279 4784 Deum
1298 4711 1647 4774 queererc,in
1681 4712 1863 4774 ipsius
1887 4723 2079 4760 amore
2097 4712 2154 4784 D
2186 4718 2362 4765 tatem
2381 4707 3758 4784 peccatimei(Psal.13.)autem“?(indmW310???St

487 4782 546 4830 et
569 4779 1051 4842 contemplatione
1079 4780 1335 4831 suaviter
1361 4784 1739 4845 requiescere.
1763 4784 2081 4832 Pensemus

489 4854 775 4912 quantum
789 4851 954 4901 nobis
967 4851 1246 4901 Dominus
1262 4852 1354 4915 pia
1369 4853 1663 4904 vocatione
1672 4852 1997 4914 contulerit,
2014 4851 2085 4902 de

492 4921 727 4982 quantis
754 4920 1069 4979 fraudibus,
1095 4922 1410 4985 adulteriis,
1439 4924 1671 4987 rapinis,
1697 4924 1976 4987 perjuriis,
1994 4936 2087 4973 sa-

490 4991 757 5055 crilegiis,
783 4992 1360 5054 immundiciis,vitiis
1380 4996 1438 5044 et
1461 4995 1712 5057 peccatis
1734 4992 2077 5045 liberaverit:

490 5067 549 5113 et
572 5066 712 5114 tunc
734 5077 1166 5127 cognoscemus,
1198 5078 1372 5127 quam
1390 5078 1588 5116 verum
1617 5064 1707 5121 sit,
1735 5065 1888 5128 quod
1922 5065 2088 5116 audi-

492 5146 627 5184 mus
650 5135 708 5185 in
730 5134 971 5200 psalmo,
998 5137 1152 5200 quod
1177 5137 1386 5186 dicitur
1409 5151 1420 5185 :
1444 5140 1498 5185 et
1527 5136 1753 5185 beatum
1774 5137 1938 5186 faciat
1953 5149 2086 5187 eum

490 5205 549 5255 in
576 5210 741 5257 terra.
779 5208 947 5258 Hunc
970 5212 1166 5259 autem
1188 5206 1619 5267 intelligentem,
1653 5207 1763 5257 etsi
1799 5207 2084 5258 traditali-

491 5279 722 5340 quando
748 5279 904 5330 Deus
926 5279 985 5329 in
1007 5277 1593 5329 manusinimicorum
1607 5280 1750 5341 ejus,
1765 5279 2089 5330 uthabeant

490 5353 836 5411 potestatem
864 5349 1160 5400 occidendi
1186 5361 1412 5411 corpus,
1439 5361 1741 5412 nunquam
1766 5351 1940 5401 tradit
1955 5362 2087 5400 eum

489 5419 549 5469 in
572 5421 797 5473 animas
834 5422 1041 5486 (Matth.
1076 5418 1201 5483 10.),
1239 5419 1294 5469 id
1330 5423 1438 5481 est,
1466 5420 1526 5471 in
1553 5420 1879 5473 voluntates
1894 5421 2088 5472 inimi-

492 5504 717 5543 corum:
754 5498 819 5543 ut
844 5492 1063 5543 scilicet
1090 5490 1315 5555 possint
1336 5504 1468 5542 eum
1496 5493 1677 5544 facere
1714 5493 1835 5543 suis
1876 5493 2087 5555 iniquis

493 5562 771 5615 veluntati
781 5566 890 5615 bus
915 5564 1161 5614 obedire.
1187 5562 1346 5614 Unde
1361 5564 1541 5615 sancti
1560 5566 1834 5627 Martyres
1846 5564 2017 5615 etiam
2030 5564 2088 5614 in

494 5632 613 5683 suis
640 5635 1005 5697 passionibus
1049 5636 1291 5685 victores
1316 5636 1637 5693 exiterunt,
1670 5636 1807 5697 quia
1834 5639 1890 5685 et
1914 5635 1961 5685 si
1993 5647 2092 5698 po-

494 5707 729 5755 tuerunt
759 5706 1123 5770 corporaliter
1144 5706 1667 5769 occidi,nunquam
1695 5710 1885 5756 tamen
1898 5706 2089 5756 animo

495 5778 806 5836 potuerunt
818 5778 1019 5841 frangi.
1039 5777 1124 5829 Illi
1142 5790 1274 5828 vero
1300 5778 1398 5841 qui
1414 5777 1767 5837 occiderunt,
1782 5777 1912 5827 victi
1925 5779 2087 5827 sunt:

498 5845 632 5905 quia
642 5847 794 5908 quod
808 5848 1620 5912 volueruntimplere,miuime
1633 5851 2090 5913 petuerunt.Hinc

497 5919 604 5976 est,
630 5917 860 5979 quodin
887 5920 1170 5970 mortibus
1195 5920 1506 5983 Martyrum
1530 5932 1645 5971 non
1661 5920 1970 5986 ploramus,
1987 5921 2088 5973 sed

2184 4784 2575 4836 misericordia
2592 4785 2689 4834 Dei
2701 4782 3240 4833 hominiconﬁtenti.
3262 4780 3527 4832 Nondum
3541 4779 3758 4830 confite-

2185 4861 2297 4917 tur,
2312 4856 2413 4906 sed
2426 4855 2799 4905 deliberatum
2811 4854 3053 4904 habetin
3071 4854 3238 4905 corde
3251 4865 3355 4903 sue
3376 4856 3439 4901 ut
3464 4854 3757 4905 conﬁteatur,

2185 4927 2309 4978 ideo
2326 4941 2359 4977 a
2373 4931 2603 4991 peccato
2618 4925 2945 4976 inundatur.
2968 4926 3087 4975 Hoc
3103 4924 3404 4988 signiﬁcat,
3422 4921 3572 4985 quod
3584 4918 3759 4971 Domi-

2183 5012 2297 5050 nus
2310 4999 2549 5062 leprosis
2564 4996 3024 5061 praecipitdicens
3040 5012 3052 5046 :
3066 4998 3166 5059 Ite,
3185 4995 3466 5046 ostendite
3482 5005 3587 5044 vos
3600 5001 3760 5062 sacer-

2185 5059 2438 5121 dotibus.
2468 5071 2532 5119 Et
2561 5059 2693 5119 cum
2718 5059 2865 5118 irent
2893 5068 2951 5118 in
2979 5067 3090 5130 via,
3111 5066 3293 5116 sanati
3321 5070 3456 5116 sunt
3472 5065 3621 5128 (Luc-
3648 5059 3754 5122 17.).

2187 5140 2531 5190 Publieanus
2544 5139 2680 5201 quid
2695 5140 2800 5189 ait?
2816 5141 2965 5189 Deus
2980 5139 3256 5202 propitius
3270 5142 3392 5188 esto
3422 5135 3559 5186 mihi
3586 5142 3758 5198 pecca-

2187 5211 2311 5261 tori.
2348 5210 2647 5261 Descendit
2670 5210 3024 5273 justiﬁcatus
3054 5210 3193 5272 (Luc.
3238 5208 3357 5270 18.).
3385 5208 3428 5259 Ο
3454 5208 3619 5257 beata
3640 5214 3758 5254 con-

2189 5282 2390 5333 fessio!
2429 5282 2629 5343 quanti
2661 5272 2757 5344 per
2792 5286 2844 5331 te
2878 5280 3245 5336 mundrintur,
3267 5282 3556 5337 sanantur,
3567 5272 3757 5339 justiti-

2187 5357 2422 5404 cantur?
2438 5354 2616 5415 Igitur
2628 5352 3027 5414 unusquisque
3040 5356 3295 5401 nostrum
3311 5348 3756 5401 dicathumiliter.

2187 5424 2340 5474 dicat
2352 5423 2849 5487 lachrymabiliter,
2861 5422 3011 5473 dicat
3028 5423 3339 5481 exaﬁ‘ectu,
3359 5422 3510 5471 dicat
3525 5433 3595 5471 ex
3611 5415 3756 5470 corde

2186 5496 2300 5558 Ego
2325 5495 2465 5557 dixi,
2499 5496 2657 5555 Deus,
2688 5495 2939 5543 miserere
2970 5494 3096 5542 mei:
3138 5509 3277 5542 sana
3302 5494 3551 5541 animam
3578 5502 3748 5539 meam.

2188 5567 2322 5630 quia
2349 5567 2560 5629 peccavi
2592 5564 2705 5613 tibi.
2733 5565 2878 5626 Quid
2907 5569 3014 5624 est,
3036 5565 3253 5613 Peccavi
3279 5563 3373 5612 tibi
3394 5561 3664 5615 iPeccavi
3686 5570 3755 5609 co-

2186 5648 2308 5687 ram
2342 5641 2415 5699 te,
2444 5636 2533 5686 vel
2559 5640 2757 5687 contra
2783 5640 2855 5687 te.
2892 5636 3037 5696 Quid
3072 5641 3161 5687 est
3196 5634 3423 5699 peccavi
3446 5634 3543 5684 tibi
3557 5637 3582 5683 ι)
3604 5632 3754 5683 ratio-

2188 5720 2322 5758 nem
2342 5698 2441 5757 tibi
2467 5707 2796 5758 redditurus
2827 5720 2927 5770 pro
2941 5698 3367 5770 peecatofTalia
3388 5705 3585 5755 dicunt
3608 5698 3751 5753 amici

2188 5778 2855 5831 conﬁtendo.Audiamus
2869 5778 3006 5841 quid
3020 5777 3504 5829 dixeruntinimici
3522 5772 3751 5827 errando.

2250 5850 2300 5903 6.
2320 5851 2539 5899 Inimici
2562 5851 2667 5899 mei
2691 5852 2951 5899 dixerunt
2967 5850 3117 5898 mala
3136 5850 3294 5898 mihi.
3315 5850 3455 5900 Haec
3469 5849 3638 5899 verba
3652 5854 3754 5910 pro-

2187 5922 2306 5987 prie
2328 5923 2617 5986 pertinent
2639 5922 2711 5974 ad
2744 5924 2932 5987 caput.
2970 5926 3055 5974 Ac
3074 5922 3123 5973 si
3147 5922 3315 5980 dicat,
3339 5922 3455 5983 Ego
3482 5919 3630 5979 veni,
3652 5927 3753 5968 me-
