3890 6394
123 410 223 465 801

1125 415 1199 464 ΙΝ
1234 413 1557 465 PSALMOS
1590 414 1797 465 LXXV
1832 414 2408 469 COMMENTARIUS.

3311 420 3416 477 802

121 532 311 609 diutor
328 530 429 609 Dei
440 535 510 609 _et
531 530 925 609 hominum_(1.
960 534 1095 609 Tim.
1120 535 1219 598 2.).
1247 536 1357 587 Sed
1381 535 1721 609 iuituicihoc
1735 531 1792 604 Α
1816 537 1937 609 ιθω
1956 537 2197 588 dicitur:
2228 539 2473 590 Susurro
2496 537 2836 602 etbilinguis
2849 538 3228 592 maledictus:
3265 539 3415 609 |94

120 615 238 655 non
261 602 651 666 attendentes,
669 609 831 656 etme
844 604 1137 659 hominem
1156 611 1382 659 tantum
1397 620 1516 658 non
1539 608 1722 659 Deum

122 686 255 726 esse
279 674 599 737 credentes,
627 674 897 726 dixerunt
922 676 1047 728 1)th
1070 678 1221 728 mala
1241 678 1400 740 mihi,
1425 678 1482 728 id
1519 683 1626 741 est,
1654 679 1724 730 de

121 758 247 797 me:
269 745 496 804 Quando
521 746 805 809 morietur,
821 753 867 795 et
888 748 1081 811 peribit
1104 764 1300 798 nomen
1323 749 1471 812 ejus?
1485 752 1725 810 Optabant

123 816 299 879 enim,
311 819 376 867 ut
390 820 734 879 moreretur,
751 822 1032 870 etnomen
1047 820 1175 883 ejus
1192 819 1475 871 deleretur
1490 820 1560 871 de
1578 824 1726 871 terra

128 888 340 951 (Jerem.
368 886 493 949 11.).
530 888 791 939 Mortuus
821 895 912 941 est
934 890 1211 954 Christus,
1235 891 1634 943 etadmirabile
1649 892 1724 943 fa-

121 959 283 1008 ctum
299 962 608 1009 estnomen
625 959 771 1021 ejus.
792 961 1049 1011 Granum
1064 961 1334 1012 frumenti
1347 966 1586 1010 cadensin
1599 970 1725 1011 terra

120 1030 421 1079 mortuum
446 1032 552 1087 est,
578 1033 637 1080 et
655 1029 787 1080 inde
806 1032 1059 1095 amplius
1084 1032 1528 1095 multiplicatum
1544 1034 1722 1094 (Joan.

127 1097 253 1161 12.)
277 1099 368 1149 Sic
397 1101 570 1150 etiam
596 1113 805 1164 corpus
830 1102 1039 1153 Christi
1064 1116 1321 1154 crescere
1344 1103 1648 1154 consuevit
1665 1104 1726 1154 in

119 1168 509 1221 tribulatione.
541 1171 819 1222 Dicebant
841 1172 1058 1223 inimici
1081 1174 1269 1225 Judaei
1303 1188 1315 1224 :
1346 1175 1573 1231 Quando
1610 1189 1726 1223 mo-

119 1240 333 1288 rietur?
348 1242 588 1302 Quando
611 1244 927 1306 poterimus
951 1258 1082 1296 eum
1095 1245 1351 1296 occidere
1364 1250 1388 1295 .9
1404 1247 1473 1296 Et
1488 1245 1569 1296 sic
1587 1245 1725 1309 peri-

125 1310 214 1362 bit
239 1324 455 1364 nomen
479 1316 622 1373 ejus,
641 1313 699 1363 id
724 1319 833 1377 est,
861 1318 1010 1367 fama
1026 1318 1167 1379 ejus.
1190 1317 1350 1367 Facit
1371 1318 1544 1367 etiam
1564 1329 1727 1367 men-

125 1382 340 1434 tionem
363 1383 435 1435 de
458 1384 730 1436 traditore
755 1399 861 1438 suo
883 1388 915 1437 J
922 1387 1051 1450 uda,
1077 1388 1177 1451 qui
1200 1392 1375 1452 caput
1395 1394 1517 1440 erat
1536 1388 1727 1439 inimi-

120 1465 345 1515 corum,
371 1467 505 1505 cum
529 1456 832 1519 subjungit
858 1471 871 1507 :

185 1523 238 1593 :7.
274 1524 342 1573 Et
374 1526 421 1574 si
458 1526 866 1589 ingerdiebatur
894 1533 951 1577 ut
984 1528 1199 1591 videret,
1224 1545 1368 1579 vana
1393 1529 1725 1593 loquebatur,

310 1611 400 1645 cor
422 1595 535 1660 ejus
559 1599 897 1660 congregavit
924 1600 1271 1662 iniquitatem
1292 1600 1410 1650 sibi.
1439 1591 1727 1664 Ingredie;

120 1667 296 1718 batur
320 1672 618 1731 tamquam
642 1668 1062 1730 fraudulentus,
1088 1675 1363 1734 tanquam
1383 1671 1726 1735 explorator,

121 1741 402 1800 tanquam
426 1738 757 1790 insidiator:
783 1752 902 1792 non
924 1745 989 1791 ut
1004 1740 1339 1803 imitaretur,
1359 1742 1461 1793 sed
1486 1744 1549 1793 ut
1570 1743 1726 1794 vide-

124 1813 218 1859 ret
244 1808 382 1872 quid
410 1814 611 1873 posset
639 1810 1068 1873 reprehendere,
1107 1811 1246 1874 quid
1270 1825 1560 1875 accusare,
1586 1812 1724 1875 quid

119 1879 478 1931 calumniari.
514 1881 620 1932 Cor
652 1882 779 1945 ejus
818 1884 1098 1933 tractabat
1121 1882 1189 1933 de
1214 1887 1393 1934 morte
1417 1883 1644 1943 Christi,
1670 1886 1727 1934 et

120 1950 208 2002 sic
232 1952 622 2015 congregabat
642 1951 1006 2015 iniquitatem
1032 1953 1158 2003 sibi.
1192 1953 1392 2005 Melius
1426 1954 1581 2005 enim
1607 1959 1729 2004 erat

124 2022 196 2085 ei,
226 2021 277 2072 si
297 2026 469 2073 natus
499 2035 618 2073 non
644 2022 847 2073 fuisset
866 2023 1041 2074 homo
1071 2023 1162 2073 ille
1188 2024 1395 2086 (Matth.
1422 2023 1529 2087 ‘26.)
1564 2025 1727 2085 Quod

118 2105 364 2156 passum
381 2093 980 2157 estcaput,patiuntur
995 2100 1053 2145 et
1067 2095 1404 2146 membra.Si
1416 2108 1506 2146 me
1526 2095 1725 2159 (inquit)

118 2163 413 2228 persecuti
458 2168 614 2226 sunt,
662 2168 718 2215 et
762 2177 871 2216 vos
918 2170 1336 2228 persequentur
1374 2167 1554 2227 (Joan.
1600 2164 1725 2229 15.).

116 2232 440 2299 Apostolus
453 2234 845 2299 dicit,Propter
861 2236 1333 2287 subintroductos
1348 2238 1518 2289 falsos
1534 2237 1726 2300 fratres,

122 2306 225 2370 qui
271 2305 728 2358 subintroierunt
772 2308 1069 2370 explorare
1112 2306 1434 2358 llbertatem
1468 2313 1728 2359 nostram

123 2376 321 2439 {nutat
370 2375 461 2439 2.).
506 2378 578 2428 Hi
612 2381 751 2428 sunt
792 2377 1123 2440 hypocritaa,
1164 2378 1524 2430 simulatores
1571 2379 1724 2440 mali,

120 2465 165 2497 tu
178 2451 212 2510 lj
226 2452 510 2511 tingentes
537 2461 599 2499 se
610 2449 744 2498 ﬂeta
755 2449 1009 2510 caritate,
1024 2454 1323 2513 captantes
1347 2462 1550 2500 omnes
1562 2456 1729 2499 motus

121 2518 323 2569 omnia
349 2519 524 2570 verba
557 2525 911 2579 sanctorum,
933 2519 993 2570 in
1009 2520 1729 2584 omnibuslaqueosinqui-

120 2593 335 2641 rentes.
363 2590 529 2642 Tales
557 2590 1273 2642 multiinveniunturintra
1290 2591 1621 2642 societatem
1634 2594 1728 2639 fra-

120 2664 304 2720 trum,
326 2660 425 2723 qui
445 2660 763 2724 spiritualia
787 2661 979 2712 studia
1002 2660 1405 2724 relinquentes,
1435 2664 1726 2726 torpentes

119 2731 817 2795 otio,appetuntquotidie
840 2732 1039 2784 audire
1061 2737 1118 2783 et
1134 2732 1328 2784 videre
1358 2737 1415 2783 et
1446 2732 1602 2795 loqui
1626 2746 1728 2785 va-

118 2802 394 2853 nitatem:
423 2807 610 2854 totum
634 2803 785 2854 diem
808 2803 1145 2867 expendunt
1164 2804 1224 2854 in
1247 2803 1551 2861 fabulis,in
1565 2807 1728 2853 curio-

123 2874 322 2936 sitate,
336 2873 393 2924 in
412 2873 671 2925 stultitia.
692 2874 890 2925 Pravis
905 2874 1077 2925 etiam
1092 2874 1567 2938 concupiscentiis
1578 2881 1726 2935 atque

118 2943 337 2995 illicitis
372 2944 815 3009 cogitationibus
843 2945 1100 2996 animum
1125 2946 1253 3009 subj
1265 2949 1525 3009 ugantes.
1557 2947 1727 2997 corde

119 3020 483 3079 congregant
502 3015 868 3078 iniquitatem
885 3016 1011 3079 sibi,
1029 3016 1198 3077 idest,
1213 3016 1286 3068 ad
1316 3016 1727 3068 detrimentum

124 3099 327 3138 suum.
359 3086 475 3138 Sibi
491 3092 1005 3151 congregaverant,
1024 3100 1140 3138 non
1152 3087 1310 3149 mihi,
1325 3088 1614 3150 quomodo
1623 3089 1655 3138 J
1661 3101 1726 3139 u-

121 3158 237 3210 das
254 3157 382 3220 sibi,
395 3170 513 3208 non
527 3160 741 3207 Christo.
768 3158 1158 3221 Egrediebatur
1170 3158 1340 3220 foras,
1356 3163 1402 3207 et
1414 3158 1728 3222 loquebatur

120 3228 185 3277 in
211 3228 476 3292 idipsum.
494 3228 906 3291 Egrediebatur
928 3229 1002 3280 ad
1028 3229 1263 3280 Judieos
1296 3229 1507 3291 (Matth.
1539 3228 1729 3291 16.),et

1822 608 2040 659 multos
2072 609 2225 660 enim
2262 609 2514 661 turbavit
2544 621 2745 673 pacem
2778 610 3056 662 habentes
3083 612 3264 675 (Eccli.
3291 608 3421 675 28.)

1885 678 1937 731 9.
1991 679 2214 729 Verbum
2235 681 2493 743 iniquum
2537 681 2930 730 constituerunt
2975 682 3264 732 adversum
3314 699 3415 733 me.

1823 749 2257 802 Constituerunt
2272 752 2440 810 enim,
2457 764 2487 799 ιι
2499 751 3021 803 tadversusJesum
3048 752 3257 804 falsum
3268 753 3424 806 dice-

1823 827 1981 872 retur
2004 821 2403 872 testimonium
2431 823 2571 882 (Luc.
2593 820 2720 884 22.)
2737 824 2989 874 Verbum
3003 823 3422 886 etiaminiquum

1823 892 1949 955 fuit,
1982 892 2216 954 quando
2241 892 2528 951 dixerunt,
2564 893 2958 957 Cruciﬂgatur.
3000 896 3087 959 Et,
3126 896 3281 947 Reus
3332 901 3423 947 est

1822 962 2026 1013 mortis
2073 962 2286 1025 (Matth.
2327 962 2417 1016 26.
2459 968 2502 1010 ct
2527 961 2652 1025 ‘27.).
2680 964 2794 1027 Ipsi
2829 964 2900 1015 de
2921 978 3016 1015 me
3036 966 3116 1016 ita
3139 965 3415 1017 facerunt.

1824 1033 1953 1096 Sed,
1984 1033 2274 1096 Numquid
2310 1035 2407 1097 qui
2439 1034 2638 1082 dormit
2662 1050 2773 1083 non
2807 1035 3023 1098 adjiciet
3052 1042 3109 1085 ut
3129 1042 3373 1100 resurgat
3398 1041 3423 1085 Ρ

1824 1104 1920 1155 lllc
1953 1104 2052 1167 qui
2090 1108 2207 1154 tam
2230 1104 2395 1156 facile
2424 1109 2613 1169 potest
2638 1118 2937 1169 resurgere
2961 1120 2995 1158 a
3017 1113 3222 1171 morte,
3249 1120 3422 1172 quam

1824 1173 1989 1225 facile
2010 1180 2201 1236 potest
2225 1175 2518 1226 dormiens
2541 1176 2782 1227 excitari
2806 1190 2840 1225 a
2885 1190 3110 1240 somno,
3135 1178 3421 1241 numquid

1823 1257 1940 1296 non
1964 1245 2194 1308 adjiciet
2218 1246 2384 1297 morti
2411 1258 2535 1298 sum
2562 1251 2625 1297 ut
2655 1252 2921 1311 resurgat
2942 1251 2969 1297 ?
2992 1248 3284 1312 Numquid
3307 1262 3426 1300 non

1825 1321 2091 1380 resurget
2123 1316 2234 1375 ille,
2253 1317 2352 1380 qui
2368 1317 2464 1368 ait.
2479 1321 2831 1369 Potestatem
2848 1318 3036 1371 habeo
3049 1320 3297 1384 ponendi
3310 1322 3427 1369 ani-

1823 1400 1980 1438 mam
2004 1400 2208 1451 meam,
2224 1394 2280 1439 et
2298 1389 2504 1439 iterum
2531 1389 2799 1440 sumendi
2825 1402 2954 1442 eam
2978 1391 3160 1451 (Joan.
3192 1391 3334 1455 10.)?
3357 1393 3428 1444 Et

1824 1458 2007 1510 Adam
2030 1459 2421 1521 dormivit(Eac
2436 1465 2474 1508 Α
2490 1460 2781 1523 ugustino),
2799 1461 3032 1524 quando
3044 1462 3300 1514 delatere
3311 1465 3421 1522 ejus

1826 1532 1947 1582 Eva
1976 1529 2223 1582 formata
2256 1535 2346 1581 est
2376 1531 2525 1594 (Gen.
2561 1530 2652 1591 ‘2.).
2680 1531 2864 1582 Adam
2886 1532 2946 1583 in
2968 1532 3156 1597 figura
3189 1533 3423 1597 Christi,

1827 1603 1949 1651 Eva
1973 1601 2030 1650 in
2053 1600 2241 1664 ﬁgura
2263 1601 2549 1653 Ecclesiae.
2577 1603 2729 1652 Dum
2753 1601 3064 1654 dormisset
3081 1603 3348 1655 Christus
3365 1604 3426 1654 in

1828 1685 1997 1723 cruce
2021 1671 2092 1722 de
2116 1671 2291 1723 latere
2304 1672 2430 1735 ejus
2454 1676 2815 1723 sacramenta
2834 1674 3108 1726 Ecclesim
3129 1675 3429 1727 ﬂuxerunt

1826 1743 1989 1793 Joan.
2017 1741 2144 1800 19.).
2173 1743 2240 1792 Et
2264 1743 2417 1793 unde
2442 1742 2750 1796 dormivit?
2782 1745 2869 1794 Ex
2890 1743 2986 1795 illo
3003 1746 3102 1807 qui
3124 1745 3428 1810 ingressus

1824 1817 1917 1865 est
1941 1817 2005 1863 ut
2025 1812 2258 1864 videret.

1744 1900 1797 1973 B
1832 1953 1853 1973 ι
1889 1883 1974 1973 10.
2001 1884 2215 1933 Etenim
2247 1885 2406 1933 homo
2424 1883 2578 1973 pacis
2597 1899 2740 1965 meae,
2762 1884 2824 1933 in
2839 1899 2946 1949 quo
2961 1886 3195 1973 speravi:
3208 1886 3306 1950 qui
3318 1886 3430 1968 edc-

1828 1953 1914 2003 bat
1954 1970 2125 2019 panes
2165 1969 2324 2014 meos,
2349 1956 2721 2017 magni/ienuit
2743 1970 2905 2020 super
2925 1972 3010 2005 me
3027 1957 3431 2021 supplantatio-

1826 2040 1966 2075 nem.
1995 2027 2122 2077 Non
2144 2026 2253 2077 fuit
2279 2026 2571 2089 mirum,si
2594 2025 2814 2078 inimici
2838 2027 2953 2078 mei
2985 2028 3314 2092 cogitabant
3328 2027 3431 2079 ad-

1828 2109 2063 2149 versum
2108 2109 2202 2147 me
2254 2096 2408 2147 mala
2443 2096 2622 2147 mihi:
2649 2097 2782 2160 quia
2827 2102 2885 2149 et
2920 2096 3080 2146 homo
3108 2098 3262 2163 pacis
3282 2113 3427 2161 meae,

1828 2166 1993 2228 idest,
2038 2167 2240 2230 Judas,
2287 2180 2421 2217 cum
2449 2179 2566 2230 quo
2602 2180 2802 2231 pacem
2830 2167 3134 2231 habebam,
3159 2174 3217 2220 et
3239 2170 3338 2232 qui
3368 2182 3431 2220 se

1827 2237 2131 2301 pacificum
2160 2236 2506 2288 simulabat:
2543 2237 2602 2288 in
2626 2249 2741 2299 quo
2767 2237 3014 2300 speravi,
3046 2244 3332 2300 quantum
3354 2239 3428 2290 ad

1828 2308 2267 2360 aestimationem
2285 2307 2891 2359 hominum.Putabant
2901 2308 3055 2359 enim
3074 2308 3226 2372 quod
3238 2312 3283 2358 ei
3301 2312 3430 2358 mul-

1829 2384 1952 2430 tum
1968 2377 2280 2440 crederem,
2295 2382 2353 2430 et
2373 2378 2435 2429 in
2451 2391 2516 2429 eo
2540 2377 2793 2429 multum
2808 2378 3177 2439 confiderem,
3196 2380 3295 2443 qui
3318 2381 3431 2429 edc-

1827 2448 1913 2497 bat
1941 2464 2107 2513 partes
2129 2463 2285 2511 meos,
2304 2448 2472 2512 idest,
2497 2449 2591 2499 cui
2614 2461 2720 2511 ego
2744 2449 3053 2501 intinctum
3078 2462 3283 2514 panem
3295 2463 3429 2515 por-

1826 2520 1974 2571 rexi:
1999 2520 2091 2572 vel
2108 2531 2287 2584 panes
2300 2532 2459 2571 meos
2477 2519 2806 2584 spirituales
2818 2520 3042 2582 edebat,
3060 2521 3194 2584 quia
3203 2524 3429 2582 quotidie

1828 2590 2290 2654 praedicationem
2304 2603 2495 2641 meam
2511 2590 2797 2641 audiebat.
2813 2591 3088 2654 Majorem
3105 2591 3429 2655 supplanta-

1828 2662 2046 2713 tionem
2070 2675 2245 2726 super
2264 2675 2359 2713 me
2370 2661 2776 2726 magniﬁcavit,
2791 2674 2966 2725 quam
2981 2661 3079 2713 alii
3098 2677 3112 2712 :
3127 2663 3264 2726 quia
3277 2664 3427 2711 etiam

1827 2733 2023 2785 osculo
2048 2732 2301 2785 tradidit.
2327 2732 2513 2785 Nolite
2540 2733 2850 2798 aestimare,
2877 2732 3100 2797 fratres,
3131 2737 3197 2784 ut
3220 2733 3299 2784 illi
3329 2733 3429 2797 qui

1826 2804 1899 2855 ad
1924 2803 2421 2856 conversationem
2449 2804 2711 2855 veniunt.
2734 2803 3067 2855 ethabitum
3082 2809 3300 2856 sanctm
3317 2807 3438 2853 reli-

1827 2875 2015 2939 gionis
2039 2877 2369 2935 assumunt,
2395 2887 2598 2926 omnes
2625 2874 2740 2926 sint
2765 2874 2967 2937 sancti,
2992 2886 3193 2925 omnes
3215 2875 3334 2926 sint
3348 2888 3430 2927 re-

1802 2946 2033 3010 ‘ligiosi.
2073 2949 2143 2997 Et
2178 2946 2362 2999 Judas
2396 2946 2544 2997 inter
2573 2944 2878 3009 Apostolos
2916 2946 3229 3009 Apostolus
3262 2951 3423 2997 erat:

1826 3018 2166 3081 sperabatur
2208 3015 2365 3079 quod
2398 3020 2634 3067 sanctus
2674 3019 2858 3066 esset:
2885 3019 2942 3067 et
2962 3016 3087 3078 ipse
3109 3014 3204 3066 fur
3223 3021 3345 3067 erat
3369 3020 3427 3067 et

1824 3085 1968 3140 latro
1995 3088 2176 3151 (Joan.
2205 3086 2330 3150 1‘2).
2357 3086 2467 3138 Sed
2492 3085 2780 3149 quomodo
2796 3098 2930 3136 eum
2954 3085 3216 3137 Christus
3240 3089 3428 3146 patien-

1825 3163 1914 3211 ter
1937 3158 2234 3221 sustinuit,
2259 3157 2340 3208 ita
2362 3158 2411 3208 si
2424 3169 2532 3208 nos
2545 3155 2769 3219 aliquos
2784 3156 3069 3208 habemus
3085 3158 3420 3221 simulatores,

1827 3231 1925 3293 qui
1949 3229 2187 3293 sedeant
2210 3227 2283 3279 ad
2304 3240 2568 3279 mensam
2580 3232 2856 3290 nostram,
2874 3227 2975 3290 qui
2990 3226 3106 3278 sint
3121 3228 3288 3278 nobis
3299 3243 3424 3277 con-

117 3290 471 3376 loquebatur
471 3290 857 3376 _in’idi_p_sum_,_
870 3299 1020 3376 idest
1036 3312 1150 3350 uno
1166 3290 1435 3376 consilio.
1451 3311 1568 3376 una
1589 3290 1721 3376 con-
1750 3304 1798 3376 ρ
1821 3290 2037 3376 juncti:
2058 3290 2119 3376 in
2130 3299 2327 3376 osculo
2348 3298 2505 3376 pacis
2533 3297 2933 3376 aequanimiter
2944 3298 3214 3376 exemplo
3225 3300 3423 3376 Domini

118 3370 457 3434 spiratione.
471 3372 554 3421 De
578 3371 789 3422 talibus
807 3371 943 3422 dicit
965 3370 1307 3435 Apostolus:
1327 3373 1373 3420 Α
1390 3371 1557 3421 nobis
1573 3371 1722 3422 exie-

116 3444 283 3500 runt,
304 3440 407 3493 sed
431 3454 549 3492 non
572 3445 736 3492 erant
755 3454 828 3492 ex
849 3442 1015 3493 nobis
1043 3441 1109 3503 (1.
1134 3442 1296 3491 Joan.
1333 3440 1425 3504 2.).
1446 3442 1727 3493 Siveintus

119 3514 265 3574 sint,
291 3511 412 3564 sive
425 3512 577 3574 foris,
592 3525 821 3576 semper
836 3512 945 3563 hoc
963 3513 1296 3575 loquuntur,
1316 3512 1470 3574 quod
1484 3512 1729 3576 pertinet

116 3584 195 3636 ad
225 3583 558 3647 vanitatem,
581 3588 637 3635 et
661 3596 885 3646 semper
906 3589 1258 3647 congregant
1274 3583 1384 3634 sibi
1408 3586 1726 3644 iniquitatem

117 3660 177 3706 et
204 3654 657 3705 damnationem.
685 3653 845 3704 Multi
865 3660 1004 3705 sunt
1028 3654 1186 3704 intus
1207 3667 1457 3717 corpore,
1494 3658 1553 3705 et
1587 3653 1727 3704 foris

122 3725 302 3777 corde
328 3741 340 3774 :
375 3724 526 3777 sicut
560 3725 631 3776 de
661 3725 1011 3787 quibusdam
1047 3725 1319 3776 Israelitis
1344 3724 1567 3782 dicitur,
1593 3724 1730 3787 quia

117 3797 299 3849 corde
311 3796 526 3848 reversi
540 3799 680 3847 sunt
711 3796 772 3845 in
786 3798 1101 3859 Egyptum
1125 3795 1320 3859 (Exod.
1348 3794 1470 3856 16.).
1501 3797 1570 3845 Et
1591 3793 1727 3846 alibi

118 3868 269 3919 dicit
288 3866 526 3929 quidam
552 3866 613 3917 in
637 3867 890 3930 psalmo:
908 3868 1086 3916 Etcor
1106 3878 1299 3916 meum
1326 3865 1729 3927 dereliquitme

121 3937 292 4003 (Psal.
307 3938 434 4001 39.).
450 3938 724 4000 Quisquis
738 3942 932 3989 mente
953 3941 1192 3999 vagatur
1215 3935 1477 3986 etinania
1493 3936 1727 3999 cogitat,

116 4012 251 4074 ipse
275 4009 428 4060 foras
451 4009 756 4073 egreditur.
773 4009 829 4060 Si
848 4013 1043 4059 autem
1058 4007 1117 4058 id
1146 4006 1303 4070 quod
1331 4006 1533 4056 inutile
1555 4012 1726 4057 etva—

118 4092 272 4132 num
306 4084 411 4139 est,
449 4092 547 4131 cor
568 4085 835 4131 nostrum
857 4078 1266 4130 delectabiliter
1287 4077 1616 4137 meditatur,
1649 4076 1728 4128 id-

116 4156 322 4216 lpsum
345 4156 403 4203 et
413 4151 611 4214 lingua
621 4153 821 4202 nostra
833 4150 1079 4201 libenter
1094 4149 1363 4211 loquitur.
1382 4147 1482 4199 Vis
1501 4149 1643 4199 scire
1655 4148 1727 4200 de

119 4224 320 4287 fratre,
341 4222 510 4285 quale
534 4235 631 4274 cor
651 4222 861 4273 habet?
898 4220 1146 4272 Attende
1170 4219 1323 4271 unde
1353 4219 1625 4270 libentius
1650 4220 1727 4270 lo-

121 4296 355 4358 quatur.
400 4296 486 4345 Ex
527 4292 883 4345 abundantia
924 4292 1079 4343 enim
1125 4290 1313 4342 cordis
1363 4304 1428 4341 os
1472 4291 1730 4353 loquitur

124 4365 341 4429 (Matth.
371 4363 495 4425 12.)
518 4366 587 4415 Et
610 4366 799 4415 bonus
811 4364 983 4415 homo
999 4362 1071 4414 de
1086 4363 1236 4413 bono
1248 4361 1521 4413 thesauro
1537 4361 1727 4412 cordis

122 4436 222 4488 sui
235 4434 447 4499 profert
458 4437 627 4497 bona,
640 4439 699 4487 et
711 4435 901 4486 malus
912 4434 1085 4485 homo
1097 4433 1166 4484 de
1176 4432 1328 4483 malo
1348 4433 1615 4483 thesauro
1626 4448 1730 4482 cor-

122 4508 220 4559 dis
265 4507 355 4557 sui
389 4506 604 4569 profert
631 4508 784 4558 mala
829 4506 1019 4570 (Ibid)
1047 4504 1469 4565 Custodiamus,
1500 4503 1724 4567 fratres,

122 4578 429 4630 introitum
451 4584 728 4643 nostrum,
742 4589 1083 4629 maneamus
1105 4577 1278 4638 intus,
1296 4579 1636 4638 etmagnam
1652 4588 1727 4627 ex

119 4650 258 4738 ijstis
269 4650 459 4738 verbis
474 4640 839 4738 attendamus
853 4648 1290 4738 aedificationem
1303 4651 1578 4738 nostram;
1587 4648 1661 4694 Pri
1670 4661 1728 4738 iis
1745 4666 1802 4738 D

120 4721 292 4783 dixit,
318 4721 739 4785 Ingrediebatur,
756 4734 863 4772 nec
873 4720 1039 4783 dixit,
1056 4723 1121 4771 ut
1141 4724 1352 4783 ageret,
1368 4718 1469 4768 sed
1488 4717 1724 4769 videret:

114 4794 247 4856 jam
280 4796 513 4845 notatur
555 4793 784 4857 vagatio
823 4792 1121 4844 oculorum
1140 4795 1199 4843 et
1226 4789 1545 4841 curiositas.
1573 4789 1726 4852 quod

124 4865 340 4916 vitium
350 4866 716 4917 vehementer
729 4864 1087 4916 soletnocere
1099 4861 1412 4925 conversis,
1426 4860 1574 4911 Audi
1585 4862 1725 4924 aliud

124 4935 342 4988 vitium
377 4954 390 4984 :
446 4936 603 4985 Vana
638 4935 968 4999 loquebatur.
995 4934 1147 4985 Audi
1172 4934 1405 4985 tertium
1432 4949 1444 4982 :
1475 4932 1577 4982 Cor
1613 4931 1728 4994 ejus

123 5008 468 5070 congregavit
483 5008 827 5072 iniquitatem
836 5006 954 5057 sibi.
971 5008 1262 5057 Perversa:
1274 5004 1646 5068 cogitationes
1658 5017 1729 5050 se-

123 5083 386 5145 paranta
411 5081 526 5131 Deo
549 5080 705 5144 (Sap.
730 5078 820 5140 1.).
845 5079 985 5129 Hinc
1009 5077 1118 5128 tria
1140 5076 1332 5127 studia
1356 5079 1492 5126 sunt
1515 5074 1728 5125 otioso-

126 5162 263 5202 rum
285 5150 345 5201 in
373 5150 650 5203 claustro:
668 5150 893 5214 vagatio
910 5148 1227 5209 oculorum,
1247 5145 1614 5210 superﬂuitas
1625 5158 1731 5191 ver-

126 5222 357 5286 borum,
392 5221 740 5285 perversitas
774 5221 1208 5284 cogitationum.
1256 5220 1395 5270 Hesc
1431 5216 1535 5267 tria
1588 5215 1730 5268 vitia

127 5294 374 5357 ejiciunt
415 5294 649 5346 fratrem
682 5294 754 5345 de
798 5293 1065 5344 claustro.
1105 5291 1193 5343 Ad
1226 5289 1335 5342 hoc
1356 5295 1551 5341 autem
1578 5287 1728 5338 foras

126 5364 376 5417 libenter
388 5366 696 5430 egreditur,
706 5368 772 5415 ut
782 5364 1103 5415 vanitatem
1116 5374 1288 5425 quam
1302 5362 1359 5411 in
1371 5359 1541 5412 corde
1553 5363 1727 5430 gestat,

131 5440 303 5487 extra
337 5428 604 5489 licentius
632 5436 829 5488 videat
851 5439 908 5487 et
929 5434 1215 5498 loquatur.
1243 5435 1526 5495 Egressus
1549 5432 1579 5482 ,Ι
1588 5428 1730 5480 udas

125 5506 409 5570 loquutus
457 5512 547 5559 est
576 5507 650 5559 ad
681 5507 916 5559 Judeeos
963 5507 1102 5570 (Luc.
1134 5503 1259 5567 22.)
1299 5503 1408 5555 Sed
1432 5501 1572 5566 quid
1599 5500 1680 5552 illi
1707 5506 1733 5554 ‘t

127 5578 434 5628 Adversum
457 5592 540 5628 me
561 5576 921 5628 susurrabant
943 5592 1126 5626 omnes
1148 5574 1364 5624 inimici
1388 5574 1493 5623 mei
1514 5573 1731 5623 :udver—

127 5665 258 5701 sum
280 5665 361 5699 me
376 5649 683 5714 cogitabant
705 5648 852 5699 mala
866 5649 1022 5698 mihi.
1040 5650 1181 5710 Qum
1193 5646 1437 5697 adversa
1454 5647 1577 5693 mihi
1591 5651 1734 5693 erant

126 5726 189 5773 et
207 5721 435 5781 novica,
462 5721 694 5773 secretis
718 5719 972 5772 consiliis
994 5724 1050 5770 et
1066 5717 1508 5782 cogitationibus
1531 5716 1736 5779 exqui-

128 5794 352 5845 rebant.
381 5793 684 5844 Timebant
706 5792 881 5853 enim,
908 5803 981 5842 ne
1013 5790 1157 5842 forte
1183 5790 1467 5840 tumultus
1491 5788 1650 5839 fleret
1672 5788 1734 5838 in

128 5866 344 5931 populo
371 5865 577 5929 (Matth.
604 5862 731 5927 26.)
757 5861 1060 5914 Sciendum
1076 5864 1270 5912 autem
1286 5864 1392 5921 est,
1411 5860 1546 5922 quia
1560 5874 1733 5907 susur-

129 5948 265 5989 rare
274 5948 551 6002 magnum
561 5939 859 6001 peccatum
870 5936 979 5986 est.
992 5932 1141 5985 Hinc
1151 5943 1250 5996 per
1261 5933 1529 5992 quemdam
1540 5932 1735 5992 sapien-

1827 3372 2010 3423 nostri
2032 3369 2309 3423 tolerandi
2332 3372 2499 3420 sunt:
2536 3368 2671 3432 quia
2693 3369 2792 3431 qui
2817 3370 3032 3419 malum
3052 3380 3171 3420 non
3199 3368 3423 3434 tolerat,

1826 3443 1947 3508 ipse
1972 3455 2072 3508 per
2094 3441 2514 3506 impatientiam
2543 3453 2709 3491 suam
2735 3440 2844 3491 sibi
2861 3440 3146 3504 testisest,
3174 3441 3425 3504 quiabo-

1826 3528 1939 3567 nus
1962 3527 2079 3565 non
2112 3513 2217 3565 est.
2244 3512 2407 3573 Quod
2432 3513 2481 3563 si
2505 3512 2713 3575 aliquis
2737 3511 2870 3562 talis
2895 3511 3177 3574 patienter
3201 3525 3235 3563 a
3254 3512 3424 3564 nobis

1828 3585 2136 3637 toleratur:
2173 3584 2254 3635 illi
2289 3583 2525 3646 quidem
2559 3582 2970 3634 detrimentum
3002 3594 3280 3645 magnum
3314 3586 3424 3645 est,

1824 3657 1991 3707 nobis
2006 3660 2201 3707 autem
2218 3659 2451 3720 propter
2466 3653 2735 3706 virtutem
2752 3653 3044 3717 patientia:
3060 3667 3270 3717 magna
3284 3667 3429 3706 mer-

1824 3740 1920 3778 ces
1945 3740 1979 3779 a
2003 3726 2248 3778 Domino
2273 3725 2565 3778 reddetur.
2589 3724 2742 3776 Scire
2762 3729 2958 3775 autem
2983 3724 3261 3776 debemus
3287 3724 3425 3788 quia

1826 3796 2270 3848 sicutlaudabile
2294 3795 2462 3847 valde
2479 3799 2588 3853 est,
2614 3799 2673 3846 et
2687 3794 2759 3845 ad
2775 3807 3043 3857 magnam
3066 3795 3421 3854 perfectionem

1826 3868 2073 3930 pertinet
2084 3868 2301 3918 bonum
2317 3878 2445 3917 esse
2458 3866 2609 3916 inter
2619 3864 2803 3914 malos
2819 3880 2830 3913 :
2850 3864 2929 3914 ita
2943 3865 3261 3915 econtrario
3276 3868 3425 3913 valde

1826 3936 2164 3988 detestabile
2187 3940 2293 3996 est,
2315 3940 2372 3986 et
2384 3935 2456 3985 ad
2476 3946 2745 3998 magnam
2763 3933 3193 3996 perversitatem
3211 3937 3426 3993 pertinet

1825 4008 2041 4058 malum
2074 4020 2204 4059 esse
2237 4006 2386 4056 inter
2409 4006 2613 4056 bonos.
2637 4004 2682 4054 Ο
2707 4015 2883 4066 quam
2912 4003 3228 4066 gloriosum
3253 4009 3343 4055 est
3365 4010 3424 4056 et

1825 4077 2174 4141 acceptabile
2199 4077 2333 4138 Deo,
2369 4075 2418 4127 si
2448 4075 2600 4126 intra
2624 4074 2837 4124 multos
2862 4074 3139 4137 superbos
3169 4087 3322 4125 unus
3335 4079 3427 4126 est

1825 4148 2081 4210 humilis,
2103 4152 2257 4199 intra
2282 4147 2494 4198 multos
2506 4144 2811 4196 iracundos
2825 4156 2976 4195 unus
2991 4147 3086 4195 est
3099 4144 3275 4207 mitis,
3294 4146 3427 4194 intra

1826 4217 2043 4271 multos
2063 4219 2394 4271 luxuriosos
2418 4229 2573 4268 unus
2597 4220 2687 4267 est
2708 4220 2922 4276 castus,
2939 4215 3088 4267 intra
3114 4215 3328 4268 multos
3345 4216 3427 4267 in-

1827 4292 2123 4344 ordinatos
2134 4303 2288 4342 unus
2305 4288 2736 4352 estreligiosusl
2764 4289 2850 4338 Ita
2872 4287 3045 4338 nimis
3068 4292 3234 4352 turpe
3258 4291 3346 4339 est
3368 4292 3427 4339 et

1826 4363 2326 4415 vehementerDeo
2351 4360 2629 4424 displicet,
2653 4371 2786 4410 cum
2807 4358 2958 4409 intra
2977 4358 3193 4410 multos
3209 4360 3427 4407 humiles

1828 4448 1983 4485 unus
2006 4438 2094 4484 est
2117 4433 2418 4497 superbus,
2437 4433 2585 4482 intra
2606 4429 2822 4481 multos
2839 4431 3030 4480 castos
3047 4440 3201 4479 unus
3219 4434 3308 4480 est
3324 4429 3426 4479 im-

1827 4506 2100 4567 mundus,
2114 4504 2263 4555 intra
2284 4504 2500 4553 multos
2513 4505 2848 4552 mansuetos
2861 4511 3012 4550 unus
3026 4504 3116 4551 est
3128 4502 3336 4549 iracund
3347 4516 3425 4563 us,

1826 4576 1977 4628 intra
1996 4576 2211 4628 multos
2227 4574 2525 4638 religiosos
2541 4583 2695 4622 unus
2707 4575 2796 4621 est
2811 4583 3138 4634 perversus.
3151 4570 3426 4623 Toleran-

1828 4648 1938 4699 dus
1958 4650 2064 4706 est,
2090 4647 2224 4710 quia
2240 4645 2524 4696 Dominus
2544 4641 2817 4705 praecepit
2842 4660 2853 4690 :
2885 4641 2984 4692 sed
3012 4642 3135 4705 ipse
3160 4642 3303 4693 iram
3322 4642 3426 4693 Dei

1826 4733 1944 4771 non
1977 4718 2228 4782 effugiet.
2265 4719 2334 4767 Et
2357 4716 2507 4767 sicut
2534 4715 2725 4766 bonus
2753 4726 2854 4777 pro
2880 4726 2988 4765 sua
3008 4713 3279 4765 laudabili
3302 4727 3427 4778 per—

1824 4791 2067 4842 fectione
2102 4790 2377 4851 majorem
2412 4797 2589 4850 quam
2623 4783 2816 4836 cmteri
2843 4784 3109 4836 homines
3133 4786 3364 4850 recipiet
3395 4797 3431 4837 a

1824 4861 2068 4912 Domino
2099 4858 2570 4912 retributionem:
2597 4856 2677 4907 ita
2710 4859 2769 4907 et
2806 4869 2938 4908 cum
2974 4856 3127 4908 Juda
3160 4856 3430 4909 traditore

1824 4933 2104 4996 majorem
2120 4934 2455 4994 recepturus
2467 4929 2557 4981 est
2570 4926 3019 4996 damnationem.
3038 4927 3431 4992 Magnificavit

1825 5004 1978 5055 enim
2014 5015 2184 5067 super
2218 5001 2511 5068 Christum
2543 4995 2692 5066 |95
2721 4999 3267 5063 supplantationem,
3292 4997 3431 5060 quia

1827 5074 2083 5126 membra
2127 5074 2253 5137 ejus
2290 5085 2326 5124 a
2369 5074 2517 5123 bono
2564 5070 2857 5135 proposito
2902 5069 3123 5120 studuit
3154 5080 3425 5131 perverso

1826 5144 2091 5209 exemplo
2127 5157 2233 5195 suo
2280 5142 2667 5208 supplantare.
2704 5140 2965 5192 Christus
2991 5144 3183 5191 tamen
3209 5151 3326 5190 non
3360 5151 3423 5190 se

1826 5217 1998 5268 modo
2034 5215 2305 5278 vindicat,
2334 5214 2437 5265 sed
2465 5215 2746 5278 patienter
2769 5210 2971 5262 tolerat
2993 5212 3052 5260 et
3073 5213 3214 5261 orat.
3248 5211 3316 5260 In
3339 5209 3427 5260 fu-

1829 5294 1957 5339 turo
1990 5290 2186 5337 tamen
2217 5284 2368 5335 mala
2398 5295 2530 5346 quis
2562 5282 2791 5341 faciunt,
2831 5280 2943 5331 nisi
2979 5280 3153 5332 modo
3178 5280 3431 5343 resipue—

1826 5360 1959 5420 rint,
1984 5357 2150 5407 malis
2175 5359 2266 5407 est
2294 5354 2640 5406 redditurus.
2670 5354 2738 5403 Et
2759 5351 2886 5403 ideo
2910 5351 3082 5402 dicit:

1892 5429 1977 5483 11.
2021 5429 2097 5478 Tu
2140 5432 2341 5489 autem,
2388 5423 2637 5483 Domine,
2676 5422 2921 5471 miserere
2951 5421 3075 5482 mei,
3102 5427 3149 5471 et
3176 5421 3430 5471 resuscita

1830 5517 1932 5562 me,
1962 5505 2008 5549 et
2046 5497 2343 5547 retribuam
2379 5495 2471 5546 eis.
2517 5495 2592 5546 Ut
2632 5493 2742 5545 hoc
2785 5493 2860 5544 sit
2893 5493 3166 5553 misereri,
3193 5497 3259 5544 ut
3284 5505 3376 5543 me
3397 5503 3432 5544 a

1830 5576 2015 5624 morte
2045 5569 2377 5622 resuscites:
2404 5571 2449 5616 et
2473 5564 2769 5615 retribuam
2792 5565 2866 5613 eis
2888 5564 2949 5615 in
2973 5563 3183 5615 futuro.
3210 5563 3427 5615 Omnes

1830 5647 1963 5696 ante
1990 5640 2231 5692 tribunal
2248 5637 2455 5690 Christi
2479 5636 2820 5699 astabimus,
2836 5634 3111 5687 rationem
3130 5635 3426 5695 reddituri,

1831 5721 1891 5767 et
1935 5712 2212 5779 recepturi
2254 5708 2574 5762 secundum
2611 5708 2766 5771 quod
2800 5706 3205 5779 unusquisque
3253 5706 3437 5779 gessit

1831 5787 1891 5838 in
1925 5776 2179 5849 corpore,
2218 5783 2341 5834 sive
2375 5782 2594 5832 bonum
2632 5778 2755 5831 sive
2797 5778 3017 5830 malum
3054 5776 3124 5841 (2.
3169 5778 3289 5828 Cor.
3336 5776 3429 5849 5.)

1832 5848 2175 5919 autemquia
2186 5851 2550 5905 resuscitabit
2572 5863 2684 5905 me.
2711 5853 2781 5903 Et
2803 5850 2962 5916 ponit
2984 5861 3255 5902 caussam
3276 5848 3432 5901 unde

1834 5929 1997 5989 sciat,
2033 5939 2165 5980 cum
2192 5922 2492 5988 subjungit
2516 5939 2529 5974 :
