3890 6390
109 425 216 481 805

1112 430 1185 481 IN
1221 428 1544 482 PSALMOS
1574 424 1781 477 LXXV
1815 423 2393 481 COMMENTARIUS.

3299 440 3403 497 806

110 538 255 610 dum,
270 537 469 610 dicitur
491 538 635 587 mihi
657 538 909 602 quotidie,
935 538 1032 587 Ubi
1046 544 1117 587 est
1140 540 1278 588 Deus
1296 540 1704 610 tuus?Fueru_nt
1732 538 1793 610 Α
1811 548 2003 610 rerum
2015 549 2129 588 non
2145 539 2472 602 corpus,sed
2494 542 2748 594 animam
2765 544 2951 597 video.
2980 548 3254 601 Ettamen
3278 551 3405 604 haec

115 609 277 668 mihi,
303 609 509 671 inquit,
528 611 911 673 lacrymzemca:
934 623 1051 660 non
1064 611 1384 661 amaritudo
1399 610 1499 660 sed
1523 608 1705 672 panis.

114 682 333 731 Suaves
362 680 466 743 (Ea:
490 680 812 742 Augustino)
840 682 1157 745 erantipsae
1180 682 1472 744 lacrymae.
1505 680 1712 731 Sitiens

112 751 277 801 illum
294 750 531 813 fontem,
556 752 690 813 quia
715 752 905 802 bibere
933 752 1189 803 nondum
1207 758 1461 816 poteram
1485 750 1713 800 avidius

114 834 278 872 meas
302 820 586 885 lacrymas
602 822 1044 872 manducabam.
1075 825 1198 873 Non
1216 825 1364 874 enim
1391 823 1551 882 dixit,
1576 825 1713 869 factas

115 898 256 944 sunt
272 892 412 942 mihi
430 894 698 955 lacrymaa
711 906 855 943 meae
876 898 1063 957 potus,
1102 907 1173 945 ne
1195 894 1348 957 ipsas
1360 894 1715 944 desiderasse

115 964 427 1026 videretur,
467 964 617 1014 sicut.
664 964 848 1014 fontes
872 977 1150 1025 aquarum
1181 979 1193 1014 :
1222 965 1319 1014 sed
1373 962 1717 1015 servatailla

116 1034 230 1096 siti,
256 1046 370 1097 qua
402 1034 703 1085 inardesco
726 1034 798 1084 ad
829 1034 1019 1085 fontes
1044 1048 1345 1097 aquarum,
1383 1036 1549 1099 panis
1573 1033 1716 1084 mihi

118 1106 286 1156 factae
313 1110 451 1155 sunt
473 1108 747 1168 lacrymae
786 1118 953 1166 mem,
979 1106 1119 1156 dum
1150 1107 1394 1156 ditl'eror.
1421 1108 1488 1156 Et
1518 1106 1717 1166 utique

118 1175 521 1225 manducando
564 1178 847 1237 lacrymas
876 1189 1050 1233 meas,
1078 1178 1201 1227 sine
1236 1176 1408 1226 dubio
1434 1177 1561 1239 plus
1586 1175 1716 1225 sitio

118 1246 327 1297 fontes.
349 1246 451 1297 Die
477 1246 605 1309 quit
621 1258 690 1309 pe
706 1250 763 1297 et
778 1252 945 1296 nocte
970 1248 1138 1298 facta)
1156 1252 1293 1298 sunt
1312 1249 1575 1310 lacrymee
1595 1260 1718 1293 mea)

120 1318 304 1378 panis.
324 1317 527 1367 Cibum
551 1318 729 1367 istum
757 1317 854 1379 qui
873 1318 1038 1381 panis
1061 1318 1394 1377 dicitur,dic
1411 1317 1719 1368 comedunt

116 1388 402 1438 homines.
418 1389 593 1438 Nocte
610 1388 917 1439 dormiunt.
942 1391 1147 1439 Panem
1167 1390 1542 1452 lacrymarurn
1560 1391 1640 1437 die
1664 1404 1720 1438 ac

118 1463 291 1509 nocte
308 1459 635 1513 comedunt.
655 1459 777 1509 sive
793 1463 974 1509 totum
996 1461 1245 1523 accipias
1266 1460 1417 1509 diem
1434 1465 1492 1511 et
1507 1467 1717 1523 noctem,

120 1530 247 1580 sive
273 1528 422 1579 diem
468 1529 754 1593 intelligas
793 1543 893 1593 pro
920 1530 1095 1590 hujus
1122 1531 1297 1581 seculi
1324 1532 1716 1595 prosperitate,

121 1605 351 1650 noctem
376 1612 511 1650 vero
557 1613 657 1663 pro
692 1600 868 1664 hujus
915 1602 1108 1651 saeculi
1152 1602 1517 1652 adversitate.
1568 1604 1715 1663 Sive,

122 1670 331 1733 inquit,
357 1670 417 1720 in
448 1671 734 1734 prosperis
775 1672 948 1722 rebus
984 1672 1197 1730 saeculi,
1226 1672 1350 1723 sive
1377 1673 1436 1723 in
1459 1673 1718 1723 adversis

123 1742 299 1792 rebus
335 1740 551 1803 saeculi,
590 1754 695 1804 ego
743 1742 1012 1793 desiderii
1057 1744 1165 1793 mei
1210 1742 1493 1807 lacrymas
1520 1743 1715 1794 fundo.

124 1815 245 1876 Ego
258 1811 522 1863 desiderii
549 1813 662 1863 mei
680 1812 1012 1863 aviditatem
1038 1826 1154 1863 non
1176 1813 1391 1865 desero.
1422 1817 1490 1865 Et
1515 1827 1645 1864 cum
1666 1816 1718 1861 in

1814 608 2006 658 omnia
2020 620 2151 671 qua:
2168 611 2365 661 collus:
2379 613 2521 675 ravi,
2544 627 2643 677 per
2665 627 2874 679 corpus
2900 630 2967 669 ea
2982 631 3072 669 me
3089 624 3406 671 collustrasse

1808 690 2121 754 cognosco.
2139 682 2368 754 Terram
2383 753 2386 754 ν
2403 683 2724 745 laudabam,
2767 688 2952 739 oculis
2996 702 3399 754 cognoveram.

1810 749 2044 809 Ctelum,
2079 750 2283 813 sidera,
2310 753 2507 815 solem,
2532 755 2846 820 lunamque
2861 749 3168 813 laudabam
3191 778 3202 814 :
3226 765 3409 817 oculis

1811 832 2211 895 cognoveram.
2238 823 2396 873 Oculi
2438 828 2695 878 membra
2734 832 2873 880 sunt
2901 833 3108 895 carnis,
3144 835 3410 888 fenestra)

1814 896 1951 941 sunt
1993 893 2224 970 mentis.
2269 896 2511 970 interior
2554 903 2658 960 est,
2708 900 2801 961 qui
2836 914 2937 964 per
2964 903 3071 954 has
3099 893 3270 963 videt,
3310 908 3410 970 qui

1814 962 2045 1037 quando
2071 964 2415 1037 cogitatione
2432 962 2853 1029 aliquaabsens
2870 979 2975 1033 est,
2997 974 3209 1028 frustra
3225 962 3406 1037 putent.

1817 1034 1965 1106 Deus
1980 1046 2146 1106 meus
2176 1035 2271 1106 qui
2300 1036 2429 1087 fecit
2447 1037 2571 1089 haec
2590 1051 2721 1101 qua:
2734 1043 2915 1093 oculis
2933 1044 3173 1106 videam,
3190 1034 3308 1099 non
3323 1054 3412 1101 est

1813 1104 1940 1182 istis
1964 1103 2145 1182 oculis
2171 1105 2571 1182 inquirendas.
2599 1112 2829 1174 Aliquid
2851 1114 3019 1165 etiam
3042 1129 3142 1180 per
3158 1103 3411 1182 seipsum

1815 1175 2189 1251 animus-ipse
2215 1179 2553 1251 conspiciat,
2572 1186 2763 1232 utrum
2789 1184 2865 1234 sit
2892 1175 3104 1247 aliquid
3120 1175 3271 1251 quod
3295 1203 3413 1243 non

1815 1257 1916 1309 per
1940 1245 2140 1297 oculos
2154 1248 2560 1328 sentiat,quasi
2579 1251 2800 1304 colores
2824 1245 3107 1308 etlucem:
3138 1245 3413 1328 I99non

1816 1328 1917 1378 per
1940 1329 2128 1395 aures,
2165 1319 2331 1381 quasi
2365 1327 2572 1395 cantus
2599 1328 2654 1374 et
2682 1336 2892 1376 sonum
2918 1341 2934 1375 :
2959 1341 3072 1379 non
3099 1319 3412 1394 per'n'ares,

1817 1387 1981 1461 quasi
2000 1387 2237 1438 odorum
2255 1392 2437 1440 suavii
2449 1397 2599 1442 atem
2621 1407 2763 1445 :non
2781 1408 2881 1459 per
2894 1387 3115 1458 palaturu
3126 1406 3169 1448 ct
3188 1387 3415 1461 linguam

1818 1458 1985 1519 quasi
1997 1470 2262 1533 saporem
2279 1476 2297 1533 7:
2316 1473 2428 1512 non
2447 1475 2544 1525 per
2562 1468 2746 1516 totum
2760 1458 2984 1532 corpus,
2999 1458 3415 1533 quasiduritiam

1818 1533 1877 1604 et
1901 1528 2216 1604 mollitiem,
2245 1532 2491 1595 rigorem
2518 1540 2693 1598 atque
2722 1528 3034 1603 fervorem;
3051 1544 3417 1604 asperitatem

1819 1598 2224 1678 lenitate-mque
2241 1610 2582 1678 pertractem
2604 1622 2615 1656 :
2633 1608 2733 1657 sed
2747 1613 2942 1661 utrum
2970 1598 3044 1662 sit
3056 1598 3270 1676 aliquid
3281 1616 3416 1674 quod

1818 1672 1974 1746 intus
2002 1672 2212 1746 videat.
2254 1675 2398 1734 Quid
2435 1682 2545 1739 est,
2580 1677 2740 1728 intus
2780 1680 2972 1731 videat
2994 1685 3020 1732 ?
3048 1672 3208 1742 Quod
3231 1672 3419 1746 neque

1820 1739 1973 1791 color
2000 1742 2113 1818 sit,_
2139 1756 2327 1806 neque
2354 1758 2551 1818 sonus,
2598 1761 2783 1811 neque
2817 1751 2974 1811 odor,
3019 1739 3205 1815 neque
3232 1739 3420 1818 sapor,

1818 1825 2008 1875 neque
2032 1813 2201 1876 calor,
2229 1820 2329 1865 aut
2354 1816 2551 1879 frigus,
2576 1823 2677 1869 aut
2710 1819 2938 1879 duritia,
2965 1828 3066 1873 aut
3098 1813 3418 1876 mollitudo.

120 1883 346 1962 mundo
368 1883 618 1962 beneest
637 1882 795 1962 mihi,
822 1884 968 1962 male
986 1890 1090 1962 est
1103 1888 1415 1962 antequam
1436 1885 1720 1962 apparebo
1746 1893 1802 1962 B
1828 1885 2062 1962 Dicatur
2083 1898 2219 1962 ergo
2413 1900 2585 1962 quem
2613 1889 2860 1962 colorem
2885 1891 3093 1944 habeat
3120 1895 3423 1957 sapientia.

121 1958 259 2005 ante
277 1952 607 2003 faciemDei.
634 1952 926 2015 Quidergo
948 1952 966 2019 |
985 1951 1096 2020 98
1116 1955 1226 2005 diei
1252 1956 1419 2017 quasi
1449 1956 1719 2017 gratulari

121 2036 222 2076 me
239 2025 434 2087 cogis?
450 2026 503 2075 Si
516 2023 708 2086 aliqua
723 2024 900 2086 hujus
915 2026 1112 2075 saeculi
1129 2027 1474 2089 prosperitas
1485 2028 1725 2079 arriserit,

124 2107 323 2146 nonne
340 2094 659 2157 deceptoria
672 2100 762 2145 est
777 2098 798 2141 ?
815 2108 1007 2145 nonne
1021 2097 1196 2155 Illlxa,
1223 2096 1457 2157 caduca,
1482 2100 1725 2158 mortalis,

127 2167 396 2225 volatica,
416 2165 778 2216 transitoria?
796 2167 997 2216 Nonne
1021 2165 1150 2229 plus
1173 2166 1349 2217 habet
1373 2167 1726 2230 deceptionis

129 2249 309 2300 quam
352 2235 788 2287 delectationis?
820 2237 930 2287 Cur
964 2249 1099 2300 ergo
1122 2249 1238 2287 non
1265 2239 1336 2288 ob
1364 2243 1420 2289 et
1439 2239 1563 2302 ipsa
1588 2239 1727 2288 ﬁant

124 2308 215 2358 lac
224 2319 402 2370 rymaa
414 2319 559 2358 mete
572 2307 763 2370 panis?
777 2307 831 2356 Si
846 2307 1076 2369 quidem
1090 2312 1147 2357 et
1159 2321 1290 2358 cum
1305 2308 1541 2360 felicitas
1553 2311 1727 2357 saeculi

125 2378 552 2441 circumfulget,
579 2377 855 2440 quamdiu
882 2391 1087 2429 sumus
1104 2379 1163 2429 in
1180 2378 1288 2430 hoc
1312 2392 1728 2443 corpore,pere—

128 2466 163 2509 g:
176 2450 433 2499 rinamur
458 2461 493 2500 a
517 2448 760 2499 Domino
784 2449 853 2509 (Ι.
877 2450 997 2500 Cor.
1015 2448 1106 2511 5.).
1131 2452 1199 2501 Et
1216 2450 1417 2498 dicitur
1438 2451 1580 2498 mihi
1604 2465 1730 2514 quo-

127 2521 279 2578 tidie,
314 2520 409 2567 Ubi
453 2525 523 2567 est
554 2520 694 2568 Deus
720 2523 882 2570 tuus?
907 2520 1050 2581 Quia
1084 2533 1344 2584 paganus
1369 2522 1418 2571 si
1451 2522 1591 2571 mihi
1621 2522 1728 2571 hoc

126 2591 363 2651 dixerit,
392 2602 510 2641 non
534 2589 614 2641 illi
648 2595 704 2641 et
730 2603 835 2653 ego
862 2604 1099 2653 possum
1126 2591 1331 2651 dicere,
1365 2591 1463 2640 Ubi
1490 2598 1562 2640 est
1589 2592 1727 2640 Deus

129 2665 292 2711 tuus?
315 2663 499 2713 Deum
543 2662 751 2724 quippe
778 2674 948 2712 suum
977 2662 1154 2725 digito
1179 2662 1447 2713 ostendit.
1474 2662 1729 2714 Intendit

126 2732 289 2784 enim
314 2732 558 2796 digitum
575 2732 647 2783 ad
669 2731 920 2794 aliquem
946 2731 1212 2796 lapidem,
1230 2733 1451 2793 etdicit,
1480 2735 1620 2785 Ecce
1641 2738 1728 2784 est

126 2805 293 2855 Deus
316 2816 499 2854 meus.
517 2803 625 2854 Ubi
648 2806 738 2854 est
761 2806 907 2854 Deus
932 2807 1104 2854 tuus?
1122 2806 1265 2854 Cum
1280 2804 1727 2867 lapidesirrisero,

131 2880 195 2927 et
219 2875 510 2925 erubuerit
533 2875 630 2937 qui
653 2874 1092 2936 demonstravit,
1117 2874 1263 2925 tollit
1279 2888 1339 2925 se
1363 2892 1396 2925 a
1420 2875 1623 2939 lapide,
1642 2888 1732 2926 su-

131 2946 309 3009 spicit
348 2944 575 3006 cxelum,
605 2948 661 2996 et
683 2945 827 2996 forte
848 2945 907 2995 in
932 2945 1109 2996 solem
1136 2945 1377 3008 digitum
1400 2945 1727 3008 intendens,

128 3018 342 3067 iterum
377 3016 529 3081 dicit,
560 3018 702 3067 Ecce
730 3018 882 3067 Deus
910 3030 1092 3067 meus.
1117 3017 1224 3067 Ubi
1255 3021 1344 3067 est
1369 3018 1520 3067 Deus
1545 3020 1680 3067 tuus
1704 3019 1729 3066 ?

132 3087 467 3139 Invenitille
479 3087 632 3150 quod
650 3087 904 3139 ostendit
919 3086 1100 3138 oculis
1125 3088 1362 3138 carneis.
1396 3089 1510 3152 Ego
1533 3090 1729 3139 autem

130 3171 257 3209 non
274 3158 440 3221 quasi
457 3171 572 3210 non
589 3159 771 3209 habeo
794 3171 966 3222 quem
983 3159 1282 3209 ostendam
1302 3174 1319 3219 ;
1334 3159 1434 3210 sed
1446 3171 1563 3210 non
1588 3163 1732 3207 habet

131 3230 234 3280 ille
259 3228 470 3289 oculos,
494 3230 704 3292 quibus
717 3231 1039 3281 ostendam.
1066 3230 1252 3281 Potuit
1268 3236 1418 3281 enim
1436 3230 1526 3281 ille
1549 3231 1730 3282 oculis

130 3302 390 3363 corporis
425 3300 536 3351 mei
561 3300 863 3352 ostendere
892 3302 1069 3352 Deum
1096 3314 1265 3351 suum
1292 3300 1492 3364 solem,
1518 3302 1727 3364 quibus

129 3384 243 3435 ego
260 3370 440 3423 oculis
466 3372 767 3423 ostendam
792 3371 929 3422 solis
954 3377 1268 3423 creatorem
1285 3376 1308 3421 ε’
1322 3374 1731 3423 Verumtamen

128 3442 424 3494 audiendo
442 3443 713 3504 quotidie,
743 3442 847 3493 Ubi
865 3448 953 3493 est
972 3444 1122 3494 Deus
1138 3446 1309 3493 tuus?
1325 3448 1381 3495 et
1398 3444 1735 3506 inlacrymis

130 3513 283 3564 meis
297 3513 669 3575 quotidianus
688 3518 885 3576 pastus
904 3514 993 3564 die
1009 3528 1075 3564 ac
1092 3518 1278 3575 nocte,
1296 3515 1604 3566 meditatus
1622 3529 1734 3562 sum

130 3584 295 3648 quod
319 3585 532 3647 audivi,
546 3584 650 3637 Ubi
675 3589 764 3635 est
789 3586 944 3636 Deus
963 3589 1100 3635 tuus
1118 3588 1145 3635 ?
1161 3586 1591 3646 Qumsivietiam
1613 3586 1735 3648 ipse

130 3666 248 3719 ego
293 3655 599 3706 Dominum
648 3668 862 3716 meum,
906 3658 971 3707 ut
996 3656 1043 3706 si
1069 3669 1321 3720 possem,
1370 3670 1488 3708 non
1511 3658 1734 3707 tantum

128 3725 446 3787 crederem,
474 3726 574 3777 sed
598 3726 813 3789 aliquid
847 3731 903 3776 et
928 3726 1198 3777 viderem.
1228 3728 1410 3778 Video
1434 3728 1581 3778 enim
1610 3739 1736 3789 qua)

127 3797 334 3848 fecerit
366 3799 521 3848 Deus
546 3811 728 3861 meus,
764 3810 880 3847 non
903 3802 1096 3847 autem
1125 3798 1290 3849 video
1328 3812 1518 3862 ipsum
1547 3799 1733 3849 Deum

133 3880 339 3920 meum
364 3869 460 3931 qui
487 3869 616 3919 fecit
631 3869 772 3920 bene.
789 3869 896 3933 Sed
921 3869 1193 3931 quoniam
1208 3869 1355 3919 sicut
1371 3882 1576 3919 cervus
1589 3869 1735 3919 desi-

135 3941 308 3991 derat
329 3938 402 3990 ad
445 3939 631 3990 fontes
674 3951 975 4002 aquarum,
1004 3944 1062 3990 et
1104 3944 1193 3989 est
1222 3940 1375 4003 apud
1401 3942 1581 3990 Deum
1607 3939 1737 3990 fons

136 4012 286 4062 vitae
317 4028 327 4058 :
355 4014 414 4061 et
438 4010 497 4060 in
539 4009 892 4061 intellectum
939 4011 1187 4074 scriptus
1209 4015 1298 4061 est
1325 4012 1451 4073 ipse
1482 4011 1739 4073 psalmus

139 4081 281 4132 ﬁliis
306 4081 502 4143 Chore,
529 4086 585 4132 et
602 4081 910 4133 invisibilia
928 4082 1043 4143 Dei,
1069 4094 1388 4145 pereaquae
1407 4082 1553 4132 facta
1585 4086 1738 4146 sunt,

138 4152 439 4205 intellecta
450 4153 883 4217 conspiciuntur
902 4154 1071 4216 (Rom.
1100 4152 1199 4215 1.):
1220 4152 1357 4215 quid
1372 4166 1560 4217 agam,
1577 4158 1642 4204 ut
1656 4152 1742 4203 in-

142 4224 379 4276 veniam
394 4226 581 4275 Deum
601 4236 792 4275 meum
807 4226 833 4273 ‘?
856 4224 1238 4275 Considerabo
1258 4228 1463 4275 terram
1478 4228 1505 4274 ‘?
1529 4227 1653 4272 facta
1672 4231 1743 4272 est

145 4300 321 4347 terra.
347 4296 450 4346 Est
482 4308 695 4359 magna
736 4294 1099 4358 pulchritudo
1125 4300 1417 4357 terrarum,
1445 4296 1547 4347 sed
1572 4296 1744 4346 habet

142 4366 451 4418 artiﬁcem.
479 4368 686 4430 Magna
702 4365 975 4417 miracula
1000 4370 1135 4417 sunt
1162 4367 1445 4417 seminum
1470 4372 1642 4430 atque
1659 4367 1744 4429 gi-

142 4438 472 4502 gnentium,
500 4441 601 4489 sed
628 4438 843 4489 habent
867 4438 979 4487 ista
995 4439 1189 4487 omnia
1213 4439 1556 4488 Creatorem.
1601 4448 1617 4465 ·
1640 4440 1745 4487 At-

145 4509 326 4560 tendo
353 4509 813 4573 magnitudinem
838 4508 1167 4559 circumfusi
1187 4510 1359 4559 maris
1376 4523 1387 4557 :
1407 4512 1627 4572 stupeo,
1646 4508 1744 4558 mi-

145 4592 247 4631 ror
277 4579 553 4631 artiﬁcem
580 4592 797 4643 quaero.
825 4580 1038 4631 Caelum
1069 4580 1346 4642 suspicio:
1372 4579 1746 4643 pulchritudi-

1828 1956 2161 2030 C_ogitam_u_s
2182 1956 2470 2030 justitiam
2487 1960 2632 2030 ejus,
2659 1960 2793 2022 quia
2817 1962 2975 2013 intus
3000 1956 3426 2030 inipsacogita-

1832 2027 1987 2097 tione
2000 2025 2693 2087 pulchritudinefruimur.
2711 2040 2728 2059 σ
2755 2032 2900 2093 Quid
2929 2025 3224 2097 tamquam
3246 2025 3425 2087 sonus

1826 2096 1901 2147 ad
1923 2099 2142 2168 aures?
2180 2098 2333 2168 Quid
2371 2101 2663 2162 tamquam
2698 2115 2875 2166 vapor
2903 2096 3089 2168 surgit
3109 2106 3181 2156 ad
3204 2119 3375 2158 nares
3399 2109 3427 2156 ‘I

1830 2167 1977 2229 Quid
1999 2167 2082 2217 ori
2106 2167 2347 2219 infertur
2364 2172 2391 2217 ‘P
2416 2170 2562 2231 Quid
2587 2183 2765 2223 manu
2788 2167 3097 2227 tractatur?
3117 2178 3422 2236 Etdelectat,

1827 2242 1882 2289 et
1906 2238 2065 2287 intus
2086 2241 2192 2300 est,
2215 2242 2273 2288 et
2294 2239 2533 2300 pulchra
2559 2244 2667 2302 est,
2703 2247 2761 2293 et
2786 2244 3034 2307 videtur,
3060 2250 3118 2296 et
3139 2246 3422 2298 laudatur.

1830 2309 1901 2358 Et
1929 2308 1978 2357 si
2000 2307 2058 2357 iu
2085 2308 2335 2358 tenebris
2361 2309 2478 2360 sint
2505 2312 2653 2361 oculi
2692 2312 2806 2376 isti,
2831 2316 3057 2365 animus
3101 2315 3255 2367 illius
3295 2317 3425 2369 luce

1826 2377 2161 2450 perfruitur._
2191 2379 2354 2450 Quid;
2382 2385 2473 2431 est
2516 2380 2655 2432 illud
2715 2386 2867 2447 quod
2915 2386 3126 2437 Tobias
3172 2386 3422 2450 videbat,

1827 2449 2059 2521 quando
2071 2448 2284 2500 videnti
2301 2448 2416 2501 (ilio
2429 2463 2619 2503 caecus
2636 2454 2690 2503 vi
2700 2458 2774 2506 tte
2786 2456 3090 2507 consilium
3104 2456 3296 2521 dabat(
3306 2448 3421 2507 Tob.

1833 2519 1903 2592 At.)
1929 2522 1955 2568 εν
1979 2522 2080 2570 Est
2131 2533 2266 2584 ergo
2294 2521 2533 2584 aliquid,
2566 2525 2724 2586 quod
2755 2527 2984 2577 animus
3017 2527 3140 2591 ipse
3173 2519 3426 2592 corporis

1827 2590 2167 2662 dominator,
2196 2594 2397 2656 rector,
2424 2593 2711 2646 habitator
2748 2596 2958 2658 videat,
3007 2590 3161 2661 quod
3186 2590 3305 2650 non
3328 2611 3429 2662 per

1827 2661 2024 2713 oculos
2049 2663 2309 2733 corporis
2328 2664 2557 2723 sentiat,
2582 2677 2694 2717 non
2720 2679 2818 2730 per
2843 2681 3031 2731 aures,
3059 2682 3177 2720 non
3201 2682 3302 2733 per
3324 2661 3428 2721 na-

1826 2746 1937 2792 res,
1961 2745 2079 2783 non
2104 2745 2203 2796 per
2226 2732 2498 2797 palatum,
2526 2749 2640 2786 non
2666 2750 2761 2797 per
2782 2739 3033 2802 corporis
3054 2732 3301 2791 tactum:
3325 2739 3427 2791 sed

1827 2817 1926 2869 per
1951 2804 2227 2867 seipsum.
2265 2806 2332 2855 Et
2369 2806 2569 2868 utique
2609 2806 2817 2859 melius
2850 2810 3003 2872 quod
3028 2823 3126 2874 per
3152 2810 3426 2874 seipsum,

1828 2888 2004 2938 quam
2015 2875 2170 2938 quod
2187 2888 2287 2939 per
2310 2888 2543 2927 servum
2556 2890 2725 2928 suum
2742 2878 2762 2907 ⁴
2776 2882 2866 2931 est
2885 2893 3140 2944 prorsus.
3163 2882 3426 2944 Seipsum

1832 2947 1983 2998 enim
2010 2959 2111 3010 per
2136 2947 2389 3010 seipsum
2419 2948 2594 3012 videt,
2619 2953 2678 2999 et
2705 2950 2934 3001 animus
2959 2963 3189 3014 quoque
3214 2952 3338 3015 ipse
3362 2955 3428 3003 ut

1828 3018 1979 3069 norit
2002 3030 2081 3080 se,
2108 3017 2265 3068 videt
2291 3030 2369 3068 se.
2399 3020 2512 3068 Nec
2539 3020 2738 3081 utique
2763 3024 2829 3071 ut
2856 3020 3048 3072 videat
3072 3035 3152 3081 se,
3176 3035 3429 3086 corpora-

1827 3088 1971 3139 lium
1997 3087 2293 3139 oculorum
2317 3089 2833 3150 quaeritauxilium.
2860 3093 2981 3142 lmo
2998 3105 3129 3143 vero
3151 3093 3224 3143 ab
3235 3092 3425 3144 omni-

1830 3161 1940 3230 bus
1966 3159 2218 3223 corporis
2245 3159 2532 3219 sensibus,
2567 3162 2861 3224 tamquam
2895 3162 3346 3226 impedientibus
3369 3167 3428 3214 et

1831 3230 2319 3294 perstrepentibus
2344 3231 2699 3281 abstraxitse
2727 3233 2798 3282 ad
2820 3245 2899 3294 se,
2916 3233 3185 3285 utvideat
3206 3234 3425 3296 seinse,

1754 3296 1803 3370 (ζ
1830 3300 2130 3351 utnoverit
2150 3313 2211 3351 se
2232 3300 2385 3362 apud
2416 3314 2495 3364 se,
2523 3301 2752 3365 collegit
2778 3316 2857 3353 sc.
2888 3304 2997 3355 Sed
3022 3304 3289 3366 nunquid
3317 3303 3427 3355 tale

1832 3371 2047 3433 aliquid
2072 3372 2223 3421 Deus
2249 3371 2429 3434 ipsius
2450 3374 2557 3434 est,
2572 3372 2757 3435 qualis
2777 3377 2864 3423 est
2882 3375 3144 3425 animus?
3168 3376 3294 3426 Non
3306 3377 3427 3438 qui-

1834 3444 1964 3493 dem
1991 3442 2172 3493 videri
2199 3444 2370 3503 Deus,
2398 3443 2507 3493 nisi
2533 3443 2725 3494 animo
2750 3448 2938 3507 potest
2966 3459 2978 3494 :
3015 3458 3122 3496 nec
3148 3451 3341 3497 tamen
3366 3449 3429 3496 ut

1834 3514 2066 3564 animus
2092 3513 2271 3565 videri
2296 3516 2501 3576 potest.
2538 3514 2768 3577 Aliquid
2792 3516 2943 3566 enim
2972 3517 3180 3580 quaerit
3201 3517 3429 3582 animus

1836 3584 1964 3646 iste,
1990 3584 2143 3646 quod
2172 3586 2323 3635 Deus
2354 3589 2462 3647 est,
2490 3584 2561 3635 de
2598 3598 2711 3648 quo
2756 3585 2833 3636 illi
2868 3599 2984 3637 non
3014 3587 3308 3650 insultent,
3332 3587 3431 3649 qui

1835 3656 2052 3713 dicunt,
2081 3654 2187 3705 Ubi
2209 3659 2297 3706 est
2319 3657 2471 3706 Deus
2490 3659 2625 3706 tuus
2640 3659 2665 3705 ‘I
2691 3656 2960 3719 Aliquam
2984 3658 3193 3721 ‘quterit
3214 3658 3433 3708 incom-

1835 3725 2169 3776 mutabilem
2184 3726 2505 3786 veritatem,
2533 3727 2656 3776 sine
2678 3727 2907 3778 defectu
2931 3729 3288 3779 substantiae.
3306 3730 3433 3779 Non

1837 3801 1895 3847 et
1919 3795 2047 3846 talis
2071 3795 2194 3859 ipse
2218 3795 2466 3859 animus,
2484 3796 2695 3861 deficit,
2726 3798 3158 3860 proﬁcit:novit
3181 3801 3427 3859 ignorat:

1836 3865 2119 3927 meminit,
2156 3866 2514 3917 obliviscitur
2538 3880 2551 3915 :
2579 3868 2750 3917 modo
2786 3867 2922 3917 illud
2952 3869 3095 3930 vult,
3121 3870 3290 3919 modo
3314 3872 3433 3919 no'n

1836 3937 1979 3989 vult.
2007 3940 2120 3987 Ista
2142 3936 2497 3987 mutabilitas
2530 3950 2642 3987 non
2675 3937 2827 3989 cadit
2849 3938 2908 3987 in
2923 3940 3127 3989 Deum.
3148 3939 3431 4002 Sidixero,

1840 4008 2131 4059 Mutabilis
2155 4009 2413 4058 estDeus
2436 4007 2827 4058 :insultabunt
2841 4009 3313 4071 mibiquidicunt,
3341 4013 3432 4058 Ubi

1839 4084 1928 4132 est
1951 4081 2103 4129 Deus
2136 4084 2271 4130 tuus
2290 4080 2603 4137 ?Qua3rens
2628 4090 2765 4141 ergo
2793 4080 2971 4129 Deum
2990 4092 3187 4130 meum
3211 4081 3269 4131 in
3288 4084 3436 4130 rebus

1840 4150 2185 4209 visibilibus,
2212 4153 2270 4200 et
2295 4162 2413 4199 non
2434 4149 2734 4200 inveniens
2750 4163 2761 4199 :
2777 4157 3182 4213 quaerensejus
3198 4154 3436 4199 substan-

1842 4223 1978 4272 tiam
2004 4223 2065 4272 in
2090 4221 2323 4285 meipso,
2342 4220 2509 4282 quasi
2536 4220 2750 4283 aliquid
2764 4224 2857 4281 sit,
2880 4226 2937 4271 et
2953 4221 3137 4284 qualis
3164 4236 3268 4285 ego
3282 4236 3432 4283 sum,

1839 4304 2028 4356 neque
2075 4293 2381 4343 inveniens
2413 4306 2425 4341 :
2452 4299 2470 4319 '
2515 4303 2712 4354 qumro
2740 4290 2951 4355 aliquid
2990 4306 3163 4356 super
3183 4296 3436 4344 animam

1842 4376 2053 4423 meam,
2090 4368 2148 4415 et
2169 4376 2300 4414 ecce
2327 4361 2512 4414 sentio
2559 4363 2746 4413 Deum
2789 4375 3004 4414 meum.
3042 4365 3189 4427 Ergo
3215 4368 3278 4414 ut
3301 4377 3437 4416 curn

1843 4440 2158 4499 tangerem,

1906 4504 1956 4559 5.
1996 4506 2113 4554 Hac
2149 4504 2459 4553 recordatus
2500 4519 2640 4566 sum,
2678 4508 2722 4551 ct
2746 4503 2917 4566 effudi
2971 4504 3032 4552 in
3070 4518 3152 4553 me
3186 4505 3440 4554 animam

1844 4592 2038 4626 meam.
2063 4577 2300 4636 Quando
2331 4577 2458 4637 (Ex.
2490 4576 2655 4639 Aug.)
2690 4577 2884 4626 anima
2910 4588 3039 4627 mea
3080 4577 3441 4641 contingeret

144 4663 284 4731 nem
313 4651 566 4731 siderum
590 4652 856 4731 admiror,
877 4650 1239 4714 splendorem
1266 4651 1401 4701 solis
1426 4650 1744 4701 exserendo
1769 4659 1827 4731 D
1849 4648 2003 4730 quod
2015 4660 2184 4731 super
2207 4659 2334 4731 eam
2352 4646 2654 4731 quaeritur,
2675 4645 2790 4728 nisi
2811 4646 3005 4729 anima
3028 4659 3157 4698 mea
3173 4661 3344 4711 super
3356 4662 3445 4700 se-

147 4721 266 4772 diei
290 4722 687 4785 sufﬁcientem,
709 4720 903 4773 lunam
928 4726 1238 4772 nocturnas
1261 4723 1525 4772 tenebras
1541 4735 1746 4772 conso-

146 4793 388 4844 lantem.
406 4794 546 4844 Mira
570 4798 709 4845 sunt
726 4794 869 4851 haec,
890 4793 1175 4843 laudanda
1193 4798 1330 4843 sunt
1346 4794 1471 4844 1]ch
1488 4792 1576 4844 vel
1600 4795 1746 4841 etiam

152 4866 443 4928 stupenda
480 4866 773 4916 sunthaec.
800 4867 997 4927 Neque
1021 4866 1171 4915 enim
1196 4867 1436 4927 terrena,
1453 4864 1551 4915 sed
1578 4865 1750 4914 etiam

152 4936 711 4988 caelestiaNondum
739 4940 927 4986 tamen
945 4940 1060 4985 stat
1080 4935 1205 4986 sitis
1229 4948 1379 4986 mea:
1409 4936 1534 4987 haec
1557 4936 1749 4997 miror,

153 5008 286 5058 haac
310 5007 516 5059 laudo:
543 5007 644 5058 sed
666 5020 802 5059 eum
830 5006 927 5069 qui
953 5006 1082 5057 fecit
1112 5006 1257 5069 me",
1298 5007 1442 5057 sitio.
1473 5006 1661 5057 Redeo
1679 5006 1751 5057 ad

155 5078 467 5141 meipsum,
494 5083 552 5130 et
574 5079 703 5141 quis
729 5080 834 5129 sim
862 5078 1032 5127 etiam
1050 5077 1172 5141 ipse
1190 5077 1369 5128 "intra
1392 5078 1751 5141 taliaquaaro,

158 5154 490 5213 perscrutor
508 5154 590 5200 :et
606 5149 837 5200 invenio
850 5161 940 5199 me
952 5147 1160 5198 habere
1190 5161 1397 5212 corpus
1423 5153 1478 5199 et
1500 5152 1716 5197 animum
1738 5168 1750 5197 :

157 5233 345 5272 unum
364 5221 519 5283 quod
539 5225 716 5284 legat,
730 5220 972 5271 alterum
989 5220 1141 5281 quod
1160 5225 1391 5281 regatur
1422 5221 1756 5282 Corpusscr-

157 5292 559 5352 vire,animam
574 5292 873 5355 imperare.
902 5291 1175 5341 Discerno
1198 5291 1413 5353 aliquid
1432 5290 1635 5341 melius
1653 5306 1758 5337 esse

158 5362 412 5414 animam
428 5375 603 5427 quam
616 5375 843 5427 corpus:
857 5361 1161 5427 ipsumque
1174 5362 1569 5425 inquisitorem
1584 5361 1756 5411 talium

223 5514 241 5534 ⁸
266 5505 433 5570 Apud
461 5504 881 5571 Augustinum,
912 5504 1156 5555 Ostende.

226 5576 246 5605 ι’
270 5578 502 5629 Rectius
526 5577 757 5641 ibidem,
798 5577 895 5641 qui
929 5590 1030 5641 pro
1065 5576 1215 5625 intra
1236 5591 1253 5636 ;
1276 5588 1413 5627 mox
1439 5574 1594 5625 aliud
1616 5573 1762 5639 quod

160 5664 444 5784 regalpud
493 5720 900 5784 Augustinum,
948 5718 1092 5778 Quid
1135 5722 1291 5767 sonat
1323 5718 1395 5767 ad
1425 5732 1601 5777 aures,
1629 5716 1764 5780 quid

171 5795 441 5855 tanquam
468 5807 779 5856 vaporcum,
805 5796 912 5842 etc.
932 5789 1184 5842 Levioris
1200 5789 1456 5841 nomenti
1480 5790 1765 5841 variantes

170 5862 313 5914 alias
328 5864 606 5915 lectiones
633 5861 1150 5927 praetermittimus.

240 5932 261 5961 ⁴
283 5934 505 5987 Ibidem
528 5934 837 5999 praeposita
864 5932 1025 6005 τελείᾳ
1055 5937 1247 6007 στιγμῇ,
1265 5928 1420 5984 aliud
1440 5931 1764 5983 membrum

1847 4720 2027 4784 ipsam
2053 4717 2371 4769 eil‘underet
2403 4731 2465 4769 se
2487 4721 2513 4767 ?
2538 4718 2594 4769 Si
2619 4717 2771 4768 enim
2809 4718 2866 4768 in
2890 4719 3075 4782 seipsa
3100 4727 3439 4779 remaneret,

1849 4789 1991 4842 nihil
2012 4789 2166 4841 aliud
2193 4801 2365 4852 quam
2392 4802 2455 4840 se
2479 4789 2716 4852 videret,
2744 4794 2801 4839 et
2816 4802 2947 4840 cum
2975 4803 3038 4842 se
3062 4790 3298 4853 videret,
3324 4804 3443 4843 non

1848 4861 2047 4923 utique
2064 4861 2365 4911 dominum
2391 4873 2581 4911 suum.
2596 4860 2800 4910 Dicant
2805 4862 2925 4923 jam
2941 4861 3307 4914 insultatores
3324 4865 3439 4922 mei,

1849 4934 1956 4985 Ubi
1987 4937 2077 4984 est
2106 4934 2253 4983 Deus
2278 4934 2451 4983 tuus?
2480 4932 2676 4983 Dicam
2692 4944 2796 4995 ego
2810 4933 3086 4996 quamdiu
3108 4946 3223 4985 non
3252 4934 3443 4997 video,

1852 5004 2129 5067 quamdiu
2152 5003 2396 5065 differor,
2420 5002 2778 5054 Manducabo
2800 5004 2967 5055 dieac
2979 5009 3145 5055 nocte
3162 5004 3445 5069 lacrymas

1851 5088 2031 5126 meas.
2057 5074 2261 5125 Dicant
2282 5074 2359 5124 illi
2382 5075 2590 5137 adhuc,
2625 5073 2730 5124 Ubi
2766 5079 2856 5125 est
2885 5076 3038 5126 Deus
3066 5079 3238 5127 tuus?
3269 5080 3444 5132 Quzero

1852 5158 1988 5209 ergo
2017 5147 2203 5195 Deum
2224 5158 2416 5195 meum
2440 5145 2499 5194 in
2524 5144 2682 5196 omni
2708 5143 2727 5176 τ
2748 5157 2999 5208 corpore,
3014 5146 3133 5197 sive
3152 5147 3211 5197 in
3237 5151 3448 5199 terres-

1854 5217 1945 5279 tri,
1971 5216 2093 5267 sive
2120 5215 2179 5265 in
2212 5214 2429 5265 caelesti
2449 5230 2460 5264 :
2484 5219 2544 5265 et
2575 5227 2692 5265 non
2715 5213 2963 5265 invenio.
2991 5217 3293 5268 Meditatus
3315 5232 3446 5270 sum

1857 5292 2048 5338 t-imen
2077 5285 2503 5347 inquisitionem
2542 5285 2643 5335 Dei
2668 5284 2799 5347 mei,
2836 5290 2893 5335 et
2916 5298 3014 5349 per
3045 5298 3112 5337 ea
3145 5300 3277 5349 qua:
3302 5288 3450 5340 facta

1857 5362 2011 5419 sunt,
2025 5355 2332 5408 invisibilia
2353 5356 2455 5406 Dei
2470 5355 2581 5406 mei
2604 5355 2844 5418 cupiens
2866 5355 3154 5408 intellecta
3164 5361 3450 5418 conspicere

1860 5501 1933 5553 ab
1966 5500 2060 5552 his
2104 5496 2423 5560 inchoatur,
2468 5496 2561 5545 Est
2604 5510 2845 5560 prorsus,
2892 5496 3125 5562 scipsum
3148 5498 3313 5563 enim,
3340 5502 3448 5553 etc.

1859 5575 1994 5624 Mox
2019 5570 2194 5623 verba
2226 5568 2427 5629 collegit
2452 5583 2520 5627 se,
2548 5567 2876 5618 reticentur.

1925 5655 1943 5673 ε
1967 5644 2203 5694 Videtur
2217 5642 2289 5691 ab
2312 5640 2406 5691 his
2432 5640 2552 5702 ipse
2578 5639 2796 5689 restitui
2815 5651 2981 5701 posse
2997 5641 3267 5705 vulgatus
3281 5648 3455 5703 Augu-

1862 5713 2229 5777 stinus,apud
2244 5724 2411 5774 quem
2429 5714 2651 5759 tantum
2664 5714 2926 5773 est,nequc
2940 5711 3453 5778 invcnicns,aliquid

1861 5802 2022 5850 super
2040 5785 2289 5833 animam
2308 5782 2473 5830 sentio
2498 5796 2600 5830 esse
2619 5780 2792 5829 Deum
2814 5795 3010 5832 meum.
3029 5783 3191 5847 Ergo,
3221 5789 3327 5837 etc.

1926 5857 1945 5891 ί
1972 5856 2185 5907 Vitiosa
2208 5858 2379 5907 antea
2400 5857 2523 5905 erat
2546 5857 2793 5916 tempore,
2822 5853 2974 5916 quod
2988 5866 3060 5906 ex
3084 5859 3230 5921 Aug.
3258 5870 3456 5910 omen-

1864 5928 2087 5989 damus,
