3890 6400
541 440 646 497 807

1630 433 1891 487 RUFINO
1924 433 2385 485 PRESBYTERO
2422 433 2801 484 ASCRIPTUS

3732 438 3807 487 803

545 559 1276 623 (Rom.l.),eifudisuperme
1287 557 1443 608 anim
1454 553 2149 623 am200meam.Etnon
2176 550 2231 623 Α
2254 553 2442 605 denda
2460 554 2759 619 ingressus
2789 555 2898 615 est,
2913 554 3111 616 etquae
3129 554 3258 615 post
3278 551 3403 603 visa
3425 564 3688 615 egressus
3709 562 3805 605 est:

540 633 660 697 jam
681 635 900 683 restant
923 642 1053 693 quae
1071 634 1324 692 tangam,
1341 628 1456 679 nisi
1476 629 1661 678 Deum
1688 625 2147 677 meum.Ibicnitn

544 704 753 755 domus
776 702 876 752 Dei
910 701 1023 752 mei
1062 713 1233 764 super
1256 700 1516 750 animam
1544 711 1750 750 meam.
1790 697 1874 748 Ibi
1908 697 2146 755 habitat,

542 774 675 825 inde
693 787 781 824 me
797 772 1026 829 creavit,
1044 771 1178 822 inde
1194 784 1288 823 me
1306 772 1614 835 gubernat,
1629 769 1763 820 inde
1790 782 1881 819 me
1906 769 2145 829 consulit,

540 845 673 896 inde
700 856 788 895 me
813 847 1130 905 exspectat,
1154 842 1288 892 inde
1313 854 1405 892 me
1440 854 1475 891 v
1493 845 1645 900 ocat,
1669 839 1803 890 inde
1825 851 1919 890 me
1934 838 2144 900 dirigit,

539 914 672 966 inde
694 926 786 965 me
802 913 979 973 ducit,
995 912 1127 964 inde
1151 926 1243 964 me
1270 912 1552 976 perducit.
1578 910 1681 962 Ille
1693 909 1846 961 enim
1862 910 1961 972 qui
1981 910 2147 959 habet

536 985 878 1036 altissimam
904 985 961 1035 in
987 987 1202 1034 secreto
1228 984 1484 1045 domum,
1509 982 1688 1033 habet
1721 981 1893 1031 etiam
1911 980 1971 1030 in
1996 984 2147 1031 terra

538 1056 995 1108 tabernaculum.
1017 1055 1474 1105 Tabernaculum
1494 1054 1619 1117 ejus
1636 1053 1695 1103 in
1709 1057 1876 1115 terra,
1893 1051 2145 1102 Ecclesia

536 1128 663 1191 ejus
691 1131 779 1178 est
804 1125 869 1188 (ἓ.
913 1126 1036 1177 Cor.
1065 1124 1158 1189 5.),
1186 1124 1701 1188 adhucperegrina.
1728 1122 1837 1174 Sed
1861 1122 2147 1185 inquiren-

533 1197 646 1249 dus
670 1203 760 1249 est
783 1198 883 1260 qui
906 1197 967 1247 in
992 1197 1374 1247 tabernaculo
1390 1195 1700 1257 invenitur,
1715 1194 1807 1245 via
1820 1205 2146 1256 quaperve-

529 1269 686 1320 nitur
710 1268 783 1320 ad
807 1268 1064 1319 domum.
1092 1268 1329 1318 Etenim
1346 1280 1479 1317 cum
1493 1266 1848 1317 effunderem
1862 1274 2034 1327 super
2051 1277 2144 1315 me

531 1341 787 1392 animam
810 1353 1018 1399 meam,
1044 1338 1117 1389 ad
1132 1339 1318 1401 atting
1329 1338 1546 1389 endum
1564 1340 1749 1388 Deum
1764 1348 1978 1397 meum,
1991 1351 2145 1396 quare

534 1411 643 1463 hoc
668 1412 774 1461 feci
797 1415 819 1459 ?
846 1411 1117 1468 Quoniam
1158 1410 1452 1472 ingrediar
1492 1409 1547 1456 in
1583 1408 1757 1457 locum
1781 1405 2135 1455 tabernaculi.

537 1483 679 1533 Nam
703 1481 1393 1532 extralocumtabernacu
1406 1481 1441 1530 li
1458 1479 1661 1531 errabo
1679 1490 1947 1542 quaerens
1958 1478 2140 1528 Deum

535 1552 1024 1611 meum.0uom‘am
1046 1551 1402 1615 ingrediarin
1422 1551 1595 1599 locum
1608 1548 1941 1598 tabernaculi
1956 1548 2143 1596 admi-

534 1623 743 1686 rabilis,
768 1638 936 1687 usque
957 1623 1030 1671 ad
1044 1623 1270 1671 domum
1294 1622 1408 1670 Dei.
1429 1624 1571 1673 Ecce
1592 1625 1811 1684 quanta
1824 1618 2142 1669 admirorin

535 1695 920 1747 tabernaculo.
950 1692 1415 1745 Tabernaculum
1440 1693 1595 1743 enim
1630 1691 1731 1742 Dei
1753 1689 1867 1741 mei
1890 1690 1949 1740 in
1974 1694 2139 1753 terra,

533 1765 797 1817 homines
823 1769 960 1816 sunt
974 1764 1192 1815 ﬁdeles.
1216 1764 1561 1814 Admirorin
1583 1763 1668 1813 eis
1685 1763 1941 1826 ipsorum
1963 1773 2140 1811 mem-

533 1837 767 1887 brorum
784 1835 1146 1898 obsequium,
1173 1835 1309 1897 quia
1330 1835 1392 1885 in
1419 1834 1500 1885 eis
1525 1847 1643 1884 non
1666 1836 1866 1897 regnat
1882 1838 2137 1892 peceatum

531 1907 605 1958 ad
628 1906 1012 1958 obediendum
1029 1905 1329 1957 desideriis
1342 1906 1487 1969 ejus,
1499 1918 1605 1957 nec
1622 1904 1901 1955 exhibent
1914 1904 2134 1951 membra

537 1989 646 2029 sua
668 1976 1161 2040 armainiquilatis
1178 1982 1411 2041 peccato
1434 1978 1600 2040 (Rom.
1620 1974 1688 2039 6.)
1708 1990 1722 2022 :
1738 1974 1839 2025 sed
1857 1973 2134 2025 exhibent

533 2050 654 2101 Deo
678 2049 814 2101 vivo
839 2051 899 2098 in
932 2047 1205 2112 operibus
1248 2048 1451 2098 bonis:
1485 2048 1695 2098 anima:
1723 2044 1996 2097 servienti
2020 2046 2137 2095 Deo

536 2121 673 2172 vivo
689 2121 949 2171 membra
972 2119 1287 2183 corporalia
1309 2118 1553 2170 militare
1582 2117 1849 2178 admiror,
1876 2115 2136 2179 Respicio

534 2194 587 2242 et
622 2191 808 2254 ipsam
843 2190 1098 2241 animam
1120 2190 1487 2241 obedientem
1501 2193 1612 2250 Deo,
1634 2190 2025 2237 tlistribuentem
2039 2189 2136 2234 Deo

533 2274 705 2326 opera
726 2266 891 2312 actus
917 2262 1026 2322 sui,
1054 2262 1394 2313 fraanantem
1427 2260 1789 2324 cupiditates,
1828 2258 2135 2323 pellentem

528 2332 931 2396 ignorantiam,
981 2332 1395 2384 extendentem
1444 2345 1505 2382 se
1540 2331 1614 2382 ad
1667 2330 1861 2382 omnia
1906 2329 2050 2381 dura
2078 2333 2137 2381 et

527 2415 729 2468 aspera
757 2402 1069 2455 toleranda.
1096 2404 1394 2455 Justitiam
1420 2408 1478 2455 et
1496 2402 1793 2454 caritatem
1809 2400 2136 2464 impenden-

528 2479 646 2526 tem
676 2475 923 2527 ceeteris.
964 2475 1133 2525 Miror
1155 2479 1213 2526 et
1246 2475 1388 2525 istas
1414 2475 1659 2525 virtutes
1688 2473 1749 2523 in
1793 2472 2003 2533 animo,
2031 2472 2133 2523 sed

527 2545 718 2597 adhuc
742 2545 803 2596 in
827 2547 950 2597 loco
977 2544 1327 2596 tabernaculi
1349 2545 1603 2597 ambulo.
1631 2545 1883 2595 Transeo
1908 2547 1967 2593 et
1986 2543 2130 2605 haec,

528 2619 586 2668 et
597 2616 864 2680 quamvis
881 2616 1212 2667 admirabile
1226 2617 1300 2666 sit
1317 2613 1774 2676 tabernaculum,
1797 2617 2001 2677 stupeo
2016 2628 2128 2661 cum

530 2686 700 2738 venio
722 2699 910 2749 usque
938 2685 1011 2736 ad
1055 2686 1293 2738 domum
1316 2686 1435 2737 Dei.
1465 2688 1612 2737 Dum
1637 2685 1882 2737 miratur
1907 2687 2133 2732 membra

528 2756 901 2818 tabernaculi,
930 2757 1008 2807 ita
1024 2757 1337 2821 perductus
1351 2761 1441 2809 est
1455 2756 1526 2808 ad
1544 2757 1783 2808 domum
1799 2755 1915 2815 Dei,
1931 2767 2132 2818 quam-

528 2827 660 2879 dam
685 2827 1050 2879 dulcedinem
1066 2828 1362 2891 sequendo
1374 2828 1723 2889 interiorem,
1742 2827 1935 2878 nescio
1952 2838 2129 2888 quam

528 2898 813 2949 occultam
838 2898 1222 2963 voluptatem:
1256 2904 1529 2963 tanquam
1556 2900 1625 2950 de
1649 2899 1822 2950 domo
1839 2897 1941 2948 Dei
1958 2909 2130 2948 sona-

527 2974 617 3021 ret
639 2969 893 3021 suaviter
915 2970 1147 3034 aliquod
1172 2983 1472 3035 organum.
1493 2972 1713 3023 Etcum
1737 2969 1830 3020 ille
1854 2971 2129 3018 ambularet

526 3039 590 3091 in
615 3041 1004 3103 tabernaculo,
1030 3042 1227 3092 audito
1270 3042 1521 3106 quodam
1549 3041 1814 3093 interiore
1839 3053 1998 3104 sono,
2027 3039 2129 3090 de-

523 3110 734 3163 ductus
746 3111 1049 3164 dulcedine
1070 3114 1185 3176 Dei,
1206 3126 1456 3176 sequens
1473 3114 1629 3177 quod
1654 3112 1916 3174 sonabat,
1932 3114 2125 3160 abstra-

521 3182 666 3234 hens
684 3196 755 3253 se
778 3184 850 3235 ab
877 3184 1293 3248 omnistrepitu
1315 3185 1508 3235 carnis
1528 3189 1587 3236 et
1610 3182 1932 3246 sanguinis,
1960 3198 2136 3243 perve-

518 3254 606 3305 nit
618 3267 802 3317 usque
814 3254 888 3305 ad
901 3256 1138 3306 domum
1154 3256 1274 3307 Dei.
1299 3257 1444 3307 Nam
1463 3256 1617 3307 viam
1644 3267 1830 3318 suam,
1844 3258 1901 3305 et
1916 3256 2120 3302 ductum

528 3337 593 3376 se
614 3325 833 3389 sicipse
850 3332 1276 3388 commemorat,
1298 3327 1465 3390 quasi
1489 3328 1815 3378 diceremus
1829 3325 1907 3375 ei:
1928 3327 2123 3373 Miraris

527 3396 959 3447 tabernaculum
971 3398 1027 3447 in
1041 3397 1151 3448 hac
1169 3402 1334 3459 terra,
1351 3402 1409 3449 et
1420 3397 1710 3460 quomodo
1736 3396 2046 3459 pervenisti
2058 3398 2120 3444 ad

523 3470 811 3518 secretum
836 3468 939 3518 Dei
958 3471 986 3517 ‘I
1008 3469 1075 3516 In
1104 3484 1239 3529 voce,
1265 3467 1840 3532 inquit,e:cullationis
1852 3473 1896 3515 ct
1914 3467 2119 3528 confes-

514 3537 686 3586 sionis
710 3552 876 3586 sonus
899 3539 1184 3601 epulantis.
1216 3540 1277 3589 In
1303 3538 1476 3589 domo
1500 3539 1600 3589 Dei
1626 3538 1908 3589 festivitas
1931 3540 2120 3598 sempi-

511 3611 677 3657 terna
689 3611 797 3658 est.
825 3609 949 3658 Non
974 3608 1782 3672 enimibicelebraturaliquid
1800 3615 1856 3660 et
1882 3610 2116 3660 transit:

509 3677 715 3729 festum
731 3678 1167 3742 sempiternum,
1187 3680 1399 3731 chorus
1413 3680 1770 3744 angelorum,
1788 3681 1986 3732 vultus
1998 3697 2119 3742 prte-

510 3760 647 3798 sens
673 3748 1005 3812 Dei,laatitia
1028 3750 1150 3800 sine
1167 3751 1408 3814 defectu,
1436 3752 1559 3803 dies
1595 3752 1775 3803 festus
1798 3753 1874 3803 ibi
1898 3752 1978 3803 ita
2006 3758 2115 3816 est,

509 3823 574 3869 ut
605 3832 714 3871 nec
738 3820 1024 3883 aperiatur
1055 3822 1234 3884 initio,
1272 3836 1379 3875 nec
1402 3817 1518 3875 fine
1560 3823 1878 3875 claudatur.
1907 3826 1990 3874 De
2019 3822 2115 3875 illa

508 3895 724 3942 aeterna
750 3895 807 3941 et
833 3896 1105 3954 perpetua
1120 3892 1432 3944 festivitate
1450 3898 1615 3944 sonat
1639 3894 1838 3945 nescio
1862 3894 2002 3957 quid
2029 3904 2115 3943 ca-

504 3975 711 4012 norum
729 3962 963 4013 etdulce
978 3964 1215 4014 auribus
1231 3964 1439 4015 cordis.
1454 3964 1565 4016 Sed
1591 3965 1640 4014 si
1657 3977 1772 4015 non
1794 3967 2113 4028 perstrepat

504 4033 762 4084 mundus
789 4034 1109 4085 ambulanti
1134 4034 1195 4085 in
1219 4035 1327 4086 hoc
1349 4034 1737 4089 tabernaculo.
1765 4040 1821 4086 et
1836 4036 2112 4092 miracula

504 4104 604 4153 Dei
628 4104 690 4154 in
721 4102 1124 4168 redemptione
1163 4106 1419 4158 lldelium
1460 4106 1867 4169 consideranti,
1892 4109 2110 4158 mulcet

502 4186 701 4225 aurem
732 4188 912 4225 sonus
943 4175 1269 4228 festivitatis
1305 4177 1478 4241 illius,
1523 4182 1581 4229 et
1603 4179 1750 4242 rapit
1773 4190 2009 4229 cervum
2032 4180 2105 4230 ad

500 4245 689 4296 fontes
719 4257 1019 4309 aquarum.

563 4315 671 4366 Sed
707 4316 843 4379 quia
869 4317 990 4381 (Eae.
1016 4317 1204 4380 Aug.),
1254 4318 1482 4377 fratres,
1510 4318 1787 4382 quamdiu
1814 4332 2019 4372 sumus
2043 4322 2103 4375 in

499 4399 754 4451 corpore,
804 4389 1233 4452 peregrinamur
1275 4403 1310 4441 a
1357 4390 1601 4441 Domino
1630 4391 1697 4454 ('2.
1741 4392 1860 4444 Cor.
1906 4391 1974 4456 5.)
2005 4412 2014 4442 :
2045 4396 2103 4445 et

499 4470 707 4522 corpus
731 4457 889 4521 quod
915 4460 1316 4523 corrumpitur,
1342 4467 1622 4525 aggravat
1644 4462 1918 4526 animam,
1936 4467 1993 4515 et
2011 4464 2101 4515 de-

499 4529 692 4592 primit
718 4529 1295 4581 terrenainhabitatio
1326 4544 1565 4583 sensum
1590 4535 1773 4584 multa
1798 4536 2097 4593 cogitantem

500 4600 647 4663 (Sap.
687 4600 780 4663 9.).
817 4602 888 4650 Et
931 4600 979 4650 si
1022 4606 1334 4665 utrumque
1378 4602 1605 4655 nebulis
1639 4606 1952 4668 diffugatis,
1978 4618 2103 4657 am-

497 4670 749 4720 bulando
774 4683 873 4733 per
896 4670 1249 4722 desiderium
1264 4673 1337 4723 ad
1360 4674 1515 4725 hunc
1540 4689 1750 4726 sonum
1776 4678 2101 4738 perveneri-

497 4701 748 4750 uuluqu
774 4701 863 4733 μῠι
896 4701 1249 4722 ucmucuum
1264 4701 1337 4723 au
1360 4701 1515 4725 uuuu
1540 4701 1750 4726 auuutu
1776 4701 2101 4738 pcx'vcucrt-
2121 4701 2179 4774 D

494 4752 648 4799 mus,
673 4740 965 4812 interdum
993 4741 1210 4803 aliquid
1234 4743 1305 4794 de
1340 4744 1436 4796 illa
1459 4746 1630 4797 domo
1654 4747 1892 4797 nitendo
1916 4748 2101 4812 carpi-

494 4823 662 4861 mus:
696 4808 744 4875 2
757 4807 805 4876 ο
825 4809 843 4876 |
865 4823 1040 4862 onere
1054 4816 1244 4864 tamen
1261 4816 1511 4878 quodam
1522 4816 1814 4867 intlrmitat
1825 4817 1874 4867 is
1886 4807 2101 4870 nostra:

498 4880 572 4930 ad
610 4885 895 4932 consueta
918 4882 1244 4947 recidimus,
1271 4892 1328 4938 et
1349 4886 1423 4938 ad
1447 4886 1612 4937 solita
1634 4887 1747 4937 ista
1776 4888 2098 4940 dilabimur.

502 4952 572 5002 Et
591 4952 969 5014 quomodoibi
985 4953 1390 5008 inveneramus
1416 4958 1570 5008 unde
1592 4958 1991 5021 gauderemus,
2018 4961 2100 5011 sic

497 5021 591 5073 hic
616 5035 734 5074 non
763 5024 943 5076 deerit
970 5026 1122 5078 unde
1161 5041 1481 5090 gemamus.
1508 5029 1733 5080 Etenim
1757 5030 1867 5082 iste
1891 5044 2097 5083 cervus

492 5094 852 5147 manducans
876 5096 1048 5147 diead
1072 5103 1238 5150 nocte
1256 5099 1534 5162 lacrymas
1553 5111 1709 5161 suas,
1726 5106 1927 5165 raptus
1951 5102 2079 5154 desi

494 5164 647 5217 derio
671 5166 743 5218 ad
770 5167 955 5220 fontes
968 5179 1268 5230 aquarum,
1284 5169 1611 5221 interiorem
1641 5164 1857 5224 scilicet
1875 5174 1945 5223 ad
1967 5174 2097 5225 dul-

491 5237 751 5290 cedinem
775 5239 896 5301 Dei,
912 5239 1217 5291 effundens
1229 5253 1400 5303 super
1424 5252 1486 5291 se
1507 5243 1758 5293 animam
1782 5257 2096 5304 suam,am-

489 5308 701 5361 bulans
723 5311 785 5361 in
808 5310 933 5361 loco
959 5310 1676 5364 tabernaculiadmirabilis
1700 5328 1884 5378 usque
1895 5317 1965 5367 ad
1991 5317 2095 5368 d0-

489 5391 652 5449 mum
676 5381 796 5444 Dei,
832 5384 889 5431 et
926 5380 1137 5430 ductus
1160 5380 1445 5432 interioris
1482 5386 1539 5434 et
1565 5384 1939 5449 intelligibilis
1966 5388 2088 5438 soni

479 5448 861 5519 jocunditate,
888 5453 955 5500 ut
977 5450 1173 5501 omnia
1195 5450 1478 5502 exteriora
1501 5448 1914 5519 contemneret,
1940 5462 1998 5507 et
2016 5457 2089 5508 ad

482 5518 754 5589 interiora
771 5524 1065 5584 raperetur
1091 5520 1311 5573 :adhuc
1326 5526 1518 5574 tamen
1543 5524 1717 5577 homo
1762 5529 1870 5589 est,
1897 5518 2088 5579 adhuc

481 5587 575 5640 hic
599 5593 794 5654 gemit,
807 5591 997 5643 adhuc
1013 5604 1245 5644 carnem
1259 5593 1517 5658 fragilem
1531 5602 1733 5660 portat,
1750 5587 1939 5648 adhuc
1956 5600 2088 5647 inter

487 5662 759 5714 scandala
782 5662 962 5725 hujus
986 5664 1190 5715 mundi
1238 5664 1601 5729 periclitatur.
1638 5669 1907 5731 Respexit
1934 5676 1991 5721 et
2012 5670 2084 5720 ad

487 5743 568 5811 se,
598 5734 1062 5811 tamquaminde
1095 5736 1352 5801 veniens,
1396 5737 1554 5811 et_ait
1578 5739 1703 5811 sibi,
1731 5741 2083 5811 constitutus

488 5804 753 5855 interhas
783 5804 1067 5857 tristitias:
1088 5819 1428 5873 comparans
1450 5808 1559 5861 hac
1579 5809 1708 5872 illis,
1732 5810 1805 5861 ad
1831 5823 1963 5874 qua:
1992 5813 2083 5865 vi-

2144 3284 2192 3358 C

2253 628 2447 690 Quare,
2479 627 2684 689 inquit,
2712 627 2881 674 tristis
2902 641 2953 674 cs
2975 625 3167 673 anima
3191 640 3327 685 mea,
3356 624 3422 672 Et
3446 639 3614 686 quare
3628 632 3808 672 contur-

2248 697 2341 747 bas
2362 713 2444 746 me
2459 701 2485 747 ?
2506 700 2649 749 Ecce
2666 700 2787 761 jam
2809 697 3059 761 quadam
3078 696 3342 747 interiore
3369 695 3668 746 dulcedine
3692 699 3806 744 laetati

2248 781 2473 819 sumus.
2488 771 2631 819 Ecce
2647 770 2769 819 acie
2782 769 2991 820 mentis
3002 767 3215 830 aliquid
3234 766 3697 818 incommutabile
3722 770 3806 829 {etsi

2248 840 2489 891 strictim
2514 844 2572 895 et
2596 840 2820 903 raptim)
2857 839 3173 903 perspicere
3198 839 3517 902 potuimus:
3547 850 3714 900 quare
3734 840 3809 887 ati-

2245 910 2357 961 huc
2382 924 2611 975 quoque
2624 911 2803 962 tristis
2827 923 2905 973 es,
2931 911 3124 961 anima
3146 911 3309 960 mea?
3336 910 3458 960 Non
3476 909 3628 959 enim
3644 911 3807 956 dubitas

2245 981 2316 1032 de
2340 983 2457 1033 Deo
2482 986 2599 1033 tuo.
2624 981 2916 1045 Numquid
2944 981 3096 1032 enim
3125 993 3241 1032 non
3264 983 3353 1031 est
3382 979 3538 1043 quod
3566 980 3665 1031 tibi
3683 979 3807 1029 dicas

2245 1057 2444 1102 contra
2467 1052 2594 1103 illos
2619 1052 2716 1115 qui
2742 1053 2960 1112 dicunt,
2989 1051 3092 1103 Ubi
3119 1053 3372 1102 estDeus
3398 1053 3573 1101 tuus?
3591 1052 3712 1101 Jam
3733 1051 3809 1099 ali-

2246 1123 2384 1185 quid
2407 1123 2875 1175 incommutabile
2921 1123 3204 1187 persensi:
3220 1135 3394 1185 quare
3416 1122 3608 1173 adhuc
3621 1126 3810 1171 contur-

2246 1195 2349 1244 bas
2365 1199 2495 1246 me?
2507 1194 2677 1258 Spera
2700 1196 2761 1243 in
2775 1196 2897 1245 Deo.
2911 1197 2981 1246 Et
3012 1194 3181 1258 quasi
3216 1193 3588 1257 responderet
3610 1191 3689 1242 illi
3708 1192 3808 1241 ani-

2242 1277 2341 1314 ma
2372 1267 2501 1327 ejus
2535 1266 2594 1316 in
2629 1266 2856 1317 silentio
2891 1282 2903 1316 :
2938 1268 3121 1327 Quare
3145 1265 3424 1315 conturbo
3450 1266 3525 1325 te,
3558 1263 3672 1313 nisi
3701 1264 3809 1325 quia

2243 1336 2503 1387 nondum
2526 1336 2603 1387 ibi
2628 1350 2781 1394 sum,
2806 1337 2905 1387 ubi
2929 1338 3018 1386 est
3046 1336 3212 1386 dulce
3235 1335 3392 1398 illud,
3420 1346 3535 1397 quo
3568 1334 3649 1384 sic
3676 1336 3808 1396 rapta

2244 1419 2374 1457 sum
2397 1408 2561 1470 quasi
2578 1420 2673 1470 per
2696 1408 2999 1458 transitum
3017 1411 3043 1458 ‘t
3062 1406 3349 1470 Numquid
3362 1407 3482 1469 jam
3507 1407 3602 1456 ibo
3618 1404 3684 1455 de
3700 1406 3807 1452 fonte

2240 1476 2354 1539 illo,
2370 1479 2479 1529 nisi
2492 1483 2759 1530 metuens
2780 1481 2806 1528 ‘l
2822 1481 2849 1529 J
2858 1491 2949 1531 am
2974 1478 3197 1529 nullum
3215 1476 3551 1528 scandalum
3568 1475 3804 1540 pertime-

2243 1562 2340 1601 sco
2354 1566 2365 1599 :
2381 1551 2501 1613 jam
2526 1550 2596 1601 de
2622 1549 3032 1614 cupiditatibus
3050 1549 3316 1600 omnibus
3334 1552 3631 1611 tamquam
3644 1548 3806 1595 edomi-

2239 1621 2316 1671 tis
2337 1621 2620 1683 victisque
2644 1634 2844 1671 secura
2860 1633 3009 1671 sum.
3025 1621 3224 1671 Nonne
3246 1618 3528 1671 adversus
3542 1631 3631 1669 me
3643 1618 3805 1668 diabo-

2237 1691 2331 1743 lus
2349 1692 2581 1753 vigilat?
2603 1691 2800 1742 Hostis
2824 1704 2988 1741 meus
3000 1703 3187 1741 nonne
3199 1690 3435 1753 laqueos
3450 1690 3594 1740 mihi
3608 1691 3803 1750 quotidie

2238 1763 2593 1826 deceptionis
2608 1762 2857 1813 intendit
2869 1766 2895 1812 ‘?
2912 1764 3038 1813 Non
3061 1762 3151 1814 vis
3167 1761 3502 1812 conturbem
3521 1759 3803 1823 etpositain

2240 1833 2473 1897 saeculo,
2499 1839 2553 1884 et
2578 1834 2874 1897 peregrina
2898 1833 3087 1883 adhuc
3111 1846 3145 1884 a
3167 1833 3336 1883 domo
3366 1831 3469 1883 Dei
3501 1831 3647 1882 mei?
3662 1829 3802 1894 Spera

2246 1905 2302 1953 in
2328 1905 2451 1968 Deo,
2479 1904 2774 1968 respondit
2790 1905 3153 1956 conturbanti
3169 1916 3230 1954 se
3257 1902 3464 1954 animae
3479 1914 3604 1953 suae
3618 1906 3674 1953 et
3686 1904 3803 1961 quasi

2242 1975 2519 2027 rationem
2536 1975 2796 2027 reddenti
2817 1974 3261 2040 perturbationis
3285 1986 3407 2025 suae
3427 1978 3654 2037 propter
3665 1971 3801 2031 mala,

2237 2046 2448 2110 quibus
2464 2048 2722 2098 abundat
2733 2047 2823 2097 hic
2840 2045 3093 2097 mundus
3118 2060 3131 2095 :
3147 2044 3396 2108 Interim,
3415 2043 3799 2107 inquit,habita

2234 2118 2295 2168 in
2321 2131 2438 2181 spe.
2468 2120 2606 2181 Spes
2630 2118 2779 2169 enim
2806 2130 2939 2180 quae
2964 2117 3205 2178 videtur,
3221 2128 3338 2167 non
3355 2118 3442 2166 est
3464 2128 3618 2179 spes.
3643 2114 3695 2165 Si
3718 2128 3799 2165 au-

2238 2194 2349 2239 tem
2379 2188 2535 2251 quod
2556 2200 2674 2240 non
2699 2188 2964 2239 videmus
2992 2200 3311 2252 speramus,
3358 2199 3459 2251 per
3493 2185 3799 2251 patientiam

2234 2264 2641 2323 exspectamus
2670 2260 2843 2321 (Rom.
2869 2257 2960 2322 8.).

2298 2331 2467 2394 Spera
2512 2332 2573 2378 in
2617 2332 2740 2380 Deo.
2790 2332 2976 2392 Quare
3026 2341 3223 2394 speras
3251 2329 3311 2380 in
3334 2328 3701 2393 Deo?[Vers.
3730 2324 3795 2388 7.}

2233 2401 2507 2460 Quoniam
2529 2402 2709 2451 adhuc
2732 2400 3016 2463 conﬁtebor
3049 2400 3150 2451 illi.
3176 2400 3321 2462 Quid
3343 2400 3393 2451 ei
3415 2398 3800 2451 confiteberis?

2236 2472 2487 2522 Salutare
2524 2473 2699 2522 vultus
2723 2474 2827 2522 mei
2872 2478 2917 2520 et
2948 2472 3086 2520 Deus
3120 2487 3287 2522 meus.
3314 2474 3360 2521 Α
3383 2484 3476 2523 me
3505 2470 3646 2522 mihi
3671 2469 3798 2519 salus

2235 2555 2364 2594 esse
2401 2556 2519 2596 non
2548 2549 2753 2609 potest.
2800 2545 3033 2607 Propter
3056 2543 3166 2594 hoc
3192 2543 3378 2594 dicam
3406 2542 3513 2594 hoc
3547 2539 3800 2604 confitebor

2232 2614 2484 2667 Salutare
2500 2620 2685 2679 tuum,
2704 2628 2737 2666 ο
2750 2617 2907 2666 Deus
2928 2617 3106 2672 Pater,
3121 2619 3211 2665 est
3234 2614 3427 2665 vultus
3442 2614 3582 2677 mei,
3598 2614 3797 2661 videlicet

2231 2690 2321 2736 est
2345 2686 2542 2737 homo:
2579 2686 2728 2737 sicut
2765 2687 3042 2749 scriptum
3074 2689 3182 2747 est,
3213 2687 3476 2735 Formam
3501 2684 3652 2736 servi
3673 2682 3797 2734 acci-

2232 2756 2394 2819 piens
2407 2762 2463 2807 et
2487 2758 2687 2808 habitu
2703 2757 2977 2808 inventus
2990 2762 3054 2808 ut
3076 2757 3248 2808 homo
3276 2756 3494 2820 (Philip.
3521 2753 3593 2818 2.)
3617 2769 3630 2805 :
3655 2759 3706 2804 et
3729 2754 3797 2803 est

2231 2828 2401 2879 etiam
2426 2830 2598 2880 Deus.
2620 2830 2792 2879 Recte
2808 2832 2997 2879 autem
3013 2828 3214 2879 Filium
3234 2832 3398 2878 tuum
3423 2827 3555 2878 dico
3579 2825 3796 2878 salutare

2231 2902 2396 2950 tuum
2422 2914 2434 2949 :
2456 2899 2592 2963 quia
2611 2912 2711 2964 per
2730 2912 2862 2951 eum
2890 2900 3181 2951 hominem
3198 2899 3413 2949 factum
3427 2902 3705 2950 aeternam
3722 2909 3796 2947 no-

2231 2970 2320 3021 bis
2332 2974 2598 3035 operatus
2611 2984 2673 3022 es
2691 2970 2956 3022 salutem.
2970 2972 3038 3021 Et
3050 2970 3215 3033 quasi
3241 2970 3451 3021 diceret
3464 2969 3695 3033 aliquis:
3717 2972 3795 3015 Cur

2231 3042 2687 3106 itaimproperas,
2716 3045 2772 3092 et
2794 3042 3006 3093 videris
3026 3040 3195 3093 irasci
3218 3040 3426 3092 animm
3452 3045 3574 3092 tua:
3594 3040 3787 3100 dicens,

2230 3115 2413 3175 Quare
2439 3113 2615 3164 tristis
2639 3126 2701 3164 es
2730 3113 2920 3163 anima
2940 3126 3068 3164 mea
3085 3117 3109 3162 Ρ
3128 3116 3185 3163 et
3209 3117 3434 3163 caetera.
3459 3110 3789 3176 Respondit:

2233 3185 2321 3233 Ad
2336 3185 2599 3248 meipsum
2639 3184 2833 3233 anima
2866 3199 3001 3245 mea,
3037 3183 3206 3244 idest,
3251 3182 3575 3234 animalitas
3604 3185 3658 3235 et
3688 3194 3795 3233 sen-

2226 3256 2465 3308 sualitas
2483 3255 2801 3307 scilicetilla
2827 3268 2956 3318 pars
2982 3254 3446 3317 animaainferior,
3474 3267 3610 3318 quas
3631 3257 3794 3303 animal

2223 3332 2281 3379 et
2306 3328 2559 3379 vivificat
2586 3340 2819 3391 corpus,
2843 3326 3176 3376 Conturbata
3198 3332 3287 3389 est,
3318 3330 3549 3390 propter
3583 3326 3791 3376 tribula-

2221 3399 2409 3450 tiones
2434 3411 2565 3461 quae
2582 3398 2723 3449 mihi
2748 3398 3093 3449 inferuntur:
3128 3403 3187 3449 et
3208 3410 3325 3448 non
3348 3396 3479 3449 inde
3500 3398 3790 3462 culpandus

2220 3473 2308 3522 est
2332 3475 2547 3530 auctor,
2582 3470 2685 3521 sed
2718 3469 2790 3521 ad
2814 3469 3099 3533 meipsum
3143 3467 3462 3527 ferendum,
3496 3468 3663 3525 idest.
3687 3482 3789 3519 meo

2219 3542 2357 3592 vitio
2388 3541 2955 3605 estretorquendum.
2983 3542 3129 3603 Ergo
3161 3540 3264 3603 (Eat:
3284 3540 3449 3603 Aug.)
3473 3541 3610 3603 quia
3630 3541 3695 3591 ad
3720 3552 3789 3590 me

2220 3613 2441 3664 turbata
2464 3618 2551 3663 est
2570 3613 2760 3663 anima
2782 3625 2930 3673 mea,
2954 3615 3009 3663 et
3031 3612 3182 3663 hanc
3203 3611 3682 3675 perturbationem
3702 3614 3790 3658 fecit

2218 3685 2486 3748 superbia
2502 3702 2512 3735 :
2528 3685 2816 3749 Propterea
2840 3699 3044 3732 memor
3069 3698 3156 3731 ero
3183 3684 3262 3729 tui
3287 3682 3347 3730 de
3372 3687 3513 3730 terra
3538 3682 3787 3739 Jordont's,

2222 3753 2270 3820 2
2283 3753 2331 3822 ο
2344 3754 2392 3821 2
2409 3763 2453 3805 et
2470 3756 2833 3815 Ilcrmoniim,
2859 3772 2893 3803 a
2916 3759 3092 3803 monte
3108 3755 3333 3803 modico.
3354 3753 3514 3804 Unde
3544 3766 3671 3804 sum
3689 3766 3789 3803 nte-

2214 3827 2527 3878 mortui?A
2548 3830 2745 3878 monte
2768 3839 2964 3890 parvo,
2981 3830 3039 3877 et
3059 3825 3128 3876 de
3153 3830 3301 3876 terra
3328 3825 3617 3886 Jordanis,
3640 3825 3787 3881 idest,

2213 3896 2499 3970 baptismo
2525 3899 2620 3948 ubi
2638 3897 2999 3948 estremissio
3016 3898 3399 3970 peccatorum.
3425 3898 3650 3970 Etenim
3664 3910 3787 3943 nemo

2212 3968 2387 4019 currit
2414 3969 2486 4020 ad
2514 3970 2913 4020 remissionem
2942 3967 3321 4031 peceatorum,
3346 3967 3571 4031 nisiqui
3584 3969 3786 4028 displicet

2211 4039 2531 4090 sibi.Nemo
2556 4040 2730 4090 currit
2752 4040 2824 4091 ad
2856 4040 3256 4091 remissionem
3286 4042 3669 4104 peccatorum,
3692 4036 3783 4087 nisi

2210 4110 2307 4172 qui
2334 4124 2396 4162 se
2427 4112 2732 4162 confitetur
2780 4124 2944 4175 peccc
2957 4110 3155 4162 torem.
3206 4112 3383 4161 Nemo
3413 4123 3474 4161 se
3502 4111 3783 4161 conﬁtetur

2207 4187 2583 4247 peccatorem,
2619 4183 2731 4233 nisi
2764 4184 2859 4247 qui
2898 4195 2959 4232 se
2988 4182 3376 4233 humiliaverit
3409 4182 3545 4233 Deo.
3572 4184 3712 4244 Ergo
3733 4179 3782 4225 dc

2207 4257 2351 4300 terra
2372 4254 2635 4301 Jordant's
2649 4269 2851 4301 memor
2864 4270 2952 4303 ero
2977 4254 3078 4313 lui,
3103 4259 3147 4301 ct
3164 4254 3225 4301 de
3246 4258 3421 4301 monte
3443 4268 3632 4316 parvo,
3653 4256 3711 4301 ut
3733 4255 3780 4298 tu

2202 4321 2378 4374 facias
2402 4337 2698 4387 magnum.
2728 4324 3007 4386 Quoniam
3029 4324 3200 4387 quise
3217 4324 3448 4386 exaltat,
3474 4320 3781 4374 humiliabi-

2202 4394 2323 4444 tur:
2351 4400 2408 4446 et
2437 4395 2533 4459 qui
2563 4408 2625 4446 se
2650 4395 2937 4453 humiliat,
2965 4395 3308 4446 exaltabitur
3327 4396 3533 4459 (Matth.
3560 4393 3648 4448 23.
3671 4393 3777 4441 Luc.

2201 4463 2327 4527 18.).
2351 4466 2407 4516 Si
2439 4472 2636 4517 autem
2660 4467 3189 4530 interpretationem
3226 4466 3526 4518 nominum
3553 4475 3777 4529 quaeras,

2201 4536 2469 4587 Jordanis
2486 4541 2571 4589 est
2586 4539 2850 4586 descensio
2864 4553 3070 4588 corum.
3095 4538 3387 4589 Descende
3403 4550 3553 4601 ergo,
3579 4542 3639 4587 ttt
3654 4537 3778 4587 leve-

2200 4606 2440 4659 ris.Noli
2465 4608 2657 4659 extolli
2685 4611 2860 4672 (Rom.
2901 4608 2992 4671 9),
3029 4621 3101 4660 ne
3122 4608 3365 4660 elidaris.
3396 4609 3460 4657 Et
3486 4608 3547 4656 dc
3581 4609 3775 4657 Hermi;-

2203 4679 2345 4726 -niim
2363 4695 2399 4728 α
2432 4685 2609 4729 monte
2626 4695 2813 4744 parvo.
2829 4682 3081 4732 Hermon
3103 4690 3119 4708 '
3138 4680 3615 4729 anathemalisatio
3631 4679 3774 4728 inter-

2203 4754 2476 4813 pretatur.
2520 4752 2957 4804 Anathematisa
2982 4752 3245 4816 teipsum,
3285 4751 3637 4815 displicendo
3676 4746 3773 4799 tibi.

2200 4821 2541 4884 Displicebis
2575 4823 2729 4873 enim
2768 4824 2899 4882 Deo,
2935 4823 2983 4873 si
3030 4823 3309 4887 placueris
3346 4823 3463 4873 tibi.
3491 4825 3636 4885 Ergo
3658 4818 3772 4883 quia

2199 4892 2352 4942 Deus
2378 4894 2570 4943 omnia
2595 4895 2745 4944 bona
2757 4894 2922 4944 nobis
2936 4896 3188 4957 praestat,
3215 4894 3483 4957 quiaipse
3506 4895 3685 4944 bonus
3700 4893 3771 4939 est

2198 4975 2318 5027 non
2344 4964 2478 5027 quia
2504 4977 2609 5014 nos
2626 4964 3005 5029 dignisumus
3025 4981 3036 5015 :
3058 4966 3193 5029 quia
3214 4965 3307 5016 ille
3331 4964 3768 5025 misericors,non

2198 5035 2333 5096 quia
2348 5035 2403 5085 in
2418 5034 2612 5099 aliquo
2630 5037 3049 5099 promeruitnus
3068 5037 3148 5086 :de
3164 5042 3305 5085 terra
3317 5036 3523 5085 Jot'dan
3534 5036 3576 5083 is
3589 5046 3769 5083 memor

2195 5120 2284 5153 ero
2309 5106 2405 5155 tui.
2444 5107 2746 5169 Propterea
2773 5107 2943 5157 etiam
2966 5119 3186 5158 memor
3210 5121 3306 5159 ero
3340 5107 3456 5158 tui:
3485 5107 3633 5170 quia.

2256 5174 2307 5228 8.
2332 5175 2566 5239 Abyssus
2609 5177 2861 5241 abyssum
2907 5178 3117 5227 invocat
3152 5179 3213 5226 in
3238 5193 3353 5227 voce
3375 5184 3753 5227 calaraclarttm

2194 5249 2706 5311 tuarum.Abyssus
2719 5247 3075 5312 profunditas
3087 5249 3353 5312 quaedam
3364 5252 3453 5300 est
3487 5251 3551 5295 im
3558 5253 3766 5309 penetra-

2191 5316 2339 5380 bilis,
2354 5318 2962 5383 incomprehensibilis.
2986 5323 3260 5371 Putumus
3282 5333 3397 5371 non
3421 5333 3517 5370 cor
3536 5316 3759 5370 hominis

2190 5388 2443 5451 abyssus
2458 5394 2548 5440 est
2568 5394 2595 5440 ‘I
2615 5390 2760 5451 Quid
2780 5392 2933 5441 enim
2958 5391 3299 5455 profundius
3318 5392 3423 5442 hac
3447 5387 3758 5454 abysso?lo—

2188 5460 2287 5521 qui
2300 5460 2561 5511 homines
2574 5463 3021 5527 possunt,videri
3035 5468 3281 5526 possunt
3292 5475 3391 5527 per
3401 5462 3759 5526 operationem

2187 5532 2593 5595 membrorum,
2614 5534 2799 5585 audiri
2816 5534 2877 5584 in
2902 5547 3191 5585 sermone:
3213 5536 3310 5585 sed
3336 5535 3502 5597 cujus
3520 5528 3759 5595 cogitatio

2186 5605 2559 5664 penetratur?
2582 5606 2758 5665 Cujus
2780 5618 2877 5656 cor
2899 5606 3205 5669 inspicitur
3228 5609 3256 5655 ?
3280 5605 3417 5669 quid
3439 5605 3595 5656 intus
3623 5601 3759 5667 gerat

2186 5672 2494 5733 quidintus
2512 5676 2711 5739 possit,
2727 5676 2866 5739 quid
2886 5677 3045 5727 intus
3071 5681 3223 5740 agat,
3250 5675 3385 5739 quid
3408 5676 3565 5727 intus
3588 5674 3757 5736 dispoo

2182 5746 2302 5805 nat,
2321 5745 2457 5806 quid
2478 5745 2638 5797 intus
2666 5748 2971 5810 velit,quid
2996 5748 3155 5799 intus
3172 5747 3329 5807 nolit,
3364 5748 3494 5810 quis
3525 5754 3755 5809 compre-

2182 5813 2384 5867 hendit
2423 5816 2704 5882 PAbyssus
2728 5818 2984 5884 abyssum
3025 5819 3251 5880 invocat,
3285 5819 3456 5871 homo
3489 5819 3752 5871 hominem

553 5947 570 5965 ·
605 5938 740 6001 Legi
764 5942 957 5994 tamen
990 5942 1215 5998 malunt
1236 5943 1607 6010 Benedictini,
1637 5948 2030 6016 anathematio,
2062 5953 2121 6005 et
2147 5965 2298 6017 mox,
2325 5954 2638 6009 anathema.
