3890 6408
553 432 652 488 811

1607 425 1874 479 RUFINO
1906 423 2370 479 PRESBYTERO
2402 425 2784 479 ASCRIPTUS
3738 427 3816 481 812

556 551 783 607 utsperet
814 545 868 592 in
895 542 1121 616 Domino.
1138 541 1329 616 φὶ]Ξο
1351 544 1480 616 patet
1505 541 1733 616 intentio.
1751 541 1984 616 seipsum
2010 541 2145 586 enim
2163 545 2218 616 Α
2250 541 2393 616 Ecce
2411 552 2585 616 quare
2611 536 3352 616 utiliterrepellitDominus
3370 550 3573 616 servos
3588 553 3722 589 suos.
3747 546 3815 616 Sed

553 605 877 666 coniortando
902 612 1118 662 intendit
1337 612 1602 659 corfortare
1631 613 1895 674 etdebiles,
1922 625 2147 670 quosque

553 703 645 737 suo
661 688 903 748 exemplo.
931 687 1035 734 Vox
1060 683 1226 730 ﬁdelis
1250 695 1264 731 :

1012 831 1421 898 PSALMUS
1473 830 1678 894 XLII.

613 967 663 1022 1.
694 963 895 1016 Judt'ea
918 977 1003 1012 me
1038 963 1200 1024 Deus,
1234 967 1280 1012 et
1324 963 1562 1012 discerne
1604 975 1852 1012 caussam
1883 975 2062 1010 meam
2085 960 2146 1010 de

550 1043 698 1103 gente
717 1052 828 1086 non
851 1040 1058 1096 sancta,
1073 1035 1139 1084 ab
1167 1035 1385 1085 homine
1413 1035 1608 1098 iniquo
1632 1041 1677 1082 et
1701 1033 1878 1082 doloso
1902 1049 2024 1082 erue
2043 1048 2143 1085 me.

552 1113 678 1161 Non
687 1121 780 1160 me
790 1109 810 1172 j
821 1107 1017 1159 udicct
1031 1107 1324 1158 inimicus:
1343 1119 1463 1156 non
1483 1105 1625 1156 falsa
1637 1105 1936 1157 hominum
1953 1107 2143 1169 opinio,

548 1193 682 1245 quae
706 1181 926 1232 bonum
948 1179 1189 1242 malum,
1205 1182 1264 1230 et
1278 1189 1588 1228 econverso
1601 1177 1817 1227 malum
1836 1177 2059 1227 bonum
2083 1179 2148 1225 fa-

547 1253 640 1304 cit.
674 1251 783 1304 Sed
807 1255 871 1302 tu
893 1263 986 1302 me
1007 1249 1220 1314 judice,
1246 1249 1342 1312 qui
1355 1250 1551 1313 justus
1567 1261 1630 1298 es
1645 1251 1819 1311 atque
1843 1251 2143 1297 misericors.

548 1323 617 1373 Et
633 1323 870 1372 discerne
883 1335 1132 1370 caussam
1155 1334 1352 1380 meam,
1368 1331 1542 1382 quam
1553 1319 1606 1368 si
1615 1319 1635 1382 j
1645 1323 1834 1368 ustam
1849 1317 2146 1382 repereris,

549 1395 696 1444 Erue
720 1407 801 1444 me
821 1408 856 1442 α
877 1397 1027 1456 gente
1050 1407 1163 1441 non
1185 1396 1390 1448 sancta,
1407 1390 1464 1440 id
1480 1391 1675 1454 est,ad
1695 1389 2051 1440 inﬁdelibus:
2077 1389 2147 1438 Et

549 1465 614 1514 ab
639 1465 860 1515 homine
880 1463 1090 1527 iniquo,
1115 1462 1172 1514 id
1191 1468 1298 1526 est,
1325 1465 1736 1525 apersecutore
1753 1459 2074 1520 manifesto,
2091 1464 2148 1511 et

548 1535 767 1600 doloso,
793 1535 894 1599 qui
931 1533 1140 1598 quaerit
1161 1547 1255 1585 me
1282 1533 1524 1584 latenter
1545 1533 1822 1596 decipere.
1851 1533 1977 1582 Non
2001 1534 2146 1580 timeo

551 1608 656 1672 (Ex
676 1605 1301 1671 Augustino)judicium
1317 1610 1502 1668 tuum,
1523 1604 1659 1667 quia
1674 1603 1812 1656 novi
1835 1603 2148 1654 misericor-

546 1680 700 1732 diam
746 1683 924 1730 tuam.
960 1676 1216 1728 Perfecta
1255 1676 1466 1728 caritas
1491 1677 1640 1726 foras
1675 1675 1852 1724 mittit
1883 1675 2146 1726 timorem

550 1749 619 1815 (1.
642 1750 804 1800 Joan.
843 1742 934 1811 41).
975 1749 1101 1799 Non
1131 1747 1303 1798 timeo
1329 1752 1384 1798 te
1407 1745 1726 1811 poenaliter,
1753 1745 1890 1808 quia
1911 1757 2043 1796 amo
2071 1750 2142 1797 te.

547 1823 677 1874 Non
691 1818 994 1872 interimin
1011 1818 1120 1870 hac
1135 1817 1612 1882 peregrinatione,
1630 1817 1785 1868 nond
1794 1829 1888 1868 um
1904 1819 2150 1866 discernis

546 1895 741 1947 locum
756 1903 969 1955 meum,
995 1890 1132 1953 quia
1155 1889 1345 1952 simul,
1371 1902 1504 1940 cum
1528 1889 1760 1940 zizaniis
1786 1889 1943 1952 vivo,
1964 1901 2150 1946 usque

549 1964 625 2017 ad
654 1968 886 2027 tempus
915 1960 1127 2012 messis
1165 1961 1373 2023 (Matth.
1408 1959 1516 2022 13.)
1548 1975 1562 2012 :
1587 1959 1847 2011 nondum
1871 1958 2150 2012 discernis

547 2035 738 2088 lucem
766 2045 972 2084 meam.
987 2031 1090 2083 Vel
1109 2031 1348 2081 discerne
1368 2045 1618 2082 caussam
1642 2046 1838 2082 meam.
1863 2031 2049 2082 Distet
2071 2032 2150 2082 in-

550 2111 638 2158 ter
657 2117 808 2167 eum,
849 2105 949 2166 qui
973 2103 1034 2155 in
1059 2107 1114 2154 te
1137 2103 1336 2166 credit,
1355 2105 1410 2154 et
1433 2103 1682 2166 eumqui
1714 2103 1776 2153 in
1809 2106 1865 2152 te
1885 2115 2004 2154 non
2029 2116 2150 2154 cre-

549 2179 652 2229 dit.
679 2179 784 2228 Par
804 2175 1126 2237 infirmitas,
1163 2174 1266 2226 sed
1286 2175 1512 2239 dispar'
1545 2175 1917 2226 continentia.
1944 2175 2050 2224 Par
2071 2173 2152 2226 la-

549 2251 670 2310 bor,
685 2247 787 2299 sed
815 2246 1011 2310 dispar
1032 2245 1400 2298 desiderium.
1436 2247 1504 2296 Et
1527 2245 1702 2297 debes
1723 2246 1833 2297 hoc
1855 2245 2058 2307 facere,

611 2318 663 2374 2.
691 2319 832 2378 Quia
855 2323 913 2366 tu
943 2332 993 2366 es
1023 2317 1166 2366 Deus
1207 2317 1470 2382 [ortiludo
1512 2332 1651 2368 mea.
1691 2318 1817 2367 Non
1863 2328 2153 2380 praesumo

549 2392 621 2444 de
645 2391 864 2444 viribus
887 2389 1054 2454 meis,
1071 2401 1177 2441 nec
1193 2388 1427 2440 aliunde
1445 2388 1656 2440 habere
1677 2388 1926 2452 aliquam
1951 2390 2152 2437 fortitu-

548 2463 762 2527 dinem,
800 2461 914 2513 nisi
941 2474 976 2512 a
999 2465 1055 2512 te
1081 2461 1204 2513 solo
1229 2474 1242 2511 :
1275 2465 1334 2512 et
1359 2464 1546 2512 totam
1589 2473 1748 2524 spem
1793 2472 1981 2510 meam
2011 2460 2070 2511 in
2096 2465 2152 2512 te

548 2547 718 2600 pono.
745 2537 812 2586 In
830 2535 948 2584 Deo
976 2532 1255 2584 faciemus
1281 2531 1557 2584 virtutem
1591 2531 1751 2594 (Psat.
1794 2531 1920 2594 59.),
1949 2536 2005 2582 et
2027 2532 2152 2595 ipse

549 2607 622 2658 ad
633 2605 876 2657 nihilum
892 2603 1416 2655 deducetinimicos
1427 2609 1680 2654 nostros.
1695 2601 2017 2664 Aliquando
2037 2604 2152 2652 facit

549 2677 726 2728 homo
742 2675 803 2726 in
819 2676 1009 2738 seipse
1028 2674 1442 2726 fortitudinem.
1457 2673 1686 2736 Appetit
1699 2685 1955 2736 regnare,
1969 2673 2154 2724 Domi-

551 2748 696 2809 nari,
719 2746 976 2812 superior
989 2746 1215 2798 cmteris
1232 2757 1526 2810 apparere.
1547 2746 1673 2796 Non
1688 2744 1905 2809 patitur
1919 2747 2151 2805 injurias,

551 2819 806 2872 vindicat
818 2817 1024 2870 illatas.
1044 2817 1239 2880 Qualis
1254 2816 1524 2869 fortitudo
1547 2816 1804 2868 humana
1819 2823 1924 2878 est,
1943 2830 2060 2868 non
2076 2817 2155 2868 di-

550 2893 712 2946 vina:
759 2889 1006 2942 carnalis
1028 2903 1148 2940 non
1194 2889 1527 2953 spiritualis,
1575 2882 1782 2940 Reddit
1803 2889 2022 2940 malum
2048 2902 2149 2952 pro

551 2963 721 3023 malo,
737 2961 1106 3014 maledictum
1123 2973 1224 3026 pro
1251 2959 1572 3011 maledicto.
1593 2960 1893 3011 Erubescit
1915 2975 2150 3021 apparere

550 3037 762 3088 victus.
789 3033 901 3087 Sed
947 3032 1087 3084 dum
1134 3032 1316 3085 vincit
1350 3031 1662 3094 hominem,
1697 3032 1818 3096 ipse
1841 3031 2092 3083 deterius
2116 3044 2151 3084 a

552 3107 690 3160 vitio
701 3109 1024 3170 superatur.
1051 3102 1204 3156 Talis
1220 3103 1496 3155 fortitudo
1518 3107 1607 3154 est
1631 3104 1935 3168 superbia}.
1972 3103 2152 3154 Forti-

552 3180 692 3230 tudo
714 3182 1076 3240 autem,quas
1100 3189 1134 3226 a
1157 3178 1274 3227 Deo
1291 3178 1396 3238 est,
1413 3186 1530 3226 non
1554 3174 1742 3224 carnis
1767 3178 1874 3233 est,
1901 3173 2002 3226 sed
2026 3173 2152 3224 ani-

551 3261 666 3302 mae
694 3263 706 3300 :
731 3261 849 3300 non
872 3251 1072 3299 contra
1093 3247 1377 3309 homines,
1395 3245 1497 3296 sed
1521 3249 1719 3296 contra
1741 3245 1884 3296 vitia
1903 3248 1960 3296 et
1982 3248 2152 3294 diabo-

451 3323 464 3334 ‘
549 3322 690 3373 lum.
709 3322 839 3384 Ipsa
855 3324 946 3370 est
961 3320 1252 3383 patientia,
1271 3319 1398 3382 ipsa
1414 3316 1830 3378 esthumilitas,
1847 3318 2148 3379 obedientia,

553 3393 780 3457 caritas,
807 3395 864 3442 et
895 3395 1121 3442 caaterm
1147 3391 1392 3444 virtutes
1415 3388 1610 3448 animi,
1637 3399 1772 3450 quae
1799 3400 1834 3438 a
1853 3389 1971 3439 Deo
1995 3392 2146 3439 sunt.

553 3465 843 3528 Scriptum
873 3468 981 3524 est,
1009 3463 1118 3524 Qui
1142 3462 1440 3514 confidunt
1461 3460 1522 3510 in
1547 3460 1808 3523 Domino,
1844 3461 2155 3511 mutabunt

552 3534 946 3588 fortitudinem
968 3534 1097 3596 (Isa.
1114 3533 1243 3597 40.).
1270 3533 1416 3584 Hinc
1435 3530 1748 3596 Apostolus
1765 3544 1870 3582 nos
1883 3531 2155 3584 admonet

551 3607 754 3658 dicens
779 3605 1099 3657 :Nolivinci
1121 3618 1155 3657 a
1175 3605 1343 3669 malo,
1373 3603 1476 3655 sed
1502 3603 1668 3655 vince
1688 3603 1748 3654 in
1771 3605 1921 3654 bono
1938 3604 2152 3654 malum

555 3679 724 3742 (Rom.
751 3677 878 3740 12.).
916 3679 1076 3728 Deus
1117 3689 1253 3742 ergo
1283 3677 1357 3727 sit
1383 3675 1657 3728 fortitudo
1681 3679 1894 3728 nostra.
1925 3677 1992 3726 In
2027 3675 2152 3740 ipso

552 3751 858 3815 eripiemur
885 3761 921 3800 a
943 3749 1380 3812 tentationibus,
1405 3761 1504 3812 per
1526 3748 1715 3812 ipsum
1747 3748 2152 3813 superabimus

551 3822 842 3874 mundum
861 3825 919 3874 et
938 3821 1250 3882 diabolum,
1263 3822 1403 3874 vitia
1417 3824 1474 3871 et
1487 3823 1739 3885 peccata,
1751 3821 1936 3884 ipsam
1953 3835 2150 3868 carnem

551 3898 610 3948 et
637 3895 918 3946 desideria
941 3893 1115 3946 mala:
1137 3895 1328 3959 ipsum
1351 3893 1521 3944 etiam
1539 3905 1784 3956 regnum
1800 3892 2072 3944 cmlorum
2095 3891 2152 3944 vi

550 3969 858 4033 capiemus.
886 3969 1064 4018 Juxta
1084 3967 1240 4030 quod
1263 3965 1543 4030 scriptum
1565 3971 1672 4029 est,
1711 3965 1778 4014 Et
1800 3963 2036 4016 violenti
2059 3976 2150 4014 ra-

548 4041 717 4105 piunt
735 4039 875 4090 illud
889 4039 1100 4100 (Matth.
1129 4038 1254 4101 11.).
1277 4038 1384 4088 Sed
1409 4036 1482 4088 ad
1502 4036 1649 4100 haec,
1675 4047 1807 4099 quae
1823 4035 1975 4086 dicta
1993 4039 2149 4100 sunt,

549 4111 836 4164 contraria
859 4109 1147 4176 videntur,
1165 4121 1300 4173 quae
1327 4111 1669 4171 sequuntur,
1703 4119 1834 4158 cum
1855 4107 1956 4158 ait:
1975 4109 2151 4166 Quare

547 4198 631 4232 me
653 4181 942 4246 repulisti?
967 4187 1011 4229 et
1036 4196 1206 4246 quare
1227 4181 1572 4230 contristatus
1589 4177 1794 4240 incedo,
1811 4179 1942 4228 dum
1953 4179 2152 4243 afﬂigit

548 4269 632 4304 me
654 4253 914 4303 inimicus
932 4254 956 4302 Si
980 4255 1036 4305 Si
1047 4257 1208 4306 Deus
1223 4258 1314 4304 est
1325 4250 1600 4304 fortitudo
1611 4251 1758 4315 ejus,
1777 4251 2066 4314 quomodo
2078 4257 2151 4299 est

548 4325 844 4391 repulsus?
855 4326 1151 4390 quomodo
1163 4321 1904 4386 eontristatusal‘fligiturab
1917 4324 2152 4372 inimico?

551 4400 594 4451 N
604 4411 721 4463 unq
729 4399 824 4450 uid
833 4397 1086 4450 invalida
1097 4409 1310 4448 manus
1322 4393 1577 4446 Domini?
1588 4393 1696 4444 Sed
1710 4393 2150 4456 sciendum,quia

546 4471 679 4536 pius
707 4470 1012 4528 Dominus,
1039 4469 1290 4532 quadam
1325 4465 1740 4531 dispensatoria
1761 4466 2154 4518 misericordia

549 4555 658 4594 sua
679 4541 999 4606 plerunque
1021 4541 1233 4592 electos
1258 4551 1396 4590 suos
1413 4543 1471 4590 et
1495 4537 1820 4602 repellendo
1844 4538 2069 4600 retinet,
2095 4543 2154 4590 et

548 4614 848 4666 retinendo
871 4611 1108 4676 repellit.
1133 4611 1292 4663 Sicut
1323 4623 1455 4661 cum
1481 4609 1743 4661 diabolus
1781 4610 2014 4660 beatum
2037 4611 2148 4662 Job

548 4689 774 4752 peteret
813 4683 888 4736 ad
933 4683 1296 4742 tentandum,
1335 4685 1496 4746 Ecce,
1531 4681 1722 4745 inquit
1750 4681 2052 4745 Dominus,
2085 4683 2148 4734 in

2249 611 2386 674 quia
2404 611 2584 662 sancti
2611 613 2715 662 viri
2739 611 2966 662 occulta
2980 610 3080 662 Dei
3098 609 3312 671 judicia
3339 611 3629 672 nesciunt,
3654 615 3709 662 et
3724 612 3818 675 ple-

2245 695 2454 744 rosque
2479 683 2681 744 deseri,
2709 686 2766 734 et
2789 681 2994 732 tentari
3019 680 3424 732 damnabiliter
3449 683 3646 734 sciunt
3663 695 3823 746 :qure-

2243 758 2378 804 runt
2413 753 2482 814 (si
2529 755 2651 804 fieri
2687 756 2894 817 potest)
2940 753 3087 803 scire
3118 753 3422 804 consilium
3448 753 3593 804 Dei:
3633 759 3697 804 ut
3718 756 3824 805 siin

2243 825 2436 886 aliquo
2454 825 2758 888 displicent
2780 831 2846 876 ut
2863 824 3222 886 deserantur,
3249 825 3416 875 citius
3445 825 3731 888 corrigere
3754 839 3824 876 va-

2244 894 2400 944 leant
2423 909 2494 945 ne
2523 897 2922 959 reprobentur.
2955 895 3117 946 Unde
3147 894 3404 958 protinus
3431 895 3732 958 adjungit:

2308 964 2356 1020 3.
2385 967 2755 1016 Emittclucem
2779 974 2931 1014 luam
2957 973 3001 1014 et
3028 967 3301 1014 veritatem
3328 971 3496 1014 tuam.
3535 966 3658 1016 Nisi
3699 968 3824 1018 enim

2244 1050 2351 1088 nos
2374 1037 2674 1102 illuminet,
2701 1038 2762 1090 in
2786 1038 3032 1090 tenebris
3051 1051 3276 1089 sumus.
3303 1038 3426 1089 Nisi
3447 1051 3557 1089 nos
3579 1039 3748 1086 doceat
3766 1057 3826 1089 re-

2244 1109 2494 1172 ritatem,
2512 1110 2848 1161 ermbimus.
2867 1108 3015 1169 Quid
3030 1113 3226 1161 autem
3244 1109 3348 1172 (Eae
3363 1110 3698 1173 Augustino)
3713 1115 3823 1160 aliud

2243 1180 2345 1231 lux
2371 1180 2490 1243 Dei,
2515 1179 2626 1231 nisi
2651 1181 2860 1232 veritas
2883 1180 3002 1232 Dei.
3035 1181 3150 1232 Aut
3179 1180 3318 1242 quid
3349 1183 3570 1232 veritas
3593 1182 3720 1245 Dei,
3737 1183 3826 1232 nisi

2242 1249 2346 1302 lux
2361 1251 2477 1302 Dei.
2500 1251 3074 1314 Autquidutrunque
3089 1251 3201 1302 nisi
3219 1263 3372 1302 unus
3393 1251 3664 1303 Christus
3689 1252 3824 1318 ill-Ita)

2244 1321 2448 1384 inquit)
2490 1321 2594 1372 lux
2639 1336 2772 1374 sum
2816 1323 3037 1373 mundi.
3077 1324 3194 1386 Ego
3231 1322 3341 1384 via,
3384 1323 3608 1374 veritas
3642 1328 3700 1374 et
3733 1326 3829 1376 vita

2249 1393 2426 1457 (Joan.
2453 1392 2502 1447 8.
2535 1398 2581 1442 et
2629 1393 2756 1456 14.).
2803 1395 2976 1445 Recte
3027 1405 3162 1457 ergo
3189 1394 3582 1458 subjungitur,
3626 1395 3746 1459 Ipsa
3767 1412 3828 1442 me

2246 1464 2640 1515 deduxeruntet
2656 1465 3009 1514 adduxerunt
3022 1465 3080 1512 in
3095 1469 3329 1513 montem
3343 1470 3594 1513 sanctum
3611 1471 3778 1526 tuum,
3793 1478 3826 1515 ei

2245 1535 2307 1584 in.
2338 1536 2686 1586 tabernacula
2722 1541 2834 1588 tua.
2870 1537 2953 1588 Ac
2988 1535 3036 1586 si
3060 1535 3230 1598 dicat,
3277 1537 3401 1600 Ipsa
3423 1535 3527 1586 lux
3553 1539 3613 1588 et
3646 1539 3826 1588 veritas

2246 1610 2365 1669 tua,
2389 1607 2730 1657 deduxerunt
2753 1621 2851 1668 me,
2879 1607 2949 1658 de
2973 1619 3160 1658 errore
3184 1606 3255 1658 ad
3270 1607 3442 1657 fidem
3465 1612 3660 1658 tuam:
3687 1613 3729 1656 et
3750 1610 3826 1656 ud-

2245 1678 2522 1728 duxerunt
2556 1681 2619 1729 in
2651 1686 2884 1728 montem
2922 1685 3171 1728 sanctum
3210 1684 3382 1728 tuum.
3411 1679 3474 1730 Id
3515 1685 3626 1740 est,
3655 1679 3712 1730 in
3736 1694 3828 1744 pet-

2245 1749 2552 1802 fectionem
2564 1751 3004 1804 eteminentiam
3020 1751 3317 1802 virtutum.
3332 1751 3400 1798 Et
3425 1751 3484 1798 in.
3501 1749 3824 1800 tabernacula

2175 1815 2230 1890 B
2251 1825 2364 1882 tua,
2399 1819 2457 1870 id
2487 1823 2590 1886 est,
2626 1823 2686 1873 in
2714 1823 2997 1874 unitatem
3033 1825 3090 1872 et
3124 1821 3456 1872 societatem
3492 1827 3826 1872 sanctorum.

2252 1891 2386 1942 Ideo
2402 1904 2658 1956 praesens
2681 1895 2934 1944 Ecclesia
2953 1891 3386 1944 tabernaculum
3414 1891 3771 1955 diciturquia
3792 1897 3825 1940 in

2247 1974 2316 2014 ea
2328 1964 2568 2016 Domino
2590 1965 2886 2016 militatur.
2910 1962 3364 2015 Tabernaculum
3389 1969 3589 2015 autem
3607 1967 3821 2012 habilalic

2249 2040 2339 2086 est
2359 2035 2728 2088 militantium
2757 2051 2770 2087 :
2805 2041 2864 2087 et
2896 2035 3098 2087 militia
3125 2039 3216 2086 est
3249 2035 3367 2085 vita
3389 2034 3652 2086 hominis
3683 2048 3827 2100 super

2250 2109 2458 2158 terram
2477 2107 2607 2168 (Job.
2634 2109 2726 2171 7.).
2745 2109 2897 2160 Bene
2920 2109 3110 2158 autem
3135 2119 3252 2156 non
3275 2107 3371 2169 ait,
3391 2107 3824 2158 tabernaculum.

2251 2177 2354 2229 sed
2384 2178 2756 2228 tabernacula:
2800 2179 2937 2242 quia
2968 2177 3167 2229 multm
3202 2182 3340 2228 sunt
3371 2180 3825 2243 congregatioues

2251 2255 2602 2314 sanctorum,
2627 2256 2686 2302 et
2706 2251 2767 2302 in
2789 2250 2988 2301 multis
3007 2251 3148 2300 locis
3179 2252 3358 2300 servit
3380 2250 3632 2300 Domino
3657 2251 3824 2300 militia

2251 2321 2590 2373 Christiana.
2618 2323 2762 2373 Nam
2778 2322 2888 2374 alia
2913 2326 3051 2374 sunt
3068 2320 3438 2372 tabernacula
3466 2325 3824 2382 conjugatorum

2250 2391 2526 2456 fidelium,
2551 2393 2662 2444 alia
2686 2393 3120 2454 continentium,
3159 2391 3270 2442 alia
3292 2391 3716 2452 inchoantium,
3743 2392 3824 2442 alii

2249 2469 2670 2527 provectorum,
2697 2465 2806 2516 alia
2848 2465 3248 2529 perfectorum,
3296 2464 3408 2514 alia
3438 2463 3767 2515 auditorum
3789 2471 3827 2512 et

2253 2535 2628 2596 subditorum,
2646 2537 2755 2587 alia
2773 2536 3142 2600 praelatorum
3155 2539 3211 2586 et
3231 2535 3696 2598 praadicatorum.
3722 2537 3829 2587 Om-

2251 2605 2345 2656 nia
2361 2607 2720 2659 unimilitant
2746 2609 2901 2671 Regi.
2925 2609 2988 2658 Et
3007 2607 3056 2657 si
3094 2606 3324 2657 diversa
3345 2611 3485 2657 sunt
3519 2607 3736 2671 studia,
3761 2607 3825 2656 div

2251 2689 2552 2730 versorum
2576 2679 2924 2732 estintentio
2937 2692 3070 2730 una.
3088 2679 3226 2729 Cum
3247 2678 3413 2730 audis
3438 2677 3654 2742 lucem,
3668 2682 3824 2727 mundi

2251 2749 2504 2802 oculum.
2549 2751 2650 2802 Illa
2671 2751 2773 2802 lux
2803 2751 2991 2802 cordis
3025 2750 3306 2801 mundum
3337 2752 3575 2801 oculum
3601 2752 3825 2814 requirit.

2251 2821 2408 2871 Beati
2445 2823 2664 2874 mundo
2693 2823 2865 2874 corde
2897 2822 3172 2886 quoniam
3211 2822 3320 2886 ipsi
3359 2823 3540 2873 Deum
3571 2823 3824 2874 videbunt

2253 2892 2462 2952 (Matth.
2490 2891 2582 2952 5.).
2608 2895 2751 2946 Cum
2783 2894 2948 2946 audis
2975 2893 3663 2956 tabernaculum,bellum
3688 2894 3826 2945 intel-

2247 2964 2381 3028 lige,
2406 2965 2634 3018 hostem
2668 2979 2827 3018 cave.
2857 2967 2965 3018 Sed
2986 2971 3102 3027 jam
3133 2967 3289 3018 ducti
3312 2967 3371 3017 in
3397 2967 3826 3018 tabernaculum.

2251 3039 2310 3086 et
2331 3037 2501 3099 positi
2543 3037 2605 3087 in
2646 3044 2844 3090 monte
2879 3043 3076 3090 sancto
3108 3038 3256 3102 ejus,
3301 3049 3476 3100 quam
3512 3050 3684 3102 spem
3711 3039 3827 3103 geri-

2250 3110 2422 3158 mus?
2447 3109 2725 3171 sequitur,
2767 3114 2826 3161 et
2857 3109 2998 3160 dicit
3024 3127 3034 3158 :

2313 3178 2612 3231 4.1ntr0ibo
2631 3181 2702 3229 ad
2717 3181 2886 3230 alta-re
2917 3181 3031 3230 Dei.
3054 3180 3215 3242 Quod
3236 3185 3324 3232 est
3345 3179 3485 3231 illud
3512 3180 3564 3232 al
3575 3186 3698 3234 tare
3719 3185 3744 3232 ?
3764 3181 3826 3230 All

2249 3249 2438 3310 Deum,
2457 3251 2554 3315 qui
2579 3252 2802 3315 lxtiﬁcat
2821 3253 3154 3316 juventutem
3179 3267 3372 3302 meam.
3400 3252 3463 3302 Id
3496 3257 3610 3318 est,
3639 3254 3736 3317 qui
3758 3265 3826 3304 me

2178 3335 2229 3414 C
2248 3321 2523 3414 uveanem
2542 3323 2778 3414 factum,
2793 3324 3052 3414 deposita
3063 3324 3219 3404 omni
3233 3326 3540 3414 vetustate,
3556 3327 3824 3378 lmtiﬁcahit.

2252 3391 2443 3444 dando
2467 3393 2954 3446 immortalitatem
2981 3397 3038 3445 et
3069 3393 3613 3459 impassibilitatem.
3663 3397 3825 3447 Altare

2251 3464 2355 3514 Dei
2379 3469 2470 3516 est
2511 3465 2634 3530 ipse
2675 3466 2852 3517 Filius
2887 3466 3003 3518 Dei.
3048 3465 3137 3517 Ad
3192 3467 3300 3518 hoc
3331 3465 3507 3517 altare
3536 3467 3824 3519 introimus

2250 3535 2424 3587 modo
2454 3549 2552 3600 per
2570 3537 2760 3602 ﬁdem,
2787 3537 3156 3602 postmodum
3205 3537 3572 3589 introibimus
3603 3552 3705 3604 per
3727 3552 3820 3603 spe-

2252 3605 2414 3657 ciem.
2441 3608 2578 3658 Etin
2600 3608 2710 3660 hoc
2724 3608 3072 3660 altarimodo
3096 3608 3385 3660 offerimus
3401 3611 3522 3659 Deo
3539 3611 3698 3662 Patri
3721 3617 3823 3661 vota

2251 3682 2310 3728 et
2353 3678 2653 3742 sacrificia,
2698 3692 2796 3732 cor
2841 3680 3154 3731 contritum
3199 3685 3257 3730 et
3286 3679 3662 3732 humiliatum
3692 3680 3823 3745 (Psat.

2251 3746 2378 3812 50.),
2403 3750 2688 3801 orationes
2711 3757 2768 3802 et
2791 3763 3014 3815 preces:
3043 3751 3411 3816 poslmodum
3437 3752 3676 3815 repulsa
3697 3751 3825 3804 omni

2251 3821 2480 3872 tristitia
2498 3822 2558 3872 in
2580 3823 2782 3874 eodem
2795 3822 2976 3887 altari,
3005 3823 3064 3874 in
3081 3825 3206 3886 ipsa
3218 3823 3518 3874 divinitate
3541 3828 3824 3873 sacriﬁcium

2249 3894 2650 3944 tantummodo
2666 3896 2972 3946 offeremus
2988 3894 3193 3956 laudis,
3213 3898 3270 3944 et
3285 3907 3399 3944 non
3417 3896 3714 3946 orationis.
3731 3899 3825 3946 Lie-

2251 3963 2856 4029 tiﬂcabiturjuventus
2878 3971 3075 4017 nostra
3099 3966 3157 4016 in
3174 3965 3610 4028 resurrectione,
3631 3972 3689 4018 et
3703 3972 3828 4032 post-

2251 4049 2422 4096 quam
2452 4039 2606 4088 Deus
2621 4038 2728 4090 erit
2744 4039 2937 4090 omnia
2960 4037 3020 4088 in
3036 4037 3306 4088 omnibus
3320 4037 3579 4102 (Philipp.
3606 4037 3700 4101 3.).
3718 4041 3747 4089 J
3751 4051 3821 4089 am

2255 4105 2426 4175 207
2444 4109 2584 4160 nihil
2615 4109 2814 4170 deerit,
2838 4109 2990 4174 quod
3014 4108 3402 4160 necessarium
3426 4110 3722 4172 postulare
3735 4111 3819 4160 sit:

2249 4181 2350 4233 sed
2387 4181 2788 4232 tantummodo
2827 4180 3094 4232 laudibus
3129 4179 3339 4231 divinis
3375 4192 3598 4232 vacare.
3637 4182 3745 4234 Sed
3771 4179 3822 4230 ad

2248 4252 2404 4304 illam
2417 4251 2646 4304 laudem
2662 4253 2930 4316 quisquis
2942 4252 3242 4318 pervenire
3274 4252 3510 4317 appetit,
3531 4254 3696 4318 prius
3711 4268 3823 4315 opor-

2256 4327 2356 4387 tet,
2391 4326 2454 4376 ut
2481 4323 2844 4376 hicinchoet:
2863 4324 2990 4376 ideo
3017 4323 3231 4387 subdit,
3253 4323 3550 4386 Conﬁtebor
3573 4324 3736 4374 tibiin
3760 4340 3824 4388 cy-

2255 4397 2436 4457 thara,
2454 4395 2594 4444 Deus
2616 4396 2758 4445 Deus
2780 4410 2949 4446 meus.
2977 4395 3084 4446 Ubi
3099 4394 3376 4460 repetitio,
3400 4395 3643 4448 aﬂectus
3667 4401 3724 4448 et
3750 4395 3827 4446 de-

2253 4467 2500 4520 votionis
2524 4467 2801 4518 indicium
2825 4472 2929 4519 est.
2955 4469 3023 4518 In
3044 4467 3154 4520 hoc
3169 4467 3354 4518 didert
3375 4467 3613 4530 cythera
3636 4481 3672 4520 a
3699 4465 3828 4532 psal-

2252 4539 2411 4599 terio,
2431 4538 2566 4602 quia
2577 4539 2909 4602 psalterium
2931 4551 2966 4592 a
2999 4538 3274 4603 superiori
3298 4543 3475 4604 parte,
3509 4539 3746 4603 cythara
3770 4539 3826 4589 ab

2246 4611 2494 4664 inferiori
2505 4610 2689 4661 reddit
2703 4623 2930 4662 sonum.
2945 4611 3012 4662 In
3025 4609 3116 4661 his
3133 4610 3360 4662 duobus
3387 4611 3621 4674 organis
3644 4611 3705 4661 in
3727 4609 3827 4674 ple-

2245 4684 2438 4748 risque
2459 4681 2814 4746 psalmorum
2834 4681 2974 4734 locis
2996 4681 3365 4747 praecipimur
3386 4681 3644 4734 conﬁteri
3659 4680 3828 4734 Domi-

551 4769 728 4840 manu
752 4759 852 4840 tua
876 4753 1122 4840 est.(Job.
1149 4753 1239 4818 1.).
1276 4754 1542 4840 Seduquia
1565 4752 2038 4840 cumrepellando
2062 4767 2150 4838 re-
2176 4766 2349 4840 Duo.
2388 4756 2639 4840 Utraque
2677 4755 2785 4835 (Ea:
2825 4755 3360 4840 Augustino)rsu‘tlt‘
3378 4752 3762 4840 placita‘Deo,
3784 4757 3826 4802 et

548 4826 741 4886 tinuit,
761 4825 1089 4877 ostenditur
1117 4837 1251 4876 cum
1269 4826 1534 4889 protinus
1549 4823 1731 4875 addit:
1761 4825 2008 4876 Tantum
2034 4827 2151 4878 ani-

549 4911 706 4951 mam
725 4899 852 4962 ejus
866 4909 1050 4949 serva.
1078 4899 1341 4960 Quantus
1364 4901 1562 4950 autem
1576 4895 1664 4948 vir
1695 4895 1804 4947 iste
1827 4895 2015 4960 fuerit,
2051 4898 2152 4962 qui

555 4971 605 5038 2
616 4967 665 5037 ο
677 4967 730 5037 6
755 4984 788 5021 a
799 4969 916 5020 Deo
938 4969 1301 5034 relinquitur,
1317 4974 1374 5020 et
1389 4967 1616 5018 diabolo
1639 4967 2031 5038 traditur,ipso
2045 4971 2154 5022 Do-

549 5037 709 5094 mino
737 5039 808 5092 ad
835 5041 1083 5092 eundem
1121 5039 1412 5092 diabolum
1437 5039 1663 5089 dicente
1687 5037 2023 5090 didicimus:
2049 5041 2150 5092 ubi

549 5114 646 5174 ait,
673 5115 874 5165 Nonne
887 5111 1263 5164 considerasti
1275 5123 1507 5162 servum
1527 5122 1720 5160 meum
1737 5111 1864 5173 Job,
1879 5112 2031 5174 quod
2048 5129 2149 5162 non

551 5186 625 5238 sit
654 5185 703 5237 ei
729 5185 932 5236 similis
957 5187 1019 5234 in
1058 5188 1210 5235 terra
1231 5185 1258 5232 7
1295 5181 1382 5232 vir
1406 5180 1650 5244 simplex
1674 5186 1731 5232 et
1751 5185 1962 5243 rectus,
1986 5196 2054 5236 ac
2075 5186 2150 5236 ti-

549 5271 716 5309 mens
739 5259 942 5316 Deum,
982 5260 1042 5306 et
1064 5253 1340 5306 recedens
1365 5265 1399 5304 a
1430 5252 1582 5304 malo
1605 5253 1842 5317 (Ibidem)
1887 5257 1993 5318 Qui
2016 5270 2151 5308 cum

551 5329 682 5380 talis
697 5333 872 5390 esset,
885 5330 1110 5390 poterat
1124 5325 1300 5388 digne
1313 5325 1554 5375 Domino
1577 5324 1794 5377 dicere:
1815 5326 1990 5384 Quare
2013 5340 2148 5390 ergo

548 5416 632 5450 me
653 5400 900 5464 rep'utisti
924 5401 948 5448 .9
978 5397 1047 5446 Et
1081 5411 1254 5460 quare
1267 5397 1432 5446 tristis
1463 5397 1666 5457 incedo,
1687 5397 1818 5446 dum
1843 5399 2042 5460 afﬂigit
2065 5414 2150 5448 me

509 5515 516 5530 ,
549 5472 843 5522 inimicus?
859 5469 960 5520 Cui
981 5469 1154 5520 etiam
1176 5469 1407 5532 dignius
1439 5469 1723 5533 potuisset
1748 5469 2028 5520 Dominus
2062 5482 2150 5521 re-

551 5543 856 5610 spondere,
882 5543 1001 5605 Ego
1013 5553 1159 5604 quos
1183 5552 1333 5605 amo,
1351 5553 1530 5604 arguo
1554 5545 1609 5592 et
1633 5541 1878 5603 castigo:
1897 5541 2151 5604 ﬂagellat

549 5618 702 5668 enim
713 5614 998 5666 Dominus
1011 5626 1240 5664 omnem
1253 5613 1630 5678 filium,quem
1643 5611 2035 5676 recipit{Prov.
2054 5611 2146 5676 1.).

549 5691 634 5752 Et,
674 5689 888 5739 Beatus
911 5686 1011 5750 qui
1051 5685 1252 5738 suﬂ‘ert
1275 5685 1652 5738 tentationem
1678 5701 1690 5733 :
1717 5683 1988 5747 quoniam
2013 5695 2148 5736 cum

545 5760 823 5824 probatus
856 5757 1044 5820 fuerit,
1080 5757 1321 5822 accipiet
1355 5768 1626 5808 coronam
1649 5755 1788 5808 vitae
1826 5753 2020 5820 (Jacob.
2055 5754 2147 5820 1.).

611 5883 630 5904 ·
649 5875 908 5994 ιΡιεοτάιιίς
949 5875 1012 5928 in
1039 5873 1280 5940 vulgato
1321 5873 1652 5940 Augustino
1679 5871 2020 5938 conscientia,
2041 5884 2146 5939 pro

611 5961 645 5994 η
672 5945 902 5994 ἱηεηιία.

547 5945 902 5996 continentia.

609 6017 630 6046 δ
645 6015 775 6068 Alio
791 6028 988 6080 sensu,
1022 6021 1200 6082 atque
1219 6017 1331 6072 alia
1363 6017 1518 6084 apud
1563 6017 1957 6083 Augustinum
1977 6017 2151 6072 inter-

2251 4827 2452 4880 suavia
2471 4827 2706 4878 auribus
2718 4826 2864 4890 ejus.
2885 4826 3124 4888 Quando
3143 4825 3368 4877 dicebat
3383 4825 3692 4889 Apostolus
3705 4835 3826 4890 prte-

2251 4899 2440 4950 dicare
2462 4897 2827 4962 evangelium
2863 4897 2986 4957 Dei,
3022 4904 3071 4948 et
3093 4895 3232 4948 illud
3255 4909 3372 4948 non
3396 4897 3468 4947 ab
3492 4895 3822 4955 hominibus,

2247 4982 2436 5033 neque
2460 4982 2561 5032 per
2583 4969 2896 5029 hominem,
2925 4969 3026 5020 sed
3045 4981 3143 5032 per
3156 4970 3186 5018 J
3194 4981 3356 5019 esum
3380 4967 3672 5019 Christum
3686 4979 3824 5019 acce-

2247 5041 2404 5105 pisse
2423 5039 2598 5104 (Gat.1
2627 5039 2663 5103 ),
2687 5040 2934 5104 desuper
2957 5041 3242 5091 sonabant
3265 5039 3512 5090 chordae.
3541 5041 3683 5090 Cum
3708 5049 3822 5089 vero

2251 5112 2520 5164 dicebat:
2567 5111 2886 5162 Gloriamur
2935 5112 2994 5162 in
3041 5111 3520 5172 tribulationibus,
3575 5111 3821 5165 scientes,

2249 5183 2384 5248 quia
2400 5183 2689 5234 tribulatio
2715 5184 3050 5248 patientiam
3064 5187 3348 5247 Operatur,
3368 5187 3424 5234 et
3447 5187 3654 5234 cratera
3677 5184 3820 5246 (Rom-

2249 5254 2318 5316 5.)
2341 5255 2605 5319 :cythara
2624 5257 2886 5318 sonabat,
2919 5269 2990 5305 ex
3011 5255 3263 5306 inferiori
3289 5254 3543 5317 quidem,
3571 5254 3669 5304 sed
3687 5263 3818 5301 latitet:

2248 5326 2506 5379 dulciter.
2521 5328 2722 5378 Omnis
2745 5328 2895 5378 enim
2913 5327 3190 5391 patientia
3213 5324 3396 5376 dulcis
3419 5330 3508 5376 est
3533 5327 3672 5376 Deo.
3701 5323 3816 5376 Dicit

2247 5411 2402 5462 ergo,
2439 5398 2736 5462 Conﬁtebor
2759 5398 2854 5447 tibi
2877 5399 2937 5446 in
2961 5399 3192 5463 cythara
3216 5412 3228 5448 :
3254 5400 3481 5462 propter
3504 5397 3663 5460 illud,
3690 5393 3816 5458 quod

2247 5470 2488 5533 dixerat,
2515 5473 2700 5532 Quare
2724 5471 2906 5522 tristis
2925 5471 3142 5533 incedo,
3163 5470 3300 5520 dum
3318 5469 3520 5532 afﬂigit
3536 5481 3630 5520 me
3652 5465 3816 5519 inimi-

2247 5545 2388 5592 cus?
2410 5543 2738 5593 Patiebatur
2759 5556 2833 5594 ex
2862 5542 3112 5593 inferiori
3135 5541 3460 5592 afflictione.
3485 5543 3540 5591 et
3563 5541 3623 5591 in
3647 5553 3710 5590 eo
3733 5540 3813 5597 ipsa

2246 5613 2476 5664 volebat
2497 5614 2719 5676 placere
2735 5615 2874 5678 Deo,
2898 5618 2955 5666 et
2977 5615 3260 5678 gestiebat
3275 5611 3486 5676 gratias
3511 5624 3676 5675 agere
3699 5609 3814 5658 forti-:-

2244 5683 2304 5735 in
2331 5685 2792 5738 tribulationibus
2828 5703 2839 5735 :
2867 5691 2926 5736 et
2959 5685 3092 5748 quia
3126 5685 3248 5736 sine
3271 5684 3362 5736 his
3385 5695 3514 5735 esse
3538 5697 3656 5736 non
3680 5689 3813 5748 potec

2243 5759 2334 5808 rat
2359 5757 2378 5784 ³³
2403 5757 2697 5822 patientia,
2723 5759 2842 5810 Deo
2875 5757 3118 5810 dicebat.

2243 5873 2572 5938 punctione,
2601 5875 2735 5939 quia
2765 5875 2882 5926 sine
2930 5873 3278 5925 tribulatione
3319 5888 3422 5924 esse
3459 5888 3570 5924 non
3602 5871 3806 5938 poterat,

2239 5945 2567 6008 patientiam
2587 5948 2696 5998 Deo
2723 5947 2964 6000 debebat:
2999 5959 3132 6012 quae
3149 5945 3402 6013 antiquis
3429 5947 3564 6000 Mss.
3586 5943 3805 5998 varietas

2243 6017 2548 6074 tribuenda
2575 6021 2683 6074 est.
