3890 6394
56 394 166 448 813
1038 397 1110 447 ΙΝ

1169 394 1491 447 PSALMOS
1546 394 1753 446 LXXV
1819 395 2393 452 COMMENTARIUS.

3245 416 3350 472 814

124 508 504 592 5‘.'Interh£ec
520 510 831 592 alloquitur
844 509 1098 591 animam
1125 521 1311 592 suam,
1330 508 1653 592 consolans,
1676 512 1733 585 Α
1783 509 1872 592 “3.
1899 511 2098 592 Manus
2122 513 2320 592 tuquid
2344 519 2448 592 est,
2476 517 2661 592 virtus
2685 524 2741 571 et
2763 525 3019 584 potentia
3045 529 3160 589 tua,
3177 538 3352 592 gentes

57 584 118 631 et
142 579 309 631 dicit:
329 580 504 638 Quare
528 581 692 629 tristis
707 596 775 644 es,
800 581 992 629 anima
1010 584 1165 631 mea?
1188 585 1231 629 et
1250 593 1419 644 quare
1440 587 1660 630 contur-

56 651 152 699 bas
169 653 291 701 me?
316 649 423 701 Sed
450 650 579 712 quis
604 656 710 703 est.
730 652 827 714 qui
842 651 1093 714 loquitur
1110 650 1177 702 ad
1194 652 1443 703 animam
1457 649 1661 701 ?Intel-

1760 581 2808 663 disperdidit,_vidielicet‘amorrhmum,
2832 581 3201 663 Jebuseeum:
3217 602 3354 655 Phe-

1756 664 2024 728 rezteum,
2066 658 2112 700 et
2156 652 2419 728 plantasti
2460 673 2558 721 eos,
2609 660 2819 713 scilicet
2860 668 3048 728 patres
3095 652 3348 725 nostros.

54 722 530 803 ligimus‘habere
550 736 656 772 nos
676 722 907 803 aliquid,
926 723 1025 803 ubi
1046 723 1236 803 imago
1260 723 1361 773 Dei
1377 725 1491 803 est:
1512 738 1658 803 men:
1757 724 1984 803 Dictum
2013 727 2101 774 est
2132 736 2166 803 a
2205 726 2383 803 simili
2413 729 2633 803 arboris
2658 722 2946 798 plantatae,
2985 750 3117 801 quae
3144 742 3217 793 ad
3236 722 3350 797 hoc

58 799 177 867 tem
215 791 429 844 scilicet
457 798 637 867 atque
662 794 963 867 rationem.
990 795 1118 857 Ipsa
1142 799 1249 867 est,
1276 806 1408 857 quae
1432 793 1663 867 invocat
1757 794 2064 867 plantatur,
2094 799 2159 844 ut
2181 796 2466 849 radicetur
2487 805 2543 851 et
2566 791 2882 857 fructificet.
2899 791 3021 859 H06
3041 791 3216 863 modo
3232 791 3351 867 dis:-

55 864 261 917 lucem“
275 868 333 917 et
352 865 651 915 veritatem
668 864 789 915 Dei.
809 866 937 929 Ipsa
948 870 1056 925 est,
1075 866 1207 928 quia
1220 865 1500 927 injustum
1517 863 1661 928 capi-

56 950 194 987 mus
219 939 275 987 et
291 936 539 999 justum,
566 947 682 998 qua
699 935 1077 987 discernimus
1104 948 1303 987 verum
1320 934 1527 986 afalso.
1549 939 1659 996 Ipsa

56 1012 305 1058 vocatur
326 1006 669 1066 intellectus,
708 1018 822 1069 quo
852 1012 1049 1058 carent
1072 1008 1291 1059 bestiae.
1328 1006 1659 1058 Intellectus

55 1091 198 1142 ergo
235 1083 433 1129 noster
467 1077 779 1140 alloquitur
814 1077 1066 1128 animam
1097 1083 1375 1140 nostram,
1403 1077 1661 1141 superior

52 1162 194 1215 pars
223 1149 433 1201 animae
459 1148 800 1199 inferiorem.
826 1150 944 1200 Ista
964 1148 1023 1199 in
1042 1147 1661 1199 tribulationibusmar-

53 1221 188 1273 cida
212 1226 318 1281 est,
342 1220 494 1271 fessa
515 1219 574 1270 in
603 1219 994 1284 languoribus,
1007 1220 1064 1271 in
1091 1220 1500 1271 tentationibus
1522 1232 1660 1271 con-

54 1297 261 1356 tracta,
283 1304 439 1356 aegra
460 1292 520 1342 in
535 1291 846 1344 laboribus.
870 1290 1049 1355 Erigit
1063 1304 1191 1343 eam
1214 1304 1379 1343 mens
1395 1291 1659 1355 desuper,

53 1364 292 1429 capiens
318 1363 636 1416 veritatem.
664 1361 840 1413 Audit
860 1362 1017 1413 illam
1042 1374 1245 1414 vocem
1266 1361 1367 1413 Dei
1378 1362 1656 1417 internam

1758 864 2004 950 perdidit
2028 877 2126 950 eos
2152 878 2361 950 manus
2388 873 2512 950 tua,
2529 873 2664 950 quia
2679 875 2837 950 prius
2861 877 3114 941 afﬂimisti
3137 864 3351 950 eosper

1758 935 1941 1012 multa
1963 935 2125 996 bella,
2154 942 2198 985 et
2223 937 2305 1012 sic
2326 942 2580 1003 eacpulisli
2595 935 2696 1007 eos,
2711 945 2781 997 de
2807 935 2951 1000 terra
2976 962 3098 1012 sua,
3124 935 3350 1009 utistes

1756 1006 2152 1085 introduceres
2168 1008 2545 1085 etplantares,
2564 1006 2875 1080 eorumque
2889 1006 3128 1085 regnum
3148 1030 3246 1079 tua
3261 1006 3351 1078 ini:

1760 1078 2065 1165 sericordia
2100 1080 2488 1165 confirmares.
2525 1085 2635 1136 Sed
2671 1078 2816 1139 forte
2837 1089 2917 1140 illi
2941 1078 3083 1145 adeo
3107 1095 3218 1149 ista
3248 1113 3352 1165 po-

1761 1153 2012 1231 tuerunt,
2033 1149 2165 1229 quia
2181 1150 2354 1231 fortes
2372 1159 2553 1231 erant,
2574 1157 2707 1231 quia
2727 1160 3099 1228 praeliartoes,
3122 1149 3352 1230 quia‘in-

1759 1222 1915 1294 victi,
1953 1222 2087 1284 quia
2105 1222 2430 1294 exercitati.
2469 1227 2593 1277 Non
2624 1227 2734 1279 hoc
2762 1231 2929 1283 nobis
2952 1222 3352 1294 indicaverunt

1760 1293 1956 1372 Patres
1970 1292 2136 1372 notri.
2152 1294 2290 1372 ‘Non
2311 1293 2421 1372 hoc
2442 1295 2618 1372 habet
2647 1301 2952 1365 Scriptura.
2972 1305 3081 1358 Sed
3102 1310 3238 1372 quid
3260 1292 3353 1365 ha;

1759 1364 1876 1425 bet,
1890 1363 2002 1445 nisi
2018 1363 2171 1427 quod
2186 1366 2448 1445 sequitur
2459 1371 2482 1416 Ρ
2494 1368 2623 1445 Νοη
2640 1363 2787 1420 enini
2801 1373 2861 1423 in
2882 1375 3066 1438 gladio
3084 1363 3201 1445 suo,
3217 1384 3268 1432 id
3280 1363 3353 1433 est

53 1437 239 1517 Angit
261 1433 597 1519 ιιὲᾳοέξλιῖηὲ
1350 1432 1507 1519 enim
1521 1436 1671 1519 ᾷθειιιι
1758 1438 2051 1519 armatura
2074 1437 2546 1519 sua,possederun_t
2568 1445 2848 1519 terram,_et
2870 1432 3350 1519 brachium,idest,

55 1520 157 1570 per
169 1507 235 1558 in
250 1505 476 1558 silentio
502 1509 670 1555 sonat
692 1503 990 1569 quiddam,
1006 1516 1125 1555 non
1136 1504 1390 1565 auribus,
1406 1504 1506 1555 sed
1518 1518 1662 1553 men-

55 1578 246 1629 tibus:
269 1582 334 1629 ut
349 1575 682 1639 quicunque
692 1574 833 1625 illud
849 1574 1006 1625 audit
1020 1575 1222 1636 melos,
1235 1574 1405 1625 taedio
1416 1576 1661 1623 efﬁciatur

54 1663 129 1700 ex
157 1648 403 1713 strepitu
426 1645 703 1710 corporali
727 1650 785 1696 et
808 1650 929 1697 tota
944 1646 1063 1698 vlta
1078 1646 1189 1696 ista
1200 1646 1458 1697 humana
1480 1648 1661 1694 tumul-

52 1723 151 1772 tus
176 1720 231 1771 ei
251 1719 484 1782 quidam
511 1719 603 1781 sit,
621 1716 940 1780 impediens
964 1717 1227 1768 auditum
1242 1718 1451 1768 interni
1464 1716 1661 1779 cujus-

56 1794 195 1843 (1am
223 1791 349 1842 soni
371 1790 615 1841 nimium
651 1788 1002 1840 delectabilis
1018 1791 1074 1839 et
1092 1788 1412 1840 inetl‘abilis.
1447 1789 1658 1838 Etcum

1758 1507 1950 1577 robur,
1975 1520 2161 1555 eorum
2185 1521 2296 1556 non
2319 1508 2545 1559 suleavit
2564 1526 2664 1573 eos,
2691 1514 2763 1564 ab
2785 1515 3053 1571 inimicis.
3096 1507 3172 1573 Si.
3198 1507 3351 1577 enim

1764 1576 1848 1658 2|
1872 1570 1931 1643 Ι*
1956 1577 2190 1658 εθὶρεοε,
2209 1590 2324 1629 non
2348 1570 2662 1658 potuerunt
2686 1585 2911 1639 salvare
2939 1590 3011 1641 ab
3042 1570 3153 1643 illis
3175 1570 3351 1658 gent;

1759 1650 1870 1701 bus
1898 1662 1910 1698 :
1934 1649 2310 1699 multominus
2335 1656 2562 1702 constat
2583 1654 2649 1704 ut
2676 1657 2902 1719 propria
2913 1659 3125 1713 virtute
3142 1649 3350 1717 te'rram

1757 1720 1985 1800 illorum
2023 1720 2701 1800 pot'uissenthpossidere.
2735 1727 3057 1800 Brachium,
3092 1732 3350 1800 inquam,

1758 1803 1875 1871 non
1906 1790 2158 1870 salvavit
2190 1802 2317 1841 eos:
2343 1791 2445 1841 Sed
2467 1793 2684 1871 dextera
2708 1802 2819 1871 tua,
2842 1799 2899 1849 id
2924 1807 3031 1865 est,
3048 1790 3210 1857 favor
3226 1790 3354 1871 grai

56 1867 71 1951 ξ
80 1870 136 1915 ta
152 1861 456 1951 contingit,
483 1866 540 1912 et
555 1873 630 1912 ex
653 1860 843 1940 aliqua
865 1859 1426 1951 perturli‘ationenvim
1445 1858 1660 1951 patitur
1684 1877 1737 1951 B
1761 1862 1857 1913 tiae
1873 1873 2030 1951 ‘suae,
2213 1873 2366 1924 saepe
2379 1874 2485 1951 eos
2492 1865 2705 1951 quibus
2716 1858 3000 1947 favemus,
3019 1858 3090 1923 ad
3103 1858 3351 1928 dexteram

58 1937 258 1994 homo,
283 1931 580 1995 alloquens
606 1931 859 1982 animam
890 1943 1055 1981 suam
1080 1930 1217 1981 dicit
1242 1945 1254 1981 :
1281 1932 1457 1989 Quare
1491 1930 1658 1978 tristis

54 2022 124 2069 cs,
168 2005 368 2055 anima
394 2006 549 2053 mea?
582 2003 858 2064 Quasdam
886 2006 1053 2053 sonat
1084 2014 1341 2065 praesens
1367 2001 1653 2065 allocutio,

54 2078 282 2140 reliqua
293 2080 501 2139 purgat
516 2074 700 2125 fidelis
713 2074 1016 2125 confessio.
1031 2074 1192 2125 Unde
1205 2076 1441 2124 etsubdit
1456 2087 1469 2123 :
1486 2073 1657 2136 Spera

58 2151 112 2198 in
136 2150 267 2212 Deo,
293 2150 545 2210 Expecta
561 2146 864 2197 Dominum
880 2150 1387 2208 remuneratorem,
1410 2145 1545 2208 quia
1553 2148 1655 2204 jam

58 2220 387 2279 confessus,
430 2218 611 2267 adhuc
642 2216 926 2277 conﬁtebor
957 2216 1057 2269 illi.
1084 2216 1249 2267 Modo
1272 2215 1547 2267 conﬁteor
1569 2214 1657 2267 af-

58 2293 279 2343 ﬂictus:
301 2289 561 2340 futurum
586 2291 769 2351 est,ut
784 2288 974 2339 adhuc
989 2289 1262 2339 conﬁtear
1276 2292 1587 2340 renovatus
1611 2290 1659 2334 et

56 2363 407 2424 lsetiﬂcatus,
433 2362 502 2411 Et
534 2360 661 2411 haec
683 2364 791 2419 est,
817 2362 872 2410 et
887 2360 992 2410 erit
1014 2371 1142 2412 mea
1164 2358 1467 2423 confessio,
1494 2358 1657 2409 Satu-

59 2441 172 2483 tare
218 2432 396 2481 vultus
429 2431 550 2493 mei,
590 2436 635 2479 et
679 2431 819 2479 Deus
853 2445 1021 2483 meus.
1057 2433 1128 2481 Et
1162 2430 1288 2483 haec
1311 2434 1416 2494 est,
1446 2440 1659 2494 magna

6 2504 9 2509 ‘
58 2517 268 2557 caussa
298 2502 584 2567 sperandi,
611 2501 743 2564 quia
760 2501 1019 2553 Salvator
1041 2514 1203 2552 meus
1221 2505 1279 2552 et
1302 2500 1500 2554 vultus
1524 2500 1656 2565 mei,

58 2578 112 2628 id
144 2581 256 2639 est,
291 2575 515 2625 habens
554 2572 781 2624 vultum
817 2585 1032 2631 meum,
1071 2573 1312 2624 formam
1346 2584 1555 2635 meam,
1600 2576 1659 2623 et

6 2646 9 2703 Ϊ
58 2660 158 2712 pro
199 2659 296 2697 me
330 2648 421 2696 est
452 2643 625 2696 homo
666 2643 855 2695 factus
889 2642 1150 2707 (Philipp.
1192 2641 1283 2706 ‘12.),
1323 2648 1380 2695 et
1410 2643 1534 2708 ipse
1570 2646 1659 2694 est

6 2720 9 2779 ξ
58 2722 215 2771 Deus
229 2728 415 2769 meus.

248 2821 422 2891 208
467 2812 837 2877 TlTULUS
880 2810 1192 2876 PSALMI
1234 2811 1476 2875 XLIII.

122 2931 172 2976 1.
225 2924 289 2972 In
313 2924 477 2985 ﬁnem
507 2920 637 2984 ﬁliis
671 2920 843 2970 Chore
865 2920 939 2969 ad
962 2919 1300 2968 intellectum.
1324 2922 1545 2970 Psalmus
1567 2923 1659 2985 iste

6 2984 11 3017 ί
62 2982 367 3051 proponitur
389 2982 514 3051 ﬁliis
542 2987 714 3051 Chore,
743 2985 793 3051 id
817 2989 909 3051 est,
923 2985 1047 3051 _ﬁliis
1076 2985 1322 3051 passionis
1342 2988 1388 3032 et
1408 2986 1570 3032 crucis
1585 2982 1659 3033 ad

6 3080 12 3101 ι
62 3047 388 3100 intellectum
412 3048 696 3095 habendum
720 3047 963 3094 subaudis
982 3047 1358 3105 :utintelligant
1374 3061 1459 3105 per
1476 3053 1659 3106 tempo-

61 3117 187 3163 ralia
211 3115 343 3161 bona
366 3112 484 3159 data
510 3110 716 3169 antiquo
731 3110 932 3170 populo,
953 3109 1231 3169 signiﬁcata
1244 3123 1354 3157 esse
1377 3110 1657 3168 spiritualia

62 3181 215 3233 bona,
246 3188 358 3235 quas
376 3175 479 3232 jam
508 3173 689 3220 dantur
725 3172 1009 3220 Christiano
1041 3174 1243 3232 populo,
1270 3176 1317 3219 et
1337 3173 1538 3231 plenius
1567 3174 1659 3220 da-

6 3272 9 3275 -
59 3243 254 3288 buntur
276 3238 331 3285 in
365 3238 545 3286 futuro.
580 3235 724 3282 Filiis
754 3236 911 3283 Chore
934 3235 1064 3295 dico,
1079 3235 1278 3281 directis
1305 3236 1359 3281 in
1385 3235 1556 3296 ﬁnem,
1574 3249 1660 3295 per

6 3298 9 3355 ξ
60 3306 199 3351 hunc
237 3300 562 3347 intellectum.
603 3298 801 3344 Materia
837 3301 957 3344 sunt
989 3303 1250 3357 martyres,
1289 3295 1380 3356 qui
1407 3295 1558 3344 etiam
1583 3300 1664 3345 lo-

56 3346 306 3426 quuntur.
325 3346 379 3426 In
405 3346 563 3422 prima
587 3360 885 3426 parteponit
908 3346 1278 3426 distinctionem
1305 3346 1664 3426 beneficiorum
1688 3346 1738 3422 C

6 3440 9 3491 ῖ
57 3422 158 3492 Dei,
192 3439 311 3487 quas
346 3425 462 3492 facit
493 3425 618 3492 Deus
655 3424 775 3469 huic
810 3424 1014 3492 populo,
1039 3426 1090 3492 et
1107 3436 1223 3481 quas
1247 3422 1359 3492 fecit
1383 3423 1539 3492 priori
1568 3437 1654 3483 po-

6 3488 10 3521 ἶ
55 3484 175 3551 pulo
209 3484 231 3536 Ξ
263 3488 529 3551 ostendens
546 3488 655 3532 hwc
683 3499 788 3532 esse
813 3490 1013 3551 aeterna,
1038 3486 1127 3531 illa
1142 3498 1258 3531 vero
1288 3484 1443 3551 fuisse
1467 3490 1655 3551 tempo-

56 3548 203 3601 ralia.
235 3551 287 3598 1n
312 3550 534 3597 secunda
556 3553 693 3608 parte
722 3548 864 3606 ponit
891 3548 1040 3607 male,
1066 3562 1179 3606 qua)
1212 3548 1459 3594 sustinent
1485 3549 1539 3595 in
1562 3550 1657 3596 hac

54 3618 175 3679 vita,
198 3614 445 3679 quamvis
460 3612 515 3658 in
538 3612 705 3679 futuro
721 3611 821 3679 sint
844 3611 1074 3679 habituri
1087 3612 1241 3657 multa
1252 3612 1398 3679 bona.
1415 3611 1553 3666 Quod
1570 3626 1658 3658 au-

8 3692 9 3695 ‘
58 3674 172 3726 tem'
195 3677 327 3736 justi
356 3676 409 3722 in
433 3677 526 3721 hac
556 3676 657 3720 vita
688 3674 954 3732 patiuntur
977 3674 1111 3720 mala
1133 3674 1422 3732 temporalia
1450 3689 1460 3720 :
1487 3680 1657 3721 contra

58 3745 150 3789 hoc
196 3744 291 3798 est,
330 3739 461 3798 quod
488 3737 678 3797 priores
700 3736 875 3795 populi
902 3736 1245 3783 liberabantur
1266 3750 1298 3798 a
1316 3738 1656 3798 corporalibus

59 3803 247 3864 pcnnis.
276 3795 506 3848 In'tertia
523 3806 673 3864 parte
692 3804 798 3864 orat
827 3799 1026 3864 liberari
1056 3813 1085 3846 a
1113 3799 1260 3864 malis
1284 3795 1440 3864 hujus
1466 3799 1577 3864 vitae
1602 3800 1657 3845 in

61 3860 288 3926 tempore
332 3861 722 3911 resurrectionis.
762 3862 973 3908 Intentio
1006 3865 1079 3907 est
1104 3860 1440 3926 nosuinvitare
1463 3862 1530 3926 ad
1566 3875 1657 3926 pa-

58 3923 306 3985 tientiam,
338 3940 402 3974 ne
437 3926 788 3973 contristemur
822 3937 910 3982 pro
951 3923 1305 3981 temporalibus
1340 3923 1521 3982 pasnis.
1553 3925 1657 3971 Vox

60 3998 367 4051 martyrum,
412 3988 798 4049 oslendentium,
834 4000 950 4046 quas
985 3987 1117 4041 bona
1138 3986 1253 4033 fecit
1280 3986 1408 4033 Deus
1429 3985 1658 4045 antiquis

6 4088 9 4091 ν
61 4055 319 4115 patribus,
331 4064 445 4100 cum
474 4051 634 4099 dicit:

528 4136 929 4202 PSALMUS
958 4136 1196 4200 XLIII.

120 4224 171 4282 2.
198 4229 345 4280 Deus
366 4227 594 4279 auribus
605 4228 803 4277 nostris
816 4226 1148 4278 audivimus.
1167 4226 1500 4279 Notandum
1512 4229 1658 4277 nobis

60 4306 164 4363 est,
197 4301 359 4365 quod
387 4313 505 4353 non
529 4304 756 4352 tantum
771 4298 926 4363 dicit,
952 4299 1299 4349 audivimus:
1324 4299 1428 4351 sed
1445 4299 1657 4365 jungit,

59 4373 292 4421 auribus
311 4373 523 4424 nostris.
545 4373 874 4424 Consonant
898 4372 1074 4422 verba
1096 4370 1430 4434 prophetiae,
1468 4371 1659 4423 verbis

59 4455 191 4506 quae
217 4444 503 4495 Dominus
533 4444 671 4495 dicit
691 4443 754 4494 in
776 4441 1082 4505 Evangelio
1113 4455 1125 4491 :
1160 4441 1267 4502 Qui
1295 4442 1469 4494 habet
1489 4454 1659 4493 aures

58 4514 352 4579 audiendi,
392 4515 587 4566 audiat
622 4515 764 4578 (Luc.
801 4511 888 4576 8.).
915 4512 1077 4564 Multi
1102 4512 1318 4564 habent
1340 4525 1509 4565 aures
1533 4525 1660 4565 car-

58 4586 171 4651 nis,
206 4598 329 4638 non
373 4586 576 4643 cordis,
625 4586 760 4649 quia
792 4584 1045 4636 exterius
1067 4584 1330 4646 audiunt,
1359 4585 1517 4637 intus
1542 4597 1661 4637 non

62 4658 371 4723 recipiunt.
399 4660 702 4722 PrOpterea
721 4656 946 4720 dicitur,
968 4654 1194 4705 auribus
1210 4656 1425 4720 nostris,
1438 4661 1501 4708 ut
1527 4668 1659 4720 quae

1760 1936 2018 2010 nostram
2044 1931 2416 2010 collocamus:
2437 1935 2504 1982 Et
2534 1934 2822 2010 brachium
2841 1931 3015 2005 muni,
3040 1944 3098 1995 id
3128 1952 3234 2010 est,
3254 1949 3356 2000 for-

1763 2003 1947 2054 titudo
1983 2006 2083 2053 tua
2109 2018 2119 2049 :
2146 2002 2284 2065 quia
2311 2004 2371 2053 in
2396 2005 2645 2057 brachiis
2682 2009 2857 2061 habet
2875 2002 3047 2064 homo
3071 2002 3356 2071 fortitudi-

1758 2088 1893 2130 nem
1915 2090 1928 2125 :
1954 2075 2021 2147 Et
2044 2074 2379 2147 illuminatie
2399 2076 2576 2125 vultus
2599 2079 2695 2139 tui,
2710 2079 2766 2130 id
2784 2087 2890 2145 est,
2906 2086 3162 2147 prudens
3175 2092 3356 2142 consi-

1758 2149 1921 2209 lium,
1970 2145 2094 2197 sive
2124 2145 2415 2208 miracula,
2456 2159 2590 2209 quas
2626 2156 2791 2201 erant
2824 2145 3353 2214 eis—demonstratio

1760 2219 1959 2272 vultus
1986 2217 2086 2291 tui,
2192 2221 2296 2277 est,
2318 2217 2518 2291 gratiae
2539 2221 3188 2291 etbenevolentiaatuze.
3206 2233 3347 2291 Quid

1759 2294 1850 2341 est
1872 2287 2025 2351 quod
2046 2285 2263 2360 talibus
2286 2287 2467 2360 signis
2487 2289 2700 2360 atl‘uisti
2724 2291 2785 2341 in
2806 2293 2982 2354 eis,ut
2994 2285 3252 2360 prasens
3274 2303 3354 2353 in-

1760 2357 2125 2434 telligereris‘t
2141 2358 2428 2434 Numquid
2450 2359 2603 2434 enim
2629 2357 3038 2424 quandonobis
3049 2369 3241 2434 aliquo
3264 2377 3356 2421 mi-
3434 2412 3443 2418 .

1759 2430 1953 2482 raculo
1978 2430 2132 2479 Deus
2155 2428 2339 2490 adest,
2368 2428 2570 2481 faciem
2584 2431 2767 2495 ipsius
2793 2436 2974 2488 oculis
2990 2428 3202 2493 nostris
3218 2445 3356 2494 vide-

1759 2514 1891 2553 mus
1907 2504 1932 2551 ?
1950 2499 2058 2551 Sed
2070 2499 2277 2550 eﬂ’ectu
2288 2500 2549 2552 miraculi
2566 2516 2733 2554 suam
2749 2509 3118 2568 praesentiam
3130 2514 3353 2564 insinuat

1758 2570 2379 2643 hominibus.‘Denique
2396 2572 2493 2635 qui
2506 2574 2786 2626 mirantur
2798 2577 2872 2628 ad
2882 2578 2980 2643 huj
2991 2584 3215 2635 usmodi
3229 2588 3355 2635 facta

1761 2646 1964 2696 dicunt
1981 2660 1990 2692 :
2015 2641 2280 2693 Vidimus
2295 2644 2477 2693 Deum
2490 2657 2714 2708 praesen
2724 2652 2856 2699 tem.
2868 2641 3008 2702 Haec
3022 2658 3215 2705 autem
3226 2657 3355 2708 ideo

1761 2716 1946 2791 fecisti
1970 2714 2077 2791 eis,
2102 2714 2374 2791 Quoniam
2396 2716 2766 2791 complacuisti
2786 2720 2844 2768 in
2873 2723 2963 2770 eis.
2990 2723 3112 2775 Hoc
3135 2731 3224 2778 est
3247 2729 3356 2791 (Ea:

1760 2787 2106 2862 Augustino),
2139 2785 2221 2837 sic
2258 2798 2391 2838 cum
2423 2788 2506 2862 eis
2525 2790 2776 2855 gessisti,
2802 2794 2868 2862 ut
2891 2794 3147 2857 placeres
3169 2797 3230 2848 in
3251 2785 3353 2862 eis,

1763 2863 1828 2912 ut
1856 2858 2120 2932 quisquis
2145 2870 2245 2932 eos
2268 2858 2587 2932 attenderet
2601 2861 2893 2923 quomodo
2916 2876 3051 2915 cum
3063 2867 3145 2919 eis
3158 2858 3356 2932 agere?

1762 2935 1874 2996 tur,
1901 2930 2150 3002 diceret:
2176 2929 2319 2991 Quia
2346 2942 2482 2984 vere
2506 2932 2661 2983 Deus
2683 2936 2775 2983 est
2796 2946 2929 2986 cum
2951 2935 3084 3002 illis,
3119 2942 3178 2990 et
3198 2929 3354 2993 Deus

1759 3015 1860 3057 eos
1890 3010 1907 3030 ·
1930 3000 2190 3064 adjuvat.

1824 3074 1874 3127 4.
1911 3072 2021 3124 Sed
2046 3072 2182 3144 quia
2196 3071 2324 3123 haac
2337 3071 2399 3144 in
2422 3071 2606 3137 ﬁgura
2630 3075 3165 3140 contingebantillis
3181 3081 3354 3144 (sicut

1757 3145 1896 3198 dicit
1917 3142 2267 3207 Apostolus),
2294 3143 2507 3208 scripta
2523 3150 2662 3197 sunt
2682 3150 2875 3198 autem
2885 3149 2959 3200 ad
2973 3142 3352 3204 aediﬁcationem

1756 3220 2017 3270 nostram
2043 3214 2110 3276 (1..
2140 3214 2260 3264 Cor.
2292 3214 2400 3278 10.)
2435 3229 2448 3266 :
2481 3216 2652 3268 etiam
2677 3218 2879 3270 titulus
2908 3220 2984 3277 ad
3002 3222 3352 3278 intellectum

1765 3294 1855 3342 est
1868 3288 2109 3353 positus.
2146 3287 2267 3359 Hoc
2289 3298 2443 3359 opus
2460 3288 2686 3339 Domini
2716 3290 2872 3352 quod
2896 3292 2967 3344 de
2996 3293 3354 3359 dispersione

1765 3364 2027 3429 gentium
2051 3358 2381 3411 audivimus
2422 3358 2573 3431 facta
2597 3362 2984 3426 temporaliter
3005 3366 3066 3417 in
3095 3358 3354 3431 patribus

1752 3432 2205 3500 antiquis,etiam
2220 3443 2375 3481 nunc
2390 3430 2657 3483 videmus
2674 3434 2973 3499 adimpleri
2986 3430 3356 3502 spiritualiter

1752 3512 1816 3564 in
1848 3503 2243 3573 spiritualibus
2276 3502 2428 3554 viris.
2463 3503 2683 3556 Harum
2707 3506 2967 3568 gentium
3003 3512 3354 3564 mentionem

1756 3585 1985 3645 Moyses
2009 3575 2163 3636 facit,
2181 3573 2281 3625 ubi
2298 3574 2379 3625 ait
2396 3587 2408 3624 :
2436 3575 2580 3625 Cum
2601 3574 2986 3631 introduxerit
2999 3584 3054 3632 te
3070 3583 3354 3637 Dominus

1755 3657 1912 3706 Deus
1936 3648 2156 3720 tuusin
2181 3651 2388 3697 terram
2404 3658 2579 3720 quam
2603 3660 2985 3713 possessurus
3000 3652 3353 3720 ingrediaris,

1757 3731 1815 3778 et
1851 3719 2124 3775 deleverit
2159 3722 2364 3781 gentes
2406 3718 2620 3769 multas
2659 3732 2849 3772 coram
2890 3727 2944 3774 te
2966 3725 3275 3779 Hethwum
3298 3718 3358 3782 et

1756 3799 2149 3859 Gergesaeum,
2168 3788 2574 3840 Amorrhaaum
2590 3791 3018 3858 etChananmum,
3039 3799 3351 3849 Pherezaeum

1756 3868 1813 3921 et
1838 3870 2119 3918 Hevseum
2138 3860 2777 3924 etJebusaaum:gentes
2801 3869 3019 3928 septem
3034 3867 3216 3920 multo
3231 3883 3355 3923 ma-

1751 3942 1908 4005 jores
1937 3945 2177 3986 numero
2201 3943 2375 4005 quam
2403 3935 2466 3982 tu
2487 3943 2570 4005 es,
2602 3935 2660 3982 et
2680 3934 3029 3988 robustiores
3058 3941 3113 3990 te
3139 3957 3150 3988 :
3182 3941 3356 3993 tradi-

1756 4001 2017 4072 deritque
2039 4016 2138 4056 eas
2161 4001 2457 4074 Dominus
2470 4002 2606 4074 tibi:
2634 4004 2918 4066 percuties
2943 4019 3039 4059 eas
3063 4022 3252 4074 usque
3280 4013 3354 4065 ad

1757 4071 2205 4135 internecionem
2227 4073 2397 4145 (Deut.
2427 4071 2457 4126 7
2465 4072 2502 4136 .)
2514 4109 2526 4123 .
2543 4073 2770 4137 Septem
2790 4075 2919 4129 istae
2930 4071 3353 4145 gentesfseptem

1760 4158 1899 4206 sunt
1915 4147 2228 4217 spiritualia
2243 4144 2402 4219 vitia,
2416 4156 2547 4208 Quae
2562 4158 2659 4209 per
2669 4148 2911 4210 gratiam
2931 4151 3031 4202 Dei
3049 4144 3357 4219 unusquis-

1759 4239 1873 4291 que
1898 4219 2206 4287 spiritualis
2230 4217 2397 4268 miles
2416 4223 3185 4291 exsuperans,exterminare
3199 4217 3356 4291 peni-

1759 4288 1856 4352 tus
1881 4295 2242 4349 admonetur.
2274 4288 2437 4350 Quod
2462 4300 2597 4340 vero
2613 4290 2845 4353 majoris
2868 4295 3095 4347 numeri
3112 4288 3245 4350 esse
3268 4299 3356 4351 di-

1760 4374 1988 4431 cuntur,
2013 4367 2140 4417 haec
2169 4366 2258 4414 est
2282 4361 2453 4412 ratio:
2483 4360 2617 4424 quia
2639 4360 2803 4425 plura
2829 4370 2966 4417 sunt
2995 4367 3150 4432 vitia,
3178 4382 3355 4432 quam

1759 4443 2023 4497 virtutes.
2048 4439 2118 4488 Et
2140 4435 2267 4486 ideo
2293 4433 2354 4484 in
2377 4432 2635 4496 catalogo
2662 4434 2895 4496 quidem
2919 4437 3358 4496 dinumerantur

1762 4518 1983 4579 septem
2006 4508 2290 4570 nationes,
2317 4504 2377 4555 in
2400 4505 2830 4579 expugnatione
2855 4520 2991 4579 vero
3017 4522 3212 4563 earum
3230 4514 3357 4567 sine

1761 4578 1987 4638 numeri
2007 4578 2353 4642 ascriptione
2377 4579 2687 4639 ponuntur.
2725 4578 2811 4629 Ita
2839 4578 2993 4630 enim
3023 4581 3252 4645 dicitur,
3289 4588 3359 4638 Et

1763 4653 2037 4709 deleverit
2047 4654 2250 4716 gentes
2261 4646 2473 4699 multas
2485 4658 2675 4698 coram
2690 4651 2744 4699 te
2762 4647 2949 4711 (Ibid).
2970 4652 3360 4708 Numeriosior

61 4717 354 4793 dicuntur,
372 4717 675 4781 audiamus
699 4740 833 4780 cum
854 4717 1173 4780 intentione
1192 4732 1249 4779 et
1268 4717 1657 4792 intelligentia,
1686 4721 1744 4796 D
1765 4734 1850 4781 est
1874 4726 2030 4779 enim
2052 4733 2229 4796 quam
2244 4718 2418 4796 Israel
2428 4717 2742 4796 carnalium
2754 4721 3093 4796 paSSiODllm
3117 4730 3356 4792 PopuluS,
3380 4782 3387 4789 ,

64 4814 196 4864 quae
221 4814 390 4853 aures
408 4804 544 4853 sunt
563 4800 767 4852 cordis.
791 4802 861 4852 Et
874 4803 941 4850 ut
957 4799 1086 4851 haec
1104 4799 1303 4851 auditu
1328 4799 1505 4864 digna
1524 4816 1662 4849 com-

63 4872 367 4925 mendaret
392 4889 402 4920 :
430 4885 546 4924 non
574 4871 831 4936 quilibet,
852 4872 1059 4935 inquit,
1071 4871 1337 4923 homines
1355 4871 1458 4922 sed
1473 4872 1658 4922 Patres

61 4945 259 5007 nostri,
285 4943 628 4997 Patriarchse
640 4946 695 4995 et
709 4944 997 5006 prophetas
1012 4944 1486 4993 annuntiaverunt
1508 4944 1660 4994 nobis

61 5028 163 5080 per
187 5015 510 5079 Scripturas
535 5028 691 5077 suas,
719 5029 852 5078 opus
887 5014 1030 5079 quod
1052 5020 1302 5078 operatus
1321 5030 1371 5064 es
1393 5016 1455 5065 in
1477 5016 1658 5067 diebus

64 5102 276 5139 eorum.
312 5087 608 5149 Quomodo
637 5086 892 5137 liberasti
932 5098 1032 5137 eos
1065 5086 1136 5136 de
1168 5088 1431 5150 Egypto,
1471 5090 1526 5139 et
1561 5101 1661 5153 per

63 5171 224 5210 mare
247 5160 505 5210 Rubrum
526 5157 795 5220 eduxisti,
814 5157 1117 5208 custodisti
1137 5158 1197 5208 in
1221 5158 1448 5210 deserto
1464 5160 1655 5224 (Exod.

67 5229 196 5294 13.),
221 5234 280 5282 et
307 5235 517 5283 caetera
544 5229 694 5282 talia.
724 5229 791 5278 Et
816 5230 1286 5279 annuntiaverunt
1316 5230 1479 5279 etiam
1510 5232 1661 5281 nobis

64 5316 222 5365 Opus,
260 5303 402 5366 quod
425 5307 673 5365 operatus
695 5316 762 5350 es.
792 5302 855 5349 In
884 5300 1064 5350 diebus
1088 5302 1335 5364 antiquis
1359 5317 1374 5349 :
1400 5302 1554 5365 quod
1579 5302 1661 5354 fe-

65 5373 197 5423 cisti
231 5372 292 5424 in
325 5373 560 5424 exordio
594 5373 664 5424 de
693 5372 979 5424 creatione
1009 5372 1133 5424 cmli
1161 5377 1219 5424 et
1243 5378 1427 5435 terrae,
1461 5373 1531 5425 de
1569 5374 1661 5425 his

66 5456 200 5507 quae
245 5445 609 5508 contigerunt
652 5449 783 5495 ante
809 5444 1114 5497 diluvium.
1139 5445 1207 5495 Et
1228 5445 1340 5496 hoc
1372 5449 1461 5496 est
1495 5458 1659 5509 opus,

63 5516 223 5579 quod
242 5515 422 5568 fecisti
447 5516 507 5567 in
521 5515 728 5569 diebus
752 5529 970 5582 eorum,
986 5516 1143 5581 quod
1170 5517 1664 5570 annuntiaverunt

70 5589 270 5640 Patres
298 5588 498 5641 nostri.

132 5721 149 5743 ·
184 5713 294 5764 Pro
329 5713 571 5779 adjuvat,
600 5713 809 5779 legitur
832 5714 893 5766 in
922 5713 1158 5777 vulgato
1182 5714 1507 5779 Augustino
1530 5714 1663 5778 agit.

132 5785 154 5813 ι’
182 5783 390 5839 Nullus
414 5786 630 5852 dubito,
649 5785 788 5852 quin
803 5785 876 5838 sit
896 5785 1323 5850 responendum
1339 5786 1665 5852 kenodoacia,

1762 4801 1863 4872 qui
1887 4797 2083 4872 dehoc
2114 4790 2434 4872 septenario
2454 4789 2652 4841 fomite
2667 4789 2937 4843 vitiorum
2954 4806 3021 4872 ac
3036 4796 3228 4849 radice
3242 4789 3361 4860 pro;

1756 4861 1921 4930 cedit.
1942 4870 2023 4919 De
2046 4861 2457 4926 Gastrimargia
2476 4873 2730 4925 namque
2746 4869 3065 4918 nascuntur
3076 4881 3363 4922 commes-

1757 4947 2011 5000 sationes
2035 4943 2094 4990 et
2120 4936 2428 4988 ebrietates
2460 4944 2475 4987 :
2503 4933 2575 4985 de
2597 4934 2975 4989 fornicatione
2994 4941 3358 5004 turpiloquia,

1757 5008 2317 5072 scurrilitasludicra,
2332 5011 2506 5070 atque
2524 5006 2902 5071 stultiloquia.
2917 5011 3000 5062 De
3016 5011 3362 5077 Philargyria

1756 5084 2141 5144 mendacium,
2176 5078 2478 5137 fraudatio,
2514 5078 2688 5140 furta,
2721 5081 2983 5143 perjuria,
3010 5084 3194 5147 turpis
3218 5085 3362 5137 lucri

1757 5159 2062 5229 appetitus,
2091 5152 2231 5230 falsa
2256 5149 2602 5230 testimonia,
2630 5150 2941 5230 violentiae,
2966 5154 3361 5230 inhumanitas

1757 5219 1929 5296 atque
1961 5222 2275 5296 rapacitas._
2304 5222 2385 5270 De
2422 5219 2507 5269 ira
2543 5219 2868 5296 homicidia,
2895 5224 3108 5296 clamor
3131 5231 3188 5278 et
3210 5227 3362 5279 indi-

1759 5292 1972 5370 gnatio.
1990 5302 2072 5350 De
2088 5292 2316 5370 tristitia
2332 5303 2552 5370 rancor,
2568 5292 3026 5370 pusillanimitas,
3042 5298 3363 5370 amaritudo

1761 5362 2098 5439 desperatio.
2113 5369 2192 5417 De
2216 5363 2411 5439 acedia
2435 5362 2721 5439 ociositas,
2738 5368 3144 5439 somnolentis,
3161 5371 3366 5433 impor-

1763 5434 1997 5509 tunitas,
2017 5436 2373 5509 inquietudo,
2392 5434 2806 5509 praevaricatio,
2822 5437 3169 5489 instabilitas
3183 5444 3364 5489 mentis

1762 5524 1820 5572 et
1844 5505 2114 5579 corpbris,
2140 5507 2462 5563 verbositas
2488 5510 2546 5557 et
2571 5505 2895 5558 curiositas.
2916 5510 2996 5559 De
3021 5509 3365 5559 l'xeuodochia

1763 5578 2181 5646 contentiones,
2199 5583 2471 5643 haereses,
2486 5578 2761 5641 lactantia
2772 5590 2838 5630 ac
2854 5580 3192 5644 prwsumtio
3206 5581 3368 5635 novi-

1766 5716 1980 5770 Grsncis
2002 5713 2206 5767 litteris
2224 5710 2492 5781 κενοδοξίᾳ,
2510 5705 2663 5770 quod
2682 5710 2789 5768 est,
2813 5705 3181 5781 inanigloria.
3196 5706 3368 5781 vero-

1767 5789 1953 5842 simile
1968 5792 2059 5841 est
2080 5785 2273 5848 etiam,
2297 5782 2446 5834 hanc
2457 5778 2701 5845 quoque
2730 5778 2872 5830 satis
2895 5778 3127 5843 longam
3148 5778 3369 5846 periec-

134 5949 167 5981 ⁸
200 5948 283 5997 Sic
306 5948 450 5998 habet
472 5950 623 6000 editio
645 5951 974 6010 Vallarsiana,
1000 5948 1203 5997 omissis
1228 5949 1467 5999 foliorum
1490 5951 1719 6001 numeris
1739 5952 1849 6013 209,
1879 5954 1989 6013 2l0,
2021 5952 2210 6010 absque
2231 5948 2334 5997 ulla
2369 5950 2531 5995 textus
2555 5945 2948 5995 intermissione.
2974 5947 3115 5997 Ent‘r.
