3890 6410
547 457 653 514 815

1619 453 1879 503 RUFINO
1912 452 2373 504 PRESBYTERO
2410 448 2789 503 ASCRIPTUS

3722 450 3796 501 Siti

550 571 862 643 tatum.De‘
875 564 1136 630 superbia
1152 561 2143 643 contemtus,invidia,inobedientia
2167 570 2222 643 Α
2243 563 2301 643 in
2325 577 2460 615 arcu
2486 576 2591 643 suo
2611 561 2944 643 sperathqu‘i
2967 562 3026 611 in
3050 573 3227 612 sensu
3250 559 3507 643 conlidit,
3525 561 3802 638 etpxuden-

550 638 918 705 blasphemia,
939 635 1331 695 murmuratio,
1361 634 1651 693 detractio,
1670 634 1893 696 aliaque
1924 637 2142 705 plurima

550 703 771 764 similia.
804 713 943 770 Quae
969 720 1102 758 cum
1129 709 1244 756 sint
1267 706 1448 757 multo
1472 706 1705 768 majoris
1722 706 1946 755 numeri
1986 704 2034 771 2
2052 704 2069 771 |
2089 703 2137 770 2

550 795 723 848 quam
748 781 1009 841 virtutes,
1028 778 1268 828 devictis
1286 777 1612 848 tamenillis
1627 782 1846 839 septem
1869 777 2140 840 principa-

548 846 698 905 libus
722 851 893 911 vitiis,
911 862 982 900 ex
1009 860 1256 911 quorum
1272 846 1593 898 naturaista
1612 848 1945 910 procedunt,
1971 861 2144 894 omnes

549 924 806 989 protinus
831 921 1264 983 conquiescunt,
1290 931 1357 969 ac
1388 920 1661 982 perpetua
1677 918 1882 981 pariter
1902 919 2145 969 interne-

549 998 707 1046 cione
730 994 1011 1044 delentur.
1044 990 1209 1052 Quod
1232 994 1428 1040 autem
1452 989 1545 1040 1133
1562 994 1753 1052 pestes
1778 990 1948 1040 etiam
1978 990 2146 1040 robu-

549 1067 750 1117 stiores
787 1064 919 1125 sint,
939 1061 1239 1113 manifeste
1263 1065 1488 1112 naturae
1506 1062 1686 1124 ipsius
1712 1061 2143 1123 impugnatione

548 1137 847 1188 sentimus.
874 1134 1107 1184 Fortius
1136 1133 1288 1183 enim
1318 1133 1525 1182 militat
1550 1133 1607 1181 in
1636 1134 1909 1182 membris
1930 1133 2143 1183 nostris

551 1209 719 1271 (Rom.
746 1206 828 1267 .7.)
866 1202 1192 1255 oblecttatio
1228 1201 1541 1252 carnalium
1576 1205 1929 1265 passionum,
1970 1214 2143 1265 quam

548 1278 742 1329 studia
764 1277 1068 1337 virtutum,
1102 1286 1232 1336 qua:
1257 1286 1371 1323 non
1400 1274 1511 1323 nisi
1542 1286 1771 1322 summa
1806 1275 2144 1324 contritione

549 1350 735 1400 cordis
769 1351 826 1398 et
861 1346 1109 1410 corporis
1133 1344 1529 1407 acquiruntur.
1557 1345 1716 1405 Quod
1745 1357 1879 1395 vero
1904 1345 2144 1394 istarum

548 1419 995 1483 perniciosarum
1010 1415 1271 1479 gentium
1289 1414 1550 1477 regiones
1570 1414 1871 1463 salubriter
1894 1418 2144 1474 possidere

545 1490 931 1553 praecipimur,
957 1488 1037 1537 ita
1062 1486 1414 1547 intelligitur.
1434 1485 1619 1535 Habet
1643 1484 1796 1534 enim
1824 1500 2010 1545 unumq
2024 1489 2145 1533 uod-

547 1573 658 1624 que
675 1562 879 1612 vitium
900 1559 958 1608 in
981 1557 1150 1608 corde
1165 1562 1361 1607 nostro
1385 1556 1669 1619 propriam
1696 1555 1998 1607 stationem
2020 1574 2028 1604 :
2047 1557 2145 1607 sed

546 1646 679 1686 cum
696 1631 891 1683 Israeli
906 1627 1134 1693 populo,
1157 1628 1212 1677 id
1238 1633 1345 1691 est,
1364 1628 1674 1678 virtutibus
1688 1633 1885 1679 contra
1903 1640 1964 1677 se
1989 1631 2145 1675 dimi-

546 1705 813 1758 cantibus
829 1702 1046 1753 fuerint
1062 1700 1202 1751 vitia
1226 1703 1515 1762 superata,
1540 1699 1727 1750 locum
1759 1712 1931 1763 quem
1956 1699 2063 1749 sibi
2090 1700 2148 1750 in

545 1777 715 1829 corde
736 1778 937 1826 nostro
964 1771 1448 1834 concupiscentiae
1470 1772 1563 1820 vel
1587 1771 1974 1823 fornicationis
1989 1773 2147 1834 spiri-

546 1853 640 1901 tus
656 1844 1234 1905 retinebat,deinceps
1251 1842 1489 1892 castitas
1506 1843 1799 1894 obtinebit.
1816 1846 1996 1904 Quem
2008 1845 2147 1890 furor

546 1922 814 1983 cmperat,
836 1915 1105 1980 patientia
1127 1914 1454 1964 vindicabit.
1472 1916 1654 1974 Quem
1672 1916 1917 1975 tristitia,
1933 1922 2143 1963 mortem

2244 636 2339 686 tite
2365 646 2489 686 sua;
2506 635 2784 685 innititur.
2806 632 2967 684 Unde
2986 635 3093 694 seri
3102 636 3259 695 ptum
3272 636 3381 692 est,
3398 632 3504 681 Vae
3523 631 3620 692 qui
3636 636 3801 690 Sapien-

2242 709 2329 756 tes
2354 706 2494 756 estis
2518 705 2578 755 in
2608 703 2789 755 oculis
2824 702 3049 765 vestris,
3085 707 3143 753 et
3175 715 3364 753 coram
3398 701 3800 765 vobismetipsis

2224 777 2551 840 .prudentes
2580 776 2722 838 (Isai.
2741 773 2832 835 5.).
2852 776 2975 834 Quo
3003 778 3199 824 contra
3218 772 3484 824 Salomon
3508 785 3615 823 nos
3639 774 3803 824 adme-

2241 852 2355 909 net,
2389 847 2613 897 dicens:
2641 846 2799 896 Habe
2830 845 3099 895 liduciam
3124 846 3182 894 in
3208 844 3453 895 Domino
3472 856 3547 894 ex
3566 848 3802 895 totocorde

2241 921 2357 977 tuo,
2395 924 2452 970 et
2489 931 2562 969 ne
2604 917 2864 969 innitaris
2888 916 3205 980 prudentia:
3234 921 3345 967 tuae
3379 915 3556 978 (Prov.
3584 914 3683 977 3.).
3708 917 3801 965 Non

2241 996 2433 1055 sperat
2455 1003 2588 1054 ergo
2606 991 2666 1039 in
2690 1001 2827 1040 arcu
2852 1001 2974 1050 suo,
2998 988 3094 1051 qui
3118 988 3178 1037 in
3203 1000 3377 1038 sensu
3403 998 3511 1037 suo
3535 991 3592 1036 et
3620 987 3676 1036 in
3697 1000 3800 1049 pru-

2241 1063 2435 1114 dentia
2460 1073 2565 1111 sua
2592 1073 2709 1111 non
2742 1059 2993 1111 confidit.
3020 1058 3087 1107 Et
3104 1058 3318 1121 gladius
3342 1072 3510 1119 meus,
3537 1056 3595 1106 id
3619 1063 3719 1117 cst,
3738 1070 3803 1107 ar-

2241 1137 2465 1184 matura
2499 1143 2647 1195 mea,
2673 1131 2944 1181 fortitudo
2968 1142 3113 1191 mea,
3134 1144 3242 1177 non
3263 1128 3487 1177 salvabit
3516 1143 3614 1177 me.
3640 1132 3806 1189 Quem-

2241 1204 2553 1255 admodum
2577 1208 2633 1253 et
2647 1208 2836 1266 patres
2855 1202 3035 1251 nostri
3050 1213 3165 1250 non
3185 1203 3319 1250 sunt
3334 1200 3392 1248 in
3416 1198 3609 1262 gladio
3643 1202 3804 1249 salvan.

2243 1279 2381 1328 Haec
2406 1278 2541 1325 sunt
2564 1274 2697 1336 duo,
2722 1274 2783 1323 in
2815 1273 3027 1335 quibus
3052 1272 3217 1322 valde
3244 1270 3545 1322 conﬁdunt
3573 1270 3806 1321 homines

2244 1345 2443 1397 saeculi
2475 1363 2485 1392 :
2525 1346 2583 1394 in
2622 1344 2927 1394 calliditate
2962 1343 3205 1406 prepria,
3240 1345 3294 1391 et
3329 1342 3562 1392 virtute.
3590 1343 3693 1393 Sed
3726 1344 3807 1392 iste

2242 1423 2425 1469 totam
2472 1416 2856 1468 salvationem
2903 1427 3069 1465 suam
3104 1416 3164 1464 in
3201 1415 3315 1465 Deo
3348 1414 3671 1476 constituit,
3701 1427 3804 1463 cum

2246 1488 2586 1552 subjungit:

2306 1561 2355 1614 8.
2385 1560 2617 1609 Salvasti
2634 1558 2779 1605 enim
2810 1572 2906 1605 nos
2944 1557 3006 1605 dc
3036 1555 3397 1620 afﬂigcntibus
3434 1570 3552 1605 nos.
3588 1558 3808 1607 Praeteri-

2247 1637 2370 1683 tum
2396 1631 2555 1694 ponit
2582 1643 2683 1693 pro
2708 1629 2923 1679 futuro.
2952 1629 3103 1679 Usus
3127 1628 3281 1679 enim
3301 1627 3707 1691 prophetarum
3729 1634 3805 1690 est,

2246 1702 2610 1765 sicquaadam
2640 1700 2907 1763 praescire
2919 1699 3131 1759 futura,
3158 1704 3215 1751 et
3241 1703 3356 1749 tam
3379 1703 3537 1749 certa
3561 1698 3807 1749 habereac

2245 1776 2292 1824 si
2299 1778 2420 1837 jam
2446 1775 2562 1823 sint
2583 1772 2891 1835 praeterita.
2919 1774 3001 1821 Ac
3027 1772 3072 1820 si
3098 1771 3309 1821 diceret
3334 1786 3345 1820 :
3370 1770 3638 1821 Salvabis
3662 1782 3754 1820 nos
3771 1772 3809 1819 in

2247 1847 2439 1897 futuro
2463 1845 2535 1894 ab
2561 1844 2652 1893 his
2679 1845 2775 1906 qui
2795 1844 2963 1893 modo
2990 1848 3218 1906 propter
3242 1846 3297 1892 te
3321 1842 3591 1904 afﬂigunt
3613 1854 3732 1892 nos.
3764 1841 3809 1888 Et

2246 1919 2478 1966 Οίίὶσηίθις
2514 1932 2609 1963 nos
2642 1914 2951 1976 confudisti,
2977 1914 3032 1963 id
3058 1919 3146 1963 est
3169 1917 3612 1976 perseverantes
3633 1913 3688 1962 in
3713 1913 3809 1962 odit»

546 1989 848 2054 operando,
889 1989 1285 2062 occupaverat,
1327 1983 1595 2062 salutaris
1636 1986 1890 2062 et_plena
1931 1986 2141 2062 gaudio
2167 1988 2220 2062 B
2248 1994 2444 2038 nostro
2469 1986 2805 2062 conl’undes,
2832 1988 2889 2035 et
2913 1986 3249 2062 erubescere
3274 1984 3466 2044 facies,
3484 1984 3810 2035 ostendendo

545 2062 742 2113 laetitia
768 2057 1104 2123 possidebit.
1131 2058 1311 2117 Quem
1328 2056 1523 2105 acedia
1538 2058 1817 2120 vastabat,
1838 2059 2144 2120 incipitex-

545 2136 729 2185 colere
760 2128 1075 2181 humilitas.
1107 2129 1175 2178 Et
1198 2129 1277 2177 ita
1311 2128 1549 2191 singulis
1576 2129 1730 2178 vitiis
1755 2130 2025 2191 expulsis,
2054 2142 2149 2180 eo-

546 2218 673 2257 rum
689 2205 833 2263 loca,
851 2201 909 2251 id
922 2199 1264 2250 estatl‘ectus
1283 2199 1618 2260 contrarios,
1634 2200 2015 2262 possidebunt
2034 2205 2148 2250 liliii

543 2275 735 2339 Israel,
771 2274 827 2323 id
870 2275 977 2331 est,
1019 2271 1229 2321 animae
1282 2269 1541 2321 videntes
1586 2272 1783 2320 Deum.
1833 2274 1976 2333 Quia
2013 2287 2148 2337 ergo

544 2347 908 2408 omnipotens
933 2343 1087 2391 Deus
1112 2342 1267 2404 quod
1300 2342 1668 2404 corporaliter
1689 2349 1957 2405 operatus
1983 2347 2147 2396 estin

467 2424 478 2435 ‘
542 2417 793 2481 antiquis
831 2414 1111 2479 patribus,
1150 2413 1323 2463 etiam
1357 2426 1514 2464 nunc
1538 2417 1755 2476 operari
1780 2416 2149 2478 spiritualiter

543 2503 659 2541 non
702 2490 894 2538 cessat
924 2485 987 2535 in
1029 2485 1196 2535 nobis
1225 2502 1234 2532 :
1271 2489 1425 2536 recte
1458 2484 1508 2535 ei
1537 2488 1675 2535 dicit
1711 2488 1964 2537 Ecclesia
1992 2490 2147 2551 quod

546 2559 811 2611 subditur
840 2572 852 2607 :

605 2629 657 2681 5.
707 2630 782 2677 Tu
818 2642 869 2676 es
902 2628 1012 2691 ipse
1041 2642 1139 2675 rex
1182 2641 1325 2675 meus
1362 2630 1407 2673 et
1442 2627 1582 2674 Deus
1611 2641 1777 2677 meus.
1817 2629 1904 2679 Tu
1940 2642 2001 2679 es
2026 2630 2147 2693 ipse

544 2698 983 2765 (EacAugustino)
1009 2710 1127 2747 non
1148 2701 1427 2748 mutatus.
1448 2699 1725 2761 Tempora
1744 2704 1965 2751 mutata
1989 2706 2146 2763 sunt,

543 2774 768 2822 Creator
801 2774 1127 2833 temporum
1162 2781 1281 2819 non
1314 2773 1590 2819 mutatur.
1626 2772 1709 2820 'l‘u
1746 2784 1837 2821 me
1860 2771 2009 2823 soles
2039 2774 2149 2823 du-

544 2856 691 2901 cere,
723 2842 922 2891 utRex
950 2858 959 2888 :
990 2845 1053 2891 tu
1068 2840 1207 2889 mihi
1234 2841 1385 2890 soles
1418 2842 1726 2891 subvenire
1759 2848 1821 2892 ut
1844 2845 2019 2894 Deus.
2046 2844 2147 2902 Qui

544 2913 776 2962 mandas
804 2912 996 2960 salutes
1029 2912 1206 2959 Jacob.
1237 2911 1381 2971 Quid
1407 2916 1506 2974 est,
1535 2914 1639 2969 Qui
1669 2913 1902 2961 mandas
1927 2919 1951 2963 Ρ
1973 2916 2147 2967 etiam

544 2987 592 3037 si
615 2990 679 3036 tu
706 2997 805 3048 per
830 2988 989 3034 tuam
1013 2996 1250 3046 prorsus
1269 2983 1655 3033 substantiam
1672 2991 1844 3047 atque
1862 2991 2143 3049 naturam,

545 3070 658 3121 qua
676 3069 740 3105 es
774 3055 1047 3118 quicquid
1072 3068 1151 3116 es,
1179 3055 1440 3105 occultus
1476 3067 1539 3104 es
1567 3073 1576 3103 :
1604 3069 1709 3107 nec
1740 3069 1840 3119 per
1860 3057 1970 3108 hoc
1994 3062 2146 3121 quod

545 3142 622 3188 es,
654 3127 965 3179 interfuisti
990 3126 1264 3189 patribus,
1302 3130 1367 3176 ut
1402 3126 1545 3176 facie
1577 3127 1648 3177 ad
1675 3127 1875 3178 faciem
1902 3134 1955 3181 te
1990 3131 2149 3181 vide-

544 3204 707 3252 rent:
751 3203 943 3249 tamen
976 3210 1076 3261 per
1111 3197 1427 3261 quamlibet
1456 3203 1778 3250 creaturam
1810 3205 1873 3251 tu
1904 3203 2147 3253 mandas

547 3272 766 3322 salutes
787 3270 982 3319 Jacob.
1004 3271 1130 3319 Non
1154 3270 1343 3319 solum
1362 3282 1461 3332 per
1478 3274 1529 3319 te
1545 3271 1702 3333 ades,
1719 3272 1820 3322 sed
1844 3285 1945 3335 per
1968 3289 2149 3332 quam-

546 3356 797 3404 cumque
821 3345 1143 3392 creaturam
1167 3340 1416 3403 atl‘ueris,
1442 3344 1503 3391 tu
1528 3345 1785 3394 mandas.
1822 3350 1887 3395 ut
1911 3346 2009 3397 llat
2037 3346 2146 3397 hoc

545 3428 646 3479 pro
682 3414 867 3464 salute
892 3424 1194 3464 servorum
1218 3417 1468 3474 tuorum,
1496 3414 1649 3475 quod
1684 3414 1901 3467 faciunt
1934 3420 2148 3479 quibus

547 3485 807 3536 mandas.
844 3484 920 3532 Tu
963 3498 1013 3531 es
1044 3484 1174 3547 ipse,
1201 3482 1411 3545 inquit,
1441 3496 1542 3546 per
1566 3498 1738 3546 quem
1764 3492 1953 3549 patres
1976 3490 2157 3539 nostri

547 3557 814 3608 inimicos
845 3567 984 3604 suos
1009 3554 1448 3618 destruxerunt,
1488 3570 1585 3603 νοω
1623 3571 1787 3619 meus,
1828 3572 2033 3621 regens
2064 3574 2157 3613 me

551 3627 920 3692 spiritualiter
950 3625 1277 3675 secundum
1308 3629 1488 3677 bonos
1507 3639 1697 3679 mores
1723 3634 1779 3680 et
1808 3630 2067 3696 virtutes,
2094 3637 2158 3684 ut

546 3701 669 3765 jam
689 3711 804 3748 non
826 3697 1155 3747 dominetur
1186 3696 1326 3746 mihi
1352 3697 1635 3760 diabolus,
1660 3712 1766 3750 nec
1792 3701 1930 3752 vitia
1956 3719 1967 3752 :
1998 3718 2159 3764 neque

552 3775 752 3835 regnet
772 3771 1072 3833 peccatum
1102 3770 1162 3818 in
1197 3782 1325 3819 meo
1345 3770 1571 3820 mortali
1599 3784 1833 3834 corpore
1861 3775 2027 3836 (Rom.
2066 3776 2157 3839 6.).

552 3844 617 3892 Et
656 3844 793 3890 Deus
826 3855 992 3903 meus,
1030 3839 1167 3902 quia
1204 3844 1258 3891 te
1293 3843 1487 3903 adoro,
1528 3846 1583 3893 te
1620 3842 1762 3906 colo,
1788 3846 1883 3907 qui
1922 3848 2160 3896 mandas

551 3914 745 3964 salutes
775 3910 956 3972 Jacob,
982 3911 1035 3960 id
1064 3916 1169 3973 est,
1205 3912 1304 3973 qui
1340 3924 1440 3975 per
1468 3914 1736 3965 salutaria
1760 3917 2031 3968 mandata
2064 3923 2162 3971 tua

551 3986 741 4037 salvas
753 3996 851 4034 eos
874 3983 972 4045 qui
998 3983 1291 4033 luctantur
1314 3986 1368 4033 et
1394 3983 1535 4035 vitia
1560 3986 1950 4048 supplantant.
1981 3992 2161 4043 Jaeob

551 4060 707 4112 enim
728 4055 961 4120 supptan
972 4061 1110 4102 lator
1132 4059 1556 4119 interpretatur.
1572 4059 1690 4109 Ista
1702 4063 1989 4123 praeterita
2003 4070 2160 4117 sunt:

553 4136 623 4185 de
648 4131 839 4180 futuro
871 4128 1008 4190 quid
1027 4126 1176 4177 erit?

616 4204 665 4258 6.
700 4202 764 4250 1η
790 4206 833 4248 te
865 4200 1117 4247 inimicos
1149 4206 1354 4249 nostros
1394 4201 1772 4251 ventilabimus
1808 4221 1993 4261 cornu.
2022 4212 2088 4263 In
2113 4215 2166 4266 te

554 4287 732 4328 cornu
756 4276 972 4333 nostro,
988 4271 1042 4344 id
1070 4276 1177 4332 est,
1192 4272 1525 4322 fortitudine
1549 4278 1606 4324 et
1622 4275 1958 4332 defensione
1972 4294 2163 4344 nostra,

553 4344 951 4406 ventilabimus,
974 4342 1031 4392 id
1055 4347 1142 4392 est
1167 4344 1535 4406 projieiemus
1561 4350 1618 4395 et
1641 4347 2045 4413 dispergemus
2068 4342 2170 4406 ini;

556 4421 735 4472 micos
759 4422 1012 4479 nostros,
1037 4419 1154 4488 tam
1172 4414 1429 4488 carnales
1449 4430 1620 4488 quam
1647 4420 2005 4481 spirituales:
2032 4433 2165 4488 quod

556 4494 652 4543 flet
684 4491 743 4541 in
761 4488 998 4552 judicio,
1025 4486 1325 4537 ubisancti
1347 4487 1581 4550 perfecti
1612 4491 1715 4541 viri
1741 4486 2061 4555 iudicando
2082 4515 2168 4553 se-

555 4563 841 4628 parabunt
860 4558 1042 4609 malos
1067 4571 1102 4607 a
1122 4558 1307 4621 bonis,
1328 4562 1620 4621 quomodo
1637 4564 1844 4627 aliquis
1870 4573 2163 4621 ventilanda

556 4633 761 4685 dividit
790 4632 1052 4705 pale-asa
1090 4630 1285 4705 granis
1324 4632 1536 4693 (ΜαιιΙι.
1575 4632 1699 4697 13.).
1740 4638 1861 4688 Hoc
1895 4647 1983 4691 est
2009 4645 2161 4705 quod

557 4705 838 4755 Dominus
863 4700 1158 4774 discipulis
1183 4702 1303 4752 suis
1323 4705 1620 4768 promittit,
1648 4706 1863 4770 dicens,
1885 4713 1949 4762 In
1963 4700 2163 4774 regene-

2248 2061 2331 2111 eis
2357 2059 2505 2109 mala
2528 2070 2659 2121 qua:
2677 2057 2952 2114 fecerunt,
2980 2056 3191 2106 damna
3212 2056 3494 2106 bonorum
3521 2067 3655 2117 quae
3675 2059 3811 2102 amlse

2250 2136 2402 2193 runt,
2429 2142 2631 2193 poenas
2646 2133 2891 2180 aeternas
2914 2129 3126 2189 quibus
3150 2127 3423 2190 puniendi
3447 2130 3609 2177 sunt.
3637 2126 3807 2186 Oqual:

2248 2204 2383 2264 fera,
2409 2214 2585 2265 quam
2619 2200 2763 2250 dura
2801 2200 3060 2250 confusio
3092 2200 3197 2249 erit
3230 2199 3312 2248 eis
3346 2198 3566 2262 quibus
3593 2198 3808 2248 decitur:

2248 2278 2434 2325 Amen
2468 2273 2593 2322 dico
2620 2272 2802 2325 vobis.
2840 2271 3034 2321 nescio
3061 2283 3183 2322 vos.
3208 2272 3293 2333 Et,
3320 2272 3419 2330 Ite,
3455 2268 3752 2327 maledicti,
3772 2270 3810 2317 in

2245 2347 2439 2410 ignem
2464 2349 2747 2396 aeternum
2776 2340 3129 2405 (Matt/1.25.).

2310 2418 2360 2471 9.
2388 2416 2652 2468 Confusis
2687 2415 2952 2475 inimicis,
2989 2416 3049 2462 1n
3085 2415 3189 2462 Deo
3221 2411 3580 2461 laudabimur
3611 2417 3716 2460 tota
3738 2410 3807 2458 die.

2249 2490 2410 2540 Tunc
2445 2490 2550 2538 erit
2575 2500 2729 2537 unus
2760 2486 2901 2549 dies,
2933 2498 3046 2535 una
3079 2485 3387 2536 aeternitas.
3408 2485 3575 2534 Tunc
3600 2484 3719 2534 laus
3740 2484 3811 2532 erit

2247 2561 2559 2622 unicuique
2579 2573 2612 2610 a
2628 2561 2760 2609 Deo.
2781 2557 3167 2608 Laudabimus
3189 2560 3242 2607 et
3254 2555 3630 2606 laudabimur
3648 2572 3659 2605 :
3677 2558 3810 2606 nosia

2248 2638 2323 2695 te,
2341 2637 2397 2682 et
2424 2632 2566 2681 tuin
2589 2631 2776 2693 nobis,
2798 2629 2865 2677 Et
2884 2629 2945 2675 in
2964 2629 3182 2676 neruine
3208 2633 3315 2689 tuo,
3344 2627 3398 2676 id
3425 2631 3536 2689 est,
3564 2627 3637 2677 ad
3673 2626 3813 2677 110110-

2248 2716 2367 2755 rem
2391 2703 2643 2753 nominis
2669 2702 2772 2762 tui,
2806 2700 3194 2762 Conﬁtebimur
3217 2698 3310 2747 tibi
3335 2699 3393 2746 in
3406 2698 3690 2748 saeculum:
3715 2698 3811 2759 quia

2249 2775 2527 2838 seriptum
2552 2778 2665 2825 est:
2694 2772 2850 2823 Beati
2872 2774 2969 2835 qui
2995 2771 3257 2822 habitant
3279 2783 3339 2820 in
3364 2770 3541 2821 domo
3574 2776 3687 2829 tua,
3705 2773 3810 2817 υριιε.

2248 2846 2307 2896 in
2334 2847 2613 2896 saeculum
2640 2842 2836 2895 s'zeculi
2859 2843 3179 2893 laudabunt
3196 2847 3250 2892 te
3275 2842 3439 2903 (Psal.
3466 2840 3737 2901 83.).Htee
3758 2842 3811 2889 fu-

2249 2921 2377 2967 tura
2419 2917 2499 2965 sic
2532 2922 2685 2967 certa
2731 2918 2869 2965 sunt
2908 2914 3095 2973 nobis,
3122 2912 3408 2976 quomodo
3438 2912 3539 2963 illa.
3563 2914 3811 2977 praeterita

2248 3000 2381 3052 quae
2402 2986 2733 3038 audivimus
2756 2999 2791 3036 a
2812 2985 3075 3049 patribus
3090 2990 3238 3035 nosti
3252 2984 3320 3035 is.
3339 2984 3446 3034 Sed
3470 2984 3617 3046 quid
3640 2984 3786 3034 modo
3799 2991 3811 3027 ξ»

2312 3059 2397 3112 1υ.
2426 3058 2586 3108 Nunc
2614 3064 2791 3105 autem
2816 3057 3079 3120 repulisti,
3105 3056 3161 3106 id
3188 3060 3290 3115 est,
3325 3054 3544 3107 videris
3571 3056 3811 3119 repuliSse

2248 3142 2348 3194 per
2384 3129 2511 3189 hoc,
2553 3129 2707 3191 quod
2746 3128 2802 3178 in
2844 3128 3112 3191 praesenti
3144 3142 3240 3175 nos
3274 3127 3569 3191 permittis
3592 3128 3752 3191 afﬂigi
3788 3133 3816 3173 tt

2249 3201 2544 3263 confudisti
2569 3215 2684 3262 nos,
2710 3212 2829 3250 non
2845 3200 2905 3249 in
2928 3198 3279 3249 conscientia
3299 3204 3515 3257 nostra,
3545 3199 3815 3251 sedinfncii

2248 3272 2567 3333 hominum,
2596 3277 2641 3320 ct
2664 3286 2773 3319 non
2801 3271 3087 3333 egredieris
3108 3272 3170 3319 in
3190 3270 3347 3318 virtut
3356 3270 3468 3317 ibus
3487 3272 3703 3321 nostris.
3720 3272 3817 3320 Pro-

2255 3345 2514 3395 cedimus
2537 3343 2610 3394 ad
2634 3342 2893 3393 inimicos
2928 3345 3174 3404 nostros,
3215 3345 3272 3392 et
3296 3346 3360 3391 tu
3392 3342 3698 3393 nobiscum
3733 3354 3814 3391 non

2253 3415 2539 3480 procedis:
2560 3414 2876 3478 praevalent
2898 3412 2995 3475 illi,
3020 3426 3127 3463 nos
3151 3412 3383 3463 invalidi
3399 3426 3629 3464 sumus.
3649 3414 3813 3464 Ubiest

2256 3488 2531 3539 illavirtus
2572 3494 2667 3537 tua
2688 3491 2711 3535 ?
2735 3485 2832 3536 ubi
2860 3489 2949 3535 est
2978 3485 3212 3535 dextera
3236 3489 3293 3535 et
3316 3485 3573 3547 potentia
3595 3489 3727 3535 tua?
3747 3485 3811 3533 ubi

2255 3572 2413 3611 mare
2430 3558 2527 3609 ubi
2546 3559 2862 3609 siccatum?
2882 3556 3131 3619 Acgyptii
3155 3560 3563 3619 persequentes
3588 3556 3811 3608 ﬂuctibus

2257 3629 2541 3682 involuti?
2569 3630 2663 3680 ubi
2694 3627 2969 3679 Amalech
2992 3627 3269 3677 resistens
3292 3629 3351 3677 in
3376 3629 3567 3678 crucis
3579 3629 3735 3691 signo
3755 3641 3813 3677 su-

2259 3707 2492 3768 peratus
2508 3705 2533 3752 ?
2557 3702 2624 3749 Et
2658 3718 2771 3750 non
2806 3700 3128 3762 ingredieris
3146 3701 3205 3748 in
3230 3699 3520 3749 virtutibus
3544 3702 3749 3750 nostris.

2322 3776 2408 3829 11.
2442 3775 2693 3824 Ana-(isti
2718 3789 2813 3821 nos
2828 3779 3120 3821 retro-rsum
3137 3777 3250 3834 post
3268 3771 3519 3820 inimicos
3536 3780 3750 3821 nostros.
3768 3770 3813 3821 Ut

2262 3847 2427 3912 quasi
2451 3847 2530 3897 illi
2553 3851 2685 3897 ante
2711 3846 2843 3905 sint,
2869 3856 2973 3894 nos
2998 3848 3176 3894 retro:
3202 3842 3281 3893 illi
3299 3844 3571 3907 victores,
3605 3858 3706 3895 nos
3732 3844 3812 3888 victi

2261 3923 2621 3983 deputemur.
2646 3917 2713 3965 Et
2739 3916 2835 3980 qui
2865 3917 3092 3964 oderunt
3119 3930 3229 3973 nos,
3260 3915 3678 3979 diripiebantur
3701 3916 3811 3963 sibi:

2261 3990 2591 4055 diripiebant
2614 4002 2721 4039 nos
2752 3991 3027 4050 tanquam
3055 3987 3114 4037 in
3138 3988 3392 4050 praedam
3413 3987 3518 4035 sibi
3546 4003 3557 4037 :
3586 3986 3721 4039 alios
3738 3992 3817 4035 tra-

2262 4064 2486 4126 hentes,
2512 4062 2653 4112 alios
2678 4058 3051 4123 ﬂagellantes,
3069 4058 3282 4110 aliosin
3299 4071 3525 4110 carcere
3540 4058 3813 4110 mittentes

2263 4136 2405 4189 alios
2429 4134 2752 4186 occidentes
2779 4133 2985 4195 (Matth.
3012 4129 3139 4193 ‘24.).

2328 4207 2412 4261 122.
2453 4206 2650 4255 Dedisti
2674 4220 2771 4253 nos
2795 4211 3077 4267 tamquam
3108 4217 3221 4251 oves
3243 4216 3508 4260 escarum,
3536 4207 3583 4250 et
3608 4202 3667 4250 in
3689 4198 3815 4263 genti.

2265 4279 2357 4328 bus
2382 4278 2674 4343 dispersisti
2702 4291 2813 4325 nos.
2839 4278 2888 4327 A
2912 4274 3239 4326 nationibus
3261 4274 3363 4337 (Ex
3384 4273 3703 4336 Augustino)
3726 4269 3814 4343 qu}

2265 4361 2399 4412 dam
2428 4341 2501 4409 ei;
2535 4353 2701 4406 nobis
2729 4350 3057 4403 manducati
3082 4352 3233 4399 sunt.
3251 4348 3322 4397 Hi
3345 4341 3815 4410 signiﬁcanturqui

2272 4433 2320 4499 2
2338 4432 2356 4498 |
2371 4430 2424 4496 4
2460 4430 2538 4479 sic
2564 4426 2719 4499 passi
2741 4422 3056 4499 sunt,ut_in
3070 4433 3274 4499 corpus
3291 4424 3709 4499 reverterentur
3722 4427 3818 4499 grn-

2266 4486 2469 4556 tTlitiiii.
2498 4486 2718 4560 Plangit
2742 4509 2840 4547 eos
2871 4492 3140 4554 Ecclesia,
3164 4496 3455 4552 tamquam
3480 4491 3733 4540 membra
3750 4486 3815 4536 de

2267 4579 2480 4627 vorata.
2499 4570 2602 4621 Vel
2622 4570 2682 4619 in
2707 4567 2978 4631 gentibus
3003 4563 3241 4627 dispersi
3255 4564 3403 4621 sunt,
3428 4562 3664 4624 quando
3682 4563 3815 4631 Petrus

2261 4647 2459 4697 Romae
2484 4630 2852 4703 cruciﬁgitur,
2882 4636 3131 4686 Thomas
3154 4634 3213 4683 in
3236 4632 3395 4683 India
3420 4633 3676 4693 moritur,
3701 4630 3816 4703 etin—

2264 4716 2489 4770 numeri
2504 4702 2784 4774 martyres
2802 4721 2901 4773 per
2924 4708 3223 4757 innumera
3237 4706 3357 4756 loca
3369 4704 3721 4755 occiduntur.
3746 4702 3816 4748 Dis-

554 4776 775 4826 ratione
799 4772 1697 4861 clumus'ederitFilius‘hominisin
1723 4772 2151 4861 sedemujes'tatis
2182 4789 2239 4861 D
2264 4789 2582 4856 pusionem
2598 4772 2769 4834 etiam
2783 4772 3299 4831 illorumDominus
3314 4778 3350 4861 ,ξ-
3351 4789 3485 4826 esus
3498 4775 3813 4837 pronuntiata:

558 4858 703 4908 suae,
743 4846 1016 4897 sedebitis
1050 4850 1106 4896 et
1139 4858 1241 4897 vos
1269 4848 1597 4910 judicautes
1636 4848 1936 4903 duodecim
1969 4858 2151 4908 tribus

556 4918 731 4969 Israel
754 4918 963 4980 (Matth.
992 4916 1115 4980 19.).
1144 4918 1303 4969 Tunc
1325 4918 1655 4982 implebitur
1671 4923 1824 4984 quod
1847 4927 2019 4978 modo
2032 4932 2164 4976 sub—

555 4991 708 5042 ditur
740 5009 749 5039 :
778 4991 845 5039 Et
868 4992 927 5039 in
944 4991 1166 5039 nomine
1190 4999 1602 5055 tuosperncmus
1622 4993 1956 5058 insurgentes
1972 5000 2032 5047 in
2055 5016 2155 5049 no-

554 5063 650 5114 bis.
683 5064 850 5114 Modo
878 5065 1175 5126 spernunt,
1213 5060 1367 5127 2|3
1396 5064 1532 5124 quia
1556 5069 1715 5114 tuum
1734 5079 1946 5119 nomen
1971 5071 2155 5122 recla-

554 5136 945 5198 mamus,quia
958 5133 1385 5184 tibivindiciam
1396 5135 1917 5201 relinquimus,quia
1930 5145 2153 5192 humiles

552 5211 610 5258 et
632 5219 910 5270 pauperes
935 5211 1167 5269 prepter
1188 5217 1402 5256 nomen
1416 5210 1579 5258 tuum
1598 5222 1800 5260 sumus
1824 5213 2027 5264 :sedin
2043 5217 2153 5275 ipso

551 5279 784 5329 nomine
812 5278 904 5328 cui
930 5276 1298 5339 credidimus,
1326 5290 1425 5329 eos
1454 5280 1551 5341 qui
1576 5280 1748 5333 modo
1772 5282 2152 5349 insurguntin

549 5350 716 5401 nobis
749 5350 821 5400 ad
846 5349 1331 5411 persequendum,
1356 5350 1415 5399 in
1439 5350 1630 5402 futuro
1658 5356 1951 5417 tamquam
1978 5360 2149 5419 vietos,

551 5423 701 5473 sicut
724 5421 865 5473 viles
878 5425 935 5472 et
956 5421 1289 5485 reprobatos
1314 5420 1717 5486 despiciemus.
1740 5427 1811 5477 Et
1834 5428 1980 5479 bene
2004 5428 2153 5492 dico,

548 5494 606 5544 in
636 5494 869 5545 nomine
896 5498 1013 5544 tuo.

610 5564 659 5618 7.
688 5565 815 5615 Non.
844 5565 991 5615 enim
1024 5565 1085 5613 in
1122 5581 1254 5615 arcu
1287 5581 1401 5616 meo
1433 5569 1671 5632 sperabo,
1698 5570 1757 5620 id
1783 5576 1888 5634 est,
1914 5571 1973 5621 in
1997 5570 2150 5621 calli-

547 5635 724 5687 ditate
758 5650 905 5688 mea.
932 5639 1117 5689 Arcus
1154 5651 1188 5689 a
1213 5639 1380 5702 longe
1416 5641 1606 5692 trahit.
1656 5641 1789 5693 Ideo
1820 5655 1920 5705 per
1953 5655 2150 5694 arcum

547 5708 903 5769 providentia
916 5710 1006 5763 vel
1029 5709 1333 5773 prudentia
1344 5712 1597 5764 humana
1612 5713 2152 5777 designatur.Quasi

544 5864 645 5917 per
677 5854 950 5906 Nostrum
974 5854 1157 5907 fuisse
1180 5856 1254 5906 ab
1288 5856 1626 5920 Augustino
1650 5861 2000 5922 mutuatum,
2046 5858 2149 5911 sed

581 5922 778 5974 nando
802 5924 862 5975 in
878 5927 1233 5978 Psalmorum
1256 5926 1745 5992 Enarrationibus,
1761 5940 1937 5992 quem
1961 5929 2071 5980 sibi
2093 5928 2157 5981 1i-

544 5993 714 6045 brum
742 5994 1116 6048 delibandum
1146 5998 1313 6049 unice
1341 5999 1709 6063 proposuisse
1745 6000 1990 6065 videtur,
2027 6013 2152 6055 non

2254 4846 2387 4919 eum
2435 4859 2661 4909 dicebat
2696 4875 2706 4903 :
2749 4853 2803 4903 Si
2829 4850 3159 4916 persequuti
3200 4862 3301 4900 vos
3327 4846 3542 4899 fuerint
3578 4849 3637 4899 in
3679 4854 3813 4896 uuam

2253 4936 2562 4990 civitatem,
2589 4927 2770 4990 fugite
2794 4924 2853 4974 in
2878 4924 3046 4974 aliam
3075 4921 3281 4983 (Matth.
3314 4919 3434 4983 10.).
3805 4984 3810 4989 ὓ

2316 5006 2401 5062 13,
2448 4998 2745 5053 chdidisti
2790 4995 3054 5060 populum
3098 5001 3249 5041 tuum
3289 4994 3404 5039 sine
3444 4991 3638 5056 pretio.
3675 4991 3811 5050 Quasi

2255 5061 2377 5131 sine
2396 5075 2576 5141 pretio
2602 5073 2849 5135 populus
2875 5069 3203 5141 sanctorum
3231 5069 3551 5141 martyrum
3570 5061 3815 5141 vendeba-

2255 5155 2363 5212 tur,
2397 5133 2630 5212 quando
2662 5147 2777 5193 tam
2811 5139 3095 5212 pretiosus
3126 5137 3362 5212 sanguis
3390 5136 3740 5212 fundebatur,
3774 5133 3811 5179 ut

2253 5205 2514 5283 exemplo
2536 5227 2736 5267 eorum
2758 5211 2951 5263 nullus
2975 5210 3047 5260 ad
3068 5208 3485 5283 redemtionem
3521 5213 3580 5257 et
3606 5205 3809 5283 salutem

2253 5278 3015 5344 convertebaturJntantum
3031 5279 3337 5343 aliquando
3356 5279 3477 5329 sine
3493 5278 3674 5341 pretio
3687 5282 3808 5346 sam-'5

2253 5368 2531 5426 martyres
2559 5356 2737 5409 habiti
2769 5359 2923 5414 sunt,
2956 5354 3245 5426 intantum
3271 5350 3471 5426 perditi
3501 5362 3635 5426 esse
3665 5350 3803 5426 putat:

2254 5420 2419 5490 sunt:
2434 5438 2499 5485 ut
2518 5431 2614 5494 qui
2632 5442 2730 5481 eos
2755 5425 3103 5485 occiderunt,
3132 5423 3302 5475 etiam
3324 5423 3383 5472 in
3406 5421 3513 5494 hoc
3546 5420 3801 5494 obsequi-.12.

2254 5521 2315 5559 se
2338 5491 2610 5571 prmstare
2648 5503 2760 5551 Deo
2800 5500 3154 5571 aestimarent
3187 5496 3361 5571 (Joan.
3383 5492 3490 5571 -6.).
3518 5491 3689 5571 Quasi
3709 5497 3803 5564 ergo

2253 5566 2376 5629 sine
2401 5576 2578 5642 pretio
2603 5574 2904 5633 dabantur,
2930 5568 3159 5642 quando
3184 5566 3609 5642 occidebantur,
3628 5567 3804 5642 etmal-

2252 5662 2385 5702 nem
2402 5636 2796 5699 lucrabantur.
2811 5644 2880 5693 Et
2897 5642 2946 5692 si
2960 5640 3135 5703 aliqui
3158 5642 3322 5690 erant
3336 5636 3433 5700 qui
3450 5637 3803 5687 converteren-

2251 5726 2364 5785 tur,
2389 5720 2451 5772 in
2473 5716 2897 5783 comparatione
2920 5718 3239 5776 martyrum
3260 5711 3427 5775 pauci
3451 5712 3631 5760 erant.
3646 5708 3707 5757 Et
3725 5703 3800 5752 hoc

2248 5861 2511 5925 occurrit,
2528 5860 2887 5925 investigare
2915 5870 3043 5912 eam
3073 5855 3203 5910 alibi
3226 5853 3575 5918 diligentius,
3598 5862 3709 5904 non
3732 5853 3802 5895 va-

2252 5938 2363 5987 cat.
