3890 6452
500 400 603 452 8:23

1553 390 1817 441 RUFINO
1854 388 2314 440 PRESBYTERO
2352 389 2737 440 ASCRIPTUS

3698 386 3786 438 82’.

501 514 614 571 tur,
641 510 776 573 quia
804 510 953 560 sicut
977 508 1168 559 oleum
1193 510 1249 556 et
1279 517 1509 555 carnem
1534 503 1732 566 nutrit,
1763 504 1820 552 et
1846 502 2098 551 dolorem
2122 503 2176 576 Α
2200 501 2335 576 quia
2358 513 2487 576 non
2504 500 2857 576 quaesierunt
2876 499 3153 551 honorem
3179 512 3363 559 suum,
3386 498 3486 576 sed
3511 502 3705 576 tuum.
3725 498 3790 548 Ex

502 582 725 646 repellit
745 596 757 630 :
774 581 851 631 ita
870 580 1050 630 sancti
1070 578 1311 641 Spiritus
1340 576 1533 626 unctio
1554 579 1808 625 mentem
1829 586 2001 635 quam
2018 586 2105 623 re-

504 654 763 719 pleverit,
791 656 845 702 et
870 651 1126 700 suaviter
1153 650 1324 711 fovet,
1353 653 1407 697 et
1433 647 1670 697 hilarem
1700 646 1847 719 facit.
1868 646 1987 695 Hoc
2013 660 2104 699 au-

504 718 617 777 tem
646 725 767 775 oleo
793 721 1067 785 spirituali
1098 733 1213 783 prie
1240 719 1608 769 consortibus
1634 718 1756 767 suis
1784 722 1993 767 unctus
2015 724 2103 771 est

503 798 777 855 Christus,
797 795 929 856 quia
942 793 1164 843 01010118
1178 792 1349 842 datus
1375 795 1461 839 est
1479 790 1720 853 Spiritus
1740 794 1977 838 sanctus
2005 804 2103 852 per

507 872 693 929 partes
714 882 725 916 :
744 867 799 915 in
822 867 945 927 ipso
971 877 1104 913 vero
1126 864 1230 913 fuit
1255 863 1443 913 omnis
1461 860 1754 925 plenitudo
1783 860 2102 911 divinitatis

504 936 1096 999 corporaliter(c"uloss.
1124 933 1213 995 2.).
1249 933 1650 984 111110111111111111
1685 930 1836 991 quod
1866 945 1981 981 non
2006 934 2101 991 ait,

503 1008 1024 1071 Fecistijuslitiam,
1046 1007 1164 1067 sed,
1181 1006 1449 1054 Dilc.L‘is(i.
1477 1006 1672 1063 Neque
1688 1002 1847 1061 dixit,
1864 1003 2107 1065 Reliqui-

505 1082 578 1131 sti
603 1081 984 1141 iniquitatem,
1014 1078 1113 1128 sed
1146 1078 1323 1126 odisti.
1348 1077 1507 1126 Multi
1536 1076 1689 1126 enim
1715 1075 1867 1123 bona
1896 1077 2107 1125 faciunt

502 1153 634 1215 plus
667 1153 867 1202 timore
885 1163 1094 1213 poenae,
1122 1162 1295 1211 quam
1320 1146 1791 1210 amorejustitia):
1818 1146 1878 1196 in
1894 1148 2106 1208 quibus

503 1225 612 1274 etsi
636 1224 784 1275 actio
807 1223 1040 1274 videtur
1056 1223 1221 1277 bona,
1244 1220 1510 1270 voluntas
1534 1225 1724 1271 tamen
1740 1224 1966 1272 tenetur
1990 1234 2103 1271 rea.

505 1295 731 1357 Quietsi
756 1307 829 1345 ex
845 1306 1013 1356 Opere
1029 1297 1305 1355 apparent
1324 1292 1486 1354 justi,
1515 1292 1573 1342 in
1598 1306 1664 1342 eo
1694 1298 1881 1343 tamen
1907 1294 2107 1355 injusti

507 1372 661 1426 sunt,
679 1378 791 1428 quo
806 1377 1040 1429 peccare
1058 1364 1289 1421 vellent,
1315 1364 1361 1412 si
1382 1364 1614 1426 impune
1647 1369 1901 1426 possent.
1918 1365 2106 1415 Relin—

506 1439 699 1501 quunt
742 1437 941 1497 iniqua
974 1448 1165 1498 Opera.
1206 1434 1306 1484 sed
1340 1434 1528 1484 adhuc
1553 1436 1799 1485 retinent
1826 1436 2106 1487 desideria

506 1520 703 1572 prava.
730 1507 1025 1558 Profectus
1050 1506 1257 1567 aliquis
1282 1510 1370 1555 est
1394 1506 1450 1555 in
1475 1518 1559 1558 eo.
1579 1506 1733 1567 quod
1751 1520 1920 1569 opera
1937 1508 2106 1571 justi-

506 1581 602 1631 tite
639 1579 888 1629 faciunt:
918 1578 1017 1628 sed
1041 1578 1231 1627 adhuc
1256 1576 1327 1626 ad
1361 1578 1827 1639 consequendum
1860 1592 2102 1642 regnum

505 1651 607 1702 Dei
638 1663 755 1702 non
792 1655 880 1701 est
920 1649 1028 1700 hoc
1058 1648 1366 1707 sufficiens,
1403 1649 1534 1711 quia
1566 1650 1838 1700 virtutem
1860 1651 2103 1713 justitia:

505 1721 766 1773 nondum
790 1723 848 1771 in
862 1720 1031 1771 corde
1055 1720 1286 1770 habent.
1314 1721 1437 1769 Duo
1464 1732 1597 1781 ergo
1624 1726 1760 1771 sunt
1785 1734 1913 1783 quae
1941 1734 2103 1772 vera-

508 1793 647 1843 citer
670 1792 1167 1852 faciuntjustum:
1217 1791 1392 1841 Amor
1426 1790 1577 1849 boni,
1627 1795 1683 1840 et
1716 1792 1911 1841 odium
1948 1791 2101 1842 mali.

2200 572 2292 621 his
2319 572 2583 622 omnibus
2622 572 2767 622 facta
2799 576 2891 623 est
2925 583 3041 623 una
3067 583 3278 635 sponsa
3301 571 3423 633 regi
3445 581 3564 620 una
3584 569 3791 632 regina,

2201 643 2270 693 de
2306 656 2416 705 qua
2447 644 2710 694 subditur
2742 657 2754 692 :

2266 714 2350 767 1t).
2409 715 2587 762 Aslilil
2640 714 2831 773 regina
2887 728 2923 761 α
2962 714 3166 762 dextris
3222 714 3325 762 tuis
3366 714 3427 761 in
3478 713 3675 761 restim
3720 714 3793 760 de-

2202 791 2396 833 aurato
2454 788 2789 833 cirrtnmlala
2840 787 3109 835 varietate.
3167 787 3370 849 Regina
3414 785 3543 837 ideo
3598 785 3797 835 dicitur

2206 856 2473 913 Ecclesia,
2520 858 2654 919 quia
2706 858 2846 907 bene
2892 858 3035 919 regit
3094 856 3239 907 ﬁlios
3291 870 3447 908 suos.
3496 857 3687 905 Aslitit
3713 868 3798 918 p1-

2205 930 2325 976 rata
2373 929 2585 978 servire
2628 944 2659 975 a
2705 928 2907 975 ch‘h'is
2958 929 3082 987 luis,
3134 929 3299 989 idest,
3352 929 3413 979 in
3459 928 3639 978 bonis
3698 930 3796 975 tuis

2206 999 2518 1060 potioribus
2546 1014 2556 1047 :
2585 998 2641 1045 in
2670 1000 2855 1045 vesti/it
2881 1000 3159 1059 deaurato,
3184 1001 3244 1050 in
3268 1004 3471 1050 ornatu
3495 999 3795 1050 virtutum.

2210 1068 2381 1134 223
2450 1069 2546 1119 ubi
2613 1071 2863 1120 maxime
2900 1072 3113 1122 relucet
3166 1071 3456 1134 sapientia,
3518 1081 3661 1132 quae
3714 1080 3798 1131 per

2205 1154 2409 1190 aurum
2430 1140 2801 1203 signiﬁcatur,
2837 1142 2984 1193 sicut
3008 1143 3287 1205 scriptum
3309 1147 3399 1193 est
3425 1158 3436 1191 :
3464 1140 3798 1191 Thesaurus

2206 1213 2598 1263 desiderabilis
2612 1214 2985 1274 requiescitin
2999 1227 3095 1265 ore
3108 1215 3394 1278 sapientis.
3411 1213 3684 1263 Vestitus
3700 1210 3799 1268 (EI

2205 1284 2524 1345 Augustino)
2556 1283 2767 1345 regina}
2801 1284 2972 1346 hujus
2997 1291 3053 1335 et
3076 1286 3360 1349 pretiosus
3385 1288 3496 1345 est,
3523 1288 3586 1333 et
3612 1282 3798 1333 varius

2205 1356 2264 1404 in
2286 1355 2497 1415 linguis
2523 1355 2710 1404 variis.
2748 1354 2872 1405 Alia
2921 1355 3117 1419 lingua
3157 1358 3304 1417 Afra,
3351 1356 3461 1406 alia
3507 1356 3680 1417 Syra,
3705 1352 3799 1401 alia

2206 1428 2421 1484 61³1λο011,
2446 1426 2553 1474 alia
2579 1426 2839 1483 liebrzea,
2858 1426 3034 1477 etalia
3058 1428 3151 1477 illa
3174 1433 3229 1477 et
3254 1426 3362 1477 illa.
3380 1426 3629 1475 Faciunt
3647 1424 3800 1485 quin-

2205 1510 2315 1559 que
2340 1497 2689 1557 istzelinguze
2708 1498 3035 1549 varietatem
3050 1500 3227 1550 vestis
3240 1498 3565 1561 reginmhuj
3578 1509 3671 1545 us.
3686 1506 3797 1549 ouu-

2205 1569 2376 1619 modo
2400 1575 2590 1619 autem
2606 1569 2794 1619 omnis
2813 1571 3058 1621 varietas
3085 1572 3260 1621 vestis
3278 1572 3335 1621 in
3358 1571 3796 1621 11111ον110000οπ-

2206 1642 2319 1703 dat,
2347 1641 2427 1690 sic
2446 1642 2499 1690 et
2516 1640 2945 1703 omneslinguae
2962 1642 3033 1692 ad
3048 1655 3218 1693 unam
3234 1643 3419 1692 tidem.
3441 1643 3505 1691 In
3528 1640 3796 1691 vesteista

2206 1714 2455 1763 varietas
2474 1712 2567 1773 sit,
2594 1712 2844 1762 scissura
2864 1726 2978 1763 non
3006 1714 3096 1763 sit.
3118 1716 3257 1764 Ecce
3274 1714 3620 1765 varietatem
3641 1710 3796 1760 intel-

2205 1785 2452 1835 leximus
2466 1784 2534 1833 de
2548 1783 2881 1834 diversitate
2895 1785 3238 1847 linguarum,
3254 1790 3309 1835 et
3324 1790 3545 1835 vestem
3563 1784 3799 1829 intellexi-

508 1863 796 1935 Quisquis
823 1860 1016 1935 222
1034 1861 1160 1912 haec
1199 1861 1313 1911 duo
1356 1861 1565 1911 habere
1591 1864 1798 1935 potest,
1831 1864 2102 1914 unctione
2128 1862 2182 1935 B
2207 1856 2883 1935 muspropterunitatcpi
2904 1857 3107 1935 iniusti
3130 1858 3420 1935 varietate.
3442 1859 3671 1935 {turum
3690 1856 3793 1912 quid

511 1932 951 1996 sanctiSpiritus
966 1932 1175 1989 dignus
1193 1938 1297 1991 est,
1317 1944 1448 1995 quae
1480 1933 1782 1983 sanitatem
1806 1940 1860 1985 et
1883 1938 2101 1982 laetitiam

510 2005 996 2067 01108101011111110.
1018 2005 1237 2053 Unctus
1262 2005 1517 2054 estDeus
1543 2017 1576 2054 a
1602 2006 1735 2055 Deo.
1753 2007 2109 2057 Unctumau-

513 2076 643 2126 dis?
662 2075 949 2125 Christum
978 2074 1247 2137 intelligo.
1285 2074 1543 2125 Christus
1564 2076 1717 2125 enim
1742 2077 1928 2126 dictus
1955 2083 2042 2127 est
2075 2089 2109 2127 a

512 2148 841 2198 chrismate.
864 2148 983 2196 Hoc
1006 2159 1214 2195 nomen
1231 2146 1333 2208 (Ea:
1350 2147 1667 2207 Augustino)
1697 2149 1845 2209 quod
1870 2149 2110 2211 appella-

513 2222 604 2269 tur
621 2218 898 2279 Christus,
917 2218 1205 2268 unctionis
1222 2222 1329 2267 est.
1360 2219 1470 2267 Nec
1488 2218 1543 2267 in
1573 2218 1681 2267 alio
1698 2219 1829 2268 alibi
1856 2224 2107 2273 1111001011-

513 2296 610 2341 tur
635 2303 799 2350 reges
824 2291 881 2339 et
907 2287 1253 2345 sacerdotes,
1280 2288 1393 2337 nisi
1418 2288 1471 2338 in
1488 2288 1582 2338 1110
1608 2303 1801 2350 regno,
1828 2292 1925 2340 ubi
1950 2292 2109 2341 Chri-

516 2367 644 2413 stus
674 2360 1133 2424 prophetabatur.
1154 2361 1375 2410 Unctus
1396 2364 1486 2410 est
1502 2374 1634 2421 ergo
1654 2363 1805 2411 Deus
1835 2375 1867 2412 a
1888 2366 1995 2419 Deo,
2010 2380 2110 2422 quo

512 2433 653 2495 oleo,
680 2432 791 2482 nisi
817 2430 1127 2493 spirituali?
1153 2430 1354 2481 Oleum
1385 2431 1537 2481 enim
1569 2432 1791 2483 visibile
1810 2442 1826 2460 ·
1858 2434 2108 2497 signum,

513 2505 673 2557 estin
700 2503 1076 2553 sacramento.
1096 2502 1298 2551 Oleum
1324 2502 1635 2564 spirituale,
1656 2505 1842 2554 virtus
1864 2508 1966 2555 est.
1986 2509 2111 2553 Deus

513 2575 685 2638 igitur
707 2574 897 2634 homo,
929 2577 987 2622 et
1023 2572 1148 2621 ideo
1194 2576 1407 2621 unctus
1442 2575 1530 2622 est
1574 2576 1740 2634 Deus,
1773 2576 1904 2637 quia
1939 2575 2112 2626 homo

512 2647 684 2704 Deus,
703 2648 761 2695 et
787 2644 973 2693 factus
986 2641 1731 2694 estChristus.Audivimus
1758 2647 1944 2708 qualis
1968 2648 2024 2697 in
2051 2662 2111 2698 se

516 2716 704 2777 fuerit,
731 2714 958 2763 dicatur
981 2713 1148 2762 nobis
1174 2713 1359 2773 qualis
1387 2713 1556 2764 fuerit
1578 2715 1636 2765 in
1664 2718 1799 2766 suis.

577 2786 629 2839 9.
656 2786 889 2847 Myrrha
910 2788 953 2831 cl
970 2789 1119 2846 gutta
1139 2789 1183 2831 et
1205 2784 1394 2831 cas-ian
1412 2788 1866 2846 vestimentishtis,
1893 2806 1924 2836 (ι
1948 2791 2115 2838 domi-

514 2858 609 2905 bus
632 2856 895 2905 eburneis.
923 2856 1006 2904 Tu
1030 2868 1091 2904 es
1121 2860 1330 2905 unctus
1356 2854 1479 2906 oleo
1507 2870 1621 2919 prae
1653 2862 2032 2922 consortibus,
2059 2869 2115 2913 et

516 2927 687 2978 etiam
702 2926 1108 2977 avestimentis
1126 2926 1258 2985 tuis,
1275 2926 1439 2983 idest,
1455 2928 1525 2976 ab
1540 2928 1893 2981 humanitate
1909 2938 2021 2993 tua,
2037 2936 2115 2982 vel

514 2998 804 3062 Apostolis
824 2997 956 3057 tuis,
979 2997 1078 3059 qui
1099 3000 1305 3047 ornant
1332 3003 1383 3049 te
1402 3001 1456 3048 et
1484 2998 1770 3065 decorant,
1795 3004 1943 3054 sicut
1967 3008 2114 3053 vestis

514 3074 680 3121 ornat
704 3069 1012 3119 Dominum
1052 3069 1305 3131 procedit
1337 3071 1569 3132 myrrha
1594 3077 1649 3122 et
1672 3078 1832 3135 gutta
1857 3080 1913 3125 et
1938 3078 2107 3131 casia.

514 3142 679 3201 idest,
705 3141 838 3191 boni
855 3139 1075 3195 odores,
1104 3143 1163 3189 et
1186 3141 1335 3190 bona
1370 3140 1537 3192 fama.
1559 3144 1785 3206 Myrrha
1808 3152 1898 3196 est
1922 3152 2109 3208 species

512 3212 678 3264 valde
702 3224 913 3272 amara,
939 3211 1009 3261 de
1033 3223 1149 3274 qua
1169 3212 1404 3273 ungitur
1423 3227 1629 3277 corpus
1654 3219 1881 3277 mortui,
1909 3222 1972 3270 ut
1994 3234 2110 3273 non

2204 1934 2289 1979 est
2304 1932 2329 1977 ‘2
2346 1930 2476 1989 Ipsa
2493 1927 2787 1977 sapientia.
2814 1928 3093 1988 Quaelibet
3108 1929 3181 1978 sit
3197 1926 3794 1985 varietaslinguarum.

2207 2012 2385 2051 unum
2405 2011 2606 2048 aurum
2629 1998 2988 2063 praedicatur,
3016 2014 3130 2050 non
3149 2000 3443 2050 diversum
3461 2009 3697 2049 aurum.
3712 1996 3794 2043 sed

2206 2073 2418 2123 veritas
2444 2071 2512 2119 de
2529 2084 2698 2119 auro:
2726 2070 2967 2121 eandem
2986 2073 3191 2135 quippe
3210 2071 3581 2133 sapientiam:
3604 2071 3793 2115 eandem

2208 2143 2523 2193 doctrinam
2550 2147 2607 2190 et.
2630 2140 2989 2204 disciplinam
3016 2156 3214 2193 omnes
3234 2142 3444 2203 linguae
3472 2140 3793 2204 praedicant

2209 2216 2467 2265 Varietas
2488 2215 2545 2263 in
2576 2214 2805 2273 linguis,
2833 2226 3034 2263 aurum
3055 2216 3109 2262 in
3127 2214 3442 2263 sententiis.
3467 2211 3797 2272 Alloquatur

2209 2287 2484 2351 prepheta
2501 2286 2753 2345 reginam
2777 2285 2965 2349 istam,
2984 2284 3226 2335 libenter
3248 2284 3400 2334 enim
3419 2282 3494 2333 illi
3510 2286 3728 2339 cantat,
3756 2288 3795 2329 et

2209 2359 2614 2422 unusquisque
2632 2360 2895 2405 nostrum
2918 2374 2928 2409 ;
2958 2356 3005 2405 si
3025 2360 3214 2405 tamen
3238 2355 3579 2405 noverimus
3605 2353 3703 2403 ubi
3726 2365 3797 2399 811-

2210 2446 2361 2492 111118,
2402 2436 2458 2480 01
2482 2430 2552 2479 ad
2585 2428 2723 2477 illud
2761 2439 2970 2488 corpus
2997 2428 3273 2488 pertinere
3298 2437 3598 2485 conemur,
3623 2428 3679 2473 et
3702 2422 3795 2470 Iide

2212 2509 2268 2555 et
2288 2517 2382 2566 spe
2402 2502 2810 2565 pertineamus,
2831 2497 2977 2547 uniti
3000 2496 3270 2546 membris
3289 2496 3515 2546 Christi.
3534 2498 3657 2545 Nos
3678 2496 3793 2540 enim

2212 2576 2538 2637 alloquitur.

2278 2648 2361 2701 11.
2386 2646 2549 2704 Audi,
2580 2642 2715 2705 filia,
2742 2648 2786 2690 cl
2810 2642 2946 2691 vide.
2984 2640 3309 2703 Alloquitur
3330 2651 3453 2689 eam
3482 2638 3594 2700 (Er
3620 2637 3791 2684 eodem

2216 2725 2490 2779 tanquam
2519 2728 2669 2765 unus
2687 2715 2756 2764 de
2782 2714 3055 2776 patribus,
3075 2713 3207 2774 quia
3227 2711 3353 2760 tiliae
3371 2722 3619 2771 regnum
3646 2712 3793 2757 sunt:

2215 2792 2323 2842 etsi
2348 2788 2660 2850 alloquitur
2691 2787 2981 2848 propheta,
3015 2784 3123 2835 etsi
3159 2783 3467 2844 alloquitur
3495 2779 3795 2843 Apostolus

2217 2868 2486 2923 tanquam
2504 2860 2695 2909 tiliam.
2716 2859 2823 2920 (Sic
2838 2858 2989 2908 enim
3004 2856 3271 2905 dicimus:
3290 2856 3481 2903 Patres
3496 2852 3685 2902 nostri
3700 2862 3781 2912 pro

2217 2936 2434 2997 pheta}:
2462 2935 2650 2995 patres
2684 2930 2867 2981 nostri
2906 2927 3177 2991 Apostoli.
3213 2927 3297 2975 Sic
3319 2937 3425 2975 nos
3448 2924 3604 2997 illos,
3630 2930 3795 2997 utra-

2218 2996 2352 3067 tres,
2374 3004 2448 3054 illi
2470 3016 2576 3053 nos
2595 3007 2657 3052 ut
2675 3001 2859 3062 lilios.)
2879 3002 2961 3050 Ex
2990 3012 3102 3049 vox
3115 3010 3231 3048 una
3254 2996 3794 3059 paternaalloquitur

2219 3089 2393 3127 unam
2419 3075 2614 3125 tiliam.
2659 3074 2699 3120 Α
2715 3072 2824 3130 udi,
2846 3071 2981 3133 filia,
3007 3076 3051 3117 et
3078 3069 3210 3118 vide.
3239 3069 3399 3118 Prius
3426 3067 3588 3121 audi,
3618 3068 3797 3129 postea

2211 3149 2358 3200 vide.
2389 3149 2635 3197 Ventum
2654 3149 2741 3195 est
2767 3144 2838 3194 ad
2866 3156 2991 3202 nos,
3010 3155 3139 3192 cum
3164 3139 3484 3201 Evangelio,
3524 3144 3589 3189 et
3615 3136 3798 3202 praedi-

2218 3225 2406 3271 catum
2425 3223 2510 3269 est
2532 3215 2887 3277 nobis,quod
2900 3214 3157 3265 nondum
3178 3211 3463 3263 videmus:
3483 3214 3540 3261 et
3564 3210 3793 3257 audiendo

517 3288 827 3349 putrescat,
858 3287 913 3333 et
960 3282 1115 3345 pellit
1146 3296 1389 3334 vermes.
1428 3274 1537 3335 Per
1576 3286 1724 3336 hanc
1757 3274 2188 3351 signiticaturC
2219 3292 2525 3352 credimus,
2551 3295 2607 3341 et
2630 3274 2912 3339 cred—endo
2942 3289 2961 3316 δ
2988 3286 3257 3338 vidimus.
3284 3283 3448 3339 Audi.
3479 3287 3546 3332 ut
3573 3280 3791 3352 credas:

519 3355 881 3406 mortiﬁcatio
916 3355 1123 3415 carnis,
1160 3366 1293 3426 qua)
1344 3355 1506 3426 valde
1531 3368 1723 3407 amara
1747 3364 1849 3417 est,
1878 3367 1933 3412 et
1962 3364 2121 3426 pellit

522 3439 769 3488 vermes,
788 3426 952 3485 idest,
976 3425 1322 3497 tentationes
1341 3425 1567 3485 diaboli,
1583 3433 1841 3480 etservat
1856 3425 2061 3497 corpus
2075 3444 2120 3485 et

518 3498 768 3548 animam
800 3510 835 3546 a
860 3496 1162 3559 putredine
1176 3496 1462 3546 vitiorum.
1481 3498 1654 3548 Gutta
1672 3500 1873 3551 iterum
1901 3496 2120 3567 species

520 3581 654 3631 quae
667 3569 823 3631 pellit
837 3574 1089 3618 tumores
1102 3568 1708 3630 pulmonis,humilitas
1726 3576 1970 3637 est-,quae
1986 3583 2121 3637 pellit

517 3642 868 3692 inﬂationem
887 3643 943 3688 et
962 3651 1190 3689 omnem
1210 3644 1428 3689 motum
1450 3644 1749 3702 superbire.
1766 3648 1925 3695 Casia
1946 3649 2120 3701 herba

518 3717 607 3764 est
631 3724 762 3774 quae
780 3710 985 3760 crescit
1000 3709 1055 3758 in
1072 3722 1293 3771 aquoso
1316 3710 1751 3764 1000.011·1081-11
1775 3716 1830 3766 111
1852 3732 2119 3779 magnam

519 3782 903 3855 altitudinem,
929 3786 985 3831 et
1010 3780 1196 3855 reddit
1230 3794 1503 3841 magnum
1538 3785 1790 3838 odorem.
1820 3790 1986 3840 Fides
2012 3796 2119 3855 est,

522 3867 653 3917 qua:
667 3853 847 3904 oritur
863 3852 919 3902 in
936 3853 1102 3914 aquis
1122 3854 1410 3915 baptismi,
1430 3857 1701 3905 etcreseit
1719 3859 1963 3920 injustis
1982 3852 2121 3914 11111ὶέ

520 3932 663 3983 111111,
698 3929 755 3975 01
778 3925 986 3974 bonam
1020 3924 1227 3974 famam
1263 3925 1360 3974 dat
1404 3926 1544 3975 aliis.
1574 3928 1711 3979 Haec.
1736 3935 1929 3983 omnia
1954 3936 2120 3985 nobis

525 3999 927 4070 processerunt
940 4008 1009 4047 ex
1022 3996 1382 4070 humanitate
1396 3998 1628 4049 Christi:
1648 4002 1734 4050 vel
1752 4004 1961 4055 adsunt
1979 4010 2123 4070 Apo-

518 4068 701 4125 stolis,
721 4069 816 4131 qui
837 4068 960 4118 hiBC
978 4068 1169 4117 omnia
1186 4069 1353 4118 nobis
1376 4070 1433 4119 in
1461 4073 1788 4135 semetipsis
1811 4068 2121 4138 proposue-

518 4140 727 4191 runtin
753 4139 1035 4202 exemplo.
1066 4142 1135 4189 Et
1159 4140 1285 4190 htec
1302 4141 1498 4192 eadem
1536 4152 1935 4202 processerunt
1956 4150 2119 4198 nobis

516 4228 551 4259 (ι
578 4212 835 4259 dominus
853 4211 1111 4269 eburneis,
1136 4211 1302 4273 idest,
1322 4213 1548 4274 abipsis
1564 4216 1777 4264 sanctis
1798 4218 2116 4278 Apostelis:

517 4294 647 4345 quae
675 4281 942 4331 dicuntur
968 4282 1194 4334 domus.
1220 4283 1354 4344 quia
1378 4285 1661 4334 Dominus
1689 4284 1906 4337 habitat
1931 4288 1985 4338 in
2003 4291 2114 4340 eis:

516 4355 754 4405 eburnei
774 4354 864 4404 vel
881 4355 1526 4417 propterfortitudinem,
1541 4358 1631 4405 vel
1649 4364 1878 4420 propter
1895 4360 2120 4423 simpli-

515 4427 704 4477 citatis
719 4426 1048 4477 candorem:
1075 4428 1198 4475 sive
1217 4427 1349 4487 quia
1366 4426 1606 4476 diversis
1634 4432 2115 4492 tOt‘mentiSincisi,

516 4498 740 4561 sculpti,
767 4497 899 4555 rasi,
922 4497 1207 4548 etelimati
1245 4497 1488 4548 fuerunt.
1516 4499 1603 4546 Ea;
1630 4501 1821 4561 quibus
1847 4502 2117 4551 delectave—

514 4574 645 4617 runt
672 4575 715 4617 te
737 4569 861 4630 ﬁlia:
884 4584 1073 4629 regum
1100 4570 1155 4615 in
1187 4568 1389 4616 honore
1416 4575 1523 4620 (tio.
1549 4572 1629 4620 Ac
1652 4572 1697 4621 Si
1734 4574 1964 4635 diceret,
1989 4587 2117 4636 pro-

513 4643 642 4703 pter
664 4640 793 4690 11ωο
806 4639 1179 4691 odoramenta
1196 4639 1528 4702 placuerunt
1543 4643 1641 4692 tibi
1654 4644 1923 4695 Ecclesiae
1940 4646 2114 4703 singu-

514 4685 603 4769 lrae,
641 4722 885 4772 quarum
912 4714 1101 4773 patres
1125 4716 1181 4761 et
1197 4685 1454 4762 rectores
1479 4713 1998 4777 fueruntApostoli,
2017 4685 2112 4777 qui
2141 4685 2196 4756 Ι)

516 4794 613 4831 eas
646 4785 968 4844 genuerunt
1001 4781 1158 4832 fonte
1178 4782 1834 4843 baptismatisinhonore
1859 4800 1974 4835 non
2002 4802 2110 4848 suo,

517 4852 614 4902 sed
634 4856 749 4902 tuo.
788 4852 877 4901 Ad
905 4852 1014 4903 hoc
1045 4859 1463 4905 sacramentum
1494 4858 1603 4917 (Ea,-
1626 4857 1876 4917 August.)
1904 4860 2115 4917 pertinet

515 4923 666 4986 quod
697 4922 974 4987 scriptum
998 4929 1085 4973 est
1108 4925 1167 4975 in
1185 4925 1305 4987 lege
1332 4943 1343 4976 :
1371 4928 1426 4978 Si
1454 4933 1717 4978 mortuus
1747 4929 1915 4978 fuerit
1946 4932 2111 4990 frater,

514 4995 756 5059 accipiat
784 5008 1021 5045 uxorem
1042 4996 1212 5047 frater
1233 4998 1379 5060 ejus.
1407 5004 1465 5048 et
1495 4999 1949 5050 suscitetseinen
1976 5003 2107 5047 fratri

515 5080 620 5117 suo
646 5067 851 5129 (Matth.
880 5067 929 5117 8.
958 5068 1106 5117 Deut.
1134 5068 1263 5129 ‘25.).
1294 5071 1551 5119 Mortuus
1580 5075 1664 5118 est
1692 5070 1982 5121 Christus:
2007 5073 2112 5121 ab-

514 5140 764 5191 sentavit
782 5152 842 5189 se
858 5153 1116 5201 corpore:
1141 5143 1513 5203 susceperunt
1540 5141 1738 5189 fratres
1753 5142 1879 5202 ejus
1901 5159 1926 5189 u
1940 5159 2108 5190 mrum

511 5211 977 5272 ejusEcclesiam,
1000 5212 1402 5271 prtedicatione
1423 5212 1713 5273 Evangelii
1745 5213 1889 5262 lilios
1915 5230 2115 5263 genera-

513 5282 643 5344 turi,
670 5295 785 5332 non
816 5295 915 5345 per
945 5284 1186 5345 seipsos,
1216 5282 1315 5331 sed
1354 5295 1451 5345 per
1476 5283 1846 5342 Evangeliuin
1886 5289 2113 5346 propter

511 5366 721 5404 nomen
747 5354 953 5404 fratris.
987 5357 1049 5404 In
1095 5353 1319 5403 Christo
1351 5356 1488 5403 Jesu
1518 5355 1719 5415 (inquit
1758 5356 1985 5415 Paulus)
2016 5370 2113 5419 per

512 5426 889 5489 Evangelium
915 5438 1021 5488 ego
1036 5437 1141 5476 vos
1158 5424 1329 5485 genui
1359 5425 1428 5485 (l.
1456 5428 1573 5475 (ὐν.
1603 5426 1905 5489 4.).111111110
1923 5428 2111 5477 susci—

513 5500 699 5548 tantes
730 5501 958 5559 propter
988 5508 1202 5546 nomen
1229 5497 1417 5546 fratris
1433 5511 1625 5547 semen
1648 5500 1801 5549 fratri
1829 5513 1950 5557 suo,
1974 5508 2112 5559 quot-

510 5574 650 5630 quot
674 5573 1014 5629 genuerunt.
1055 5580 1173 5618 non
1201 5568 1485 5627 Paulinos,
1519 5583 1633 5619 non
1672 5571 1927 5621 Petrinos
1968 5585 1979 5619 :
2009 5570 2110 5620 sed

510 5639 864 5691 Christianos
911 5639 1369 5690 nominaverant.
1408 5643 1525 5691 Iloc
1558 5646 1645 5692 est
1678 5643 1731 5689 in
1772 5644 1973 5690 honore
2001 5649 2107 5700 tuo,

575 5792 590 5809 '
608 5785 796 5845 Atque
812 5784 945 5834 hinc
962 5783 1317 5835 restituenda
1331 5785 1933 5847 Augustinianalectio
1952 5785 2111 5837 vide-

513 5855 622 5916 tur,
655 5866 784 5915 quae
807 5861 864 5905 et
898 5856 1191 5907 obscurior
1215 5860 1318 5919 est,
1359 5860 1415 5908 et
1436 5858 1852 5921 interpolatoris
1874 5870 2109 5910 manum

519 5926 638 5977 tam
658 5924 719 5977 in
742 5926 927 5987 editis,
947 5940 1122 5989 quam
1133 5927 1195 5981 in
1205 5929 1339 5982 Mss.
1356 5930 1647 5982 codicibus
1661 5929 1907 5984 redolet:
1931 5930 2114 5982 Oleum

2220 3364 2433 3415 munda
2458 3349 2554 3413 cor
2590 3362 2717 3411 tide.
2756 3364 2823 3411 Et
2866 3373 2999 3410 cum
3032 3373 3130 3409 cor
3166 3357 3537 3415 mundavero,
3566 3351 3699 3416 quid
3727 3349 3792 3399 vi-

2219 3437 2401 3486 deho?
2416 3434 2567 3483 Beati
2586 3433 2802 3483 mundo
2819 3432 3005 3491 corde,
3024 3428 3413 3494 quoniamipsi
3440 3428 3627 3477 Deum
3654 3422 3788 3474 vide—

2219 3508 2363 3557 bunt
2394 3506 2600 3566 (Mal/li.
2630 3504 2717 3563 5.}.
2744 3504 2811 3552 Εε
2838 3504 3045 3550 inclina
3070 3515 3257 3549 aurem
3287 3506 3453 3548 luam.
3489 3498 3553 3548 Id
3580 3503 3686 3547 est.
3711 3499 3791 3543 hu-

2219 3579 2429 3630 militcr
2462 3576 2614 3627 audi.
2654 3577 2717 3624 Et
2750 3576 3045 3623 obliviscere
3084 3572 3343 3635 populum
3381 3576 3557 3618 (itum.
3597 3567 3790 3617 Scilicet

2221 3654 2407 3699 sectas
2431 3649 2783 3707 Judieorum,
2812 3646 2899 3697 vel
2925 3646 3221 3695 Gentium:
3250 3644 3390 3693 ritus
3408 3642 3693 3702 tegalesin
3711 3641 3793 3689 Ju-

2219 3722 2459 3778 daismo,
2477 3724 2529 3769 et
2543 3719 2918 3768 idololatriam
2938 3718 2993 3767 in
3008 3720 3307 3765 Gentilitate.
3325 3715 3391 3762 EI
3404 3714 3629 3761 domum
3645 3712 3791 3775 patris

2221 3794 2321 3839 tui.
2352 3792 2411 3841 Id
2437 3794 2542 3853 est,
2570 3791 3061 3841 conversationem
3086 3787 3312 3837 diaboli.
3345 3786 3441 3836 Vel
3459 3786 3696 3835 domum
3720 3794 3793 3844 pa-

2222 3864 2320 3913 tris
2349 3864 2447 3919 tui,
2472 3864 2607 3912 lioct
2630 3868 2677 3911 81
2707 3862 2881 3922 hujus
2901 3859 3102 3910 mundi
3128 3860 3429 3916 Vanitates,
3456 3857 3515 3906 in
3542 3869 3657 3918 quo
3677 3868 3790 3915 qua-

2220 3936 2267 3985 si
2294 3936 2350 3984 in
2378 3934 2602 3998 propria
2641 3934 2812 3983 domo
2850 3946 3036 3993 usque
3062 3930 3230 3981 modo
3263 3930 3527 3979 diabolus
3554 3926 3789 3989 regnavit

2219 4009 2394 4069 (.loan.
2434 4005 2538 4066 14.)
2574 4006 2752 4066 Cujus
2788 4003 2903 4053 tilia
2926 4016 3026 4066 pro
3049 4002 3329 4053 malorum
3355 4012 3594 4064 operum
3622 3998 3788 4049 imita-

2221 4078 2372 4128 tione
2397 4076 2569 4125 fuisti.

2282 4147 2366 4201 12.
2414 4149 2480 4196 Et
2512 4148 2839 4210 concupiscet
2883 4146 3239 4194 νεα-(1011010111
3287 4150 3458 4193 tuum.
3496 4143 3562 4193 Id
3606 4148 3707 4199 est,
3751 4144 3788 4187 U3

2219 4219 2501 4278 decoram,
2522 4225 2827 4282 postquam
2842 4230 2925 4279 ea,
2944 4230 3075 4279 (11110
3095 4217 3244 4266 dicta
3258 4220 3409 4273 sunt,
3425 4214 3602 4265 oblita
3620 4213 3788 4263 fueris.

2220 4293 2285 4340 Et
2318 4292 2442 4340 ideo
2466 4291 2639 4340 debes
2665 4290 2909 4339 libenter
2945 4289 3160 4345 audire,
3209 4301 3337 4350 quas
3363 4290 3646 4351 praecepta
3677 4286 3787 4333 sunt

2218 4362 2335 4411 tibi.
2367 4360 2635 4418 Quoniam
2666 4359 2755 4409 ille
2781 4360 2877 4421 qui
2904 4359 3257 4421 concupiscit
3281 4361 3351 4411 te,
3374 4370 3489 4408 non
3518 4358 3699 4407 solum
3719 4357 3786 4403 est

2218 4445 2315 4481 rex
2342 4437 2399 4481 et
2424 4443 2673 4493 sponsus
2694 4435 2843 4487 tutis,
2865 4430 2965 4480 sed
2987 4432 3102 4493 Ipse
3125 4435 3192 4477 est
3218 4429 3481 4477 Dominus
3505 4429 3645 4476 Deus
3669 4432 3787 4473 tuus.

2218 4502 2279 4552 Id
2306 4505 2409 4563 est,
2429 4504 2664 4563 creator,
2689 4501 3089 4551 etdominator
3107 4501 3204 4550 tui.
3233 4500 3369 4562 Regi
3394 4499 3564 4550 nubis
3591 4494 3787 4555 Deo,ali

2217 4574 2310 4624 illo
2335 4575 2547 4635 dotata,
2586 4574 2658 4622 ab
2697 4572 2791 4623 illo
2835 4572 3118 4632 decorata,
3168 4576 3386 4631 sanata,
3432 4576 3489 4621 et
3536 4570 3784 4621 redemta.

2219 4645 2499 4707 Quicquid
2514 4644 2691 4694 habes
2720 4643 2870 4694 unde
2894 4643 2973 4694 illi
3000 4644 3210 4707 places,
3237 4643 3307 4692 ab
3328 4642 3422 4693 illo
3452 4642 3650 4692 habes.
3672 4641 3785 4690 Haec

2219 4730 2251 4779 q
2263 4730 2348 4766 uae.
2368 4718 2437 4766 de
2452 4715 2701 4765 Ecclesia
2714 4715 2865 4765 dicta
2883 4717 3037 4778 sunt,
3056 4715 3713 4777 unusquisquenostrum
3728 4707 3782 4759 ad

2215 4801 2275 4839 se
2315 4788 2520 4837 referre
2554 4790 2759 4849 potest.
2783 4787 3007 4847 Anima,
3031 4798 3182 4848 quin,
3211 4798 3395 4836 errore
3419 4783 3630 4844 relicto,
3655 4786 3782 4833 recte

2212 4859 2405 4909 credit.
2437 4857 2503 4907 de
2521 4857 2837 4917 alienigena
2864 4858 2978 4908 Deo
3009 4858 3317 4920 adoptatur
3362 4857 3420 4906 in
3444 4856 3638 4905 ﬁliam.
3663 4850 3783 4903 Ado-

2212 4936 2369 4994 ptata
2392 4944 2525 4993 ergo
2555 4929 2788 4979 inclinet
2811 4940 3008 4979 aurem
3035 4942 3220 4985 suam.
3247 4933 3305 4979 et
3331 4930 3505 4978 totam
3535 4940 3595 4977 se
3622 4922 3779 4994 tradat

2210 4993 2486 5051 doctrti
2503 5003 2557 5049 et
2573 4998 2964 5059 intelligentiae
2976 5012 3171 5050 eorum
3202 5011 3331 5061 quin
3349 4998 3629 5048 dicuntur.
3650 4993 3780 5045 Obli-

2211 5071 2723 5133 viscaturprimum
2748 5071 3019 5132 populum
3044 5083 3240 5121 suum:
3272 5075 3329 5120 et
3354 5081 3486 5119 eum
3517 5066 3774 5119 Abraham

2211 5144 2281 5193 de
2308 5141 2573 5193 Chaldtea
2598 5142 2913 5203 egrediens,
2939 5142 3221 5203 relinquat
3246 5144 3455 5191 terram
3487 5134 3775 5190 nativitatis

2210 5220 2263 5265 et
2294 5212 2649 5275 cognationis
2669 5214 3007 5276 811ωίϐρηιν8.
3030 5212 3095 5266 '12
3122 5216 3154 5274 ).
3177 5215 3354 5263 Nemo
3371 5212 3591 5262 dubitat
3616 5214 3771 5269 patrem

2210 5289 2469 5335 nostrum
2484 5288 2795 5346 antequam
2809 5284 3211 5348 adoptaremur
3227 5298 3261 5335 a
3276 5286 3409 5341 Deo,
3428 5282 3606 5333 fuisse
3619 5280 3681 5329 de
3695 5292 3771 5336 qm-

2211 5358 2471 5406 Salvator
2496 5357 2604 5405 ait:
2648 5357 2763 5405 Vos
2797 5356 2867 5406 de
2893 5362 3051 5419 patre
3076 5356 3299 5406 diabolo
3323 5355 3463 5405 estis
3494 5354 3669 5415 (Joan.
3700 5350 3770 5399 δὴ

2210 5433 2350 5478 Cum
2378 5442 2527 5489 ergo,
2548 5428 2749 5489 inquit,
2776 5429 2996 5490 antiqui
3018 5430 3192 5490 patris
3213 5428 3379 5477 fueris
3398 5426 3589 5486 oblita,
3617 5426 3669 5474 et
3697 5430 3771 5483 per

2210 5499 2578 5562 baptismum,
2608 5499 2727 5549 sive
2772 5514 2866 5561 per
2902 5500 3295 5561 paenitentiam
3330 5503 3632 5548 renovata:
3661 5498 3769 5542 tunc-

2209 5572 2571 5632 concupiscet
2586 5569 2632 5635 2
2647 5570 2864 5637 241011
2882 5571 3145 5621 decorem
3165 5576 3345 5620 tuum.
3366 5569 3557 5619 Talem
3582 5576 3704 5625 ergo
3722 5570 3767 5637 διε

2212 5644 2498 5705 0110110010
2515 5644 2689 5705 niina,
2707 5648 2771 5694 ut
2786 5647 3010 5693 ametur
3026 5655 3058 5693 a
3082 5655 3230 5705 rege.
3252 5644 3363 5705 Ipse
3387 5640 3595 5691 etenim
3612 5638 3766 5685 Deme

2208 5788 2349 5837 enim
2376 5786 2576 5835 t'isihile
2621 5789 2675 5835 in
2712 5789 2867 5848 signa
2901 5792 2987 5849 est,
3021 5786 3192 5835 oleum
3220 5784 3483 5834 invisibile
3510 5785 3563 5831 in
3592 5782 3762 5832 Suffa-

2212 5866 2383 5909 mcitlo
2410 5866 2496 5917 est.
2523 5861 2695 5910 ullum.
2729 5861 2970 5924 sjiii'itulc
2996 5860 3140 5908 intus
3162 5864 3254 5909 est.

2272 5933 2291 5961 "
2317 5933 2523 5985 Verius
2551 5933 2702 5997 apud
2734 5934 3145 5997 Augustinum,
3172 5930 3480 5982 ridebimus.
