3890 6412
94 407 206 458 s23

105 536 213 569 nus
247 523 386 569 Deus
418 520 548 583 ejus,
590 521 680 571 cui
720 522 942 570 flectere
981 519 1152 569 debet
1190 530 1342 581 genu
1365 523 1419 591 et
1452 517 1778 591 depositaA

100 593 376 655 superbia
399 593 605 654 jugnm
630 591 973 642 humilitatis
1001 603 1296 640 assumere
1326 589 1486 650 (Plut.
1526 588 1618 649 2.).
1643 590 1706 636 Et.

100 663 416 711 tttlm‘ahunt
441 679 560 710 eum
583 663 772 720 etiam,

175 734 255 786 l3.
307 735 369 781 Iz't
407 735 533 795 lilia:
585 734 711 794 Tyri
748 734 800 778 in
846 731 1176 780 muneribus.
1203 730 1361 781 Filii!)
1389 732 1539 793 Tyri,
1573 732 1705 781 Πῐὶῐῦ

102 810 248 855 sunt
273 805 558 864 Gentium,
578 818 610 854 a
637 809 795 866 parte
823 803 1155 862 significans
1182 807 1384 852 totum.
1415 804 1597 863 Tyrus
1623 804 1706 850 vi-

102 878 237 926 vina
270 877 398 925 huic
426 880 610 937 terrm,
639 875 734 924 ubi
760 875 1054 936 pmphetia
1079 876 1216 934 erat,
1232 877 1441 923 Gentes
1469 873 1706 923 creditu-

102 961 200 996 ras
231 948 288 996 in
302 947 588 996 Christum
615 946 976 1006 signiticabat
1005 959 1014 992 :
1045 957 1177 1006 qua)
1203 945 1706 994 adoraveruntl)o-

103 1019 335 1067 minum
371 1031 504 1066 cum
533 1017 881 1066 munerilnis.
907 1016 1076 1077 juxta
1103 1017 1252 1077 quod
1289 1016 1566 1076 scriptum
1581 1020 1701 1064 est:

100 1089 517 1137 'l‘hesaurizate
543 1087 704 1136 vobis
723 1086 1023 1135 thesauros
1049 1087 1106 1134 in
1124 1088 1263 1135 creto
1294 1087 1480 1147 (Matth
1527 1088 1611 1146 6.).
1638 1085 1705 1134 Et

98 1160 238 1209 date
253 1159 696 1218 eleemosynam,
719 1161 774 1206 et
793 1156 983 1206 omnia
1002 1157 1216 1205 munda
1231 1160 1367 1205 sunt
1384 1156 1545 1206 vobis
1561 1156 1700 1216 (Luc.

100 1229 234 1291 '11.).
263 1231 446 1291 Tyrus
475 1230 881 1290 interpretatur
903 1228 1171 1288 angustia,
1202 1227 1556 1289 etsigniticat
1576 1239 1705 1286 pec-

99 1306 349 1360 catores,
365 1314 508 1362 quos
534 1300 794 1349 diabolus
822 1300 1248 1360 comprimebat.
1268 1299 1517 1348 Adorant
1535 1298 1705 1359 igitur

103 1372 416 1421 Dominum
432 1371 562 1420 tiliae
577 1371 726 1431 'l‘yri,
743 1370 1023 1431 siquidem
1038 1377 1376 1430 peccatores,
1401 1383 1544 1430 quos
1559 1371 1706 1416 arctis

98 1443 354 1492 vinculis
379 1441 641 1491 diabolus
655 1443 919 1502 angebat.
941 1443 1004 1490 Et
1025 1441 1128 1490 hoc
1150 1442 1202 1487 in
1223 1440 1553 1500 inuam-ibus,
1571 1440 1706 1501 quia

100 1515 330 1576 seipsos
345 1515 584 1564 Domino
609 1520 842 1561 oll'erunt.
862 1513 1075 1561 Vultum
1091 1519 1241 1559 tuum
1259 1512 1700 1574 ttt'precultuntur.

100 1586 166 1634 ld
215 1590 302 1635 est
343 1585 546 1634 devote
573 1585 957 1646 precabantur
994 1586 1194 1645 Deum,
1224 1587 1285 1632 ut
1312 1583 1406 1632 det
1432 1584 1513 1632 eis
1537 1594 1704 1645 posse

100 1656 403 1717 pervenire
423 1656 493 1705 ad
511 1661 665 1706 tuam
687 1655 1160 1704 cont‘ormitatem.
1181 1656 1371 1702 Omnes
1388 1655 1572 1702 divites
1588 1656 1702 1716 ple-

97 1728 200 1786 bis,
253 1727 305 1776 id
339 1732 443 1787 est,
479 1726 794 1775 omnimodi
835 1725 1063 1784 divites,
1102 1726 1222 1775 sive
1255 1727 1542 1787 consules,
1581 1726 1703 1774 sive

95 1799 304 1856 duces,
329 1800 449 1848 sive
478 1812 658 1860 reges,
689 1797 809 1847 sive
839 1797 1223 1859 imperatores.
1243 1799 1322 1846 De
1347 1797 1554 1845 talibus
1572 1797 1710 1846 divi-

103 1869 266 1918 tibus
291 1869 633 1931 discipulum
662 1881 832 1917 suum
860 1868 1128 1917 admonet
1157 1868 1384 1926 Paulus,
1408 1868 1603 1917 dicens
1627 1868 1698 1927 (Ἰ.

110 1940 334 2002 Tim.ti.)
364 1957 374 1989 :
402 1941 647 2002 Praecipe
675 1939 952 1989 divitibus
976 1940 1150 1999 hujus
1178 1939 1353 1988 seculi
1380 1953 1495 1989 non
1514 1952 1703 2002 super-

102 2013 175 2061 be
220 2024 432 2074 sapere,
486 2025 590 2060 nec
629 2024 854 2073 sperare
880 2011 935 2059 in
971 2011 1187 2060 incerto
1219 2011 1570 2061 divitiarum:
1601 2011 1702 2061 sed

98 2083 161 2132 in
208 2084 320 2131 Deo
362 2083 509 2140 vivo,
548 2082 645 2143 qui
683 2086 916 2144 111-1051111
942 2082 1105 2130 nobis
1133 2082 1322 2131 omnia
1347 2083 1703 2132 abundanter

97 2154 174 2203 ad
205 2153 529 2203 fruendum.
557 2153 776 2202 Divites
805 2153 918 2202 sint
945 2153 1002 2201 in
1030 2153 1298 2214 operibus
1333 2154 1521 2203 bonis:
1542 2154 1702 2203 facile

99 2225 382 2283 tribuant,
413 2223 800 2274 thesaurizent
827 2225 930 2272 sibi
959 2224 1395 2275 fundamentum
1417 2228 1624 2274 bonum
1645 2226 1702 2276 in

101 2297 386 2345 futurum.
432 2298 741 2358 Postquam
785 2295 1035 2344 ostendit
1069 2295 1372 2356 dignitates
1415 2297 1700 2360 Ecclesiae,

96 2368 473 2417 commendat
505 2379 632 2417 eam
668 2381 796 2417 esse
831 2365 1176 2416 laudabilem
1212 2367 1530 2418 secundum
1555 2369 1702 2418 inte-

97 2440 271 2493 riora,
301 2438 499 2488 dicens
527 2453 538 2487 :

172 2509 260 2562 14.
315 2510 504 2557 Omnis
550 2508 725 2571 gloria
763 2510 875 2571 ejus
913 2509 1034 2570 ﬁlia:
1068 2509 1204 2570 regis
1241 2509 1306 2555 ab
1352 2510 1517 2560 intus.
1557 2511 1701 2560 Hinc

103 2579 320 2630 Paulus
344 2581 446 2631 ait:
468 2579 654 2630 Gloria
674 2579 1004 2629 nosti-alueo
1028 2584 1131 2639 est,
1149 2580 1541 2630 testimonium
1567 2594 1701 2631 eon-

102 2652 366 2701 scientize
401 2657 613 2701 nostrae
650 2650 713 2711 (:2.
747 2652 865 2699 Cor.
898 2650 986 2712 1.).
1019 2652 1213 2701 Fatuae
1239 2652 1489 2712 virgines
1513 2651 1700 2702 oleum

100 2735 310 2773 secum
333 2735 448 2772 non
485 2726 817 2771 sumserunt
843 2723 1047 2781 (.lltlll/t.
1079 2720 1350 2783 23.),quia
1368 2723 1602 2784 gloriam
1617 2724 1702 2773 in-

103 2802 194 2845 tra
227 2795 634 2844 conscientiam
662 2807 778 2843 non
802 2794 1145 2853 habuerunt,
1173 2794 1310 2843 dum
1335 2795 1480 2843 hanc
1505 2797 1576 2844 ab
1607 2808 1701 2845 ore

103 2866 498 2928 proximorum
513 2867 884 2926 qumsierunt.
905 2867 971 2914 lit
993 2865 1310 2914 notandum
1330 2866 1482 2927 quod
1499 2879 1699 2917 omnes

103 2937 422 2999 lampades,
452 2938 549 2985 sed
588 2950 701 2986 non
729 2949 929 2986 omnes
956 2936 1143 2986 oleum
1170 2936 1376 2986 habere
1401 2937 1698 2988 dicuntur:

105 3008 245 3070 quia
271 3007 584 3070 plerunque
611 3009 757 3056 bona
782 3019 949 3070 opera
983 3007 1041 3056 in
1067 3020 1128 3058 se
1153 3021 1282 3057 cum
1307 3008 1500 3059 electis
1525 3012 1582 3059 et
1615 3022 1703 3058 re-

105 3079 303 3142 probis
329 3079 663 3135 ostendunt,
692 3079 792 3128 sed
815 3075 998 3128 Soliad
1014 3091 1290 3140 sponsum
1312 3080 1551 3130 veniunt
1568 3093 1698 3130 cum

101 3151 252 3210 oleo,
283 3151 379 3212 qui
419 3150 486 3200 de
522 3151 612 3200 his
640 3163 772 3212 quae
814 3150 949 3200 foris
976 3155 1232 3210 egerunt,
1261 3163 1374 3200 non
1407 3151 1564 3214 foris,
1604 3153 1702 3202 sed

101 3222 262 3271 intus
275 3222 511 3283 gloriam
525 3223 835 3283 requirunt.
863 3223 986 3270 Non
1002 3221 1186 3270 solum
1200 3234 1334 3284 ergo
1354 3223 1502 3272 bona
1515 3237 1699 3286 agere,

102 3294 209 3342 sed
225 3293 419 3366 eadem
435 3307 566 3343 cum
585 3294 806 3344 cautela
823 3306 1031 3356 magna
1047 3294 1333 3366 custodire
1346 3306 1579 3345 necesse
1593 3301 1695 3346 est:
1726 3293 1773 3366 C

101 3371 166 3415 ut
194 3365 295 3425 qui
320 3365 612 3426 gloriatur,
646 3365 705 3415 in
741 3366 981 3414 Domino
1016 3365 1287 3426 glorietur
1315 3366 1380 3427 ('1.
1423 3368 1541 3414 Cor.
1572 3367 1697 3428 '10.).

103 3439 168 3486 Et
194 3435 294 3486 illa
320 3436 430 3485 tilia
458 3437 604 3497 regis
630 3441 734 3497 est,
753 3437 810 3484 In
839 3436 1068 3497 fimbriis
1091 3437 1271 3483 aureis
1301 3437 1707 3486 circumumicta

101 3507 476 3556 varietatibus.
501 3509 878 3558 Varietatibus
897 3507 1129 3569 quidem
1157 3508 1585 3559 circumamieta
1597 3515 1703 3568 est,

100 3579 239 3641 quia
256 3580 416 3642 tides,
439 3579 1398 3641 spes,caritas,prudentia,justitia,
1415 3581 1702 3640 fortitudo,

103 3652 504 3712 ten‘iprrantia,
544 3663 668 3699 eam
697 3650 949 3711 undique
976 3651 1346 3700 circumdant.
1383 3656 1481 3702 litt)
1512 3657 1706 3702 autem

103 3723 350 3771 virtutes
387 3734 516 3770 cum
547 3721 781 3771 iimbriis
807 3721 996 3770 aureis
1024 3722 1235 3770 suntin
1270 3723 1531 3781 lCecle—ia,
1568 3737 1706 3784 quo-

100 3795 262 3843 niam
296 3794 590 3854 sapientia,
633 3799 688 3842 rt
722 3793 976 3852 scientia,
1004 3798 1060 3842 et
1087 3793 1492 3844 miraculorum
1519 3795 1707 3857 fulgor

99 3867 170 3915 ab
202 3864 295 3914 his
315 3866 584 3926 pendent.
611 3864 876 3914 Fimbria:
894 3864 965 3913 ad
983 3868 1384 3913 ornamentum
1413 3873 1704 3928 ponuntur

100 3939 156 3986 in
211 3937 587 3986 vestimentis.
640 3935 811 3996 Quasi
847 3947 979 3997 ergo
1023 3948 1094 3984 ex
1123 3936 1491 3986 varietatibus
1531 3939 1706 3987 vesti-

101 4009 284 4058 menti
306 4009 547 4058 limbrize
571 4020 760 4057 aureae
787 4007 1117 4069 procedunt,
1138 4006 1368 4068 quando
1387 4021 1457 4056 ex
1480 4008 1704 4058 virtuti-

103 4081 214 4130 bus
242 4078 516 4129 miracula
541 4079 880 4129 clarescunt.

167 4151 254 4204 15.
273 4151 624 4199 Acttlucentur
641 4151 750 4212 regi
779 4151 1010 4210 virgines
1025 4156 1138 4211 post
1157 4163 1291 4198 cam.
1317 4151 1702 4212 Apostolicam

99 4229 155 4273 et
187 4223 543 4284 primitivam
576 4222 889 4272 Ecclesiam
912 4220 1333 4283 praecedentem
1360 4221 1557 4271 multae
1576 4213 1702 4273 alite

102 4297 578 4356 subsequuntur:
613 4294 858 4352 uirgines,
891 4292 946 4341 id
975 4297 1079 4352 est,
1117 4292 1316 4350 integri
1357 4296 1412 4341 et
1435 4293 1624 4342 anima
1649 4299 1705 4343 et

101 4379 356 4426 corpore,
390 4366 726 4413 adducentur
756 4365 884 4425 regi,
922 4363 994 4413 ad
1022 4364 1406 4412 serviendum.
1437 4364 1570 4413 ICtin
1595 4364 1704 4415 hoc

109 4442 294 4490 notat.
336 4436 488 4498 quod
523 4449 617 4498 per
643 4449 703 4485 se
735 4435 806 4484 ad
833 4435 985 4485 illam
1020 4436 1357 4497 dignitatem
1388 4435 1579 4485 venire
1601 4449 1703 4485 ne-

102 4510 342 4570 queunt,
393 4508 500 4557 nisi
549 4507 908 4557 adducantur
955 4506 1376 4568 praedicatione.
1423 4510 1479 4555 et
1521 4506 1702 4566 gratia

100 4581 436 4641 adjuvante.
488 4579 633 4628 l—Iinc
683 4580 804 4641 ipse
845 4591 1097 4640 sponsus
1143 4578 1242 4626 ait.
1283 4579 1462 4626 Nemo
1516 4582 1703 4640 potest

106 4651 300 4700 venire
335 4651 405 4699 ad
434 4663 542 4709 me,
569 4650 677 4699 nisi
717 4652 878 4700 Pater
901 4662 1063 4698 meus
1094 4649 1326 4698 traxerit
1357 4661 1487 4697 eum
1522 4649 1696 4708 (Jrum.

104 4724 186 4781 (3.).
239 4722 343 4771 llic
376 4722 442 4770 fit
483 4721 780 4771 conversio
816 4720 885 4769 ad
922 4720 1110 4782 ipsum
1147 4732 1354 4779 regem,
1397 4732 1527 4768 cum
1565 4720 1696 4768 sub-
1722 4710 1778 4780 Ι)

104 4791 277 4846 ditur,
321 4793 591 4840 Promittere
620 4792 732 4851 eius
781 4791 1078 4852 afferentur
1119 4791 1227 4836 tibi.
1271 4792 1392 4838 Non
1419 4791 1568 4838 enim
1597 4791 1699 4852 (E50

104 4863 425 4925 Augustino)
464 4875 594 4925 quae
628 4864 932 4912 afferentur
963 4861 1167 4911 aliena:
1205 4865 1356 4923 sunt,
1400 4860 1570 4925 225
1600 4861 1700 4910 sed

107 4935 384 4994 proxume
398 4941 444 4995 ej
459 4948 542 4984 us.
562 4936 628 4983 ad
655 4948 788 4984 eum
809 4933 1287 4995 pertinentesPcr
1304 4933 1557 4994 virgines
1575 4946 1701 4995 pos-

107 5019 312 5054 sumus
339 5004 653 5064 intelligere
678 5005 805 5054 illas
829 5004 1071 5065 animas,
1092 5017 1222 5065 qua:
1242 5017 1466 5067 semper
1485 5005 1704 5063 integri-

108 5079 279 5126 tatem
325 5077 512 5125 carnis
548 5080 868 5134 servantes,
903 5076 960 5125 in
1004 5076 1332 5137 virginitate
1361 5089 1466 5124 sua
1490 5076 1704 5126 cazlesti

107 5161 316 5208 sponso
332 5148 652 5197 servierunt
672 5164 681 5196 :
699 5152 753 5197 et
768 5149 908 5210 ipsa:
925 5147 980 5196 in
997 5147 1175 5209 primo
1190 5147 1371 5207 gradu
1391 5152 1542 5195 sunt.
1561 5149 1706 5197 Sunt

104 5221 246 5277 alite,
266 5219 436 5268 sinon
455 5220 729 5281 Virgines,
752 5223 942 5269 tamen
957 5219 1335 5279 continentes,
1356 5231 1486 5280 quae
1505 5231 1706 5279 quam-

109 5290 192 5339 vis
224 5290 282 5340 in
307 5289 508 5340 eodem
535 5291 717 5353 gradu
743 5304 856 5341 non
881 5291 1015 5344 sint.
1039 5294 1226 5339 tamen
1248 5291 1701 5350 suntproximte:

107 5363 234 5421 quia
273 5367 401 5425 post
437 5362 664 5424 lapsum
698 5364 882 5413 carnis
921 5363 1337 5412 continentiam
1365 5362 1706 5411 studuerunt

109 5447 334 5485 servare
360 5435 589 5486 mentis.
629 5437 783 5485 Inter
808 5436 911 5485 has
951 5436 1240 5498 proximas
1267 5436 1704 5495 coniugatorum

108 5506 258 5562 ordo,
287 5507 382 5568 qui
408 5507 479 5555 ab
507 5507 692 5556 aliena
716 5507 1120 5569 conjunctione
1148 5520 1207 5555 se.
1233 5505 1705 5566 custodivit,con-

111 5578 333 5628 tinetur.
365 5580 468 5629 Hae
503 5592 656 5641 ergo.
686 5592 818 5641 quae
851 5585 1172 5640 se-pumtur
1209 5578 1538 5637 Ecclesia‘m,
1566 5584 1619 5629 et
1648 5579 1705 5628 in

113 5649 284 5708 primo
310 5657 603 5714 ponuntur
629 5652 824 5713 gradu,
863 5665 992 5713 quae
1023 5654 1075 5700 in
1102 5652 1430 5711 virginitate
1458 5653 1704 5715 corporis

111 5724 163 5767 et
197 5722 405 5773 animm
431 5728 814 5784 perseverant.
865 5729 919 5772 et.
945 5723 1241 5787 proximae.
1270 5723 1324 5772 id
1358 5728 1464 5785 est,
1496 5725 1703 5785 viduae,

112 5797 164 5840 et
195 5793 250 5843 in
277 5795 634 5846 matrimonio
658 5797 1013 5845 continentes
1043 5811 1052 5845 :
1083 5809 1299 5858 onmes,

174 5863 257 5915 itii.
297 5866 604 5929 A/ferentur
648 5867 706 5913 in,
753 5867 934 5913 laetitia.
986 5872 1029 5912 et
1073 5867 1419 5924 ρςπιιιιαῑίοηυ,
1471 5868 1604 5929 quia
1647 5867 1707 5918 in

117 5939 386 5995 Praesenti
414 5952 642 6004 quoque
668 5937 916 5989 Ecclesia
946 5937 1106 5989 Valde
1133 5937 1400 5988 laetantur
1433 5941 1613 5990 sancti
1639 5940 1708 5988 de

1104 406 1175 453 IN
1215 403 1538 455 PSALMOS
1575 404 1779 454 LXXV
1811 405 2389 455 COMMENTARIUS.

3299 403 3402 456 8‘26

1814 518 2056 581 puritate
2092 531 2214 570 suae
2237 519 2619 570 conscientiae.
2648 521 2717 570 Et
2741 516 2810 570 de
2840 517 2946 568 hac
2974 517 3194 568 deinde.
3215 517 3404 565 Addu-

1810 596 2000 637 centur
2020 592 2079 637 in.
2106 591 2359 653 templum
2387 593 2540 651 regis,
2561 591 2618 640 id
2644 594 2734 640 est
2758 590 2818 639 in
2843 601 3151 652 supernam
3177 590 3404 638 Jerusa-

1804 660 1932 710 lem.
1949 664 2010 710 In
2038 661 2313 724 templum
2338 662 2716 724 adducentur,
2739 660 2909 723 quasi
2936 659 3268 709 sacerdotes
3285 659 3405 719 Dei,

1805 732 1864 781 in
1891 732 2205 782 thalamum
2232 734 2639 795 quasisponsze
2664 733 2838 793 regis,
2862 735 2921 781 et
2945 731 3162 792 sponsi.
3182 729 3282 779 Vel
3306 730 3406 779 ad-

1805 810 2083 854 eucentur
2106 805 2161 853 iu
2188 805 2482 867 templum,
2504 805 2556 853 id
2571 807 2658 853 est
2673 804 2745 852 ad
2761 803 2888 861 hoc,
2907 807 2970 852 ut
2999 802 3105 852 sint
3123 802 3398 863 templum

1805 877 1952 936 regis
1979 880 2359 937 :uttanquam
2386 876 2444 925 in
2471 875 2680 938 templo
2693 875 2973 925 Dominus
2990 873 3280 923 habitetin
3297 873 3399 922 eis.

1803 949 1978 996 Juxta
2003 947 2158 1008 quod
2178 947 2384 996 Paulus
2398 947 2474 996 ait
2500 963 2510 996 :
2540 946 2840 1009 Templum
2865 944 2986 1004 Dei,
3007 949 3271 994 sanctum
3289 947 3396 1005 est,

1805 1018 1956 1080 quod
1975 1019 2114 1068 estis
2144 1030 2246 1066 vos
2272 1017 2340 1079 (1.
2373 1018 2490 1066 Cor.
2514 1016 2667 1080 3.6.).
2685 1020 2748 1067 In
2775 1017 2991 1067 unitate
3014 1021 3101 1065 est
3124 1014 3397 1077 templum

1805 1090 1972 1150 regis.
2010 1089 2251 1150 Lapides
2291 1089 2408 1139 vivi
2448 1094 2584 1138 sunt
2637 1088 2831 1139 fideles
2866 1088 2985 1138 Dei.
3015 1089 3137 1136 Non
3171 1089 3260 1136 est
3293 1085 3401 1136 1100

1807 1160 2080 1222 templum
2124 1161 2439 1216 ruinosam,
2469 1173 2583 1209 non
2612 1159 2940 1222 discissum,
2981 1171 3096 1207 non
3122 1157 3392 1207 divisum.

1803 1233 2082 1281 Junctura
2106 1230 2357 1291 lapidum
2386 1231 2722 1284 viventium.
2749 1231 2954 1280 caritas
2969 1233 3070 1278 est.
3090 1230 3245 1278 Duce
3265 1239 3398 1289 ergo

1804 1303 2002 1364 gratia,
2044 1302 2402 1352 adducentur
2437 1303 2493 1351 in
2520 1301 2799 1364 templum
2829 1302 2994 1362 regis,
3024 1299 3081 1348 in
3125 1299 3398 1348 unitatem

1805 1373 2069 1436 perfectae
2093 1372 2377 1422 caritatis:
2407 1372 2503 1422 ubi
2533 1373 2752 1434 possint
2776 1374 2836 1422 in
2858 1376 3142 1422 aeternum
3166 1368 3398 1418 laudare

1807 1447 2007 1495 Deum.
2036 1444 2245 1494 Deinde
2263 1443 2574 1505 alloquitur
2595 1443 2925 1500 Ecclesiam,
2943 1441 3140 1490 dicens
3170 1457 3179 1486 :

1869 1515 1954 1568 17.
1983 1517 2084 1563 P-ro
2105 1515 2346 1578 putribus
2370 1516 2476 1562 tuis
2509 1516 2622 1561 nati
2645 1520 2770 1562 sunt.
2797 1514 2889 1561 tibi.
2910 1513 3032 1574 ﬁlii.
3066 1513 3402 1562 Genuerunt

1807 1591 1860 1636 te
1875 1587 2152 1650 Apostoli.
2175 1587 2288 1648 Ipsi
2310 1587 2468 1636 missi
2494 1590 2648 1646 sunt,
2674 1587 2779 1647 ipsi
2801 1580 3399 1647 praedicavernutﬁpsi

1806 1663 1942 1707 sunt
1967 1657 2299 1720 patres,ipsi
2323 1662 2459 1706 sunt
2485 1657 2692 1719 recepti
2724 1657 2779 1706 in
2804 1655 2983 1718 gloria
3010 1672 3020 1701 ε
3047 1658 3104 1703 et
3135 1653 3257 1702 loco
3282 1652 3400 1701 illo-

1807 1741 1931 1779 rum
1959 1728 2075 1778 nati
2093 1733 2231 1778 sunt
2255 1727 2352 1776 tllii
2385 1729 2714 1777 :constituti
2740 1732 2873 1777 sunt
2901 1724 3169 1788 episcopi.
3192 1725 3321 1774 Non
3347 1729 3402 1774 te

1805 1813 1940 1863 ergo
1967 1805 2132 1863 putes
2159 1799 2462 1858 desertam,
2491 1799 2622 1860 quia
2647 1810 2763 1847 non
2793 1798 2958 1848 vides
2983 1795 3240 1854 Paulum,
3269 1793 3401 1855 quia

1808 1885 1925 1921 non
1960 1871 2120 1922 vides
2155 1884 2252 1920 eos
2283 1883 2384 1932 per
2413 1882 2558 1930 quos
2594 1876 2728 1919 nata
2756 1883 2835 1918 es.
2876 1870 2955 1917 De
2991 1867 3144 1929 prole
3179 1871 3277 1914 tua
3304 1864 3401 1913 tibi

1809 1943 1988 1993 crevit
2013 1941 2344 2004 paternitas.
2390 1941 2516 1990 Nati
2541 1945 2675 1990 sunt
2702 1940 2799 1989 filii
2825 1939 2923 1988 tibi
2948 1938 3018 1988 ad
3044 1949 3189 1998 opus
3215 1940 3400 1985 tuum.

1807 2015 2103 2063 Cotistttttcs
2127 2028 2227 2074 eos,
2256 2012 2310 2062 id
2334 2015 2439 2070 est,
2467 2011 2702 2061 stabiles
2729 2011 2899 2060 facies
2925 2010 2984 2058 in
3008 2009 3117 2057 tlde
3139 2011 3397 2068 etopere,

1803 2086 2082 2147 Principes
2097 2084 2398 2145 magistros
2411 2088 2468 2132 et
2479 2083 2757 2133 doctores.
2769 2083 2942 2144 Super
2955 2094 3077 2127 omn
3087 2093 3165 2126 cm.
3180 2084 3398 2127 terram.

1803 2157 1862 2207 Id
1891 2161 1996 2213 est,
2026 2155 2331 2205 Ecelesiam
2359 2167 2458 2216 per
2483 2166 2685 2204 omnes
2709 2158 2898 2215 partes
2920 2153 3082 2201 terrae
3108 2149 3398 2198 diffusam.

1804 2231 1871 2279 Et
1895 2228 2029 2290 quia
2054 2227 2132 2276 ita
2153 2231 2242 2276 est
2267 2225 2524 2275 ordinata
2550 2224 2819 2282 Ecclesia,
2846 2226 2902 2272 et
2919 2221 3254 2290 confirmata
3273 2217 3399 2268 ideo

1866 2289 1951 2352 18.
1989 2299 2190 2346 Memor
2227 2311 2312 2343 cro
2343 2295 2579 2342 nominis
2614 2295 2693 2342 tui
2728 2294 2972 2341 Domine.
3001 2291 3062 2340 ld
3087 2295 3190 2342 est.
3226 2289 3396 2338 fama)

1803 2375 1858 2422 et
1889 2370 2083 2432 gloria)
2115 2371 2229 2418 tua)
2251 2367 2584 2416 memoriam
2610 2378 2777 2427 agam
2796 2365 2853 2412 in
2881 2362 3032 2411 omni.
3057 2360 3400 2432 generatione

1802 2431 2012 2492 diffusa
2055 2440 2110 2488 in
2150 2438 2306 2488 omni
2341 2442 2486 2487 terra
2518 2451 2528 2485 :
2566 2443 2609 2483 et
2643 2435 2849 2486 deinde
2889 2435 2944 2483 in
2982 2431 3395 2494 generatio-nem,

1804 2512 2223 2562 succedei'item.
2245 2511 2530 2572 Propterea
2547 2508 2715 2558 etiam
2731 2505 2944 2569 Populi,
2963 2504 3060 2566 qui
3077 2501 3248 2552 futuri
3262 2505 3399 2551 sunt

1805 2584 2064 2634 videntes
2094 2585 2307 2631 tantam
2326 2579 2566 2642 gloriam
2584 2578 2851 2628 Ecclesiae
2874 2583 2991 2627 tua:
3007 2572 3399 2635 conﬁtebuntur

1805 2656 1916 2713 tibi,
1953 2655 2006 2703 id
2036 2658 2142 2714 est,
2167 2652 2487 2702 laudabunt
2514 2655 2584 2713 te,
2619 2655 2895 2709 tanquam
2919 2651 3209 2698 auctorem
3227 2645 3400 2703 etgu-

1804 2729 2182 2787 bernatorem,
2211 2725 2265 2772 in
2289 2730 2568 2784 κίρνη-11111,
2585 2727 2871 2784 pertotam
2890 2720 3036 2769 hanc
3054 2719 3398 2779 praesentem

1801 2801 1994 2850 vitam.
2027 2801 2148 2848 Non
2169 2797 2302 2860 quia
2324 2796 2448 2846 haec
2469 2796 2582 2846 vita
2607 2795 2681 2844 sit
2703 2798 2936 2855 aaterna,
2960 2790 3062 2840 sed
3081 2787 3398 2840 secundum

1803 2883 2001 2921 eorum
2027 2869 2404 2920 intentionem
2436 2868 2492 2916 et
2516 2865 2882 2917 devotionem
2910 2878 2921 2912 :
2949 2863 3081 2924 quia
3109 2860 3156 2909 si
3175 2871 3400 2921 semper

1805 2942 2091 3002 viverunt,
2116 2941 2206 2990 hic
2226 2950 2450 3000 semper
2474 2936 2786 2986 laudarent.
2818 2935 2885 2983 Et
2911 2935 2969 2981 in
2988 2930 3244 3002 saeculmrt
3263 2929 3401 2979 sub-

1803 3013 2124 3064 secutivum
2151 3009 2525 3071 hujussaacuti.
2556 3009 2600 3058 Ο
2627 3007 2817 3058 felices
2841 3005 2934 3065 illi,
2964 3005 3062 3066 qui
3087 3001 3396 3053 Dominum

1801 3084 2029 3134 laudare
2056 3083 2424 3132 merebuntur
2446 3080 2505 3130 in
2530 3079 2808 3130 saaculum
2836 3074 3062 3126 saeculi!

2123 3195 2482 3259 TITULUS
2526 3193 2844 3258 PSALMI
2868 3190 3071 3254 XLV.

1873 3311 1888 3354 ι
1901 3308 1974 3356 ,111
1993 3307 2026 3367 ﬁ.
2037 3321 2063 3351 n
2075 3321 2153 3351 em.
2167 3305 2244 3366 [ili
2255 3305 2295 3351 is
2309 3304 2480 3353 Cito-re
2493 3317 2588 3365 pro
2604 3301 2822 3349 arcanis
2835 3300 3077 3367 psalmus
3090 3294 3396 3367 DupidPsal

1810 3385 1921 3415 mus
1956 3361 2046 3414 iste.
2081 3361 2370 3413 attribuitur
2397 3361 2516 3412 ﬁliis
2541 3368 2714 3418 Choro,
2741 3367 2789 3410 id
2816 3361 2907 3417 est,
2933 3361 3266 3408 imitatoribus
3290 3372 3399 3403 cru-

1807 3432 2224 3490 eitixi,Apostolis
2243 3431 2431 3475 sriliret
2448 3430 2780 3474 invitantibus
2807 3426 2999 3490 futuros
3014 3425 3141 3469 filios
3153 3424 3327 3490 (litore,
3349 3426 3399 3464 ul

1808 3497 1859 3539 in
1888 3486 2032 3540 tinem
2062 3494 2281 3542 tendant.
2301 3493 2349 3536 id
2378 3498 2468 3548 est,
2497 3494 2546 3536 in
2578 3488 3062 3548 peritu-tioneszui
3092 3486 3403 3548 et‘iimperse-

1806 3558 2055 3600 voraverit
2095 3569 2251 3613 usque
2292 3555 2338 3599 in
2368 3545 2537 3607 tinem,
2566 3544 2645 3597 1111·
2670 3553 2838 3596 salvus
2864 3552 2955 3595 erit
2983 3546 3188 3613 (Matth.
3216 3544 3331 3613 ‘24,):
3349 3545 3399 3588 Et

1807 3625 1957 3673 agunt
1987 3631 2073 3674 pro
2099 3608 2295 3661 areanis
2321 3615 2720 3662 manifestandis.
2748 3617 2800 3659 111
2829 3614 2919 3657 hoc
2946 3612 3135 3670 psalmo
3162 3608 3400 3674 manifes-

1809 3694 1934 3734 tatur
1970 3689 2215 3732 adventus
2250 3688 2451 3739 Christi,
2480 3687 2566 3743 qui
2594 3687 2805 3730 multum
2834 3683 3059 3728 occultus
3092 3687 3193 3725 erat

1807 3767 1851 3804 et
1878 3760 2137 3804 conversio
2153 3758 2498 3815 Apostolorum
2516 3772 2540 3801 a
2554 3757 2742 3801 Judmis
2757 3755 2814 3798 ad
2832 3757 3027 3802 Gentes.
3045 3757 3089 3796 et
3101 3751 3307 3795 salvatio
3319 3750 3399 3793 Ju-

1807 3825 2027 3866 dz'em'um
2057 3822 2105 3864 in
2135 3820 2428 3864 novissimis
2457 3819 2780 3876 tmnporilms,
2810 3822 2853 3859 et
2882 3829 2971 3872 pax
2993 3816 3042 3858 in
3059 3815 3168 3869 ejus
3186 3818 3401 3876 tempore

1809 3883 2079 3928 nativitatis
2124 3882 2253 3925 inter
2287 3883 2434 3925 Deum
2466 3886 2508 3924 et
2538 3874 2810 3925 hominem.
2839 3876 3036 3923 Materia
3062 3881 3132 3920 est
3159 3874 3403 3918 adventus

1804 3946 2009 3998 (lliristi,
2047 3945 2106 3988 de
2145 3957 2246 3999 quo
2285 3949 2460 3986 cuneta
2486 3955 2680 3995 art-ana,
2709 3953 2821 3997 qum
2845 3939 2974 3983 dit-ta
3000 3943 3136 3985 sunt,
3157 3947 3403 3999 processe-

1805 4015 1940 4054 runt.
1991 4010 2040 4052 lu
2089 3997 2249 4063 prima
2296 4011 2430 4061 p:'irte
2466 4005 2682 4048 osteiulit
2715 4015 2912 4046 omnem
2940 3997 3398 4063 5111111111111111011111

1806 4069 2011 4120 Christi,
2039 4057 2159 4111 et-in
2191 4057 2400 4111 trmisitu
2428 4066 2772 4120 Apostolorum
2801 4063 2859 4107 ad
2888 4063 3084 4107 Gentes.
3105 4062 3157 4104 In
3182 4057 3402 4120 secunda

1806 4138 1940 4191 parte.
1979 4118 2190 4175 ostendit
2232 4118 2497 4174 Ecclesium
2537 4141 2643 4171 esse
2682 4123 3024 4191 fiuitlatanrin
3060 4118 3398 4191 Clll‘lle,nqui

1805 4183 2146 4249 subjiciuntur
2172 4198 2342 4247 gentes
2385 4197 2424 4233 et
2457 4203 2625 4244 regna.
2655 4189 2706 4232 In
2737 4189 2877 4231 tertia
2901 4187 3134 4230 admonet
3158 4183 3401 4249 nosDeus

1808 4265 1857 4301 ut
1879 4242 2193 4300 attendamus
2229 4267 2374 4309 opera
2404 4242 2549 4296 istius
2575 4250 2784 4297 Domini.
2817 4247 3027 4294 1111011110
3052 4252 3142 4305 est,
3170 4251 3221 4290 ut
3249 4242 3404 4309 homi—

1807 4332 1892 4363 nes
1921 4332 2058 4375 Spem
2088 4331 2190 4361 suae
2218 4304 2529 4360 lilii-rationis
2555 4316 2857 4358 constituant
2876 4313 2926 4355 in
2955 4304 3168 4372 adventu
3197 4308 3305 4375 Dei:
3325 4304 3399 4350 vel

1802 4368 2073 4426 r-ertificare
2101 4393 2188 4423 nos
2215 4380 2272 4423 de
2299 4380 2406 4434 ipso
2431 4378 2666 4423 adventu.
2694 4380 2734 4419 et
2765 4374 2823 4418 de
2850 4373 3122 4418 salvatione
3147 4368 3400 4434 Gentium.

1804 4444 2036 4500 Proponit
2077 4455 2126 4487 se
2155 4431 2408 4498 111-1111111κή
2435 4439 2650 4483 Eerlesia
2679 4439 2728 4481 in
2759 4438 2847 4481 hoc
2873 4435 3063 4493 psalmo
3090 4431 3299 4500 posteris
3323 4443 3403 4500 ex-

1803 4493 2026 4562 emplum
2057 4493 2323 4560 patientia-,
2345 4502 2593 4548 videlicet.
2623 4507 2672 4544 ut
2700 4513 2796 4543 non
2824 4498 3055 4562 defit-iant.
3079 4495 3172 4539 sub
3200 4493 3402 4562 tribula-

1808 4555 1998 4611 tionum
2036 4555 2270 4622 pondere,
2309 4555 2420 4609 eum
2457 4578 2539 4607 eos
2569 4563 2794 4613 audiant,
2822 4560 2908 4616 qui
2936 4559 3145 4604 salutem
3173 4555 3397 4600 omnium

1804 4629 2107 4686 quan-bunt,
2149 4635 2211 4672 tot
2236 4633 2278 4671 et
2308 4632 2437 4671 tanta
2464 4626 2729 4683 pertulisse
2757 4625 3016 4681 patienter.

2285 4737 2683 4802 PSALMUS
2716 4735 2916 4798 XLV.

1864 4863 1914 4916 2.
1954 4864 2091 4911 Deus
2115 4869 2286 4910 noster
2312 4865 2588 4926 refugium
2618 4869 2660 4911 et
2686 4864 2870 4912 virtus.
2897 4862 2993 4912 Ille
3015 4861 3236 4924 quiest,
3255 4862 3404 4910 Deus

1803 4935 2059 4985 omnium
2085 4936 2387 4997 potestate,
2401 4941 2598 4986 noster
2611 4940 2802 4986 autem
2819 4935 3113 4985 voluntate
3132 4938 3186 4983 et
3202 4933 3402 4996 gratia,

1805 5011 1888 5057 est
1908 5005 2073 5055 nobis
2091 5006 2386 5066 refugium,
2405 5007 2457 5056 id
2477 5012 2584 5064 est,
2602 5013 2658 5056 et
2673 5007 2970 5057 securitas.
2996 5007 3060 5055 Et
3076 5005 3208 5067 quia
3224 5004 3404 5053 multa

1806 5082 1940 5127 sunt
1972 5077 2201 5137 ret‘ugia,
2225 5089 2354 5137 quae
2380 5089 2496 5127 non
2521 5082 2657 5127 sunt
2684 5082 2830 5127 tuta:
2851 5077 2975 5126 ideo
2995 5075 3314 5138 subjungit,
3337 5075 3400 5121 Et

1806 5150 1994 5200 virtus.
2011 5149 2347 5202 virtuosum,
2362 5146 2806 5210 inexpugnabile
2826 5148 3126 5210 refugium.
3143 5149 3284 5197 Sunt
3299 5146 3402 5208 (Ex

1807 5218 2124 5281 Augustino)
2155 5219 2424 5278 quaedam
2451 5218 2683 5278 refugia.
2715 5219 2809 5266 ubi
2827 5231 2940 5267 non
2962 5223 3052 5268 est
3070 5218 3402 5281 virtus,quo

1807 5293 2050 5354 quisque
2069 5303 2198 5339 cum
2213 5290 2436 5353 fugerit,
2452 5290 2633 5351 magis
2653 5289 2990 5346 infirmatur,
3005 5302 3176 5350 quam
3197 5291 3401 5339 contir-

1806 5370 2010 5414 inatur.
2031 5365 2170 5412 Cum
2193 5363 2342 5423 fugis
2365 5363 2540 5422 (verbi
2559 5361 2756 5424 gratia)
2776 5360 2845 5409 ad
2864 5358 3113 5421 aliquem
3134 5361 3190 5410 in
3211 5361 3403 5412 seculo

1806 5450 1975 5498 magn
1987 5447 2101 5490 um.
2119 5439 2180 5483 ut
2206 5434 2377 5484 facias
2403 5434 2502 5484 tibi
2526 5435 2810 5495 potentem
2833 5431 3100 5484 amicum.
3122 5430 3401 5492 refugium

1809 5510 2047 5559 videtur.
2075 5508 2254 5556 Tanta
2283 5511 2473 5555 tamen
2508 5505 2685 5565 hujus
2713 5501 2886 5551 seculi
2915 5503 3128 5550 incerta
3160 5507 3313 5561 sunt,
3347 5507 3404 5550 et

1806 5581 1884 5631 ita
1919 5579 2066 5630 mala
2091 5579 2408 5641 potentium
2438 5576 2691 5639 quoditie
2717 5575 3072 5633 crebescunt,
3103 5576 3164 5620 ut
3187 5585 3315 5620 rum
3331 5572 3399 5621 ad

1808 5654 1916 5704 tale
1961 5654 2241 5715 refugium.
2289 5651 2628 5706 conlegeris.
2659 5646 2784 5708 plus
2809 5645 2883 5695 ibi
2918 5645 3113 5693 timere
3141 5643 3396 5705 incipias.

1807 5728 1988 5775 Antea
2003 5727 2148 5774 enim
2177 5736 2397 5773 caussm
2417 5729 2531 5772 tuae
2553 5725 2776 5770 tantum
2797 5718 3038 5767 timebas
3061 5728 3218 5764 :cum
3239 5715 3308 5764 ad
3327 5720 3402 5764 ta-

1805 5795 1917 5847 lem
1938 5796 2226 5857 refugeris.
2252 5800 2306 5844 et
2331 5795 2400 5843 de
2424 5792 2515 5842 illo
2544 5789 2963 5843 timebis.l\iulti
2992 5787 3142 5837 enim
3171 5800 3299 5836 cum
3326 5787 3394 5837 ad

1809 5869 1941 5920 talia
1964 5868 2181 5930 refugio.
2205 5867 2616 5929 confugissent,
2643 5861 2980 5913 cadentibus
3007 5858 3137 5920 illis,
3161 5858 3233 5910 ad
3254 5872 3401 5922 quos

1810 5941 2213 6003 confugerunt,
2233 5939 2407 6002 etipsi
2421 5937 2649 6003 quaesiti
2667 5939 2820 5996 sunt,
2840 5946 2985 5996 quos
3002 5944 3171 5984 nemo
3190 5943 3403 5996 quaere-
