3890 6394
526 371 631 429 827

1587 379 1853 431 RUFINO
1884 378 2342 431 PRESBYTERO
2373 379 2755 431 ASCRIPTUS
3713 378 3794 433 δῖἓὸ

526 494 633 552 ret,
649 489 761 541 nisi
786 490 859 541 ad
881 489 1018 567 talia
1040 490 1448 567 confugissent.
1475 492 1599 541 Non
1615 494 1809 542 autem
1834 490 2119 567 refugium
2141 495 2195 567 Α
2218 502 2309 567 na,
2340 491 2559 567 ut‘haac
2582 491 2803 567 audias,
2829 489 2999 567 Liber
3019 491 3094 567 sit
3128 491 3227 541 tibi
3250 492 3402 543 orbis
3426 496 3728 567 terrarum,
3748 499 3793 544 ut

527 568 786 613 nostrum
810 564 896 612 est
922 562 1045 623 tale,
1070 563 1168 613 sed
1194 564 1479 627 refugium
1504 568 1769 614 nostrum
1799 563 1985 613 virtus
2011 567 2116 613 est.

532 634 673 683 Cum
699 633 830 682 illuc
854 635 1296 698 confligat-imus,
1318 636 1421 685 tuti
1439 636 1672 685 erimus.
1702 638 1767 685 Et
1786 648 1900 685 non
1927 643 2118 681 tantum

531 705 781 755 defendit
806 718 908 753 nos
934 707 1004 754 ab
1029 706 1292 769 inimicis,
1319 707 1417 757 sed
1442 709 1612 758 etiam
1638 711 1743 766 est,
1771 707 1991 769 (uljulm'
2024 721 2120 754 no-

530 782 647 833 sler,
671 780 732 825 ut
756 788 872 825 non
890 778 1074 826 solum
1093 790 1209 828 non
1236 779 1555 837 vincamus,
1572 780 1670 829 sed
1690 779 1899 829 utalios
1925 781 2121 825 vincere

530 847 846 909 DOSSllllltS:
878 848 931 894 in
958 848 1412 901 tribulationibus.
1434 867 1550 914 qua:
1576 852 1895 898 invenerunt
1922 864 2015 897 nos
2040 851 2121 895 ni-

534 919 651 965 mis.
679 919 954 977 Quoniam
981 920 1381 972 tribulureinur
1406 935 1579 984 supra
1604 936 1776 985 quam
1808 923 1943 972 ferre
1963 926 2125 982 posset

532 988 808 1050 fragilitas
833 992 1021 1041 carnis
1044 991 1109 1055 (1.
1138 993 1258 1043 Cor.
1288 994 1415 1055 10.),
1441 992 2123 1056 nisijuvaremurauxilio

528 1059 863 1110 divinitatis.
892 1062 1061 1114 Aliud
1088 1065 1448 1115 estinvenire
1475 1066 1887 1123 tribulationes,
1913 1064 2067 1113 aliud
2091 1076 2125 1113 a

530 1130 991 1183 tribulationibus
1029 1134 1290 1186 inveniri.
1327 1138 1744 1188 Tribulationes
1780 1136 2123 1192 invenimus,

526 1203 886 1265 quandojam
899 1206 1326 1267 prtemeditatas
1345 1211 1721 1259 sustinemus.
1738 1210 1882 1271 Ipsm
1902 1220 2033 1257 vero
2053 1210 2127 1253 in-

528 1274 771 1324 veniunt
787 1288 911 1334 nos,
933 1278 1162 1338 quando
1176 1278 1894 1342 inopinatosintercipiunt.
1914 1280 2125 1325 Gravius

527 1348 721 1395 autem
741 1345 951 1397 feriunt
970 1347 1090 1410 tela,
1118 1361 1249 1410 quin
1273 1351 1520 1412 praevisa
1544 1364 1653 1400 non
1677 1355 1831 1400 sunt.
1856 1350 1997 1410 Quia
2010 1362 2125 1405 ergo

531 1421 813 1478 martyres
832 1420 1013 1467 sancti
1034 1424 1189 1469 tanta
1202 1420 1505 1483 aliquando
1521 1426 1801 1473 tormenta
1819 1422 1971 1484 passi
1990 1424 2125 1479 sunt,

530 1492 747 1548 quanta
765 1500 871 1537 nec
895 1490 1139 1552 cegitare
1162 1503 1232 1540 an
1243 1496 1295 1541 te.
1309 1498 1630 1555 potuerunt,
1648 1493 1821 1543 nimis
1846 1505 1878 1542 a
1892 1490 2127 1542 tribula-

532 1558 784 1608 tionibus
809 1559 1055 1611 inveniri
1078 1574 1138 1611 se
1154 1568 1440 1614 asserunt.
1471 1564 1651 1614 Nimis
1670 1569 1775 1626 est,
1801 1562 1955 1626 quod
1972 1559 2128 1621 cogi-

533 1628 654 1692 tari,
687 1629 777 1680 vel
814 1629 940 1681 ferri
963 1644 1081 1683 non
1105 1637 1312 1696 potest.
1336 1634 1443 1684 Sed
1469 1635 1739 1697 quoniam
1763 1637 1836 1684 ab
1860 1632 2120 1694 omnipoa

530 1699 800 1750 tentiDco
824 1702 1099 1753 auxilium
1125 1706 1181 1754 et
1196 1705 1468 1757 virtutem
1485 1706 1820 1769 percipiunt,
1837 1705 1982 1755 inter
2006 1703 2129 1765 ipsa

530 1770 710 1820 nimia
729 1776 1007 1823 tormenta
1034 1774 1235 1825 invicti
1255 1780 1431 1838 atque
1454 1776 1720 1840 intrepidi
1754 1780 2125 1839 persistentes

530 1840 731 1892 dicunt
755 1859 765 1889 :

592 1912 643 1965 3.
679 1913 967 1976 Propterea
994 1932 1101 1965 non
1130 1917 1448 1979 timebimus,
1474 1918 1605 1966 dum
1636 1919 1939 1967 turbabitur
1962 1926 2123 1977 terra,

537 1986 583 2030 et
607 1986 1003 2045 transferentur
1027 1995 1227 2037 montes
1252 1990 1307 2036 in
1336 2004 1425 2037 cor
1450 1990 1637 2038 maris.
1660 1990 1830 2039 Paulo
1856 1995 1988 2038 ante
2008 1988 2130 2038 soli-

534 2053 648 2115 citi,
685 2060 741 2105 et
760 2057 948 2107 subito
974 2060 1157 2109 securi
1182 2073 1254 2111 ex
1281 2060 1746 2111 tribulationibus
1770 2061 1959 2110 nimiis
1980 2062 2128 2123 [Αηί.

485 2124 752 2190 ’Πίῐῐὶί8],
810 2128 869 2178 in
924 2142 1130 2190 magna
1166 2132 1571 2194 tranquillitate
1633 2134 1819 2195 positi.
1874 2132 2024 2182 Nihil
2064 2132 2131 2183 ti—

532 2209 704 2259 mere,
750 2212 959 2261 magna
991 2204 1370 2265 tranquillitas
1404 2209 1495 2254 est
1528 2204 1585 2253 in
1606 2210 1809 2255 mente.
1847 2204 2131 2257 Turlletur

536 2272 698 2331 terra,
738 2272 1000 2323 turbetur
1030 2287 1203 2336 mare,
1233 2277 1532 2326 turbentur
1572 2277 1765 2325 omnia
1808 2275 2127 2325 elementa:

538 2340 640 2391 Dei
685 2354 888 2393 servus
936 2345 1253 2408 intrepidus
1310 2354 1519 2397 manet.
1586 2350 1734 2398 Mare
1790 2353 1980 2398 autem
2030 2348 2133 2405 (Ea:

538 2412 844 2474 Augustino
877 2418 889 2477 )
928 2416 1215 2479 signiﬁcat
1236 2419 1344 2467 hoc
1370 2420 1645 2480 scculum,
1674 2420 1729 2469 in
1752 2422 1917 2483 cujus
1956 2416 2127 2484 227

531 2484 706 2534 maris
778 2490 1238 2551 Comparatione,
1302 2496 1575 2553 tanquam
1638 2494 1787 2542 terra
1832 2492 2134 2541 videbatur

532 2571 676 2618 gens
700 2560 1055 2611 Judaeorum.
1074 2564 1194 2611 Non
1212 2563 1364 2612 enim
1395 2562 1733 2613 Idololatriae
1756 2563 2134 2613 amaritudine

542 2629 859 2691 tegebatur,
877 2632 975 2681 sed
988 2635 1110 2682 erat
1133 2637 1403 2695 tanquam
1420 2633 1596 2691 arida,
1615 2634 1738 2697 ipsa
1751 2634 2135 2684 amaritudine

537 2700 805 2750 Gentium
834 2705 1107 2764 tanquam
1134 2704 1275 2753 mari
1301 2705 1671 2756 circumdata.
1692 2706 1971 2756 Futurum
1993 2710 2132 2767 erat,

538 2773 605 2819 ut
632 2771 955 2822 turbaretur
981 2778 1143 2834 terra,
1178 2774 1328 2826 idest
1362 2775 1457 2825 illa
1505 2777 1631 2839 ipsa
1664 2789 1805 2836 gens
1829 2777 2052 2838 Judaea,
2079 2782 2135 2827 et

538 2842 981 2894 transferrentur
1026 2849 1251 2895 montes
1295 2846 1354 2897 in
1405 2860 1501 2897 cor
1552 2850 1727 2897 maris
1773 2849 1919 2909 (Isai.
1948 2847 2039 2910 2,).
2070 2850 2135 2898 Et

533 2912 710 2974 primo
737 2913 858 2976 ipse
881 2929 1047 2965 mons
1074 2930 1317 2979 magnus
1338 2924 1570 2981 paratus
1598 2920 1654 2968 in
1680 2921 1969 2968 cacumine
1996 2935 2132 2966 mon-

536 2982 704 3033 tium.
732 2986 995 3036 Deseruit
1019 2988 1169 3039 enim
1217 2994 1448 3051 gentem
1485 2992 1840 3043 Judznoium.
1869 2996 1923 3041 et
1950 2991 2133 3040 factus

535 3060 623 3105 est
646 3056 702 3105 in
732 3059 1022 3120 gentibus,
1055 3060 1365 3111 translatus
1391 3062 1462 3113 de
1496 3068 1639 3112 terra
1666 3063 1735 3111 ad
1759 3076 1929 3119 mare,
1953 3069 2137 3113 trans-

537 3126 847 3179 ferentibus
890 3133 1191 3194 Apostolis.
1220 3134 1426 3194 quibus
1452 3134 1675 3185 dixerat
1701 3136 1780 3185 :Si
1821 3135 2132 3184 habueritis

531 3197 697 3269 tidem
718 3200 771 3249 in
788 3202 950 3252 vobis
965 3207 1237 3265 tanquam
1254 3218 1492 3265 granum
1507 3206 1759 3269 synapis,
1772 3207 1799 3253 d
1812 3207 2135 3256 icetismouti

2219 562 2343 613 haec
2368 562 2581 613 videas.
2616 564 2678 613 In
2712 562 2838 613 istis
2878 562 3170 613 codicibus
3217 576 3283 613 ea
3306 575 3421 613 non
3445 563 3672 625 legunt,
3708 566 3793 615 nisi

2221 635 2317 694 qui
2353 634 2544 684 literas
2569 640 2798 684 norunt.
2832 636 2895 683 In
2922 639 3040 684 toto
3066 633 3281 684 mundo
3306 634 3502 695 legant
3531 640 3589 683 et
3614 634 3794 687 idiotis.

2222 706 2363 766 Quid
2390 720 2523 768 ergo
2549 706 2759 756 factum
2786 714 2895 765 est,
2922 709 3055 755 dum
3077 707 3333 757 translati
3351 711 3488 756 sunt
3516 711 3734 757 montes
3755 710 3795 757 in

2221 777 2388 826 corde.
2421 779 2627 826 maris?
2662 778 2842 841 [\"crs.
2880 778 2975 839 εΗ.
3020 778 3348 837 Sonuerunt,
3375 782 3419 825 et
3444 777 3673 825 tiu-Inice
3700 786 3797 825 ,ςυπιί

2222 864 2586 909 aqumeorum.
2602 849 2840 908 Quando
2854 848 3271 911 praedicabatur
3285 847 3665 910 Evangelium
3698 850 3799 897 Sui»-

2222 921 2350 968 uml.
2378 920 2663 969 dixerunt?
2687 934 2697 969 :
2717 922 2861 980 Quid
2875 924 2962 970 est
2981 920 3089 970 hoc
3103 924 3127 969 ’ἲ
3154 921 3592 979 Percgrinorum
3611 922 3799 970 daemo-

2223 991 2448 1040 niorum
2483 992 2708 1041 videtur
2734 992 3225 1041 istcannuntiator
3249 1004 3393 1041 esse.
3410 992 3536 1041 Hoc
3563 995 3799 1038 Athenien-

2225 1074 2316 1112 ses
2347 1063 2472 1123 (Act.
2514 1063 2636 1125 '17.).
2674 1063 2897 1125 Ephesii
2920 1067 3113 1112 autem
3143 1075 3257 1124 quo
3289 1063 3545 1113 tumultu
3573 1064 3800 1113 occidere

2224 1134 2532 1194 Apostolos
2559 1136 2875 1195 voluerunt,
2914 1134 3153 1195 quando
3186 1147 3245 1183 ιιι
3270 1134 3489 1183 theatro
3519 1146 3624 1197 pro
3650 1135 3803 1183 Diana

2226 1217 2331 1254 sua
2349 1207 2569 1254 tantum
2590 1206 2889 1267 strepitum
2910 1205 3184 1265 fecerunt,
3203 1209 3268 1254 ut
3290 1205 3632 1264 clamarent,
3657 1208 3803 1253 Mum

2227 1277 2407 1325 Diana
2446 1277 2818 1338 Ephesiorum
2842 1278 2956 1339 (Act
3016 1276 3138 1336 iit).
3178 1278 3327 1326 Inter
3358 1290 3508 1338 quos
3536 1278 3803 1326 Iluctuset

2228 1350 2452 1399 sonitus
2477 1350 2651 1398 maris
2686 1362 2801 1399 non
2836 1349 3129 1403 timebant,
3161 1349 3258 1411 qui
3280 1349 3353 1399 ad
3376 1349 3671 1409 refugium
3694 1348 3801 1397 illud

2227 1420 2621 1481 confugerant.
2648 1420 2902 1483 Denique
2929 1422 3238 1483 Apostolus
3265 1419 3474 1470 Paulus
3494 1418 3803 1470 volebatin-

2228 1495 2375 1543 trare
2407 1492 2466 1541 in
2496 1492 2801 1552 theatrum,
2850 1496 2909 1542 et
2949 1503 2984 1542 a
3017 1491 3311 1554 discipulis
3359 1495 3676 1541 revocatus
3698 1498 3802 1540 est:

2228 1564 2362 1625 quia
2395 1563 2785 1613 necessarium
2810 1565 2929 1612 erat
2952 1562 3140 1612 adhuc
3164 1563 3221 1612 in
3246 1574 3415 1612 carne
3440 1574 3680 1611 manere
3701 1574 3805 1623 pre-

2228 1639 2353 1697 pter
2382 1634 2538 1696 ipsos
2566 1633 2785 1697 (Philip.
2820 1632 2905 1694 1.).
2933 1634 3039 1684 Sed
3068 1639 3257 1683 tamen
3272 1632 3803 1681 sonueruntetturba-

2229 1713 2288 1754 ta:
2342 1710 2467 1753 sunt
2521 1721 2676 1768 aqua
2726 1720 2930 1753 eorum.
2981 1704 3294 1754 Conlurbali
3345 1709 3473 1752 sunt
3530 1711 3729 1752 montes
3761 1704 3801 1749 in

2225 1778 2546 1839 fortitudine
2569 1778 2698 1838 ejus.
2726 1778 2905 1837 Cujus
2928 1780 2953 1827 ?
2979 1775 3405 1838 Numquidnam
3424 1777 3623 1835 maris,
3658 1773 3803 1840 228

2231 1863 2303 1899 an
2330 1851 2517 1913 potius
2543 1850 2660 1905 Dei,
2680 1849 2882 1911 dequo
2907 1850 3123 1899 dictum
3142 1851 3247 1908 est,
3266 1848 3636 1909 Refugiumet
3654 1850 3803 1899 virus,

2232 1922 2321 1979 adj
2333 1922 2530 1972 utorin
2544 1921 3161 1983 tribulationibusquae
3176 1921 3523 1971 invenerunt
3534 1931 3641 1968 nos
3655 1920 3805 1964 nimis?

2230 1993 2463 2044 Turbati
2483 1995 2618 2043 sunt
2634 1994 2785 2043 enim
2806 2000 3048 2052 ιιιοιιιιρς,
3064 1992 3231 2053 idest,
3246 1994 3512 2054 potentes
3534 1990 3712 2053 hujus
3729 2001 3805 2039 sa:-

2232 2064 2362 2117 culi.
2379 2064 2485 2113 Alii
2511 2064 2660 2114 enim
2675 2067 2811 2113 sunt
2830 2070 3055 2115 montes
3076 2064 3191 2123 Dei,
3214 2062 3308 2113 alii
3327 2066 3464 2112 sunt
3478 2066 3709 2112 montes
3732 2076 3804 2107 58?-

2232 2136 2361 2187 culi.
2389 2136 2610 2196 Quibus
2645 2140 2816 2197 caput
2863 2140 2950 2185 est
2998 2135 3278 2187 diabolus.
3315 2138 3547 2183 montes
3598 2130 3803 2183 saeculi:

2234 2210 2457 2259 montes
2505 2206 2622 2269 Dei,
2659 2207 2872 2268 quibus
2914 2208 3082 2269 caput
3122 2210 3211 2255 est
3255 2204 3541 2255 Christus.
3595 2202 3696 2252 Sed
3732 2215 3805 2265 per

2232 2281 2376 2330 istos
2401 2284 2627 2328 montes
2665 2278 2878 2329 turbati
2904 2283 3042 2328 sunt
3077 2277 3157 2326 illi
3181 2281 3426 2326 montes.
3474 2276 3642 2325 Tunc
3665 2274 3804 2322 desie-

2234 2351 2565 2413 runthleg‘es
2583 2355 2780 2400 contra
2797 2349 3166 2406 Christianos,
3190 2348 3420 2411 quando
3447 2346 3663 2397 turbati
3698 2350 3804 2392 sunt

2234 2426 2482 2473 montes.
2504 2422 2856 2472 Sonantibus
2870 2421 3447 2470 fluctibusetmontes
3467 2417 3681 2468 turbati
3696 2424 3803 2469 sunt,

2234 2499 2291 2544 et
2318 2494 2500 2543 factus
2518 2495 2606 2544 est
2625 2499 2788 2543 terrm
2812 2496 3007 2541 motus
3026 2503 3269 2551 magnus
3303 2489 3515 2549 (Matth.
3543 2487 3649 2547 :28.)
3680 2500 3806 2535 eom-

2236 2566 2405 2616 motis
2431 2565 2617 2627 aquis.
2645 2564 2753 2613 Sed
2780 2564 2869 2614 cui
2900 2564 3066 2613 11830?
3096 2562 3323 2613 Civitati
3351 2560 3429 2610 illi
3457 2559 3709 2609 fundata}
3732 2570 3805 2604 su-

2235 2650 2336 2701 pra
2379 2642 2599 2699 petram
2648 2635 2850 2698 (Matlh.
2905 2634 2996 2692 7.).
3045 2636 3259 2684 Sonent
3292 2643 3478 2693 aqum.
3536 2630 3805 2701 turbentur

2235 2700 2464 2759 montes
2510 2707 2848 2757 annuntiato
2908 2704 3235 2767 Evangelio.
3305 2703 3451 2763 Quid
3503 2707 3587 2764 tu,
3635 2700 3804 2750 civitas

2236 2781 2335 2830 Dei
2370 2783 2391 2825 ?
2418 2778 2561 2830 Audi
2590 2778 2741 2841 quod
2775 2777 3035 2839 sequitur
3068 2787 3081 2827 :

2298 2850 2347 2902 5.
2376 2851 2643 2898 Fluminis
2678 2850 2906 2911 impetus
2944 2848 3171 2909 laetiﬁcat
3219 2845 3487 2893 civitatem
3535 2843 3650 2891 Dei.
3691 2844 3802 2889 Cum

2237 2931 2253 2950 '
2281 2924 2585 2973 turbantur
2610 2924 2832 2970 montes
2868 2920 2976 2979 {bis
3000 2920 3038 2966 Α
3056 2918 3265 2979 ugust.),
3292 2930 3419 2966 cum
3453 2916 3627 2967 sznvit
3660 2924 3801 2963 mare.

2235 3006 2351 3043 non
2368 2993 2750 3042 (li‘-stt'it.De11s
2768 2991 3059 3040 civitatem
3080 3001 3241 3039 suam
3267 3001 3363 3051 per
3380 2988 3628 3050 impetus
3646 2983 3803 3034 flumi-

2234 3065 2342 3114 nis.
2380 3064 2483 3124 Qui
2512 3069 2648 3113 sunt
2674 3063 2765 3112 isti
2802 3063 3050 3124 impetus
3082 3060 3335 3109 fluminis
3360 3062 3385 3108 ‘I
3407 3057 3709 3109 lnundatio
3731 3053 3801 3102 illa

2234 3136 2482 3198 Spiritus
2509 3135 2711 3196 sancti,
2737 3134 2807 3183 de
2832 3146 2947 3195 qua
2976 3133 3247 3181 Dominus
3273 3131 3525 3181 dicebat:
3557 3128 3663 3190 Qui
3689 3126 3800 3181 sitit,

2239 3208 2433 3259 veniat
2456 3209 2509 3256 et
2528 3207 2699 3256 bibat.
2721 3206 2823 3266 Qui
2843 3205 3019 3254 credit
3035 3204 3091 3253 in
3112 3218 3215 3265 me,
3244 3202 3478 3253 ﬂumina
3493 3213 3661 3264 aquae
3681 3199 3801 3248 viva:

532 3268 916 3341 ῙὶμὶοςΤΟΠθῐὊ
946 3276 1238 3325 εοῐιιιὶιιειιο
1262 3280 1315 3324 in
1339 3290 1513 3337 mare,
1538 3266 1612 3326 vet
1649 3266 1746 3327 fiet
1774 3278 1978 3337 (Malm.
2008 3277 2133 3339 17.).
2166 3266 2214 3341 C
2242 3281 2419 3329 ﬂuent
2441 3278 2510 3328 de
2542 3281 2743 3328 ventre
2767 3279 2887 3338 ejus
2918 3276 3097 3335 (Joan.
3134 3275 3224 3337 7.).
3256 3276 3400 3335 Ergo
3433 3273 3564 3323 hanc
3597 3271 3803 3322 flumina

533 3340 816 3404 Idest,per
829 3350 1078 3395 vestram
1093 3346 1485 3397 fidelissimam
1506 3348 1972 3411 praedicationem
1989 3350 2065 3395 ﬁet
2084 3355 2136 3397 ut

534 3424 704 3462 mons
724 3416 849 3472 iste,
871 3415 976 3465 hoc
993 3420 1099 3473 est,
1125 3420 1187 3466 ut
1208 3430 1314 3479 ego
1338 3418 1459 3479 ipse
1482 3418 1759 3479 glorificer
1788 3419 1845 3468 in
1870 3422 2134 3483 Gentibus,

536 3495 819 3547 agnoscar
845 3486 903 3536 in
933 3488 1226 3539 Gentibus.
1255 3489 1525 3551 praedicer
1545 3490 1603 3539 in
1628 3490 1932 3540 Gentibus:
1960 3496 2017 3542 et
2039 3492 2137 3542 fiat

534 3556 687 3616 quod
720 3556 789 3606 de
814 3570 903 3607 me
934 3559 1273 3620 prierlictum
1299 3565 1404 3610 est.
1429 3561 1681 3623 POpulus
1706 3575 1874 3621 quem
1900 3575 2015 3613 non
2041 3577 2136 3613 co-

537 3628 734 3690 gnovi,
786 3630 1023 3680 servivit
1053 3632 1193 3681 mihi
1240 3632 1399 3694 (Psal.
1450 3633 1554 3695 17.)
1587 3634 1824 3695 Quando
1862 3641 2051 3685 autem
2080 3641 2136 3687 et

536 3698 614 3748 illi
646 3705 871 3750 montes
891 3701 1150 3753 translati
1176 3707 1331 3765 sunt,
1358 3706 1413 3754 et
1437 3704 1543 3755 hoc
1568 3704 1779 3755 indicet
1803 3707 1965 3755 nobis
1992 3707 2137 3756 Scri-

538 3776 705 3834 ptura
729 3772 846 3822 Dei.
867 3772 1429 3837 QuandoApostolus
1448 3776 1805 3838 praBdiCabat,
1832 3777 2022 3829 Judaei
2048 3790 2133 3828 re-

534 3848 813 3904 spuerunt
840 3845 1098 3897 verbum.
1127 3851 1183 3895 et
1206 3846 1286 3895 ait
1310 3848 1619 3909 Apostolus
1641 3849 1848 3898 Paulus
1873 3865 1884 3898 :
1914 3850 2001 3899 Ad
2030 3863 2133 3899 vos

537 3915 697 3965 missi
711 3928 940 3965 eramus
957 3917 1075 3966 :sed
1090 3918 1223 3979 quia
1236 3919 1533 3980 respuistis
1550 3922 1786 3969 verbum
1802 3920 2058 3982 Dei,imus
2071 3924 2131 3969 ad

532 3987 742 4037 Gentes
764 3989 815 4045 (A
829 3994 891 4039 ct.
920 3988 1042 4051 13.).
1065 3990 1153 4039 Sic
1180 3990 1438 4041 translati
1458 3996 1596 4041 sunt
1635 3998 1858 4042 montes
1884 3993 1938 4040 in
1965 3994 2133 4043 corde

536 4060 728 4109 maris.
758 4061 903 4110 Vere
919 4072 987 4109 au
1001 4065 1109 4111 tem
1130 4064 1340 4113 Gentes
1354 4063 1717 4114 crediderunt
1735 4064 2049 4125 montibus,
2068 4070 2134 4116 ut

532 4130 592 4181 in
627 4132 792 4182 corde
816 4134 992 4183 maris
1018 4140 1214 4185 essent
1238 4140 1464 4186 montes
1488 4135 1587 4198 illi,
1614 4148 1731 4186 non
1756 4136 1903 4186 sicut
1925 4137 2130 4200 Judaei,

530 4204 601 4255 de
627 4206 840 4267 quibus
876 4206 1094 4257 dictum
1130 4211 1235 4271 est,
1264 4208 1515 4269 Populus
1539 4206 1814 4257 hiclabiis
1840 4221 1931 4259 me
1957 4208 2132 4259 hono-

532 4281 636 4337 rat,
691 4288 786 4327 cor
818 4282 1013 4328 autem
1063 4291 1263 4329 eorum
1308 4278 1477 4341 longe
1508 4284 1595 4329 est
1636 4291 1669 4328 a
1702 4292 1793 4329 me
1831 4280 1971 4342 (Isai.
1997 4280 2126 4341 ‘26.).

531 4348 652 4398 Hoc
678 4348 827 4398 enim
860 4349 920 4400 in
954 4362 1105 4400 novo
1141 4350 1511 4401 Testamento
1550 4352 1825 4414 promittit
1848 4353 2129 4404 Dominus

529 4433 629 4484 per
647 4420 1004 4483 Prophetam,
1024 4420 1241 4473 dicens.
1256 4422 1415 4471 Dabo
1431 4422 1587 4485 leges
1603 4435 1757 4473 meas
1780 4424 1837 4474 in
1862 4426 2126 4476 cordibus

529 4505 727 4543 eorum
775 4494 983 4553 (Jerem.
1024 4492 1149 4546 31.‘.
1190 4494 1295 4543 liae.
1332 4492 1507 4555 leges,
1547 4495 1671 4545 beec
1715 4502 1999 4559 praecepta
2032 4511 2131 4560 per

529 4564 833 4627 Apostolos
850 4564 1053 4614 'indita
1071 4564 1331 4615 omnium
1355 4566 1624 4616 Gentium
1650 4567 1779 4618 fidei
1804 4574 1861 4619 et
1886 4569 2129 4619 creduli-

529 4636 648 4693 tati,
697 4641 923 4686 montes
974 4636 1111 4686 dicti
1156 4643 1292 4687 sunt
1334 4638 1612 4699 translati,
1660 4652 1693 4689 a
1742 4640 2037 4691 montibus
2072 4641 2125 4690 in

2241 3352 2495 3401 fluebant
2536 3349 2606 3399 de
2635 3354 2835 3399 ventre
2861 3348 3026 3406 Petri,
3069 3346 3243 3406 Pauli,
3294 3346 3559 3406 Joannis,
3593 3343 3799 3393 aliorum

2238 3421 2907 3485 Apostolorum,aliorum
2925 3418 3414 3479 Evangelistarum
3428 3416 3700 3466 ﬁdelium.
3716 3416 3801 3461 Herc

2238 3494 2471 3543 flumina
2488 3505 2618 3542 cum
2648 3494 2889 3542 fluerent
2909 3492 2981 3541 ab
3000 3503 3117 3541 uno
3144 3490 3395 3541 flumine.
3420 3488 3591 3539 multi
3618 3489 3799 3545 impetus

2237 3565 2491 3617 fluminis
2517 3564 2885 3614 laitiilcaliant
2908 3562 3202 3613 civitatem
3223 3561 3337 3611 Dei.
3357 3562 3497 3610 Nam
3512 3565 3580 3610 ut
3596 3556 3798 3605 noveritis

2235 3638 2343 3688 hoc
2370 3636 2439 3686 de
2466 3636 2673 3698 Spiritu
2700 3640 2900 3683 sancto
2926 3634 3159 3694 dictum,
3186 3633 3245 3682 in
3266 3632 3461 3682 eodem
3488 3629 3798 3691 Evangeliro

2235 3712 2655 3769 consequenter
2672 3704 3035 3767 Evangelista
3060 3704 3221 3754 dicit:
3244 3705 3362 3753 Hoc
3385 3707 3582 3753 autem
3609 3700 3797 3769 dicebat

2236 3780 2303 3830 de
2330 3768 2537 3842 Spiritu
2564 3780 2761 3829 sancto
2790 3778 2966 3839 (Joan.
2996 3768 3798 3838 7.),quemaccepturieranthi

2235 3852 2332 3914 qui
2356 3852 2411 3901 in
2438 3862 2571 3899 eum
2596 3852 2753 3900 erant
2778 3848 3065 3905 credituri,
3085 3849 3327 3909 Spiritus
3352 3853 3544 3896 autem
3571 3844 3798 3896 nondum

2233 3928 2353 3972 erat,
2366 3923 2554 3981 datus,
2579 3922 2709 3982 quia
2722 3922 2890 3970 Jesus
2910 3919 3165 3969 nondum
3184 3923 3304 3969 erat
3317 3918 3675 3968 claritlcatus.
3691 3914 3797 3963 (ilo-

2234 3994 2448 4043 rifieato
2474 3995 2612 4043 Jesu
2634 3998 2763 4055 post
2780 3992 3251 4042 resurrectionem
3284 3990 3465 4051 (Marc.
3496 3989 3563 4041 1ίὶ
3589 3992 3628 4049 );
3658 3984 3797 4049 glori-

2234 4066 2400 4115 ficato
2418 4068 2549 4128 post
2575 4063 2971 4113 ascensionem
2997 4062 3087 4112 die
3111 4064 3475 4111 l’entecostes
3495 4059 3799 4117 V'OllilSpil'i°

2234 4142 2326 4187 tus
2339 4142 2592 4195 sanctus,
2608 4134 3200 4197 implevitcredentes,
3224 4132 3443 4195 loquuti
3460 4138 3598 4181 sunt
3615 4128 3795 4191 linguis

2230 4208 2359 4272 (Act.
2388 4207 2474 4260 ‘2):
2524 4208 2832 4269 pitedicare
2876 4205 3251 4266 Evangelium
3296 4209 3595 4265 cceperunt
3634 4199 3798 4251 Genti-

2233 4282 2340 4330 bus
2358 4280 2564 4342 (Matth.
2592 4277 2717 4339 Ωιι).
2748 4278 2893 4327 llinc
2917 4277 3118 4325 civitas
3136 4276 3235 4326 Dei
3266 4274 3793 4333 lmt.iiicabatur,dum

2231 4365 2386 4403 mare
2402 4352 2725 4401 turbaretur
2751 4350 2947 4398 sonitu
2965 4360 3241 4409 aquarum
3255 4360 3507 4409 suarum,
3528 4346 3663 4397 dum
3682 4356 3796 4390 rimu-

2231 4431 2315 4475 tes
2341 4424 2721 4477 turberentur.
2751 4425 3079 4483 quaerentes
3098 4418 3233 4481 quid
3256 4424 3506 4481 agerent,
3539 4413 3794 4480 quomodo

2228 4508 2441 4546 novam
2467 4494 2785 4544 doctrinam
2818 4491 3106 4555 pellerent,
3147 4494 3427 4553 quomodo
3449 4502 3635 4552 genus
3658 4484 3791 4535 Chri-

2230 4566 2630 4617 stianurumde
2661 4570 2805 4613 terra
2829 4562 3203 4612 eradicarent.
3222 4564 3427 4612 Contra
3451 4562 3792 4623 quem?Con-

2230 4638 2583 4689 tratlmninis
2606 4637 2855 4699 impetus
2881 4634 3240 4685 laetificantes
3264 4634 3550 4684 civitatem
3580 4631 3691 4681 Dei.

533 4706 702 4758 corde
726 4707 919 4757 maris.
949 4708 1109 4758 Tunc
1129 4721 1241 4759 non
1268 4697 1717 4762 timebimus-nos
1736 4712 1831 4774 qui
1859 4724 2129 4774 compun-
2153 4697 2209 4771 D
2292 4711 2357 4759 Et
2383 4708 2639 4771 sequitur
2664 4697 3080 4767 z'Satnctiﬁcavit
3112 4704 3513 4753 tabernaculum
3540 4716 3693 4751 suum
3716 4697 3787 4747 AI-

529 4777 604 4827 cti
632 4790 835 4826 sumus
870 4778 1058 4839 corde,
1094 4790 1165 4828 ne
1204 4779 1471 4831 iteremus
1495 4781 1566 4833 de
1596 4795 1835 4832 numero
1860 4784 2131 4844 reprobo-

529 4861 656 4899 rum
675 4848 1031 4911 Judazorum,
1053 4854 1346 4913 tamquam
1363 4865 1651 4905 ramorum
1666 4853 1991 4905 fractorum.
2007 4856 2130 4905 Cre-

530 4920 800 4971 diderunt
844 4921 993 4970 enim
1028 4925 1083 4972 et
1116 4930 1484 4975 accesserunt
1513 4925 1820 4988 Apostolis.
1868 4927 2131 4977 Timeant

531 5004 665 5053 ergo
688 4991 783 5050 illi,
805 5004 949 5055 quos
972 4993 1237 5045 deserunt
1262 4999 1507 5047 montes.
1528 4997 1997 5047 Nosamontibus
2025 5014 2123 5046 non

530 5063 876 5113 recessimus
903 5080 914 5113 :
939 5066 994 5114 et
1016 5067 1249 5128 quando
1276 5067 1534 5118 transliti
1562 5072 1698 5118 sunt
1721 5067 1779 5117 in
1814 5069 1981 5119 corde
2004 5082 2127 5119 ma-

530 5135 625 5195 ris,
652 5135 881 5196 sequuti
909 5148 1129 5186 sumus.

590 5206 734 5267 Quid
746 5207 988 5269 jam(Er
1017 5208 1210 5268 eodem)
1238 5208 1500 5271 sequitur
1530 5220 1601 5259 ex
1638 5221 1724 5272 eo,
1762 5210 1914 5272 quod
1938 5216 2127 5261 trans-

527 5278 625 5329 lati
649 5284 786 5329 sunt
801 5284 1032 5330 montes
1047 5279 1103 5329 in
1129 5279 1297 5330 corde
1316 5280 1493 5330 maris
1511 5281 1535 5327 9
1550 5282 1843 5332 Attendite
1863 5288 1919 5334 et
1933 5284 2125 5334 videte

531 5350 847 5399 veritatem.
876 5350 1016 5401 Haec
1050 5350 1199 5400 enim
1235 5350 1463 5411 quando
1497 5351 1855 5415 dicebantur,
1883 5356 2126 5405 obscura

527 5426 707 5481 erant,
736 5422 868 5483 quia
895 5421 1153 5472 nondum
1182 5422 1541 5484 contigerant
1569 5443 1577 5471 :
1608 5438 1761 5476 nunc
1782 5432 1973 5476 autem
2011 5429 2125 5486 quis

520 5493 638 5553 jam
666 5486 781 5544 neu
800 5492 945 5543 facta
962 5498 1271 5555 cognoscat
1302 5498 1326 5543 ‘3
1350 5496 1517 5545 Liber
1538 5496 1611 5547 sit
1640 5496 1737 5546 tibi
1766 5511 1969 5560 pagina
1996 5500 2122 5544 [livi-

589 5643 604 5661 ·
632 5636 767 5685 llaec
794 5636 977 5699 nugis
1012 5636 1220 5699 placuit
1244 5639 1663 5698 Augustiniana
1692 5639 1875 5699 lectio,
1899 5653 1996 5702 pro
2012 5654 2124 5702 qua

528 5711 646 5757 erat
678 5708 901 5769 indicta,
935 5712 999 5759 ut
1030 5714 1086 5759 (ξι
1109 5709 1277 5772 paulo
1305 5716 1451 5773 post,
1477 5727 1539 5759 ne
1567 5716 1814 5774 [ieremus
1840 5725 1937 5774 pro
1960 5713 2125 5774 fueri-

525 5790 664 5830 mus.
690 5780 909 5859 Caetera
935 5782 1091 5838 sunt.
1113 5786 1170 5833 et
1194 5782 1405 5846 quibus
1439 5783 1562 5847 ipse
1588 5783 1811 5834 restitui
1844 5784 2123 5849 Augusti-

531 5859 643 5900 nus
668 5856 866 5913 possit.

604 5921 624 5949 δ
649 5923 733 5973 Ita
758 5927 815 5973 et
842 5923 1249 5986 Augustiniani
1276 5930 1495 5990 septem
1520 5927 1655 5979 Mss.
1673 5927 1909 5981 habent:
1926 5929 2130 5994 vulga-

2230 4782 2481 4830 tissimus,
2500 4781 2554 4831 Si
2568 4793 2701 4841 ergo
2721 4779 2980 4840 sequitur
2995 4776 3790 4831 sanctificationisnomen,ma-

2226 4854 2500 4903 nifestum
2525 4858 2612 4901 est
2637 4850 2890 4900 fluminis
2916 4847 3305 4910 illosimpetus
3330 4848 3399 4898 de
3426 4847 3627 4910 Spiritu
3644 4847 3789 4891 sanrtn

2228 4923 2648 4985 intelligendos,
2664 4935 2775 4984 quo
2803 4920 3195 4971 sanctificatur
3209 4919 3397 4969 omnis
3410 4918 3790 4982 piaanimacrc-

2227 4996 2371 5045 deus
2396 4998 2453 5046 in
2474 4990 3003 5055 Christum,utflatcl
3023 4992 3228 5041 civitas
3251 4992 3368 5042 Dei.
3400 4992 3584 5041 Unum
3608 4990 3789 5039 tlumen

2226 5081 2379 5117 unus
2408 5067 2645 5128 spiritus
2675 5067 2780 5125 est,
2823 5064 2921 5127 qui
2952 5063 3011 5114 in
3043 5066 3261 5126 septem
3287 5074 3503 5112 cornua
3526 5059 3785 5110 dividitur.

2227 5151 2359 5201 quae
2391 5142 2530 5187 sunt
2559 5137 2793 5200 spiritus
2821 5135 3118 5198 sapientia:
3143 5138 3200 5184 et
3222 5134 3559 5193 intellectus,
3583 5129 3785 5201 spiritus

2225 5200 2444 5260 consilii
2459 5214 2512 5259 et
2531 5208 2896 5269 fortitudinis,
2927 5206 3162 5269 spiritus
3178 5205 3432 5255 scientiis
3449 5209 3504 5254 et
3518 5200 3739 5267 pietatis.
3753 5202 3783 5240 et

2226 5282 2461 5343 spiritus
2506 5280 2728 5331 timoris
2773 5278 3001 5330 Domini
3050 5279 3192 5341 (Isai.
3238 5276 3363 5339 11.).
3414 5277 3544 5326 Ideo
3578 5272 3781 5338 Spiritus

2226 5356 2461 5403 sanctus
2488 5352 2696 5402 dicitur
2718 5351 2958 5400 ﬂumen:
2986 5350 3120 5411 quia
3144 5348 3629 5411 concupiscentias
3647 5349 3695 5394 et
3716 5353 3781 5417 ar-

2226 5425 2391 5474 dores
2434 5425 2620 5473 carnis
2668 5423 2975 5483 extinguit.
3023 5423 3416 5485 Impetuosum
3456 5422 3777 5475 autemntmft

2224 5510 2393 5547 nemo
2426 5496 2715 5546 (iresistit.
2746 5496 2995 5545 Ecclesia
3017 5493 3227 5543 dicitur
3240 5492 3455 5551 civitas,
3479 5491 3567 5541 vel
3593 5504 3695 5553 pro;
3720 5490 3779 5531 intr

2226 5647 2283 5692 tu
2296 5654 2345 5689 ιιι
2377 5644 2564 5689 tamen
2580 5644 2669 5689 est
2692 5654 2848 5687 rores.

2284 5725 2301 5743 ‘
2335 5715 2461 5762 lirat
2496 5724 2606 5759 uno
2633 5712 2807 5760 verbo
2836 5707 3243 5760 Conturbantur
3277 5724 3287 5754 :
3316 5706 3531 5757 leviora
3554 5706 3652 5756 alia
3674 5697 3777 5750 infc-

2221 5785 2338 5836 rius
2363 5784 2758 5835 emendamus.

2286 5856 2304 5885 ⁸³
2331 5857 2502 5921 Apud
2532 5855 2942 5921 Augustinum.
2975 5852 3275 5914 utﬁatciris
3297 5849 3523 5899 civitatis
3546 5850 3648 5899 Der.
