3890 6440
118 421 248 477 829

1088 457 1100 469 .
1157 424 1232 475 IN
1267 423 1590 476 PSALMOS
1622 423 1828 473 LXXV
1862 423 2440 478 COMMENTARIUS.

3346 417 3452 474 830

121 533 521 610 concordiam
555 531 956 610 habitantium,
990 533 1080 610 vel
1111 536 1339 610 propter
1374 534 1755 610 munitionem
1774 539 1832 610 Α
1853 547 2041 610 usque
2061 535 2134 586 ad
2159 536 2718 610 consummationem
2741 533 2940 610 sabuli
2962 529 3321 610 (Matth.28.).
3345 532 3452 610 Ipso

121 605 460 667 virtutum,
505 603 597 654 vel
640 603 774 666 quia
804 603 990 665 legem
1034 604 1208 654 habet
1246 606 1302 655 et
1345 617 1556 667 regem.
1595 605 1757 656 Hanc

119 676 444 728 inlantum
462 674 716 725 laetificat
733 673 991 736 spiritus,
1017 678 1080 726 ut
1105 675 1380 737 glorietur
1401 677 1571 727 etiam
1591 678 1644 726 in
1659 677 1758 726 tri-

123 745 550 798 bulationibus
597 744 808 808 (Ephes.
863 743 949 806 4.).
993 745 1212 796 Dicitur
1237 751 1293 797 et
1325 745 1754 797 tabernaculum

129 820 325 884 (Rom.
365 816 467 878 5.),
505 817 640 879 quia
663 816 720 866 in
755 827 822 866 ea
847 815 1088 868 Domino
1115 816 1411 869 militatur.
1443 820 1509 868 Et
1543 818 1650 869 hoc
1677 823 1758 868 la-

128 887 533 942 bernaculum
561 886 954 938 sanctificatur
980 899 1080 951 per
1097 889 1376 951 spiritum.
1402 889 1602 940 Omnis
1617 891 1754 937 enim

130 960 246 1024 qui
274 959 738 1022 habetSpiritum
753 961 1043 1022 sanctum,
1063 963 1301 1010 sanctus
1314 965 1402 1011 est
1417 977 1426 1008 :
1441 963 1497 1011 et
1511 959 1609 1022 qui
1625 963 1756 1007 hunc

129 1045 266 1084 non
293 1032 490 1094 habet,
517 1033 753 1080 Sanctus
777 1043 904 1081 esse
927 1043 1044 1080 non
1060 1029 1230 1082 valet.
1249 1033 1375 1082 Non
1391 1031 1577 1082 solum
1593 1034 1758 1079 laetiti-

133 1105 238 1155 cat
260 1109 324 1154 et
336 1101 659 1154 sanctiﬁcat
673 1102 828 1152 Deus
850 1101 1157 1153 Ecclesiam
1172 1115 1356 1161 suam,
1372 1103 1473 1154 sed
1490 1103 1663 1153 etiam
1677 1103 1756 1149 in-

132 1174 345 1227 medio
369 1175 496 1236 ejus
531 1179 638 1233 est,
664 1185 738 1224 ne
761 1179 1061 1224 moveatur
1072 1173 1144 1226 de
1164 1175 1314 1226 bono
1343 1170 1515 1242 229
1533 1173 1607 1226 ad
1629 1185 1756 1224 ma-

134 1245 288 1298 lum.
323 1247 396 1296 Et
417 1245 526 1296 hoc
547 1249 636 1296 est
659 1244 814 1308 quod
839 1245 1066 1296 subdit:

203 1317 261 1372 6.
291 1317 436 1366 Deus
460 1316 522 1364 in
545 1316 719 1364 medio
743 1315 858 1379 ejus
880 1331 993 1364 non
1022 1316 1457 1368 commovebitur.
1484 1317 1630 1381 Ergo
1650 1315 1755 1380 (Ea:

133 1389 482 1452 Augustino)
530 1387 782 1438 ambitur
811 1387 935 1438 loco
971 1389 1171 1439 Deus?
1215 1389 1283 1438 Et
1314 1387 1431 1439 lata
1463 1391 1600 1438 sunt
1623 1397 1754 1450 qua)

136 1459 535 1522 circumdant,
559 1457 620 1509 in
643 1462 894 1522 angusto
911 1463 1002 1510 est
1027 1459 1540 1522 quicircumdatur.
1557 1457 1751 1509 Absit:

137 1531 295 1582 nihil
321 1529 435 1582 tale
461 1529 724 1592 cogitetis
747 1528 819 1580 de
855 1531 990 1592 Deo,
1028 1529 1128 1592 qui
1153 1529 1312 1582 nullo
1337 1531 1560 1594 capitur
1587 1529 1711 1580 loco
1740 1543 1752 1580 :

139 1603 242 1653 cui
269 1601 444 1653 sedes
467 1604 556 1652 est
579 1600 930 1652 conscientia
955 1599 1201 1664 piorum.
1244 1603 1312 1654 Et
1341 1601 1420 1652 ita
1449 1601 1617 1652 sedes
1652 1599 1754 1651 Dei

140 1678 239 1724 est
285 1673 348 1724 in
381 1671 650 1723 cordibus
694 1671 1012 1736 hominum,
1036 1676 1104 1724 ut
1139 1672 1188 1723 si
1217 1672 1390 1725 homo
1415 1672 1683 1724 ceciderit
1717 1682 1752 1722 a

141 1745 290 1805 Deo,
319 1745 475 1794 Deus
497 1742 558 1794 in
583 1754 645 1794 se
669 1747 924 1794 maneat:
945 1754 1062 1794 non
1084 1743 1252 1806 quasi
1277 1743 1460 1809 cadat,
1477 1746 1754 1794 noninve-

140 1814 367 1866 niendo
391 1813 492 1865 ubi
515 1813 606 1865 sit.
633 1813 816 1878 Magis
840 1813 992 1865 enim
1016 1817 1074 1866 te
1098 1815 1384 1878 sublevat,
1399 1813 1646 1867 utinillo
1663 1815 1751 1876 sis,

144 1896 163 1916 ³
189 1885 432 1950 quando
455 1886 763 1936 incumbit:
787 1887 848 1936 ut
864 1885 914 1936 si
938 1898 998 1938 se
1022 1886 1569 1945 subduxeritcadas,
1587 1888 1755 1938 tu.Tu

1855 603 2120 656 Dominus
2149 609 2428 672 virtut-um,
2446 609 2656 660 etDeus
2676 606 2854 666 Jacob,
2871 607 2994 671 ipse
3009 605 3108 657 dat
3124 603 3368 656 virtutes
3380 603 3452 650 eis

1855 678 1954 740 qui
1981 679 2348 741 spiritualiter
2372 680 2715 740 suntJacob,
2737 678 2908 740 idest,
2925 677 3451 737 quiluctanturcum

1855 755 2126 810 carne,et
2159 751 2256 812 qui
2291 750 2433 802 vitia
2456 750 2846 814 supplantant.
2871 749 3050 800 Jacob
3079 749 3230 799 enim
3247 746 3452 797 dicitur

1853 821 2250 884 supplantator.
2266 825 2333 872 Et
2353 822 2484 884 quia
2508 820 2861 873 admirabilis
2884 824 2943 871 et
2968 819 3213 870 salubris
3237 823 3325 869 est
3342 817 3454 868 ista

1853 893 2054 955 gratia,
2085 905 2288 944 omnes
2313 893 2610 944 invitando
2642 897 2701 944 et
2729 891 3090 944 admonendo
3127 890 3448 953 subjungit:

1919 963 1970 1016 9.
2011 964 2208 1024 Venite,
2246 969 2293 1013 et
2336 965 2519 1025 videte,
2550 965 2716 1027 idest,
2760 963 3006 1024 credite,
3046 966 3104 1013 et
3153 960 3452 1022 intelligite

1854 1049 2014 1099 opera
2038 1035 2278 1094 Domini,
2297 1047 2430 1098 quae
2455 1038 2726 1099 operatus
2747 1039 2837 1086 est
2851 1036 3080 1098 propter
3102 1045 3228 1083 nos.
3247 1034 3450 1094 Eamus,

1853 1105 2042 1168 inquit
2087 1099 2357 1168 Ecclesia,
2401 1107 2808 1158 obliviscamur
2845 1117 2914 1156 ea
2936 1116 3070 1167 quae
3105 1107 3256 1155 retro
3295 1107 3448 1153 sunt.

1855 1177 2242 1229 Transeamus
2253 1177 2324 1229 de
2343 1177 2584 1229 terrenis
2603 1177 2676 1229 ad
2688 1175 3021 1239 .spiritualia
3038 1191 3050 1224 :
3069 1179 3124 1226 et
3137 1173 3316 1225 oculis
3328 1185 3454 1223 cor-

1855 1246 1944 1298 dis
1978 1248 2280 1300 videamus
2305 1249 2606 1313 quaeposuil
2629 1247 2900 1312 prodigia,
2925 1245 3092 1306 idest,
3118 1245 3178 1295 in
3201 1245 3448 1308 signum.

1853 1319 2119 1383 Prodigia
2139 1321 2291 1371 enim
2309 1319 2596 1383 dicuntur,
2619 1320 2682 1370 in
2705 1319 2918 1382 quibus
2933 1315 3085 1368 aliud
3099 1315 3454 1379 signiﬁcatur

1854 1402 2028 1454 quam
2067 1391 2293 1442 videtur
2317 1406 2330 1442 :
2357 1407 2518 1456 super
2539 1396 2760 1455 terram,
2786 1389 2954 1452 idest,
2973 1399 3146 1452 super
3176 1391 3446 1438 terrenos.

1855 1464 1993 1524 Quae
2019 1465 2156 1514 sunt
2179 1462 2313 1514 illa?

1916 1532 2004 1588 10.
2051 1534 2316 1596 Auferens
2361 1533 2494 1584 bella
2537 1548 2705 1598 usque
2737 1531 2813 1582 ad
2841 1535 3008 1595 finem
3033 1535 3202 1580 terrae.
3249 1530 3453 1579 Pacem

1853 1603 2007 1656 enim
2031 1605 2164 1656 fecit
2186 1605 2334 1657 inter
2355 1606 2558 1670 Deum,
2585 1609 2642 1657 et
2666 1605 2956 1656 hominem
2984 1620 2994 1652 :
3015 1603 3073 1652 et
3094 1602 3448 1670 idololatriam,

1852 1679 1910 1727 et
1942 1676 2164 1728 cultum
2196 1677 2406 1728 veteris
2429 1669 2572 1740 legis
2587 1676 2846 1738 abstulit,
2878 1686 2980 1739 per
2999 1683 3132 1736 quae
3157 1669 3452 1722 discorda-

1853 1747 1992 1798 bant
2011 1749 2040 1798 J
2049 1748 2118 1797 ud
2129 1748 2200 1800 eei
2214 1753 2271 1799 et
2293 1749 2523 1810 Gentes,
2557 1752 2616 1799 et
2638 1747 3099 1808 fecitutrumque
3123 1753 3306 1794 unum
3336 1740 3448 1803 (Co-

1854 1816 1971 1890 loss.
2000 1817 2089 1881 1.).
2115 1821 2186 1870 Et
2213 1818 2308 1870 illa
2331 1830 2444 1882 pax
2474 1818 2577 1869 Dei
2595 1817 2673 1890 ad,
2690 1817 2954 1868 homines
2978 1827 3092 1890 non
3116 1811 3226 1890 fuit
3251 1811 3310 1862 in
3333 1821 3451 1890 una

1855 1889 1978 1940 sola
2011 1895 2178 1952 terra,
2213 1889 2314 1941 sed
2337 1902 2526 1952 usque
2551 1889 2624 1940 ad
2651 1889 2794 1939 fines
2817 1892 3008 1940 terrae.
3043 1888 3094 1936 Α
3124 1883 3260 1934 solis
3296 1883 3450 1933 enim

144 1947 284 2008 tesi
309 1955 674 2016 subduxeris,
697 1969 815 2008 non
839 1957 1004 2008 cadet
1025 1957 1138 2010 ille.
1156 1958 1302 2020 Quid
1323 1971 1458 2022 ergo
1481 1961 1589 2018 est,
1612 1957 1749 2007 Deus
1774 1947 1828 2021 B
1855 1965 1983 2012 ortu
2014 1947 2199 2022 usque
2237 1961 2310 2012 ad
2346 1947 2617 2012 occasum
2653 1958 2938 2011 laudabile
2970 1968 3186 2009 nomen
3225 1951 3452 2005 Domini

146 2029 211 2077 in
235 2029 416 2077 medio
440 2027 589 2091 ejus?
623 2029 743 2078 Hoc
769 2027 1057 2089 signiﬁcat
1073 2029 1228 2092 quod
1245 2042 1450 2092 aequus
1463 2034 1552 2081 est
1567 2029 1750 2080 omni-

149 2101 265 2151 bus
290 2101 468 2161 Deus,
493 2101 550 2150 et
568 2110 870 2162 personam
885 2111 1002 2150 non
1028 2100 1250 2164 accipit.
1276 2099 1575 2162 Quomodo
1599 2101 1753 2152 enim

145 2169 294 2222 illud
315 2169 472 2234 quod
495 2171 556 2221 in
578 2169 768 2221 medio
793 2175 898 2234 est,
924 2171 1080 2234 paria
1097 2171 1268 2223 habet
1289 2173 1474 2235 spatia
1493 2172 1565 2222 ad
1578 2187 1754 2222 omnes

147 2240 301 2292 ﬁnes
328 2261 339 2290 :
375 2241 456 2292 ita
479 2242 628 2292 Deus
652 2241 712 2292 in
727 2241 912 2292 medio
929 2254 1056 2293 esse
1074 2242 1298 2304 dicitur,
1319 2243 1614 2307 aequaliter
1625 2255 1751 2294 om-

146 2313 328 2364 nibus
343 2311 667 2364 consulens.
698 2313 763 2362 In
788 2313 972 2364 medio
997 2319 1104 2375 est,
1133 2313 1301 2377 idest,
1326 2315 1386 2364 in
1415 2314 1709 2366 communi
1737 2329 1750 2366 :

147 2385 288 2448 quia
325 2384 594 2436 omnibus
625 2383 921 2447 aequaliter
957 2386 1286 2448 propositus
1319 2389 1423 2436 est.
1465 2385 1569 2436 Vel
1603 2386 1750 2448 ideo,

148 2455 292 2519 quia
313 2460 401 2506 est
421 2455 708 2519 columna,
735 2467 868 2518 quae
897 2458 1188 2507 sustentat
1204 2469 1405 2508 omnes
1437 2460 1625 2520 partes
1649 2458 1752 2508 do-

149 2538 306 2577 mus.
331 2527 400 2576 Et
421 2538 539 2576 non
573 2526 760 2576 solum
791 2530 1078 2577 sustentat
1103 2539 1175 2578 ne
1203 2531 1446 2590 corruat,
1465 2527 1566 2578 sed
1579 2529 1750 2579 etiam

149 2597 449 2660 Adjuvabil
479 2612 600 2646 eam
622 2598 762 2647 Deus
777 2597 849 2648 ad
869 2599 1011 2649 bene
1027 2599 1381 2661 operandam
1399 2614 1411 2650 :
1427 2613 1606 2661 mane,
1625 2603 1752 2649 idest

151 2668 216 2720 in
249 2669 524 2733 principio
557 2669 967 2728 conversionis,
991 2669 1246 2728 diluculo,
1274 2671 1382 2721 hoc
1405 2675 1512 2734 est,
1541 2671 1751 2722 lliumi-

152 2741 392 2792 natione
429 2741 674 2804 Spiritus
705 2741 908 2792 sancti.
941 2743 1109 2793 Mane
1141 2741 1350 2792 dicitur
1373 2741 1596 2805 proprie
1619 2745 1752 2794 ante

155 2811 363 2863 lucem.
389 2811 716 2863 Diluculum
757 2817 867 2875 est,
902 2813 1134 2876 quando
1180 2813 1364 2876 primo
1393 2814 1574 2864 oritur
1602 2813 1748 2866 dies.

157 2883 398 2945 Quando
423 2895 523 2946 pro
547 2882 792 2946 peccatis
813 2895 945 2947 quae
969 2883 1226 2944 fecimus,
1251 2884 1322 2935 ad
1353 2886 1750 2947 pcenitentiam

159 2954 286 3006 sive
305 2953 372 3004 ad
400 2953 832 3005 conversionem
857 2967 1230 3018 properamus
1247 2955 1484 3018 ;relictis
1501 2957 1750 3007 tenebris

159 3025 234 3076 ad
265 3025 454 3076 lucem
480 3027 933 3088 propinquamus
969 3041 982 3076 :
1014 3025 1122 3076 hoc
1154 3032 1240 3077 est
1271 3039 1440 3079 mane
1464 3031 1746 3079 nostrum.

158 3096 269 3148 Sed
286 3101 416 3160 post
438 3108 625 3158 mane,
651 3096 716 3148 fit
738 3096 1054 3148 diluculum
1074 3112 1085 3148 :
1104 3098 1239 3160 quia
1263 3111 1362 3161 per
1382 3099 1610 3150 initium
1625 3111 1753 3150 con-

155 3168 434 3220 versionis
457 3167 689 3220 venitur
703 3168 773 3219 ad
799 3169 1078 3232 originem
1099 3169 1367 3222 etlumen
1383 3171 1626 3222 virtutis.
1657 3174 1748 3220 Sed

155 3239 292 3304 quia
316 3239 423 3292 hoc
443 3251 562 3291 non
585 3238 651 3291 ﬁt
671 3239 892 3291 viribus
919 3240 1154 3296 nostris.
1179 3241 1280 3293 sed
1306 3241 1500 3293 divino
1523 3243 1588 3293 ad
1593 3243 1749 3306 juto—

1855 2033 2018 2095 (Psal.
2057 2032 2218 2096 121.).
2253 2032 2456 2085 Aufert
2478 2033 2652 2084 etiam
2685 2033 2745 2082 in
2780 2031 2946 2083 nobis
2981 2027 3260 2080 Dominus
3282 2025 3448 2088 bella,

1854 2103 2086 2167 quando
2101 2105 2390 2168 extinguit
2400 2115 2692 2168 repugnan
2700 2103 2776 2155 tia
2791 2100 3120 2154 vitia.Unde
3133 2103 3189 2151 et
3201 2099 3446 2168 subditur:

1851 2175 2055 2224 Arcum
2079 2167 2322 2237 conteret,
2345 2179 2392 2224 ct
2411 2167 2714 2238 confringet
2737 2188 2918 2236 arma,
2941 2177 2987 2222 el
3008 2175 3159 2220 scuta
3183 2167 3449 2219 comburat

1825 2245 1990 2310 ‘igni.
2018 2249 2230 2298 Arcum
2257 2247 2362 2309 (Ea:
2384 2246 2731 2308 Augustino),
2751 2255 2931 2306 arma,
2951 2246 3136 2302 scuta,
3149 2239 3318 2304 ignis.
3341 2240 3449 2289 Ar-

1852 2330 1975 2377 cus,
2021 2321 2109 2368 est
2152 2317 2397 2368 insidia).
2424 2318 2602 2368 Arma
2636 2315 2870 2380 publica
2891 2311 3286 2378 impugnatio:
3321 2321 3448 2359 scu-

1853 2393 1976 2440 tum
2025 2401 2173 2439 vana
2215 2387 2648 2452 praesumtionis
2683 2387 2978 2451 proiectio.
3017 2383 3174 2448 Ignis
3197 2393 3312 2445 quo
3335 2380 3449 2430 ista

1851 2460 2286 2523 comburuntur,
2318 2463 2406 2510 est
2437 2459 2530 2510 ille
2567 2457 2637 2509 de
2660 2470 2774 2521 quo
2799 2457 3079 2509 Dominus
3094 2455 3210 2505 ait:
3247 2453 3444 2514 Ignem

1852 2531 1986 2583 veni
2022 2531 2248 2582 mittere
2288 2531 2348 2582 in
2385 2534 2594 2581 terram
2637 2529 2778 2592 (Luc.
2818 2527 2944 2592 12.).
2978 2529 3049 2578 Et
3081 2525 3153 2576 de
3177 2535 3293 2586 quo
3317 2523 3446 2585 igne

1851 2603 1988 2653 dicit
2010 2603 2071 2652 in
2098 2603 2316 2666 psalmo
2345 2619 2354 2649 :
2384 2603 2510 2653 Non
2534 2604 2624 2652 est
2649 2599 2748 2663 qui
2774 2613 2835 2652 se
2867 2597 3185 2650 abscondat
3206 2607 3241 2646 a
3263 2593 3447 2666 calore

1851 2675 1976 2738 ejus
2005 2663 2166 2738 (Psul.
2206 2672 2332 2736 18.).
2369 2673 2648 2724 Fervente
2679 2670 2976 2744 igneiisto,
3011 2667 3169 2744 nulla
3195 2667 3255 2744 in
3279 2663 3446 2744 nobis

1850 2745 2162 2808 impietatis
2186 2756 2348 2795 arma
2362 2743 2760 2794 remanebunt.
2787 2743 3038 2793 Necesse
3061 2741 3150 2790 est
3175 2741 3448 2790 utomnia

1851 2815 2300 2879 confringantur,
2315 2819 2701 2876 conterantur,
2720 2814 3150 2864 comburantur.
3172 2812 3446 2857 Bemaness

1851 2887 2104 2949 inermis,
2120 2886 2345 2938 nullum
2361 2886 2584 2958 habens
2601 2885 2668 2936 ad
2671 2885 2690 2947 j
2700 2883 2950 2958 utorium
2964 2887 3152 2958 tuum,
3173 2884 3333 2958 etquo
3346 2890 3448 2958 ma-

1851 2959 1938 3024 gis
1960 2959 2224 3010 iniirmus
2246 2971 2327 3018 es,
2343 2957 2502 3008 nulla
2527 2961 2623 3008 tua
2645 2968 2805 3008 arma
2833 2955 3071 3014 habens,
3091 2954 3247 3002 tanto
3259 2954 3445 3024 magis

1851 3021 1906 3082 te
1944 3031 2200 3093 suscipit,
2233 3029 2304 3080 de
2342 3042 2454 3092 quo
2495 3029 2713 3080 dictum
2755 3031 2881 3078 est:
2923 3027 3226 3086 Susceptor
3249 3021 3445 3093 noster

1849 3104 2004 3153 Deus
2026 3091 2220 3153 Jacob.
2236 3091 2482 3151 Valebas
2502 3100 2654 3151 enim
2681 3099 2850 3162 quasi
2869 3110 2968 3162 per
2993 3099 3046 3147 te
3073 3094 3120 3144 εδ
3143 3091 3445 3144 conturba-

1849 3173 1926 3224 ris
1951 3174 2010 3224 in
2037 3177 2105 3223 te.
2134 3172 2312 3224 Perde
2331 3183 2491 3223 arma
2515 3171 2727 3244 quibus
2751 3168 3160 3244 praesumebas.
3199 3163 3441 3244 AdiDo:

1847 3245 2088 3304 minum,
2131 3244 2452 3295 dicentem:
2486 3242 2706 3295 Sufﬁcit
2743 3242 2845 3293 tibi
2879 3241 3062 3305 gratia
3083 3248 3228 3288 mea.
3260 3236 3364 3286 Dic
3386 3236 3442 3305 et

153 3303 258 3391 rio,
291 3312 630 3391 re_cte_nunc
661 3311 871 3391 dicitur
907 3325 920 3362 :
955 3311 1392 3391 édjuvabilneam
1423 3313 1560 3361 Deus
1585 3303 1746 3391 inane
1773 3315 1822 3391 ρ
1849 3321 1912 3367 tu
1944 3329 1956 3365 :
1993 3315 2230 3391 Quando
2268 3315 2544 3391 infirmor,
2582 3315 2720 3391 tunc
2754 3303 3160 3391 potensnsum.‘
3182 3303 3442 3391 Apostoli

153 3382 408 3434 diluculo.
453 3384 524 3434 Et
567 3395 685 3434 non
732 3382 919 3434 solum
965 3383 1218 3434 Ecclesia
1252 3384 1418 3435 firma
1461 3389 1566 3446 est,
1610 3385 1746 3448 quia
1783 3382 1822 3391 “
1847 3392 2063 3438 voxest
2079 3385 2149 3447 (2.
2180 3382 3442 3448 Cor.12.).0mniaarmaperdiderattantum?1m

153 3456 310 3507 Deus
342 3454 401 3506 in
441 3453 632 3506 medio
657 3455 786 3519 ejus
815 3459 906 3506 est
941 3474 952 3502 :
983 3453 1082 3504 sed
1106 3467 1207 3518 per
1229 3455 1357 3517 ejus
1384 3455 1744 3518 praedicatio-

151 3537 286 3578 nem
300 3527 579 3578 venerunt
593 3525 684 3576 alii
695 3525 767 3576 ad
783 3525 1216 3576 conversionem
1227 3525 1406 3577 .Unde
1423 3530 1480 3576 et
1491 3529 1636 3574 subdi
1648 3535 1744 3578 tur:

214 3595 265 3650 7.
294 3595 630 3648 Conlurbatae
651 3602 778 3646 sunt
801 3603 994 3660 gentes.
1022 3599 1179 3648 Bona
1201 3597 1639 3650 conturbatione
1672 3598 1744 3648 ad

151 3668 564 3734 pcenitentiam,
581 3672 627 3716 el
649 3667 917 3717 inclinata
934 3673 1241 3730 sunt-regna
1275 3670 1343 3719 Et
1368 3669 1650 3732 principes
1663 3673 1744 3718 vel

154 3740 414 3804 regiones
449 3739 754 3792 humiliati.
801 3741 980 3791 Juxta
1011 3739 1166 3802 quod
1201 3739 1478 3804 scriptum
1512 3742 1600 3791 est
1631 3757 1642 3791 :
1677 3743 1747 3792 Et

153 3811 472 3863 adorabunt
494 3823 626 3862 eum
643 3823 846 3862 omnes
869 3823 1052 3874 reges,
1067 3822 1268 3862 omnes
1280 3820 1482 3873 gentes
1495 3812 1747 3864 servient

155 3884 206 3935 ei
233 3882 386 3946 (Psal.
413 3881 534 3946 71.).
561 3884 632 3934 Et
665 3882 818 3933 unde
849 3881 958 3932 hoc
991 3881 1271 3946 contigit?
1309 3883 1572 3946 sequitur
1585 3888 1642 3934 et
1665 3883 1748 3934 di-

154 3954 235 4006 cit
256 3969 268 4004 :
291 3954 444 4004 Dedit
463 3969 656 4016 vocem,
675 3953 844 4018 idest,
868 3953 1333 4018 praedicationem
1345 3969 1524 4018 suam,
1541 3960 1587 4003 et
1600 3959 1747 4004 mota

154 4031 227 4076 est
256 4031 416 4089 terra,
451 4025 623 4088 idest,
667 4025 871 4076 terreni
907 4023 981 4075 ad
1013 4024 1470 4077 conversionem.
1497 4027 1636 4078 Haec
1660 4029 1748 4078 est

155 4097 250 4148 illa
265 4108 377 4148 vox
401 4095 472 4148 de
497 4109 611 4159 qua
632 4095 784 4148 idem
811 4095 1115 4147 Psalmista
1137 4095 1452 4146 alibidicit:
1487 4097 1612 4148 Vox
1636 4098 1748 4148 Do-

155 4167 294 4219 mini
315 4168 374 4218 in
399 4167 642 4220 virtute:
669 4179 785 4220 vox
809 4166 1040 4218 Domini
1063 4166 1123 4217 in
1135 4166 1563 4230 magnificentia
1583 4168 1745 4232 (Psal.

155 4237 278 4302 28.).
312 4239 472 4290 Hanc
506 4251 708 4290 vocem
741 4238 897 4290 dedit
935 4251 1032 4302 per
1053 4237 1364 4301 apostolos,
1389 4242 1448 4289 et
1477 4244 1636 4290 mota
1658 4244 1747 4292 est

160 4315 300 4362 terra
329 4312 399 4362 de
429 4309 764 4362 infidelitate
795 4309 867 4361 ad
893 4309 1086 4371 ﬁdem,
1113 4309 1184 4360 de
1206 4309 1361 4361 vitiis
1382 4310 1455 4360 ad
1481 4310 1742 4374 virtutes,

157 4381 454 4434 dediabolo
474 4382 548 4434 ad
562 4383 762 4434 Deum.
789 4382 928 4444 Quis
945 4387 1028 4432 est
1053 4383 1152 4443 qui
1171 4380 1330 4432 dedit
1351 4393 1553 4432 vocem
1569 4397 1710 4430 suam
1722 4386 1745 4430 7

155 4453 353 4505 Dicant
381 4453 658 4519 Apostoli,
676 4453 830 4505 dicat
849 4451 1120 4515 Ecclesia,
1145 4451 1297 4503 dicat
1319 4452 1566 4516 populus
1577 4453 1746 4505 inno-

158 4530 324 4580 Vatus
348 4539 360 4574 :

215 4598 264 4651 8.
301 4597 566 4647 Dominus
611 4597 877 4648 virtutum
915 4596 1194 4646 nobiscum
1217 4609 1232 4647 :
1256 4601 1525 4660 susceptor
1564 4601 1742 4646 noster

158 4669 288 4718 Deus
313 4668 493 4719 Jacob.
518 4669 658 4730 Quis
686 4681 803 4720 non
825 4673 1092 4721 movetur
1113 4667 1222 4720 hac
1243 4671 1421 4720 voce?
1445 4667 1586 4730 Quis
1623 4681 1742 4720 non

1845 3457 2193 3509 fortitudinis
2223 3470 2364 3521 suae,
2391 3447 2488 3520 Qui
2513 3457 2739 3508 dicebat
2765 3473 2774 3505 :
2803 3447 2921 3519 Ego
2959 3456 3150 3505 autem
3183 3462 3296 3501 non
3321 3447 3445 3521 glo-

1845 3531 2050 3589 riabor,
2064 3530 2176 3580 nisi
2205 3529 2264 3580 in
2286 3517 2726 3580 inﬁrmatatibus
2752 3517 2895 3578 meis
2910 3523 3187 3586 (Ibidem.).
3205 3517 3443 3582 Quando

1843 3607 2041 3654 autem
2066 3603 2346 3652 Dominus
2365 3601 2623 3664 suscipit,
2637 3598 2923 3672 numquid
2932 3598 3180 3672 inermes
3197 3593 3443 3672 dimittit?

1845 3677 2046 3724 Armat
2068 3685 2194 3731 nos,
2224 3672 2326 3724 sed
2349 3673 2460 3722 illis
2477 3672 2653 3722 armis
2671 3669 3147 3735 Evangeliasticm
3165 3665 3441 3735 veritatis,

1846 3743 2212 3796 continentiae
2240 3749 2297 3794 et
2330 3742 2551 3804 salutis,
2585 3743 2737 3802 ﬂdei,
2765 3734 2906 3806 spei,
2933 3739 3186 3792 caritatis
3224 3734 3290 3800 (2.
3321 3735 3440 3784 Cor.

1845 3816 1969 3879 '10.).
2013 3817 2150 3868 Hmc
2187 3827 2348 3867 arma
2379 3815 2681 3874 habemus,
2717 3814 2818 3865 sed
2843 3825 2962 3864 non
2987 3824 3020 3863 a
3045 3810 3231 3862 nobis.
3267 3811 3444 3858 Arma

1845 3891 2033 3938 autem
2059 3899 2192 3950 quae
2216 3898 2251 3936 a
2272 3886 2442 3936 nobis
2464 3885 2794 3944 habuimus,
2811 3887 3078 3935 arserunt
3096 3899 3106 3929 :
3123 3880 3223 3931 sed
3249 3883 3444 3929 tamen

1844 3959 1975 4022 igne
2006 3958 2099 4009 illo
2123 3961 2324 4008 sancto
2348 3955 2577 4008 accensi
2602 3967 2828 4006 sumus.
2846 3951 3248 4004 Priusinvilati
3267 3962 3442 3997 sumus

1845 4030 1917 4081 ad
1950 4028 2202 4080 videnda
2238 4040 2410 4090 opera
2438 4026 2682 4078 Domini.
2724 4027 2854 4076 Jam
2879 4025 3002 4088 ipse
3024 4022 3305 4074 Dominus
3333 4030 3441 4069 nos

1846 4101 2050 4153 invitat
2073 4099 2146 4151 ad
2177 4099 2492 4151 videndum
2519 4111 2597 4162 se,
2625 4097 2824 4148 dicens
2855 4111 2868 4146 :

1908 4173 1994 4226 11.
2029 4173 2235 4233 Vacale,
2262 4176 2310 4220 et
2329 4170 2512 4233 uidete,
2531 4169 2805 4234 quoniam
2827 4179 2922 4230 ego
2941 4180 3062 4214 sum
3086 4161 3446 4234 Dcus.Vidis-

1846 4245 1918 4296 tis
1943 4257 2113 4308 opera
2135 4244 2315 4294 mea.J
2321 4254 2414 4293 am
2438 4233 2752 4305 praeparate
2769 4252 2874 4290 vos
2890 4239 2960 4289 ad
2981 4235 3295 4288 videndum
3313 4233 3440 4284 arti-

1845 4317 2012 4367 ficem
2055 4316 2265 4379 ipsum.
2303 4315 2371 4364 Et
2399 4318 2465 4364 ut
2485 4313 2560 4364 ad
2590 4313 2698 4364 hoc
2733 4310 2923 4362 idonei
2947 4309 3075 4361 sitis
3105 4322 3117 4358 :
3143 4309 3443 4379 Cessatea

1847 4376 2124 4439 terrenis:
2150 4391 2394 4438 vacuate
2417 4397 2522 4438 vos
2553 4397 2586 4436 a
2607 4383 2794 4435 malis.
2832 4381 3037 4432 Nullus
3073 4378 3358 4430 tumultus
3379 4376 3439 4426 in

1844 4464 2034 4511 mente
2059 4459 2151 4510 sit.
2179 4458 2384 4510 Omnia
2397 4457 2516 4510 sint
2530 4461 2747 4521 pacata,
2775 4453 2969 4506 omnia
2994 4449 3286 4502 mundata.
3309 4449 3440 4496 Beali

1843 4529 1998 4582 enim
2028 4529 2249 4582 mundo
2281 4529 2470 4592 corde,
2508 4529 2783 4592 quoniam
2817 4525 2927 4588 ipsi
2950 4526 3133 4576 Deum
3156 4521 3442 4573 videbunt

1843 4603 2051 4666 (Matth.
2099 4601 2186 4664 5.).
2227 4600 2315 4652 Ad
2353 4601 2462 4652 hoc
2482 4601 2602 4665 jam
2628 4597 3004 4661 relinquimus
3030 4592 3440 4666 impedimenta

1841 4664 2044 4724 mundi
2067 4675 2125 4724 et
2145 4685 2312 4724 curas
2339 4664 2554 4735 saeculi,
2573 4677 2776 4735 atquec
2790 4668 2862 4720 ad
2892 4664 3224 4718 monasterii
3245 4676 3441 4714 acces-

156 4740 539 4792 contremiscit
553 4739 763 4804 gaudio
779 4745 803 4790 Ρ
813 4741 952 4802 Quis
964 4753 1079 4792 non
1091 4739 1160 4791 de
1173 4744 1331 4791 tanta
1343 4741 1499 4801 gratia
1509 4741 1746 4789 miratur?
1771 4732 1828 4806 Ι)
1843 4745 1948 4795 sim
1959 4757 2026 4794 us
2044 4744 2436 4796 secretummti
2449 4732 2682 4795 liberius
2694 4753 2899 4794 vacare
2916 4738 3205 4803 possimus
3220 4739 3439 4799 Deo,non

157 4811 430 4864 Dominus
443 4811 744 4876 virtutum,
763 4812 1044 4864 Dominus
1055 4811 1384 4876 angelorum
1397 4851 1410 4874 ,
1427 4811 1549 4876 ipse
1570 4819 1642 4860 est
1659 4828 1743 4860 no-

159 4883 373 4934 biscum
404 4883 467 4934 in
489 4895 675 4936 carne.
691 4885 1005 4948 Susceptus
1029 4889 1119 4936 est
1146 4897 1181 4934 a
1201 4883 1388 4944 nobis,
1404 4887 1462 4934 et
1487 4883 1743 4946 suscepit

157 4967 278 5006 nos.
300 4955 531 5017 Accepit
551 4959 808 5007 nostram
833 4955 1270 5014 humanitatem,
1296 4955 1549 5019 suscepit
1568 4957 1738 5006 nosin

158 5038 317 5077 suam
339 5025 696 5080 divinitatem
728 5026 954 5090 (Philip.
983 5026 1074 5090 2.).
1109 5027 1318 5078 Factus
1343 5032 1430 5078 est
1457 5028 1742 5092 particeps

157 5101 365 5150 nostrae
387 5099 765 5162 mortalitatis,
783 5103 850 5150 ut
871 5110 978 5149 nos
991 5097 1514 5163 faceretparticipes
1535 5101 1744 5148 suasim-

159 5170 512 5222 mortalitatis
539 5171 706 5234 (Rom.
733 5169 824 5234 8.).
864 5170 1066 5222 Dicant
1081 5182 1218 5233 ergo
1251 5169 1556 5222 Christiani
1587 5169 1742 5234 quod

161 5253 272 5292 non
315 5247 561 5306 possunt
593 5242 780 5294 dicere
817 5241 1025 5305 Judaei,
1069 5243 1171 5293 aut
1209 5243 1438 5306 Pagani,
1482 5247 1584 5294 aut
1617 5244 1744 5295 Hee-

160 5311 346 5364 retici:
381 5313 660 5366 Dominus
707 5313 986 5365 virtutum
1017 5313 1343 5364 nobiscum.
1377 5315 1500 5365 Hoc
1533 5319 1590 5365 et
1619 5315 1743 5377 ipse

164 5384 491 5447 promiserat
519 5397 619 5450 per
655 5385 994 5450 Prophetam
1021 5398 1190 5436 suum
1218 5385 1449 5435 dicens:
1479 5386 1548 5436 Et
1574 5385 1742 5437 inha-

167 5455 347 5507 bitabo
389 5461 448 5508 et
477 5456 848 5509 inambulabo
884 5457 942 5508 in
965 5457 1068 5521 eis,
1093 5461 1150 5508 et
1177 5469 1274 5507 ero
1315 5455 1541 5508 illorum
1568 5458 1741 5519 Deus,

168 5525 328 5594 230
369 5532 426 5580 et
462 5528 571 5592 ipsi
606 5528 744 5580 mihi
771 5530 1017 5592 populus
1044 5529 1256 5592 (Jerc-m.
1280 5527 1406 5589 31.).
1443 5529 1589 5580 Hinc
1617 5529 1744 5594 ipsa

170 5599 376 5651 Veritas
403 5599 716 5666 Discipulis
741 5601 862 5652 suis
886 5600 1149 5653 aitzEcce
1163 5613 1266 5665 ego
1291 5601 1591 5654 vobiscum
1629 5617 1740 5650 sum

226 5753 243 5772 ·
264 5743 450 5795 Malim
487 5743 641 5808 quod
675 5742 734 5796 in
755 5743 988 5808 vulgato
1019 5744 1338 5808 Augustino
1357 5747 1465 5807 est,
1489 5759 1657 5809 quam
1682 5747 1742 5794 in

168 5823 210 5864 te
231 5815 497 5868 incumbit.
983 5825 998 5857 ἱ

225 5887 244 5918 ¹ο
266 5890 443 5941 Antea
456 5889 1101 5952 comburarislegebatur
1119 5907 1130 5946 ;
1148 5890 1525 5944 emendamus
1540 5903 1612 5944 ex
1637 5892 1746 5944 Au-

173 5961 484 6027 gustiniana
502 5961 762 6028 lectione,
781 5973 914 6027 quae
935 5964 994 6016 et
1012 5971 1152 6016 mox
1173 5963 1461 6028 evangeliis
1475 5977 1574 6029 pro
1589 5979 1744 6016 evan-

1841 4815 1934 4866 his
1951 4815 2140 4874 rebus,
2172 4813 2221 4880 2
2231 4813 2283 4880 3
2299 4813 2318 4882 |
2340 4815 2552 4877 quibus
2563 4818 2763 4866 noster
2775 4813 3090 4864 delectetur
3103 4809 3438 4882 adversarius.

1841 4888 2065 4937 Certum
2089 4891 2181 4936 est
2203 4880 2374 4947 enim,
2393 4887 2548 4950 quod
2561 4885 2794 4948 quando
2813 4883 2988 4936 ociosi
3008 4886 3067 4933 et
3081 4880 3440 4943 negligentes

1842 4967 2066 5016 sumus,
2093 4956 2323 5019 quando
2348 4957 2678 5009 ueleslihus
2714 4954 3011 5008 desideriis
3033 4953 3290 5005 animum
3324 4961 3441 5000 non

1841 5027 2180 5090 attollimus,
2225 5029 2458 5091 quando
2490 5030 2563 5080 ab
2606 5040 2803 5081 amore
2847 5026 2948 5078 Dei
2993 5022 3437 5088 refrigescimus,

1842 5099 2075 5164 quando
2099 5099 2250 5150 diem
2267 5099 2651 5164 expendimus
2675 5100 2736 5151 in
2753 5099 2979 5160 fabulis,
3004 5097 3063 5148 in
3088 5092 3442 5160 cogitationi-

1842 5172 1950 5222 bus
1974 5170 2167 5234 pravis
2193 5185 2205 5221 :
2221 5171 2404 5234 magis
2423 5177 2560 5222 tunc
2579 5183 2852 5223 vacamus
2867 5167 3114 5228 diabolo,
3130 5177 3307 5231 quam
3324 5167 3434 5213 Deo.

1841 5243 1962 5293 Hoc
2007 5241 2310 5306 signiﬁcat,
2341 5243 2494 5305 quod
2531 5243 2809 5307 scriptum
2832 5245 2964 5294 est:
3003 5239 3288 5291 Viderunt
3311 5249 3440 5288 eam

1842 5313 2056 5377 hostes,
2080 5318 2139 5364 et
2157 5313 2490 5364 desiderunt
2507 5313 2747 5364 sabbata
2765 5311 2891 5376 ejus
2911 5311 3126 5376 (Thren.
3147 5309 3235 5372 1.).
3251 5310 3439 5358 Subba-

1843 5390 1968 5437 tum
1984 5385 2190 5450 requies
2201 5383 2424 5436 dicitur.
2443 5386 2510 5436 Et
2522 5384 2763 5435 sabbata
2774 5386 2969 5434 nostra
2978 5382 3178 5432 hostes
3190 5382 3436 5450 derident,

1843 5448 2071 5520 quando
2095 5469 2202 5508 nos
2232 5455 2466 5520 maligni
2491 5455 2720 5516 spiritus
2743 5451 3130 5505 otiositatibus
3151 5452 3208 5501 et
3225 5448 3440 5501 vanita-

1847 5529 1998 5579 tibus
2019 5541 2223 5579 vacare
2246 5528 2460 5580 vident.
2488 5526 2632 5577 Illud
2667 5535 2804 5588 ergo
2836 5524 3048 5575 habere
3079 5521 3434 5580 studeamus,

1844 5601 1998 5665 quod
2027 5600 2086 5651 in
2116 5599 2282 5652 nobis
2319 5599 2569 5651 maxime
2593 5597 2874 5648 Dominus
2899 5591 3204 5653 desiderat,
3242 5589 3300 5640 id
3325 5593 3434 5651 est,

1842 5745 2118 5810 geliaslicae
2141 5744 2386 5808 praefert.

1906 5825 1925 5846 ·
1953 5816 2298 5869 Monachum
2338 5829 2398 5868 se
2420 5813 2607 5880 prodit
2630 5812 2944 5865 manifesto.
2981 5811 3184 5864 Confer
3205 5822 3338 5876 quin
3361 5809 3432 5862 de

1843 5889 1970 5953 ejus
1985 5889 2338 5955 professione
2359 5889 2496 5943 vitae
2518 5887 2579 5941 in
2595 5885 2934 5940 Preetatione
2957 5882 3232 5938 diximus.
