3890 6432
466 413 566 466 831

466 527 721 575 mentem
765 522 836 572 ab
875 520 1042 571 omni
1074 517 1294 593 malitia
1320 517 1561 593 liberam
1589 522 1648 570 et
1680 518 1951 593 (levitatis
1973 517 2065 568 his
2082 522 2144 593 Α

467 596 682 657 quibus
696 593 938 657 Spiritus
953 595 1190 642 sanctus
1206 590 1529 652 offenditur,
1544 590 1870 652 humilitati,
1885 594 2063 651 quieti,

468 666 690 717 caritati
709 676 941 727 operam
966 663 1201 719 demus;
1228 665 1295 712 ut
1316 660 1622 723 impleatur
1644 673 1677 711 a
1697 662 1887 723 nobis,
1912 661 2065 722 quod

467 736 675 788 dicitur
701 751 713 786 :
742 736 954 785 Vacate
992 737 1048 783 et
1072 732 1261 785 videte
1294 732 1567 795 quoniam
1605 745 1711 795 ego
1739 746 1869 782 sum
1894 735 2065 782 Deus.

468 808 558 860 Sic
584 807 737 858 enim
761 808 946 856 Deum
966 805 1161 855 videre
1184 803 1549 863 merebimur,
1569 804 1617 852 si
1640 804 1798 867 prius
1823 806 1894 854 ab
1920 804 2070 854 illici-

470 879 543 929 tis
589 890 831 941 cessare,
880 882 940 927 et
974 880 1165 926 mente
1215 874 1504 937 tranquilli
1545 886 1676 925 esse
1716 875 2065 925 studeamus.

469 948 641 999 Paulo
673 954 806 999 ante
832 948 943 1009 (Eas
975 946 1299 1008 Augustino)
1338 946 1621 1008 dixeram,
1648 950 1812 996 terrae
1837 947 2069 996 nomine

466 1019 776 1081 significari
796 1023 1029 1081 gentem
1051 1016 1405 1067 Judaeorum.
1439 1016 1607 1066 Maris
1630 1017 2070 1067 nominecaiteras

465 1094 687 1153 gentes.
714 1088 999 1139 Translati
1022 1092 1157 1138 sunt
1180 1091 1411 1137 montes
1427 1087 1488 1137 in
1511 1089 1679 1137 corde
1704 1088 1899 1138 maris.
1927 1090 2072 1139 Con-

467 1162 715 1211 turbatee
742 1164 882 1211 sunt
903 1163 1124 1221 gentes,
1143 1157 1413 1209 inclinata
1430 1163 1565 1208 sunt
1586 1171 1778 1220 regna,
1803 1158 2073 1210 deditvo-

465 1244 589 1282 cem
637 1244 804 1282 suam
828 1229 1181 1291 Altissimus,
1216 1230 1275 1280 et
1302 1232 1457 1278 mota
1494 1233 1586 1279 est
1612 1234 1777 1279 terra.
1804 1229 2072 1278 Donu‘nus

466 1303 733 1350 virtutum
760 1301 1057 1358 nobiscum,
1082 1305 1351 1362 susceptor
1374 1300 1515 1348 Deus
1528 1299 1709 1348 Jacob.
1736 1301 1910 1351 Facta
1935 1307 2073 1352 sunt

466 1371 817 1423 miraculain
828 1372 1117 1435 gentibus,
1139 1369 1407 1434 impletur
1431 1370 1576 1420 iides
1596 1370 1655 1421 in
1674 1372 1965 1434 gentibus,
1991 1384 2073 1423 ar-

467 1444 608 1493 dent
631 1455 791 1493 arma
814 1440 1284 1505 praesumptionis
1311 1441 1603 1498 humanm,
1621 1446 1854 1492 vacatur
1870 1442 1929 1492 in
1945 1450 2072 1492 tran-

468 1513 751 1577 quillitate
791 1513 990 1574 cordis,
1040 1516 1104 1563 ut
1136 1516 1516 1574 cognoscatur
1539 1514 1691 1563 Deus
1721 1516 1920 1564 auctor
1944 1527 2071 1565 om-

466 1585 627 1636 nium
654 1597 959 1635 munerum
987 1596 1248 1636 suorum.
1279 1586 1347 1633 Et
1362 1589 1495 1647 post
1517 1584 1775 1646 ipsorum
1798 1585 2071 1636 clariﬁca-

471 1657 683 1708 tionem
707 1655 974 1718 nunquid
1006 1655 1219 1706 deserit
1250 1660 1305 1705 et
1331 1655 1550 1717 plebem
1573 1655 1908 1707 Judaeorum
1938 1660 1964 1706 7
1988 1659 2070 1708 De

468 1738 581 1790 qua
602 1726 739 1777 dicit
775 1726 1118 1790 Apostolus:
1162 1727 1297 1776 Dico
1324 1726 1480 1776 enim
1505 1726 1688 1785 vobis,
1714 1732 1779 1777 ut
1799 1740 1918 1778 non
1944 1728 2068 1779 sitis

470 1798 641 1848 vobis
658 1798 971 1860 sapientes:
1002 1798 1138 1860 quia
1156 1798 1385 1848 caecitas
1403 1810 1474 1848 ex
1497 1801 1657 1860 parte
1681 1797 1740 1848 in
1761 1798 1934 1849 Israel
1950 1802 2073 1847 facta

467 1872 572 1926 est,
600 1868 783 1918 donec
807 1868 1108 1930 plenitudo
1124 1870 1386 1930 gentium
1411 1868 1665 1929 intraret,
1692 1868 1747 1918 id
1775 1874 1881 1927 est,
1908 1883 2073 1919 mon-

472 1942 565 1989 tes
588 1937 701 1988 huc
740 1941 1197 2000 transferrentur,
1232 1945 1297 1990 ut
1318 1940 1502 1989 nubes
1547 1939 1638 1989 hic
1668 1939 1952 1999 pluerent,
1979 1941 2072 1992 hic

469 2009 752 2059 Dominus
766 2010 1016 2059 tonitruo
1042 2022 1147 2061 suo
1159 2022 1336 2072 regna
1351 2008 1664 2069 inclinaret,
1693 2010 1873 2061 donec
1900 2013 2074 2075 pleni-

470 2080 607 2131 tudo
623 2080 890 2131 Gentium
914 2080 1169 2131 intraret.
1187 2083 1254 2131 Et
1278 2081 1416 2143 quid
1438 2085 1669 2143 postea?
1706 2088 1763 2132 et
1780 2083 1861 2132 sic
1885 2087 2072 2133 omnis

473 2150 650 2201 Israel
675 2151 874 2202 salvus
898 2152 1077 2203 ﬂeret.
1106 2152 1239 2203 Ideo
1263 2156 1319 2202 et
1341 2151 1433 2201 hic
1459 2152 1649 2213 ipsum
1674 2153 1932 2204 ordinem
1951 2168 2071 2205 ser-

468 2234 631 2282 vans,
678 2222 997 2282 Exaltabor,
1032 2222 1238 2285 inquit,
1272 2223 1329 2271 in
1367 2223 1611 2285 gentibus
1642 2228 1687 2271 et
1711 2226 1988 2274 exaltabor
2012 2228 2071 2275 in

467 2296 632 2342 terra.
658 2293 720 2343 Id
747 2299 854 2353 est,
883 2293 940 2343 in
977 2294 1138 2356 mari,
1165 2299 1221 2345 et
1240 2293 1301 2344 in
1328 2298 1510 2345 terra:
1544 2295 1747 2357 utjam
1773 2308 1975 2347 omnes
1996 2297 2072 2348 di-

469 2368 619 2422 cant,
648 2365 802 2427 quod
828 2364 1089 2427 sequitur
1115 2380 1126 2414 :

528 2433 614 2488 1‘2.
650 2436 920 2483 Dominus
956 2438 1221 2483 virtutum
1267 2435 1563 2496 nobiscum,
1597 2443 1865 2501 susceptor
1898 2445 2071 2487 noster

466 2505 606 2555 Deus
617 2506 797 2557 Jacob.
813 2506 1099 2558 Dominus
1111 2509 1267 2557 Deus
1279 2511 1476 2557 noster
1486 2507 1657 2557 ﬁdem
1671 2511 1724 2556 in
1736 2524 1835 2568 qua
1846 2512 2070 2558 vivimus

467 2581 607 2628 etex
620 2590 733 2639 qua
745 2577 1310 2641 vivimus,perlibros
1325 2579 1805 2641 suos,Scripturas
1818 2596 1934 2627 suas
1947 2584 2072 2627 mul-

467 2648 736 2710 tipliciter
748 2648 918 2698 nobis
937 2650 1203 2711 varieque
1221 2649 1465 2698 diffudit.
1482 2651 1850 2700 Sacramenta
1865 2655 2068 2710 quidem

469 2719 777 2771 verborum
790 2719 1041 2777 varians,
1058 2720 1231 2769 iidem
1246 2725 1436 2771 tamen
1449 2733 1625 2771 unam
1639 2722 2069 2774 commendans.

469 2791 594 2840 Una
605 2790 756 2840 enim
769 2790 1084 2852 eademque
1098 2803 1186 2840 res
1202 2790 1329 2841 ideo
1341 2791 1539 2841 multis
1554 2792 1741 2843 modis
1753 2793 1958 2843 dicitur
1970 2811 2070 2841 non

466 2865 532 2912 ut
548 2860 719 2911 modo
736 2861 860 2924 ipso
886 2861 1114 2912 dicendi
1132 2867 1361 2925 propter
1374 2862 1665 2913 fastidium
1688 2864 1955 2921 varietur,
1982 2869 2067 2912 sed

465 2936 697 2995 propter
741 2932 1105 2983 concordiam
1153 2946 1267 2983 una
1313 2938 1592 2985 teneatur.
1640 2936 1835 2997 Itaque
1880 2938 1937 2985 in
1964 2937 2069 2986 hoc

467 3004 898 3067 psalmo,quem
926 3008 1219 3055 cantatum
1246 3006 1590 3056 audivimus.
1623 3007 1715 3057 cui
1741 3016 1758 3035 υ
1784 3008 2069 3058 cantando

466 3075 890 3139 respondimus,
908 3089 975 3126 ea
995 3088 1198 3127 sumus
1215 3076 1580 3140 dictamquae
1601 3079 1802 3129 nostis.
1819 3081 1886 3129 Et
1904 3087 2064 3126 tamen

460 3146 726 3197 fortassis
743 3146 996 3210 aliquam
1023 3147 1338 3211 adjuvante
1353 3154 1411 3199 et
1425 3148 1678 3200 donante
1719 3149 1832 3200 Deo
1853 3155 2070 3198 suavita-

464 3222 576 3267 tem
601 3216 823 3268 allaturi
872 3230 1077 3269 sumus
1111 3220 1297 3276 vobis,
1327 3220 1560 3283 quando
1586 3233 1668 3281 ea,
1697 3233 1828 3282 quae
1853 3221 1986 3271 alibi
2011 3226 2069 3272 et

1530 406 1797 457 RUFINO
1831 403 2293 458 PRESBYTERO
2329 403 2710 455 ASCRIP’I‘US

2102 1890 2156 1963 B

3662 400 3770 453 832

2172 516 2454 567 Dominus
2467 515 2896 579 crucifigeretur
2905 514 2967 565 in
2978 512 3249 565 Calvarise
3260 512 3401 573 loco,
3415 515 3474 563 et
3486 513 3773 575 sanguine

2172 601 2278 638 suo
2305 587 2432 638 fuso
2457 588 2780 649 redimeret,
2808 590 2865 637 et
2888 586 3219 649 impleretur
3242 584 3393 646 quod
3419 584 3498 633 ait
3523 587 3775 647 Aposto-

2167 658 2259 709 lus
2279 673 2290 707 :
2308 660 2546 711 Caecitas
2564 672 2636 709 ex
2668 663 2828 722 parte
2846 658 3129 719 contingit
3162 656 3221 705 in
3238 655 3428 715 Israel,
3448 655 3628 704 donec
3654 654 3775 717 ple-

2166 731 2367 782 nitudo
2395 731 2655 793 gentium
2681 732 2916 779 intraret
2943 730 3115 790 (Rom.
3144 726 3249 788 11.)
3276 742 3288 777 :
3319 726 3603 776 insultant
3634 738 3772 788 ergo

2168 803 2318 857 vani,
2338 809 2394 852 et
2415 803 2669 863 hebetes,
2687 806 2743 851 et
2759 799 3061 850 insensati:
3082 804 3140 851 et
3154 798 3361 849 dicant.
3376 796 3771 854 Calve,Calve.

2169 874 2493 924 Vosautem
2512 873 2792 934 sanguine
2808 871 2899 920 illo
2914 870 3193 933 redempti
3218 868 3286 932 (1.
3301 869 3441 918 Petr.
3461 866 3553 929 1.),
3576 867 3774 929 (11111³0-

2170 958 2273 994 sus
2299 950 2389 994 est
2412 945 2471 994 in
2497 943 2773 993 Calvariee
2790 943 2937 1003 loco;
2966 942 3155 990 Omnes
3178 946 3350 1003 gentes
3370 938 3615 1003 plaudite
3648 953 3776 986 ma-

2170 1015 2345 1066 nibus.
2362 1015 2701 1078 pervenisse
2719 1015 2787 1063 ad
2809 1026 2915 1063 vos
2934 1012 3194 1075 gratiam.
3215 1011 3359 1073 Quid
3384 1014 3473 1062 est
3488 1009 3776 1058 Plaudite?

2170 1088 2444 1137 Gaudete.
2477 1086 2584 1136 Sed
2608 1097 2784 1146 quare
2811 1083 3103 1134 munibus?
3127 1083 3271 1145 Quia
3288 1082 3454 1132 bonis
3479 1081 3773 1144 operibus.

2172 1158 2227 1209 Si
2254 1161 2479 1208 tantum
2502 1168 2796 1215 voce,non
2820 1156 2989 1206 bene:
3018 1155 3155 1219 quia
3185 1154 3358 1217 pigra:
3382 1155 3519 1203 sunt
3541 1164 3773 1202 manus.

2172 1229 2221 1278 Si
2248 1231 2473 1279 tantum
2526 1228 2814 1283 manibus,
2849 1239 2955 1276 nec
2992 1226 3100 1276 hoc
3140 1227 3301 1286 bene,
3341 1224 3473 1287 quia
3496 1229 3662 1273 muta
3688 1226 3777 1272 est

2169 1299 2384 1363 lingua.
2414 1297 2776 1348 Concordent
2797 1309 3009 1346 manus
3037 1300 3093 1346 et
3117 1295 3333 1358 lingua.
3364 1294 3458 1344 illa
3495 1294 3778 1343 001111100-

2170 1372 2283 1431 101,
2307 1370 2417 1421 illm
2441 1374 2765 1433 operentur.
2792 1368 3026 1416 Jubilate
3042 1368 3167 1429 Deo,
3194 1367 3248 1416 id
3274 1370 3380 1427 est,
3405 1370 3634 1415 tantum
3654 1364 3778 1413 lau-

2169 1442 2300 1491 dem
2325 1442 2427 1492 Dei
2463 1446 2655 1491 mente
2686 1440 2985 1502 concipite,
3022 1450 3155 1500 quae
3179 1450 3297 1488 non
3330 1437 3511 1500 possit
3534 1435 3780 1499 exprimi

2170 1526 2335 1562 voce:
2364 1517 2419 1562 et
2436 1513 2513 1562 ita
2536 1511 2693 1574 quod
2711 1510 2976 1573 jubilatio
2990 1509 3083 1559 illa
3101 1510 3175 1559 sit
3191 1510 3249 1556 in
3273 1523 3388 1556 voce
3403 1506 3776 1556 eaeultationis.

2169 1583 2232 1634 Id
2258 1588 2366 1645 est,
2404 1595 2521 1633 non
2559 1582 2745 1633 solum
2772 1585 2955 1632 Deum
2991 1581 3219 1631 laudate
3244 1579 3431 1639 corde,
3480 1579 3582 1629 sed
3603 1580 3777 1629 etiam

2170 1655 2453 1706 exultanti
2480 1668 2639 1705 voce.
2666 1654 2831 1704 Illum
2849 1653 2972 1703 aliis
2994 1652 3352 1702 annuntiate.
3381 1653 3448 1701 Et
3470 1651 3776 1713 subjungit

2170 1739 2437 1777 caussam
2463 1738 2637 1790 quare
2662 1724 2990 1775 laudandus
3016 1724 3108 1784 sit,
3136 1723 3361 1773 dicens:

2237 1796 2292 1851 3.
2321 1799 2594 1855 Quoniam
2619 1796 2905 1855 Dominus,
2933 1795 3068 1857 quia
3092 1794 3423 1845 dominatur
3445 1791 3604 1843 omni
3620 1803 3780 1842 crea-

2176 1872 2321 1919 turae
2340 1883 2350 1917 :
2367 1868 2763 1930 excelsus,quia
2778 1869 2981 1930 potens
3006 1867 3276 1916 eteilicax
3295 1877 3419 1916 sua}
3436 1863 3775 1914 voluntatis.

2175 1941 2243 1988 Et
2269 1953 2338 1989 ne
2366 1940 2424 1989 in
2462 1941 2587 2002 ejus
2621 1939 2878 1989 bonitate
2914 1938 3213 1988 conﬂdatis
3249 1937 3296 1987 si
3326 1935 3479 1987 mala
3508 1936 3777 1995 feceritis,

2175 2011 2311 2073 quia
2330 2010 2451 2073 ipse
2472 2014 2558 2061 est
2577 2010 2830 2058 terribilis
2848 2009 3075 2060 iuturus
3096 2009 3277 2072 judex
3297 2026 3307 2056 :
3328 2008 3525 2071 puniet
3549 2007 3777 2068 impios.

2174 2087 2217 2128 et
2239 2097 2336 2129 re);
2382 2082 2517 2144 quia
2543 2094 2682 2131 suos
2728 2081 3099 2143 spiritualiter
3137 2080 3283 2142 regit
3308 2092 3407 2143 per
3438 2080 3775 2142 potentiam.

2173 2154 2408 2213 Magnus
2443 2169 2604 2216 super
2637 2168 2845 2200 omnem
2889 2158 3089 2199 terram
3117 2166 3129 2200 :
3169 2151 3303 2214 quia
3333 2149 3488 2200 nulla
3522 2162 3658 2212 pars
3692 2154 3779 2199 est

2176 2230 2360 2285 terrae,
2392 2225 2490 2274 ubi
2534 2225 2657 2286 ipse
2692 2237 2809 2273 non
2843 2223 3181 2274 dominetur.
3211 2222 3306 2273 Ille
3349 2222 3441 2285 qui
3472 2220 3778 2271 videbatur

2174 2309 2389 2359 parvus
2403 2300 2458 2345 et
2473 2296 2804 2358 despectus.
2822 2295 3009 2345 factus
3022 2299 3111 2345 est
3131 2292 3392 2344 terribilis
3411 2292 3775 2343 etexcelsus:

2178 2374 2235 2419 et
2261 2368 2360 2430 qui
2383 2373 2501 2417 erat
2538 2371 2764 2417 tantum
2790 2366 2847 2415 in
2865 2379 3038 2429 regno
3054 2365 3407 2421 Judaaorum,
3428 2364 3548 2426 jam
3572 2368 3778 2426 regnat

2177 2452 2350 2502 super
2374 2451 2603 2489 omnem
2623 2442 2850 2488 terram.
2880 2439 3003 2487 Non
3030 2436 3108 2486 illi
3136 2436 3532 2487 suiﬁcitunam
3552 2436 3777 2485 tantum

2174 2513 2401 2573 gentem
2423 2510 2635 2560 habere
2662 2510 2771 2558 sub
2797 2521 2885 2558 se:
2910 2508 3039 2557 ideo
3071 2510 3292 2557 tantum
3320 2507 3562 2570 pretium
3596 2519 3675 2556 ex
3702 2506 3777 2556 la-

2174 2589 2292 2633 tere
2331 2582 2506 2642 dedit,
2556 2585 2620 2630 ut
2655 2584 2872 2630 emeret
2917 2580 3111 2630 orbem
3149 2581 3443 2629 terrarum.
3480 2577 3613 2627 Ideo
3642 2590 3777 2627 voce

2174 2654 2614 2719 praedicatorum
2647 2651 2915 2701 subditur
2942 2669 2952 2698 :

2238 2727 2286 2778 4.
2305 2724 2532 2787 Subjecil
2556 2723 2802 2786 populos,
2838 2721 2892 2772 id
2917 2726 3024 2781 est,
3050 2720 3305 2781 Judseos,
3340 2720 3507 2778 nobis,
3533 2726 3577 2767 et
3600 2726 3778 2780 gentes

2173 2798 2268 2845 sub
2290 2795 2510 2860 pedibus
2535 2795 2745 2841 nostris.
2776 2793 2908 2843 Ideo
2933 2793 3087 2853 dicit,
3108 2792 3215 2841 Sub
3239 2792 3473 2855 pedibus,
3716 2795 3776 2841 ut

2173 2866 2565 2918 onmimodam
2593 2864 2953 2914 subditorum
2970 2863 3350 2913 humilitatem
3365 2862 3774 2926 intelligamus.

2172 2939 2264 2988 Sic
2276 2938 2428 2988 enim
2454 2935 2735 2985 Dominus
2749 2934 3035 2985 ordinavit
3052 2934 3382 2993 Ecclesiam,
3407 2939 3470 2983 ut
3492 2933 3639 2982 alios
3670 2933 3773 2982 vel-

2170 3010 2250 3060 let
2287 3020 2415 3059 esse
2461 3005 2748 3069 praelatos,
2787 3005 2930 3055 alios
2965 3005 3243 3055 subditos.
3286 3006 3447 3056 Unde
3489 3008 3545 3054 et
3572 3004 3634 3054 in
3666 3005 3774 3055 alio

2171 3080 2391 3145 psalmo
2409 3079 2605 3127 dicunt
2624 3077 2896 3137 subjecti:
2925 3077 3171 3127 Posuisti
3186 3076 3449 3127 homines
3474 3089 3652 3139 super
3686 3090 3775 3127 ca-

2169 3154 2286 3218 pita
2298 3154 2496 3201 nostra
2512 3148 2674 3209 (Psal.
2699 3147 2824 3210 65.).
2849 3147 3219 3200 Praelatorum
3246 3148 3495 3198 omcium
3508 3151 3595 3198 est
3619 3161 3771 3211 prae-

2168 3224 2375 3285 dicare,
2409 3233 2658 3279 monere,
2680 3219 2986 3279 corrigere:
3006 3225 3063 3270 et
3085 3219 3145 3269 in
3170 3220 3436 3270 Ecclesiis
3457 3219 3669 3269 Christi
3688 3220 3773 3269 vi-

458 3288 918 3370 alibinoveratis,
947 3290 1118 3371 etiam
1133 3292 1809 3371 commonitiruminatis.
1836 3294 1979 3341 Nam
2005 3297 2062 3342 et
2088 3301 2135 3371 ρ
2163 3308 2260 3346 ces
2299 3296 2488 3343 tenere
2649 3291 2782 3339 Tim.
2820 3289 2911 3351 3.).
2958 3291 3354 3371 subjectorum
3398 3291 3649 3371 omcium
3688 3294 3773 3342 est

457 3358 519 3410 in
544 3360 669 3421 ipsa
693 3361 1092 3421 ruminatione,
1129 3362 1191 3411 in
1215 3375 1327 3424 qua
1357 3363 1645 3424 signiﬁcat
1670 3366 1820 3413 Deus
1845 3363 2063 3413 munda

458 3429 745 3487 animalia,
785 3430 894 3480 hoc
934 3432 1117 3482 voluit
1152 3432 1461 3492 insinuare,
1489 3433 1625 3495 quia
1658 3434 1847 3483 omnis
1872 3433 2060 3493 homo,

461 3501 558 3564 qui
580 3501 761 3562 audit,
792 3502 873 3551 sic
897 3502 1143 3553 debetin
1176 3516 1272 3552 cor
1296 3504 1542 3565 mittere,
1575 3507 1641 3554 ut
1664 3517 1782 3554 non
1805 3506 1965 3567 piger
1991 3504 2063 3554 sit

459 3583 527 3622 ea
551 3571 825 3634 cogitare:
854 3577 916 3622 ut
940 3573 1171 3634 quando
1196 3573 1593 3637 audit,similis
1622 3575 1695 3624 sit
1720 3578 2059 3625 maudueauti.

461 3643 601 3692 Cum
619 3646 810 3692 autem
833 3643 1029 3693 audita
1053 3644 1111 3693 in
1137 3644 1469 3694 memoriam
1499 3649 1744 3707 revocat,
1771 3651 1827 3695 et
1851 3646 2064 3708 cogita-

464 3712 616 3763 tione
641 3712 978 3763 dulcissima
1004 3714 1197 3765 recolit
1216 3731 1227 3764 :
1248 3715 1348 3765 fiat
1364 3716 1569 3765 similis
1588 3718 1917 3767 ruminanti.
1938 3717 2063 3768 Alio

461 3797 597 3835 vero
622 3786 791 3835 modo
820 3785 1019 3836 eadem
1057 3785 1347 3845 dicuntur,
1373 3792 1430 3837 et
1456 3788 1670 3838 iaciunt
1694 3802 1801 3838 nos
1826 3788 2066 3839 dulciter

463 3856 733 3918 cogitare,
761 3869 893 3918 quae
919 3857 1191 3907 novimus
1220 3863 1309 3908 :et
1330 3858 1530 3909 eadem
1550 3861 1673 3922 ipsa
1695 3860 1939 3911 libenter
1961 3872 2065 3910 au-

461 3927 581 3977 dire
607 3941 619 3977 :
649 3928 787 3990 quia
823 3929 1031 3978 modus
1057 3928 1283 3980 dicendi
1318 3931 1585 3995 variatur,
1622 3936 1681 3983 et
1703 3944 1795 3983 res
1827 3932 2065 3996 antiqua

461 4000 585 4062 ipso
610 4000 780 4050 modo
811 4001 1036 4051 dicendi
1070 4007 1393 4053 renovatur.

625 4113 797 4182 232
855 4107 1233 4173 TlTULUS
1283 4108 1608 4173 PSALMI
1652 4110 1888 4175 XLVI.

532 4246 583 4306 1._
603 4243 801 4306 Titulus
827 4244 1007 4306 psalmi
1026 4246 1107 4306 gsic
1132 4244 1279 4290 habet
1305 4259 1315 4290 :
1335 4244 1397 4291 In
1412 4245 1595 4304 ﬁnem,
1614 4258 1711 4305 pro
1727 4244 1857 4305 filiis
1875 4246 2063 4306 Chore,

463 4302 708 4369 psalmus
728 4304 832 4369 ipsi
859 4304 1052 4369 David.
1073 4307 1297 4352 Psalmus
1323 4302 1665 4353 isteconvenit
1693 4302 1843 4355 David
1860 4302 2067 4369 proplic;

467 4374 546 4424 ta},
573 4367 661 4423 qui
692 4368 772 4412 hic
798 4368 1084 4424 quuiturin
1108 4370 1700 4427 personaApostolorum.
1717 4367 1942 4418 Psalmus
1954 4367 2065 4419 dico

462 4430 887 4488 propositusliliis
906 4430 1079 4491 Cliorc,
1106 4432 1309 4477 directis
1337 4446 1423 4490 per
1451 4433 1541 4477 1100
1566 4432 1623 4478 in
1649 4433 1829 4493 ﬁnem.
1866 4437 2065 4481 Materia

461 4493 778 4537 estChristus
796 4494 1089 4541 ascendens.
1118 4494 1203 4539 Vel
1233 4496 1439 4540 materia
1464 4500 1581 4540 sunt
1607 4496 1786 4541 Gentes
1809 4512 2064 4547 conversa)

460 4554 1304 4615 8011100111)δὶ1111101101·1ξ,‹]111811111
1329 4557 1421 4602 ﬁlii
1442 4557 1645 4606 Christi.
1675 4561 1726 4605 In
1754 4561 1915 4617 prima
1930 4566 2065 4618 parte

458 4619 627 4659 monet
654 4628 744 4660 nos
773 4630 947 4662 omnes
976 4618 1035 4661 ad
1060 4618 1259 4664 laudem
1286 4619 1388 4667 Dei.
1410 4620 1463 4664 In
1490 4622 1959 4667 secundadcsrriliit
1978 4638 2060 4668 rc-

461 4676 818 4739 91100111ὶηὶοΗ
847 4691 934 4736 per
960 4682 1303 4725 ascensionem
1332 4683 1457 4739 ejus.
1490 4683 1704 4727 Iutendit
1730 4689 1892 4729 autem
1921 4685 2061 4731 invi-

465 4738 637 4801 taread
665 4737 838 4801 laudes
862 4741 964 4788 Dei.
987 4741 1076 4786 Pro
1105 4742 1225 4789 liliis
1258 4737 1413 4801 Cho‘re
1431 4744 1656 4801 psalmus
1673 4749 1914 4793 cantatur.
1936 4748 2059 4798 Ergo

463 4812 551 4856 pro
566 4800 868 4865 Christianis
889 4806 1115 4848 cantatus
1136 4810 1226 4851 est.
1243 4800 1520 4851 Audiamus
1543 4807 1678 4851 enim
1708 4812 1942 4865 tanquam
1965 4810 2059 4855 ﬁlii

461 4861 633 4917 sponsi
650 4861 810 4920 illius,
829 4875 978 4919 quem
1006 4867 1149 4921 pueri
1168 4867 1411 4912 insensati
1426 4870 1478 4913 in
1506 4869 1747 4914 Calvariaa
1770 4861 1875 4916 loco
1896 4873 2064 4917 eruci-

461 4924 679 4998 tixerunt
717 4921 898 4998 (J'oan.
1082 4926 1158 4972 1111
1187 4936 1623 4998 veroAmerueSuut
1645 4945 1672 4974 a
1709 4931 1884 4998 bestiis
1909 4934 2063 4998 devo-

460 4986 559 5029 rari
582 4997 702 5032 :nos
727 4986 787 5030 ab
813 4987 1007 5043 angelis
1033 4991 1277 5038 coronari.
1297 4986 1630 5047 Agnosriiuus
1642 4993 1777 5038 enim
1806 4996 2061 5040 humilita-

460 5053 555 5091 tem
584 5047 781 5093 Domini
810 5051 986 5109 nostri,
1014 5054 1059 5095 et
1094 5064 1192 5096 non
1229 5052 1288 5097 de
1315 5053 1401 5097 illa
1426 5054 1788 5102 erubescimus.
1816 5058 1917 5102 Non
1944 5072 2061 5103 eru-

462 5109 712 5174 bescimus
738 5111 899 5156 deillo
912 5113 1159 5170 appellato
1188 5116 1399 5171 mystice
1422 5116 1581 5172 calvo,
1608 5124 1805 5174 propter
1831 5120 2060 5166 calvaria;

460 5172 644 5240 locum.
663 5175 769 5240 Ipsa
784 5175 919 5219 enim
939 5189 1080 5240 crux,
1109 5177 1160 5220 in
1189 5177 1375 5234 quailli
1398 5172 1803 5239 insultatum‘cst,
1824 5196 1920 5227 non
1949 5196 2063 5240 per-

461 5236 598 5279 misit
635 5237 824 5281 calvam
851 5250 960 5282 0300
996 5239 1206 5283 frontem
1242 5245 1479 5299 nostram,
1514 5254 1663 5298 quam
1699 5236 1961 5299 suosiguo
1983 5248 2060 5291 si-

460 5299 649 5369 gnavit.
682 5299 921 5369 Denique,
960 5305 1013 5345 ut
1053 5302 1312 5357 noveritis,
1347 5304 1469 5360 quia
1502 5303 1646 5348 nobis
1671 5306 1909 5353 dicuntur
1935 5309 2057 5369 iliBt‘,

461 5359 621 5405 videte
648 5362 770 5418 quid
796 5362 1000 5410 dieitur.

899 5447 1299 5514 PSALMUS
1376 5451 1611 5517 XLVI.

523 5560 573 5636 2:
598 5562 788 5613 Omnes
798 5571 973 5629 gentes
985 5566 1227 5630 plaudite
1243 5570 1512 5619 inanibus.
1528 5572 1799 5635 Nunquid
1814 5572 2059 5636 populus

461 5632 796 5707 Judaaorum
816 5650 1017 5688 omnes
1038 5644 1241 5701 gentes
1266 5644 1429 5691 erant
1447 5642 1552 5694 (Eae
1566 5641 1607 5691 Α
1622 5632 1798 5704 leg—usti
1806 5632 1834 5690 1⁷1
1845 5632 1905 5707 of
1907 5648 1931 5693 ?
1950 5645 2057 5695 Sed

463 5705 691 5782 caecitas
708 5720 778 5757 ex
796 5715 953 5771 parte
974 5710 1045 5782 in,
1068 5712 1240 5762 Israel
1275 5712 1423 5762 facta
1447 5718 1553 5773 est,
1582 5718 1646 5763 ut
1674 5716 1829 5776 pueri
1865 5705 2059 5764 insen-

464 5775 572 5823 sati
596 5775 929 5843 clamarent,
958 5781 1144 5844 Calve,
1172 5784 1341 5835 Calve
1378 5784 1444 5847 (4.
1481 5784 1609 5848 Reg.
1637 5782 1706 5847 2.)
1738 5801 1748 5836 :
1782 5790 1955 5849 atque
1980 5786 2059 5837 ita

2161 3364 2381 3418 audire.
2404 3362 2655 3422 obedire,
2682 3374 2911 3411 omnem
2926 3362 3345 3423 subjectionein
3373 3361 3627 3425 praelatis
3648 3364 3769 3411 suis

2162 3436 2455 3497 tamquam
2480 3434 2589 3496 ipsi
2626 3432 2865 3482 Domino
2890 3432 3108 3482 Christo
3143 3433 3411 3483 exhibere
3440 3433 3613 3493 (Hebr.
3646 3433 3768 3495 13.).

2162 3509 2361 3569 Neque
2389 3505 2541 3556 enim
2559 3504 2711 3566 quod
2735 3504 2968 3554 dicunt:
2993 3504 3220 3566 Subjccit
3252 3504 3476 3568 populos
3500 3505 3674 3564 nobis,
3700 3518 3767 3555 ex

2164 3592 2271 3629 sua
2296 3588 2539 3640 persona
2552 3576 2659 3625 hoc
2678 3575 2905 3625 dicunt:
2934 3575 3037 3625 sed
3063 3588 3134 3627 ex
3158 3579 3283 3638 ejus
3310 3588 3571 3638 persona,
3597 3579 3766 3640 cujus

2162 3649 2547 3701 ministerium
2565 3652 2763 3706 agunt.
2791 3648 2938 3697 Hinc
2963 3649 3162 3698 Petrus
3187 3649 3469 3710 quosdam
3494 3648 3767 3700 admonet

2164 3721 2363 3771 dicens
2400 3735 2410 3768 :
2449 3720 2701 3781 Subjecti
2750 3721 2934 3769 estote
2980 3719 3136 3769 omni
3169 3719 3441 3783 humanm
3489 3726 3766 3773 creatura).

2164 3791 2711 3857 pr0pterDominum
2736 3789 2956 3852 (LPetr.
2982 3789 3071 3853 2.).
3092 3790 3192 3841 Illa
3222 3793 3419 3854 utique
3441 3806 3573 3854 qum
3608 3806 3768 3857 prop«

2167 3865 2445 3914 terDeum
2468 3862 2531 3912 lit
2551 3862 2853 3924 subjectio,
2868 3875 2983 3912 non
2999 3863 3767 3914 tamhominibusexliibetur

2166 3946 2340 3997 quam
2370 3938 2499 3985 l‘eo.
2527 3936 2590 3983 In
2622 3947 2689 3983 eo
2714 3946 2848 3997 ergo
2877 3934 3029 3995 quod
3056 3934 3455 3997 praedicatores
3483 3935 3669 3984 sancti
3694 3935 3767 3986 di-

2164 4010 2304 4056 cunt
2323 4021 2333 4055 :
2353 4005 2580 4066 Subjecit
2599 4006 2824 4068 populos
2840 4005 3004 4065 nobis,
3031 4012 3179 4069 etgen
3192 4012 3258 4052 tes
3281 4006 3376 4053 sub
3395 4008 3532 4068 pedit
3556 4022 3612 4053 us
3637 4022 3764 4055 nos-

2166 4077 2292 4125 tris:
2326 4089 2695 4138 nequaquam
2720 4076 2798 4127 ita
2822 4075 3254 4140 intelligendum
3286 4082 3391 4137 est,
3417 4083 3481 4127 ut
3512 4078 3622 4127 sibi
3648 4079 3766 4128 vel-

2164 4146 2281 4197 lent
2296 4148 2403 4198 hoc
2417 4148 2768 4198 adscribere:
2784 4161 2915 4198 cum
2934 4149 3244 4210 Apostolus
3264 4147 3468 4198 Paulus
3481 4150 3764 4209 quosdam

2165 4218 2426 4269 volentes
2452 4219 2501 4269 ei
2528 4219 2734 4281 subjici
2760 4223 3060 4281 tamquam
3088 4220 3319 4281 homini,
3336 4220 3659 4281 PCdtll'Q‘llai,
3679 4221 3764 4270 di-

2165 4302 2326 4340 cens:
2353 4290 2641 4351 Numquid
2672 4290 2880 4340 Paulus
2898 4291 3204 4341 crucifixus
3230 4293 3318 4341 est
3341 4304 3439 4353 pro
3457 4293 3641 4353 vobis,
3666 4295 3765 4341 aut

2164 4360 2226 4411 in
2246 4361 2479 4411 nomine
2498 4360 2655 4421 Pauli
2671 4361 2942 4424 baptizati
2967 4361 3105 4411 estis
3140 4362 3205 4424 (1.
3237 4364 3341 4411 Cor
3364 4363 3465 4423 1.)?
3484 4365 3604 4411 Non
3630 4376 3763 4421 ergo

2163 4431 2224 4482 in
2248 4433 2357 4482 hoc
2384 4434 2553 4482 verbo
2576 4432 2796 4495 seipsos
2827 4437 3103 4496 appetunt
3126 4434 3545 4489 commendare,
3581 4434 3681 4484 sed
3701 4434 3761 4483 il-

2163 4504 2284 4555 lum
2309 4504 2516 4567 potius,
2541 4506 2710 4566 cujus
2735 4505 3045 4555 auctoritas
3063 4505 3247 4554 eratin
3264 4504 3402 4568 ipsis
3429 4522 3438 4552 :
3468 4505 3557 4555 cui
3580 4506 3760 4565 magis

2165 4576 2537 4627 obediebatur
2562 4588 2660 4637 per
2695 4576 2873 4638 ipsos,
2900 4589 3075 4639 quam
3101 4576 3257 4639 ipsis.
3299 4579 3546 4637 Quorum
3572 4576 3759 4627 adhuc

2167 4660 2308 4699 voce
2335 4648 2705 4709 subiungitur
2731 4664 2743 4695 :

2328 4718 2497 4781 Elegit
2541 4718 2694 4765 nobis
2738 4719 3095 4767 [nereditatem
3128 4734 3305 4769 suam.
3353 4718 3527 4780 Idest,
3562 4724 3759 4781 gentes

2164 4789 2337 4854 elegit
2353 4790 2518 4840 nobis
2539 4790 2593 4840 in
2610 4790 3005 4841 haereditatein
3028 4791 3347 4841 sociandas.
3368 4791 3467 4841 Vel
3480 4790 3651 4853 elegit
3670 4802 3761 4839 no-

2164 4862 2272 4920 bis,
2307 4866 2372 4913 ut
2395 4874 2502 4911 nos
2532 4861 2917 4912 subsistentes
2952 4862 3074 4913 loco
3111 4864 3311 4925 ipsius,
3346 4863 3406 4912 in
3430 4861 3759 4913 haereditate

2162 4934 2497 4985 excolamus
2515 4946 2659 4995 eam,
2682 4934 2878 4997 spinas
2896 4934 3161 4985 vitiorum
3176 4934 3485 4985 auferendo
3505 4952 3515 4981 :
3534 4944 3757 4984 vomere

2162 5004 2482 5068 disciplinae
2505 5005 2746 5055 arando:
2763 5006 2981 5056 semina
2997 5007 3275 5056 virtutum
3295 5006 3593 5057 mittendo.
3614 5006 3677 5054 111
3695 5015 3757 5053 00

2162 5076 2317 5138 quod
2342 5075 2570 5136 dicitur,
2616 5076 2805 5137 Elegit,
2857 5077 3039 5139 gratia
3082 5078 3277 5129 divina
3310 5075 3755 5128 commendatur.

2160 5149 2339 5198 Juxta
2374 5147 2522 5209 quod
2563 5147 2684 5210 ipse
2718 5153 2915 5198 auctor
2938 5149 3135 5209 gratim
3168 5150 3288 5199 suis
3313 5149 3477 5199 dicit:
3507 5150 3633 5197 Non
3656 5158 3757 5197 vos

2160 5231 2252 5269 me
2278 5218 2552 5280 elegistis,
2581 5218 2682 5269 scd
2708 5233 2812 5283 ego
2827 5221 2970 5285 elegi
2987 5234 3087 5272 vos
3112 5221 3294 5282 (.Ioan.
3330 5219 3453 5281 ‘15.).
3471 5222 3609 5280 Qua:
3631 5230 3757 5281 gra-

2163 5289 2239 5339 tia
2274 5289 2456 5351 magis
2484 5289 2824 5350 declaratur,
2852 5305 2984 5342 cum
3021 5292 3318 5342 subditur:
3345 5292 3579 5355 Speciem
3599 5287 3753 5339 Jacob

2160 5375 2321 5424 quem
2374 5360 2580 5410 dilexit.
2634 5366 2759 5412 Duo
2810 5363 3008 5413 fratres
3051 5368 3229 5427 erant,
3280 5363 3471 5418 Jacob.
3509 5365 3566 5413 et
3608 5364 3751 5412 Esau

2161 5430 2307 5487 (Gen.
2345 5430 2450 5493 25.)
2490 5437 2920 5497 :etanlequam
2965 5436 3185 5497 aliquid
3217 5436 3475 5497 egissent
3520 5434 3647 5484 boni
3669 5430 3751 5481 vel

2160 5502 2312 5564 mali,
2343 5502 2419 5552 ait
2444 5504 2756 5554 Dominus:
2783 5508 2959 5556 Jacob
2994 5507 3185 5565 dilexi,
3227 5509 3376 5557 Esau
3403 5507 3595 5556 autem
3629 5502 3752 5555 odio

2159 5573 2336 5623 habui
2376 5574 2628 5633 (riltllttt’lt.
2680 5576 2728 5628 1.
2754 5577 2903 5627 Rom.
2945 5576 3034 5639 9.).
3062 5580 3165 5629 Per
3186 5579 3363 5629 Jacob
3388 5590 3522 5641 ergo
3556 5573 3751 5626 intelli-

2159 5646 2572 5707 gunturgraiia
2590 5646 2772 5697 electi.
2816 5646 2997 5710 Elegit
3019 5650 3205 5711 itaque
3222 5650 3497 5698 Dominus
3514 5646 3749 5706 speciem

2158 5718 2520 5778 Jacobqucm
2553 5720 2787 5769 dilexit:
2824 5733 2939 5769 non
2965 5720 3098 5782 quia
3130 5728 3265 5770 tunc
3293 5734 3420 5771 esse
3446 5721 3749 5783 speciosus,

2164 5788 2395 5849 quando
2414 5791 2501 5838 est
2526 5789 2762 5852 electus,
2788 5796 2885 5841 aut
2902 5796 3129 5855 propter
3153 5793 3398 5857 speciem
3430 5805 3601 5855 quam
3626 5793 3749 5841 ante

532 5918 545 5935 ³
570 5911 833 5961 1³01111000
862 5922 1072 5965 conlato
1100 5932 1238 5969 rese.
1256 5919 1531 5972 ibendum
1547 5924 1649 5985 est,
1680 5923 1888 5986 singuli
1906 5924 2052 5975 enim
2070 5923 2138 5975 de
2166 5924 2464 5976 monachis
2492 5926 2752 5991 singulos
2766 5927 3156 5993 prmcinobant
3178 5929 3433 5982 Psalmos
3450 5943 3519 5980 ex
3545 5927 3752 5981 ordine.
