3890 6442
115 413 228 464 82121

1141 418 1208 466 IN
1249 417 1568 467 PSALMOS
1605 418 1808 468 LXXV
1845 415 2426 468 COMMENTARIUS.
3324 420 3428 471 834

115 528 382 608 haberet,
411 529 564 608 esset
587 525 830 608 dilectus
868 542 878 576 :
910 527 1011 578 sed
1037 528 1190 608 illam
1224 531 1470 608 speciem
1485 531 1609 608 _jam
1637 531 1723 581 di-
1750 537 1802 608 Α
1833 529 1986 608 quod
2013 529 2219 608 totiens
2247 528 2465 608 dictum
2491 531 2580 579 est
2597 526 2829 579 Psallite.
2849 529 3426 608 Repetensinculcat,

115 600 338 659 figebat
363 598 419 646 in
444 598 638 657 Jacob,
665 610 837 659 quam
864 612 958 660 per
975 601 1212 660 gratiam
1238 602 1604 664 postmodum
1623 611 1718 649 erat

114 670 386 719 (laturus.
404 669 493 716 Sic
518 668 689 730 elegit
713 670 1139 720 sibiEeelesiam
1159 685 1274 722 non
1300 673 1603 723 habentem
1632 690 1731 720 ma-

116 742 314 791 culam
342 745 441 790 aut
465 751 666 801 rugam
695 740 904 801 (Ep/tes.
935 741 1029 802 5.),
1058 755 1174 792 non
1203 745 1336 805 quia
1366 746 1732 795 essetimma-

118 815 246 862 etila
259 812 579 873 ta,quando
607 815 695 859 est
718 812 896 861 electa
921 830 929 858 :
955 814 1052 862 sed
1072 815 1140 862 ad
1171 814 1275 863 hoc
1301 815 1470 878 elegit
1495 816 1726 877 foedam,

119 889 185 932 ut
229 883 445 932 faceret
474 881 784 943 pulchram.
828 883 1044 932 Deinde
1087 886 1340 936 ostendit
1377 899 1491 949 quo
1530 887 1725 937 ordine

118 959 329 1018 gentes
356 954 553 1003 electae
585 954 718 1015 sint,
749 967 878 1002 cum
906 956 1201 1016 subiungit
1230 974 1238 1003 :

185 1027 236 1077 ti.
268 1025 515 1072 Ascendit
534 1024 672 1071 Deus
703 1025 756 1070 in
777 1024 966 1086 juliilo.
1000 1027 1143 1076 Nam
1171 1032 1301 1088 post
1327 1029 1723 1078 ascensionem

120 1098 345 1144 missus
371 1097 458 1142 est
477 1094 721 1157 Spiritus
749 1100 985 1145 sanctus
1015 1097 1070 1145 in
1090 1098 1651 1162 Α[)0810108(Α(·ι.⁶2.),
1673 1105 1729 1150 et

121 1167 503 1229 praedicatum
545 1172 632 1215 est
661 1167 931 1228 gentibus
965 1169 1334 1230 Evangelium
1365 1171 1570 1229 jillalth.
1597 1170 1727 1232 28.).

122 1239 180 1288 et
207 1239 291 1287 sic
318 1237 515 1287 electae
544 1241 694 1286 Slll’lt.
723 1237 866 1296 Quid
893 1243 983 1289 est
1009 1240 1110 1300 (EJJ
1131 1241 1450 1303 Augustino)
1476 1245 1725 1302 jubiletio,

120 1309 235 1358 nisi
260 1308 560 1357 admiratio
586 1309 797 1369 gaudii,
818 1322 948 1370 quae
969 1311 1156 1360 verbis
1182 1324 1297 1360 non
1335 1318 1524 1374 potest
1553 1313 1730 1374 expli-

123 1380 240 1430 cari
265 1382 291 1428 *3
323 1380 619 1439 Quomodo
644 1380 906 1430 admirati
941 1385 1077 1431 sunt
1101 1383 1438 1444 gaudentes.
1466 1384 1726 1434 videntes

124 1451 203 1499 ire
223 1452 284 1500 in
309 1452 516 1501 caelum
542 1452 726 1510 (Μαι-0.
748 1451 874 1513 111).
897 1465 1071 1513 quem
1087 1453 1420 1515 planxerunt
1439 1458 1730 1504 mortuum?

124 1525 351 1573 Revera
376 1522 508 1571 huic
533 1522 740 1584 gaudio
769 1525 941 1572 verba
958 1537 1074 1574 non
1098 1525 1440 1575 sutIicerent.
1459 1528 1729 1577 Restabat

121 1593 370 1656 jubilare
398 1594 550 1655 quod
578 1605 747 1643 nemo
775 1600 995 1655 poterat
1010 1596 1312 1658 explicare.
1335 1597 1413 1646 Ibi
1435 1601 1727 1647 eratetvox

130 1667 310 1725 tubae,
351 1678 466 1715 vox
500 1664 595 1713 illa
632 1669 985 1727 angelorum.
1015 1668 1242 1716 Dictum
1265 1670 1353 1717 est
1377 1668 1546 1726 enim,
1573 1669 1732 1719 Sicut

129 1738 269 1789 tuba
298 1736 491 1786 exalta
529 1749 727 1785 vocem
754 1742 909 1786 tuam
941 1737 1087 1798 (lsai.
1117 1738 1240 1799 38.).
1268 1739 1732 1789 Prtedicaverunt

128 1808 333 1870 Angeli
379 1808 776 1856 ascensionem
813 1808 1056 1858 Domini.
1098 1809 1418 1858 Viderunt"
1447 1809 1721 1872 Discipuli

127 1881 534 1929 ascendentem
557 1879 881 1939 Dominum,
903 1879 1186 1929 haerentes
1211 1878 1381 1945 234
1403 1884 1626 1927 admit-mi
1638 1887 1721 1938 tes,

131 1954 452 2012 stupentes.
490 1949 628 1997 nihil
667 1949 940 2008 dit-entes,
983 1950 1082 1998 sed
1110 1953 1278 2001 corde
1300 1950 1632 2013 jubilantes.
1661 1951 1727 1998 Et

131 2034 242 2070 vox
263 2021 383 2082 jam
402 2021 555 2070 tuba)
582 2019 640 2068 in
669 2020 819 2069 clara
846 2033 984 2069 voce
1009 2021 1386 2083 Angelorum:
1409 2021 1512 2072 viri
1534 2023 1726 2068 Gallliei

129 2093 264 2154 quid
311 2093 477 2141 statis
529 2092 872 2153 aspicientes
919 2092 978 2141 in
1024 2095 1278 2142 caelum?
1315 2094 1405 2143 hic
1441 2096 1614 2143 Jesus
1640 2095 1730 2141 est

133 2166 258 2224 (Act.
295 2163 385 2226 1.).
431 2162 605 2222 Quasi
634 2162 713 2212 illi
747 2176 864 2212 non
892 2164 1120 2227 scirent,
1147 2165 1283 2226 quia
1307 2165 1428 2228 ipse
1454 2170 1542 2215 est
1565 2167 1725 2210 Jesus.

130 2238 282 2286 Ante
321 2248 382 2283 se
421 2234 590 2297 paulo
622 2238 756 2284 ante
789 2247 923 2284 eum
948 2247 1064 2284 non
1090 2236 1361 2286 videbant
1381 2240 1405 2285 ‘2
1432 2247 1627 2285 secum
1653 2235 1727 2283 lo-

127 2309 404 2368 quentem
440 2318 557 2355 non
580 2305 890 2356 audiebant
917 2307 1094 2367 (Joan.
1123 2304 1209 2359 ‘20.
1230 2308 1353 2356 Luc.
1381 2304 1522 2368 ‘24.)?
1546 2308 1729 2363 Nempe

125 2390 243 2427 non
269 2375 454 2427 solum
477 2379 722 2438 speciem
752 2377 1020 2427 viderunt
1042 2378 1362 2439 praesentis,
1391 2377 1490 2427 sed
1509 2378 1730 2422 membra

126 2450 766 2510 contrectaverunt.lpsi
783 2461 918 2511 ergo
938 2451 1292 2510 nesciebant,
1311 2449 1465 2511 quod
1487 2447 1576 2497 ille
1603 2453 1729 2493 esset

124 2523 299 2570 Jesus
323 2524 346 2568 Ρ
384 2520 491 2570 Sed
517 2519 896 2570 admiratione
925 2520 943 2546 "
968 2533 1085 2583 prae
1112 2520 1323 2581 gaudio
1349 2518 1726 2582 jubilationis,

127 2597 406 2654 tanquam
437 2596 632 2640 mente
659 2591 920 2653 alienata,
947 2591 1265 2652 loquuntur
1289 2591 1644 2654 Angeli,lpse
1659 2596 1732 2636 est

123 2665 312 2713 Jesus.
357 2663 472 2723 Ille,
511 2675 624 2724 quo
650 2663 938 2724 cx-ucitixo,
967 2667 1320 2713 nutaverunt
1347 2663 1509 2712 vobis
1535 2661 1728 2724 pedes.

127 2738 250 2795 Quo
281 2735 468 2785 occiso
495 2738 551 2784 et
577 2733 816 2796 sepulto,
852 2746 1012 2797 spem
1037 2735 1202 2784 vobis
1228 2733 1545 2797 perdidisse
1571 2737 1731 2795 puta-

130 2806 281 2856 batis
320 2806 526 2869 (Matth.
577 2804 704 2866 26.).
744 2807 886 2855 Ecce
928 2807 1050 2868 ipse
1095 2812 1183 2856 est
1219 2808 1410 2855 Jesus.
1457 2804 1732 2854 Ascendit

127 2883 264 2927 ante
301 2890 404 2927 vos
432 2892 443 2925 :
473 2876 554 2925 sic
591 2877 798 2936 veniet,
828 2877 1320 2938 quemadmodum
1345 2876 1573 2926 vidistis
1597 2888 1730 2925 eum

129 2953 368 3000 euntem
406 2948 460 2997 in
501 2948 706 2998 caelum
742 2948 872 3010 (Act.
912 2947 997 3009 1.).
1029 2948 1269 2997 Tollitur
1293 2949 1503 3011 quippe
1528 2959 1731 3009 corpus

129 3021 204 3070 ab
233 3020 410 3069 oculis
443 3020 673 3081 vestris,
702 3019 799 3068 sed
825 3031 940 3069 non
965 3022 1261 3082 separatur
1286 3021 1731 3069 Deusaeordibus

137 3093 367 3142 vestris.
414 3094 558 3152 Ergo
608 3103 711 3142 vos
749 3090 847 3140 11111
882 3093 1080 3150 Chore,
1111 3093 1232 3153 jam
1272 3092 1319 3140 si
1363 3090 1730 3141 intellexistis

137 3176 267 3224 vos,
310 3168 367 3213 et
402 3163 683 3225 inspicitis
706 3162 798 3212 hic
824 3175 949 3226 vos,
973 3168 1030 3214 et
1053 3163 1319 3226 gaudetis
1347 3164 1481 3225 quia
1506 3163 1731 3223 videtis,

136 3235 233 3285 hic
271 3247 389 3284 vos;

205 3306 255 3358 7.
288 3305 501 3354 Psallite
534 3305 683 3386 bene
725 3305 1013 3391 operando
1049 3306 1153 3353 Deo
1195 3312 1394 3368 nostro,
1436 3305 1494 3356 id
1529 3308 1634 3368 est,
1659 3305 1730 3355 ad
1760 3317 1808 3391 ρ

135 3380 413 3430 honorem
450 3377 548 3437 1)ei
573 3377 752 3426 nostri
781 3393 791 3426 :
818 3377 1024 3439 psallite
1048 3381 1254 3427 mente.
1303 3379 1370 3426 Et
1401 3390 1518 3427 non
1543 3377 1730 3426 solum

137 3450 498 3515 psallendum
532 3454 621 3498 est
654 3449 721 3506 ei,
751 3449 808 3498 in
834 3461 898 3498 eo
937 3449 1091 3510 quod
1116 3450 1269 3498 Deus
1295 3453 1406 3506 est;
1435 3449 1533 3498 sed
1561 3450 1735 3499 etiam

137 3524 201 3572 in
225 3535 290 3571 eo
317 3521 469 3583 quod
494 3520 664 3569 homo
697 3525 798 3570 est.
831 3522 943 3569 Nec
968 3521 1404 3582 qualiscumque
1421 3519 1612 3582 homo,
1634 3519 1734 3570 sed

138 3606 261 3644 rex.
302 3595 369 3642 Et
401 3591 527 3642 ideo
553 3591 877 3653 subiungit:
909 3592 1122 3638 Psallite
1146 3593 1257 3651 regi
1285 3596 1480 3646 nostro,
1506 3593 1734 3654 psallite.

138 3662 502 3715 Psallendum
530 3667 619 3712 est
645 3664 778 3723 Deo,
804 3663 938 3724 quia
966 3675 1072 3711 nos
1095 3662 1328 3712 creavit.
1368 3662 1736 3712 Psallendum

137 3740 247 3797 est,
274 3735 405 3797 quia
430 3748 536 3784 nos
562 3733 817 3784 redemit.
835 3735 946 3783 Iste
973 3746 1073 3782 rex
1095 3739 1186 3784 est
1210 3735 1386 3790 Deus,
1413 3737 1501 3783 est
1525 3735 1698 3784 homo
1722 3749 1732 3783 :

143 3809 296 3856 Deus
339 3811 470 3855 ante
507 3817 757 3866 carnem,
797 3806 945 3854 Deus
984 3804 1042 3853 in
1068 3816 1254 3854 carne.
1285 3805 1384 3853 Cui
1411 3806 1581 3854 etiam
1611 3805 1736 3854 ideo

141 3877 505 3941 psallendum
530 3881 619 3927 est
655 3891 666 3925 :

208 3949 255 4001 8.
294 3949 566 4006 Quoniam
591 3963 687 3994 rei:
707 3947 884 3995 omnis
915 3953 1060 3993 terrae
1087 3946 1240 3992 Deus.
1277 3945 1422 4006 Quid
1447 3946 1598 3996 enim
1636 3945 1739 4008 (Ea:

144 4021 508 4082 Augustino)?
534 4021 601 4070 Ε1
625 4025 757 4070 ante
788 4032 903 4069 non
927 4019 1115 4068 omnis
1142 4022 1308 4067 terrae
1327 4019 1477 4067 Deus
1494 4019 1518 4065 δῖ
1537 4019 1739 4067 Nonne

143 4091 349 4144 0101011
375 4097 429 4142 et
458 4095 618 4141 terra:
649 4093 833 4141 Deus?
859 4094 999 4139 Cum
1021 4102 1116 4151 per
1140 4089 1292 4138 illum
1321 4089 1465 4138 facta
1486 4088 1741 4138 811110111-

144 4166 258 4225 nia,
285 4163 423 4226 quid
464 4165 657 4225 posset
682 4163 867 4211 dicere
896 4174 1012 4211 non
1038 4173 1162 4209 esse
1190 4161 1372 4208 Deum
1401 4163 1606 4209 suum?
1631 4158 1738 4209 Sed

145 4249 261 4286 non
285 4248 483 4284 omnes
508 4233 770 4296 homines
796 4236 1150 4293 agnoverant
1173 4233 1356 4281 Deum
1373 4235 1635 4288 suum,et
1653 4234 1738 4277 ubi

144 4307 583 4370 agnoscebatur,
603 4305 765 4367 quasi
792 4304 866 4353 ibi
895 4309 1119 4353 tantum
1147 4306 1299 4352 Deus
1325 4308 1462 4352 erat.
1483 4304 1665 4352 Notus
1683 4303 1740 4352 in

143 4380 345 4428 Judtea
370 4380 522 4426 Deus
550 4377 707 4440 (Psitt.
750 4374 878 4432 75.).
921 4374 1188 4424 Nondum
1214 4385 1228 4401 ε
1256 4374 1352 4423 11111
1378 4374 1558 4424 Chore
1589 4374 1742 4423 dice-

147 4452 302 4507 bant,
330 4449 544 4498 Omnes
569 4453 765 4511 gentes
792 4446 1041 4509 plaudite
1060 4447 1348 4495 manibus.
1371 4447 1398 4494 J
1408 4458 1500 4494 am
1525 4446 1596 4494 ab
1620 4458 1743 4494 om-

145 4522 315 4572 nibus
337 4521 686 4582 agnoscitur,
701 4519 834 4580 111111
849 4517 1144 4580 impletum
1164 4521 1251 4566 est
1275 4516 1426 4578 quod
1441 4517 1741 4566 dicitisaias

146 4596 273 4655 Ipse
304 4594 458 4641 Deus
483 4596 636 4647 tuus,
662 4591 760 4651 qui
789 4589 935 4639 eruit
966 4593 1034 4647 te,
1067 4589 1355 4638 universae
1393 4593 1554 4638 terr-ae
1591 4590 1741 4639 Deus

147 4664 459 4715 vocabitur.
488 4662 619 4711 Ideo
635 4661 854 4711 subdit:
872 4660 1085 4708 I’sallitc
1107 4659 1393 4722 sapienter,
1411 4659 1577 4719 idest,
1599 4661 1741 4710 bene

153 4733 483 4797 operamini,
517 4746 632 4782 non
657 4743 758 4794 pro
787 4732 1049 4792 terrenis,
1073 4744 1145 4780 ne
1171 4730 1296 4779 sitis
1334 4731 1744 4792 comparabiles

148 4807 318 4857 fatuis
332 4805 802 4867 virginibusquae
817 4803 1157 4865 accipientes
1173 4801 1466 4864 lampades
1485 4815 1620 4852 suas
1635 4818 1736 4850 11011

152 4881 485 4927 sumserunt
517 4875 706 4926 oleum
731 4887 926 4924 secum
952 4876 1010 4923 in
1038 4874 1193 4923 vasis
1221 4874 1340 4923 suis
1375 4874 1581 4934 (illutth.
1608 4871 1737 4934 ‘25.).

153 4951 252 4998 Per
276 4961 373 4999 eas
413 4948 564 4998 enim
589 4948 968 5009 designantur
997 4946 1207 4996 animae
1235 4956 1365 5007 quae
1390 4945 1744 4995 continenter

152 5021 372 5081 vivunt,
398 5024 454 5070 et
478 5022 807 5082 bonaopera
825 5031 953 5079 quae
971 5016 1371 5080 perlampades
1394 5019 1744 5079 tlesignantur,

153 5091 378 5141 faciunt.
407 5091 514 5141 Sed
543 5090 682 5140 dum
708 5089 838 5138 inde
855 5088 1184 5138 hominibus
1210 5092 1490 5150 appetunt
1507 5087 1744 5151 placere,

155 5164 338 5214 oleum
361 5164 421 5213 in
448 5164 622 5222 vasis,
648 5161 813 5220 idest,
831 5161 1074 5211 nitorem
1093 5161 1359 5222 gloriaain
1376 5160 1746 5210 conscientiis

154 5235 446 5299 negligunt
478 5235 702 5284 habere.
750 5232 914 5282 Tales
955 5234 1221 5282 videntur
1243 5234 1362 5282 Deo
1401 5231 1657 5294 psallere,
1689 5234 1747 5282 in

157 5321 216 5357 eo
241 5307 394 5369 quod
418 5307 569 5357 bona
593 5309 803 5369 agunt:
826 5305 924 5354 sed
949 5304 1286 5367 insipienter
1315 5303 1587 5366 psallunt,
1613 5304 1748 5365 quia

111 5397 116 5403 ·
158 5381 346 5429 eadem
377 5379 526 5428 bona
550 5392 648 5441 per
672 5379 902 5427 inanem
919 5380 1156 5439 gloriam
1174 5377 1468 5426 amittunt.
1490 5379 1749 5435 Sapienter

165 5462 290 5514 ergo
316 5451 573 5512 psallere,
597 5454 685 5499 est
708 5455 861 5499 recta
885 5462 1068 5513 agere,
1095 5453 1152 5498 et
1185 5450 1253 5498 de
1280 5449 1423 5510 ipsis
1448 5448 1620 5497 rectis
1639 5461 1752 5506 ope-

161 5522 309 5572 ribus
342 5521 444 5571 soli
471 5523 585 5571 Deo
614 5520 762 5572 velle
780 5521 1018 5585 placere.
1049 5523 1171 5572 Non
1191 5524 1280 5571 est
1305 5525 1497 5570 autem
1511 5522 1749 5578 otiosum,

222 5676 236 5693 ·
261 5665 669 5717 Emendandus
695 5666 901 5717 iterum
929 5667 1199 5728 vulgatus
1237 5664 1624 5728 Augustinus,
1655 5665 1752 5727 qui

165 5738 379 5799 pratfert
418 5738 531 5789 alio
578 5751 774 5801 sensu,
818 5737 1105 5801 discipulos
1125 5738 1472 5786 adscendcntc
1497 5737 1750 5785 Domino.

168 5809 478 5860 Concinunt
498 5810 732 5861 Auctori
755 5814 950 5860 nostro
984 5813 1041 5859 et
1067 5821 1282 5860 novem
1305 5809 1439 5859 Mss.
1474 5821 1619 5871 quos
1645 5808 1755 5872 ipsi

172 5883 512 5935 Benedictini
541 5883 799 5935 Editores
827 5882 1079 5932 laudant.
1108 5881 1350 5934 Inferius
1385 5883 1658 5933 Nostrum
1683 5894 1756 5933 ex

176 5955 261 6008 illo
273 5958 632 6009 restituimus
642 5955 903 6018 adposita
915 5954 1298 6018 interrogandi
1317 5969 1415 6020 pro
1432 5953 1756 6006 aillrmandi

1772 4685 1826 4757 D

1831 606 1895 652 ut
1933 602 2122 652 tardos
2156 601 2366 650 excitet.
2391 619 2403 649 :
2424 601 2691 661 frequens
2718 613 2945 661 quoque
2970 602 3233 663 repetitio
3269 605 3425 665 ejus—

1829 674 1960 723 dem
2002 673 2179 730 vocis,
2218 672 2412 722 nimiae
2450 672 2754 721 inculcatio
2787 672 3294 733 estjucunditatis.
3327 676 3425 724 Vel

1831 745 2136 806 quinquies
2163 742 2370 806 psallite
2386 742 2456 791 ad
2477 743 2733 804 quinque
2759 755 2967 799 sensus
2994 745 3244 807 corporis
3258 761 3431 806 possu-

1830 829 1960 866 mus
1996 815 2200 864 referre
2227 828 2238 863 :
2267 816 2330 864 ut
2355 813 2619 864 videlicet
2647 814 2858 874 visum,
2880 814 3428 878 auditum,gustum,

1830 887 2131 936 odoratum
2176 890 2233 935 et
2282 889 2500 935 tactum
2548 890 2841 934 vertamus
2882 885 2940 934 in
2977 885 3191 935 bonum
3235 900 3427 938 usum.

1829 957 2044 1007 Deinde
2071 955 2321 1007 ostendit
2344 955 2633 1018 quomodo
2661 955 2734 1006 sit
2758 968 2858 1005 rex
2884 957 3071 1007 omnis
3097 958 3279 1019 terrae,
3297 971 3428 1010 cum

1833 1028 2028 1078 subdit
2055 1043 2066 1076 :

1894 1100 1941 1150 9.
1978 1098 2233 1160 Regnavit.
2273 1098 2410 1145 Deus
2441 1111 2600 1159 super
2623 1101 2811 1157 gentes.
2840 1098 2908 1147 Et,
2930 1109 3001 1147 ne
3032 1098 3237 1160 aliquis
3261 1100 3426 1151 intel-

1830 1169 2047 1233 ligeret,
2075 1168 2321 1219 utetiam
2347 1168 2403 1217 in
2429 1167 2593 1217 malis
2621 1172 2904 1230 regnaret,
2937 1167 3107 1233 235
3130 1172 3426 1219 determinat

1832 1242 1928 1301 ita,
1955 1241 2090 1288 Deus
2124 1241 2256 1287 sedet
2281 1255 2440 1301 super
2464 1239 2635 1286 sedem
2659 1244 2900 1286 sanctum
2931 1254 3103 1286 suum.
3135 1240 3196 1289 Id
3222 1245 3327 1303 est,
3352 1242 3432 1292 ita

1833 1317 2036 1374 regnat
2061 1312 2117 1360 in
2132 1311 2421 1372 gentibus,
2442 1314 2506 1359 ut
2523 1314 2718 1359 tamen
2735 1309 2794 1357 in
2812 1312 3029 1359 sanctis
3043 1316 3288 1362 maneat.
3307 1315 3429 1360 Inde

1835 1384 2111 1446 scriptum
2132 1387 2238 1432 est.
2259 1383 2493 1441 Animaj
2506 1382 2617 1430 usti
2638 1381 2802 1429 sedes
2817 1385 2902 1430 est
2919 1384 3180 1439 sapientia:
3204 1383 3426 1444 (Sap.7).

1833 1454 1938 1504 Ubi
1963 1467 2099 1514 ergo
2125 1455 2402 1516 regnabat
2427 1452 2707 1512 diabolus,
2735 1451 2904 1499 modo
2927 1455 3129 1512 regnat
3149 1451 3428 1502 Christus.

1831 1525 1928 1575 Ille
1949 1526 2221 1587 regnabat
2247 1536 2344 1586 per
2365 1523 2709 1585 superbiam,
2738 1533 2836 1583 per
2858 1521 3429 1586 luxuriam,perimm,

1832 1601 1889 1646 et
1913 1609 2011 1659 per
2038 1596 2187 1645 vitia.
2217 1597 2332 1644 Iste
2356 1597 2554 1655 regnat
2580 1606 2677 1656 per
2699 1592 3105 1654 humilitatem,
3133 1606 3232 1655 per
3256 1594 3430 1644 casti-

1835 1672 2030 1728 tatem,
2057 1679 2154 1729 per
2178 1664 2707 1721 mansuetudinem,
2734 1667 2790 1712 et
2817 1676 2912 1726 per
2937 1670 3173 1714 caeteras
3188 1668 3427 1713 virtutes:

1834 1741 1896 1788 ut
1929 1740 2049 1799 jam
2089 1749 2202 1786 non
2231 1737 2410 1785 simus
2437 1736 2589 1785 servi
2613 1735 2847 1797 peccati,
2875 1734 2973 1784 sed
2998 1734 3157 1785 liberi
3185 1736 3429 1796 justitiaa

1827 1809 1992 1871 (Rom.
2043 1807 2132 1866 6.).
2176 1808 2227 1857 Si
2255 1807 2379 1857 11100
2415 1807 2659 1869 agimus,
2688 1806 2903 1855 erimus
2934 1817 3178 1867 regnum
3217 1807 3346 1868 Dei,
3374 1811 3433 1856 et

1753 1903 1805 1975 B
1829 1881 1996 1930 sedes
2032 1879 2151 1928 Dei.
2183 1878 2425 1940 Exponit
2448 1875 2736 1939 quomodo
2764 1876 2978 1926 factum
3022 1877 3112 1935 sit,
3141 1881 3206 1927 ut
3232 1882 3434 1940 regnet

1834 1964 2007 1975 mm-..
2034 1955 2234 1975 ...ηιηη

1834 1964 2007 2014 super
2032 1955 2256 2008 gentes.

1895 2022 1978 2075 10.
2005 2022 2283 2084 Principes
2312 2019 2637 2082 populorum
2662 2019 2968 2082 congregat-1'
3000 2023 3144 2080 sunt,
3172 2034 3295 2066 cum
3320 2020 3429 2068 Deo

1831 2093 2130 2142 Abrahmn.
2176 2095 2256 2141 Ac
2297 2091 2378 2139 sic
2404 2090 2634 2152 diceret,
2664 2093 2845 2152 Reges
2870 2094 2927 2141 et
2944 2087 3074 2140 aliae
3098 2094 3431 2151 potestates,

1833 2164 1927 2226 qui
1956 2163 2112 2226 prius
2138 2165 2254 2212 Deo
2283 2161 2756 2222 adversabantur,
2771 2161 3098 2223 congregati
3116 2166 3352 2219 8111111101-
3374 2166 3429 2208 11-

1832 2235 1984 2296 110111,
2011 2247 2142 2283 011111
2175 2235 2292 2282 Deo
2318 2231 2411 2281 cui
2435 2231 2672 2281 credidit
2696 2231 2985 2282 Abraham
2999 2229 3176 2296 (Hebr.
3201 2231 3324 2291 11.).
3351 2234 3432 2281 Ex

1831 2306 1939 2356 illis
1965 2305 2319 2368 principibus
2337 2307 2458 2352 erat
2478 2301 2573 2352 ille
2599 2303 2884 2364 Centurio,
2913 2306 3081 2365 cujus
3112 2302 3255 2351 ﬁdes
3281 2314 3432 2352 com-

1830 2375 2133 2426 mendatur
2171 2375 2229 2423 in
2267 2371 2578 2434 Evangelio
2615 2373 2819 2434 (Matth.
2858 2373 2948 2435 8.).
2975 2376 3118 2423 Ecce
3143 2371 3432 2434 quomodo

1831 2447 2132 2509 impletum
2169 2449 2274 2506 est,
2317 2443 2470 2506 quod
2512 2444 2767 2493 Joannes
2805 2443 2899 2501 ait,
2926 2445 3132 2495 Potens
3168 2448 3254 2492 est
3279 2444 3431 2492 Deus

1833 2519 1903 2568 de
1945 2517 2230 2580 lapidibus
2277 2514 2555 2564 suscitare
2599 2513 2746 2564 illios
2795 2515 3043 2565 Abrahae
3081 2515 3286 2576 (Matth.
3339 2513 3429 2576 3.).

1834 2591 2038 2640 Nonne
2054 2587 2273 2650 lapides
2290 2590 2452 2637 erant
2472 2591 2692 2648 gentes,
2713 2587 2942 2648 quando
2955 2585 3171 2649 lapides
3184 2587 3430 2647 colebant,

1835 2662 1983 2710 sicut
2028 2659 2097 2708 de
2141 2657 2249 2708 illis
2283 2658 2418 2708 alibi
2456 2656 2663 2706 dicitur
2700 2657 2759 2706 in
2793 2657 3051 2718 psalmo:
3078 2657 3299 2707 Similes
3323 2655 3433 2707 illis

1834 2729 2105 2792 iiant,qui
2131 2729 2429 2779 faciuntea
2455 2727 2615 2790 (Psal.
2644 2725 3043 2788 113.)?Etideo
3061 2731 3434 2777 accesserunt

1833 2802 1905 2852 ad
1932 2801 2122 2861 Iidem,
2153 2800 2424 2858 Quo-niam
2450 2798 2541 2846 Dii
2562 2798 2721 2859 fortes
2740 2805 2906 2857 terrae,
2955 2799 3010 2849 id
3037 2803 3146 2860 est,
3171 2798 3434 2861 Apostoli

1835 2877 1894 2923 et
1918 2872 2322 2935 prmdicatores
2362 2869 2576 2921 sancti:
2615 2870 2702 2919 Dii
2727 2883 2825 2932 per
2848 2871 3108 2933 gratiam,
3138 2870 3311 2920 fortes
3335 2882 3434 2932 per

1833 2945 2023 3006 fidem,
2066 2945 2396 2992 vehementer
2428 2941 2612 2989 elcvali
2647 2947 2812 2990 sunt:
2851 2944 2910 2990 in
2947 2942 3130 3003 signis
3168 2943 3225 2990 et
3252 2941 3434 2992 virtu-

1839 3015 2008 3066 tibus.
2057 3017 2126 3065 Et
2168 3015 2250 3065 ita
2282 3014 2498 3064 factum
2537 3016 2642 3074 est,
2693 3015 2757 3063 ut
2789 3012 2956 3063 multi
2979 3016 3325 3076 generentur
3362 3013 3434 3064 ad

1834 3086 2024 3137 ﬁdem.

2113 3172 2476 3236 TITULUS
2518 3171 2838 3235 PSALMI
2875 3171 3141 3236 XLVII.

1899 3291 2203 3344 1.1’salmus
2215 3289 2414 3338 cantici
2430 3288 2558 3349 ﬁliis
2574 3289 2744 3336 Chore
2757 3288 2814 3335 in
2832 3288 3064 3336 secunda
3075 3287 3429 3338 sabbati.Psal-

1838 3371 1951 3402 mus
1983 3359 2074 3401 isto
2107 3355 2401 3412 proponitur
2428 3354 2546 3398 filiis
2572 3354 2748 3412 Chore,
2777 3353 2826 3397 id
2851 3357 2941 3411 est,
2969 3353 3089 3398 111118
3116 3354 3427 3410 Christi,qui

1835 3420 2106 3465 (rrurit’ixus
2137 3424 2207 3462 est
2235 3418 2284 3461 in
2314 3417 2418 3460 loro
2451 3416 2707 3461 CuinlJii-B.
2736 3415 2893 3461 Chore
2922 3417 3056 3459 enim
3085 3415 3157 3472 (ut
3197 3429 3326 3472 saipe
3352 3415 3427 3459 di-

1836 3489 1967 3527 etum
1994 3480 2079 3533 est)
2106 3480 2332 3526 Calvaria
2357 3479 2730 3535 interpretatur.
2750 3478 2842 3531 Qui
2870 3477 3093 3534 psalmus
3111 3477 3432 3523 dieilurcan-

1837 3543 1945 3603 tiri,
1971 3542 2090 3600 quia
2121 3543 2179 3587 de
2206 3556 2256 3585 re
2281 3541 2401 3600 agit,
2431 3540 2562 3584 unde
2588 3541 2805 3603 maxime
2824 3540 2969 3585 nobis
2991 3540 3317 3585 exultandum
3338 3545 3428 3584 est:

1837 3608 2074 3664 quoniam
2113 3618 2342 3658 magnum
2362 3603 2564 3664 exptiinit
2589 3602 2820 3664 Ecclesiae
2844 3602 3156 3658 dignitatem.
3184 3602 3427 3660 Psalmus,

1837 3661 1964 3722 dico,
2008 3668 2208 3711 habitus
2247 3666 2301 3710 in
2333 3662 2565 3710 secunda
2603 3661 2824 3724 sabbati,
2856 3665 2903 3707 id
2931 3670 3020 3721 est,
3047 3665 3106 3709 110
3139 3665 3432 3708 fundatione

1838 3730 2072 3780 Et:-t'~lesia,
2091 3742 2205 3784 qute
2230 3728 2544 3784 significatur
2574 3740 2663 3783 pro
2683 3726 2965 3771 fondntione
2989 3731 3148 3785 terrae,
3163 3740 3276 3784 qua)
3309 3724 3434 3771 facta

1837 3792 1932 3836 fuit
1959 3793 2010 3835 in
2047 3791 2266 3835 secunda
2296 3790 2376 3832 die
2416 3788 2612 3848 (Ge-nes.
2646 3789 2730 3846 1.).
2760 3790 2920 3833 Prima
2954 3790 3089 3833 enim
3116 3790 3196 3833 die
3221 3790 3434 3834 discreta

1838 3859 1910 3898 est
1941 3854 2025 3896 lux
2052 3866 2078 3894 0
2098 3853 2314 3895 tenebris
2344 3848 2513 3909 (Ib-id.)
2541 3865 2550 3894 :
2581 3851 2630 3894 in
2665 3863 2763 3907 qua
2791 3851 3105 3905 signiﬁcatur
3133 3851 3433 3895 resurrectio

1839 3915 2042 3972 Christi,
2074 3914 2132 3957 tle
2172 3927 2271 3969 qua
2303 3913 2388 3955 lux
2422 3912 2806 3955 lmmortalitatis
2841 3925 2868 3955 a
2902 3912 3195 3955 mortalitate
3222 3912 3433 3956 discreta

1838 3983 1926 4023 est.
1955 3979 2007 4020 In
2035 3975 2254 4020 secunda
2278 3974 2358 4017 die
2385 3973 2565 4017 factum
2593 3974 3138 4033 esttirmamentum,in
3156 3974 3430 4030 (1110811101-

1839 4042 2012 4085 iicatur
2039 4044 2233 4093 tempus
2259 4036 2815 4094 postresurrectionem,
2835 4049 2934 4091 quo
2959 4036 3435 4079 t'undataestsaneta

1839 4102 2074 4147 Eli-,elesia.
2113 4101 2162 4144 In
2200 4101 2360 4156 prima
2393 4103 2528 4155 parte
2565 4097 2801 4141 describit
2835 4109 2960 4157 eam,
3005 4102 3049 4141 et
3074 4097 3246 4142 multis
3272 4097 3434 4141 modis

1840 4163 2152 4208 commendat
2189 4175 2197 4205 :
2241 4161 2385 4204 modo
2424 4173 2510 4217 per
2557 4160 2888 4214 fundatorem,
2922 4160 3066 4203 modo
3099 4172 3184 4216 per
3211 4160 3432 4215 positum

1841 4228 1955 4284 lori,
1986 4226 2128 4269 modo
2160 4236 2245 4280 per
2270 4224 2628 4267 tlilalaliunem.
2647 4221 2833 4266 Laudat.
2857 4222 3004 4265 etiam
3041 4234 3180 4266 eama
3204 4221 3430 4266 muneri-

1841 4289 1954 4334 bus.
1993 4289 2077 4333 Per
2106 4289 2193 4330 hoc
2218 4299 2436 4342 quoque,
2456 4285 2584 4341 quod
2613 4284 2817 4340 quidmn
2845 4284 3065 4329 volentes
3078 4297 3185 4328 eam
3208 4284 3431 4327 destrue-

1842 4366 1912 4410 re,
1947 4355 2299 4407 cognoscentes
2339 4349 2446 4403 ejus
2491 4347 2802 4402 dignitatem,
2830 4348 3057 4390 t‘tJIlVUI‘Si
3082 4350 3200 4390 sunt.
3222 4347 3281 4390 ad
3308 4359 3437 4392 eam.

1841 4408 2026 4458 Deinde
2051 4410 2360 4455 ('fUllllllt’lltiill
2386 4409 2631 4466 ([umiti‘dlll
2651 4409 2850 4464 insigne
2876 4408 3061 4452 donum
3089 4409 3270 4465 ipsius,
3291 4409 3430 4452 scili-

1841 4482 1914 4520 cet
1938 4476 2070 4532 quod
2097 4473 2438 4518 misericordia
2467 4471 2547 4515 Dei
2578 4471 2763 4514 habitat
2788 4471 2838 4514 in
2875 4484 2947 4513 ea.
2979 4472 3030 4515 111
3056 4471 3274 4514 set-unda
3300 4475 3436 4525 parte

1842 4539 1942 4591 agit
1967 4538 2026 4581 de
2051 4536 2315 4581 ordinibus
2341 4535 2502 4591 ipsius
2528 4533 2776 4578 Eeelesite.
2820 4533 3031 4576 Intentio
3056 4539 3129 4577 est.
3153 4532 3357 4591 hortari,
3387 4535 3438 4576 ut

1842 4613 2015 4645 omnes
2047 4599 2189 4645 istam
2215 4598 2464 4642 civitatein
2490 4597 2812 4653 amplitieent.
2848 4597 2949 4639 Vox
2984 4595 3330 4652 pert‘ectorum.

2284 4699 2678 4764 PSALMUS
2722 4698 2991 4761 XLVII.

1908 4809 1958 4862 ‘2.
1996 4810 2227 4871 Magnus
2250 4808 2516 4856 Dominus
2535 4811 2578 4853 et
2604 4806 2892 4854 laudabilis
2916 4807 3099 4857 nim-is.
3125 4805 3297 4868 Idest,
3328 4818 3439 4857 ma-

1846 4882 1943 4944 gni
1967 4880 2186 4944 imperii
2211 4883 2266 4928 et
2290 4890 2517 4941 magnai
2535 4878 2822 4940 potentiae.
2839 4874 2904 4927 Et
2919 4878 3049 4928 inde
3067 4878 3276 4940 dignus
3293 4880 3437 4925 laude

1846 4956 2016 5007 nimis
2059 4967 2229 5017 super
2266 4965 2441 5015 quam
2470 4953 2668 5016 lingua
2691 4952 2873 5014 possit
2895 4952 3195 5015 explicare.
3231 4955 3298 5002 Et
3334 4953 3439 5002 hoc

1848 5026 2001 5089 quod
2027 5038 2270 5087 magnus
2288 5029 2344 5074 et
2367 5023 2666 5074 laudabilis
2680 5024 2768 5081 sit,
2789 5024 3036 5073 maxime
3055 5022 3437 5085 perpenditur,

1847 5100 1912 5146 In
1937 5098 2145 5145 civitate
2176 5097 2268 5144 Dei
2302 5096 2490 5157 nostri,
2513 5095 2568 5144 id
2593 5099 2701 5157 est,
2731 5095 2790 5143 in
2819 5094 3241 5144 constructione
3271 5096 3440 5139 Eccle-

1849 5170 2105 5230 siae,qua3
2131 5172 2218 5216 est
2244 5166 2465 5216 munita
2490 5165 2818 5226 virtutibus,
2843 5165 3031 5227 ampla
3050 5167 3303 5225 caritate,
3329 5163 3447 5215 col-

1848 5241 1996 5291 lecta
2012 5251 2112 5301 per
2133 5238 2306 5288 [idem
2335 5233 2508 5304 236
2544 5236 2616 5286 ad
2643 5237 2768 5299 jure
2802 5235 3133 5285 vivendum.
3163 5236 3276 5284 Nec
3311 5235 3438 5284 talis

1852 5311 2054 5362 civitas
2067 5312 2153 5359 est
2178 5310 2500 5370 Babylonis,
2520 5307 2576 5356 id
2591 5310 2696 5367 est,
2720 5306 3089 5366 confusorum,
3109 5305 3446 5356 0010101011-

1854 5396 2045 5433 corum
2075 5398 2084 5430 :
2115 5380 2213 5430 sed
2241 5384 2329 5430 est
2355 5379 2453 5429 Dei
2474 5379 2671 5428 nostri.
2709 5379 2851 5426 Hinc
2869 5377 3233 5427 commendat
3257 5377 3445 5426 Eccle-

1855 5456 1999 5504 siam
2032 5466 2128 5517 per
2166 5451 2440 5502 artiﬁcem
2481 5452 2678 5500 Deum.
2721 5449 2959 5499 Civitate
2989 5449 3116 5498 dico
3158 5448 3360 5511 posita,
3382 5447 3445 5494 in

1855 5532 2028 5575 monte
2058 5530 2240 5572 sancto
2278 5522 2405 5586 ejus.
2441 5520 2503 5571 Id
2529 5525 2634 5579 est,
2661 5521 2717 5570 in
2743 5521 2985 5580 Christo,
3017 5521 3141 5572 sive
3168 5520 3226 5570 in
3251 5524 3447 5570 monte

1854 5675 2157 5792 nol’ml’enes
2199 5737 2606 5801 Augustinum,
2646 5736 2734 5784 sed
2771 5735 3138 5785 admiratione
3187 5735 3307 5798 ipsa
3335 5749 3446 5798 pra:

1853 5814 2055 5877 gaudio
2072 5811 2431 5876 Jttbilutionis,
2473 5815 2752 5872 tamquam
2778 5812 2949 5856 mente
2978 5807 3246 5868 alienatis,
3271 5811 3379 5859 etc.

1920 5895 1938 5916 °
1972 5884 2150 5948 Idem,
2178 5883 2420 5933 nondum
2447 5881 2576 5946 ﬁliis
2596 5882 2726 5931 Core
2742 5880 3030 5950 dicebatur.
