3890 6406
508 398 612 455 835

1581 373 1846 428 RUFINO
1871 370 2322 423 PRESBY’I‘ERO
2348 367 2732 421 ASCRIPTUS
3697 361 3781 414 836

511 509 814 565 virtutum,
832 502 926 556 vel
942 492 1460 565 constantiae.qu
1473 488 1520 565 ci
1529 487 1677 565 vitas
1693 499 1733 565 a_
1753 484 1851 536 tali
1875 483 2108 565 domino
2133 487 2189 560 Α
2210 483 2303 565 Et‘
2318 486 2384 533 tu
2401 479 2515 565 iac.
2532 477 2823 565 similiter.‘
2845 465 3194 565 AperiiLntPl‘
3227 471 3382 565 09"“.
3397 471 3587 565 02rd}?
3613 471 3712 565 iui;
3732 473 3785 524 Et

509 557 598 633 est
609 557 896 644 possessa.
911 573 993 644 De
1004 557 1638 644 hujusmodilapidib‘us
1647 561 1744 644 ‘est
1755 557 2104 644 constructa,

509 623 1164 712 id'estIdeFJudmis'et
1191 631 1490 686 Gentibus.
1538 630 1610 679 Et
1645 626 1754 677 hoc
1797 629 1904 687 est,
1953 623 2106 688 quod

511 722 937 849 sugdfl'itiidatur
951 773 1562 849 exultat-ioueitnievrsa:
1580 773 1750 847 terrae,
1772 767 1835 818 Id
1865 768 1981 830 est,
2010 766 2107 818 ﬂr-

509 839 674 916 initer
693 858 974 912 aediﬁcata
993 855 1083 904 est
1117 849 1189 900 de
1211 841 1632 916 habitatoribus
1653 839 1952 916 universae
1968 844 2105 916 terrm

509 907 907 987 cit-uitantibus
941 923 1011 974 de
1052 923 1416 984 peccatorum
1443 907 2109 987 reiiiissionezvel‘tunda-

509 977 972 1058 eguitatione
987 977 1278 1044 universa;
1305 991 1490 1058 terrae,
1510 981 1566 1032 id
1585 983 1691 1042 est,
1705 977 2107 1058 adlexultatio-

507 1051 914 1129 nemomnium
937 1061 1314 1118 credentium.
1341 1059 1411 1108 Et
1434 1055 1542 1129 hoc
1566 1051 1870 1129 exequitur
1885 1063 1984 1129 per
1999 1065 2108 1129 par.

507 1121 768 1210 {e'sTcuE
787 1121 1093 1203 subjungit
1108 1149 1119 1184 :
1135 1133 1292 1210 Molis
1317 1129 1452 1208 Sion
1473 1125 1642 1174 latera
1663 1121 2106 1210 Agiliitonis'ci-tvi-

506 1336 811 1424 Aquilonis
827 1336 1042 1424 Gentes
1059 1345 1457 1424 designantur,
1471 1349 1602 1424 qua:
1620 1340 1912 1424 torpentes
1925 1336 2106 1424 frigore

508 1405 868 1484 inﬁdi-abietis
891 1435 926 1475 a
964 1405 1672 1484 diabolo—possidebantur.
1700 1409 1806 1484 Pro
1829 1419 1914 1470 eo,
1951 1405 2106 1469 quod

508 1479 720 1556 ventus
737 1479 946 1560 Aquilo
969 1485 1312 1549 constringit
1333 1481 1634 1560 in_l_‘rig_ore,
1653 1490 1770 1560 non
1793 1479 2106 1558 incongrue

506 1550 1064 1637 Aquilonisnomine
1079 1565 1273 1637 torpor
1294 1550 1785 1637 malignispiri'tus
1808 1550 2103 1637 accipitur.

509 1619 678 1707 6130:1-
688 1619 876 1693 vlsaias
901 1643 1134 1707 quoque
1158 1619 1422 1707 testatur,
1449 1623 1548 1688 qui
1570 1621 1786 1707 dixisse
1815 1619 2104 1707 diabolum

504 1694 811 1767 denuntiat
833 1694 1062 1759 dicens}
1104 1700 1323 1754 Sedebo
1346 1697 1406 1748 in
1429 1699 1626 1767 monte
1660 1694 2010 1767 testamenti,
2047 1695 2106 1742 in

503 1764 783 1839 lateribus
795 1775 1100 1843 Aquilonis
1117 1775 1236 1837 (Isti.
1261 1769 1398 1843 14.).
1409 1766 1690 1843 malignus
1709 1764 1944 1843 spiritus
1959 1778 2106 1843 mon-:-

505 1835 1200 1932 iéhﬁteswménmenst
1225 1835 2098 1932 αυίεξιὲιδέξίξξξξξξφρξιςιξιφςξιυί
2127 1859 2182 1932 B

503 1907 693 1993 legem
705 1917 1142 1993 acceperat,sibi
1157 1918 1217 1993 in
1239 1907 1903 1993 perﬁdiam‘subjugavit.
1916 1909 1993 1993 ad
2005 1910 2100 1954 huc

505 1977 690 2050 Η]ῗῆἱί
705 1977 1036 2048 testamenti
1052 1977 1340 2053 praesidet,
1363 1980 1594 2045 quando
1612 1983 1788 2053 corda
1803 1977 2104 2053 doctorum

505 2049 686 2124 tenet:
713 2067 811 2132 qui
848 2066 1020 2117 etiam
1049 2049 1112 2132 in
1133 2055 1420 2132 lateribus
1454 2050 1762 2132 Aquilonis
1782 2049 1950 2132 sedit,
1972 2049 2105 2129 quia

506 2120 1054 2194 mentes'Gentilium
1079 2127 1314 2193 frigidas
1336 2120 1802 2194 possedit._Uude
1827 2125 1886 2194 et
1905 2120 2102 2184 sponsi

505 2191 731 2266 vovtgin
755 2205 1002 2260 Canticis
1015 2191 1242 2260 dicitur,
1261 2199 1441 2258 Surge
1461 2191 1670 2256 Aquilo
1687 2191 1896 2266 etveni
1907 2197 2102 2266 Auster,

503 2259 924 2349 perﬂahortum
936 2259 1404 2349 meum,etﬂuent
1409 2268 1673 2349 aromata
1684 2259 1931 2349 i‘l.lius(Ca
1941 2267 2012 2342 ut,
2031 2261 2104 2325 4.)

503 2333 826 2406 iiecedente
850 2349 1003 2401 enim
1035 2333 1338 2406 Aquilone,
1371 2337 1428 2387 id
1457 2341 1565 2398 est,
1596 2333 1852 2397 maligno
1879 2334 2101 2406 spiritu,

504 2405 746 2490 Simius
790 2424 1036 2490 Sanctus
1071 2405 1298 2490 sentes
1329 2407 1498 2490 asas?
1537 2405 2105 2490 Assaraci-.91“

503 2476 644 2548 dum
667 2489 1048 2546 calefaciendo
1071 2485 1314 2546 ﬂaverit,
1355 2479 1551 2532 statim
1575 2478 1646 2528 de
1671 2476 1940 2526 cordibus
1959 2477 2103 2526 Iide-

501 2567 645 2620 lium
661 2569 918 2620 aromata
929 2563 1119 2614 ﬂuunt
1136 2557 1434 2610 virtutum.
1460 2550 1626 2602 Tales
1647 2549 1753 2620 (Ea:
1778 2549 1862 2596 Au
1869 2548 2103 2620 gustiuo)

503 2618 865 2690 ﬂuntcivitas
891 2631 1042 2696 regis
1059 2626 1274 2691 magni,
1289 2620 1512 2696 liberati
1530 2619 1794 2671 homines
1815 2621 1887 2696 ab
1903 2618 2105 2696 inlide-

501 2687 771 2762 l—itatevet
799 2687 1206 2768 Superstition'e
1245 2693 1684 2768 damoniorum,
1717 2687 2014 2768 credentes
2044 2689 2104 2740 in

507 2761 799 2832 Christum
831 2784 850 2804 ⁸
871 2761 1144 2826 collimati
1178 2771 1318 2819 sunt
1353 2765 1434 2815 illi
1459 2761 1694 2814 civitati.
1721 2761 2105 2812 Occurrerunt

504 2851 566 2902 in
619 2849 834 2914 angulo
897 2843 1133 2914 parietis
1198 2840 1269 2890 de
1328 2835 1766 2914 circumcisione
1816 2832 2104 2914 venientis

503 2924 676 2986 (Rom.
698 2903 839 2984 ‘15.).
873 2903 945 2970 Et
983 2913 1118 2966 facti
1161 2908 1540 2986 sunticivilas
1585 2903 1976 2986 regisﬂmagni,
2003 2903 2104 2986 qui

503 2975 734 3048 inerant
749 2975 928 3044 latera
950 2985 1270 3051 Aquilonis.
1296 2981 1656 3044 Quicumque
1672 2975 1969 3051 adhaerent
1993 2977 2106 3051 dia-

504 3047 654 3130 bolo,
685 3069 860 3116 latera
881 3047 1184 3130 Aquilonis
1207 3059 1359 3106 sunt.
1385 3051 1740 3130 Ad_haaieant
1772 3047 2016 3130 Christo,
2047 3050 2105 3127 et

501 3117 670 3190 erunt
691 3136 764 3188 de
785 3117 1018 3187 civitate
1050 3128 1201 3192 regis
1224 3125 1442 3189 magni.
1466 3125 1531 3173 In
1573 3121 1669 3192 his
1689 3131 1907 3192 magna
1923 3117 2104 3192 gloria

501 3189 557 3261 et
579 3209 770 3260 honor
787 3189 1198 3268 omnipotentis
1221 3201 1327 3249 est.
1357 3197 1564 3258 Magna
1587 3191 1739 3268 enim
1760 3189 1964 3268 medici
1980 3189 2102 3268 glo-

2209 552 2342 605 vide
2363 557 2420 604 et
2448 551 2730 603 admirare
2769 547 3010 613 gloriam
3043 545 3222 610 hujus
3253 542 3500 596 civitatis
3521 542 3648 594 Dei.
3674 543 3784 594 Per-

2205 623 2391 688 pende
2418 622 2650 686 quantis
2675 620 2988 673 virtutibus
3023 616 3252 682 polleat,
3277 615 3485 679 quibus
3512 613 3784 688 miraculis

2206 685 2490 756 coruscet,
2517 691 3044 756 quomodoterrena
3066 688 3369 752 despiciat:
3395 685 3632 748 quantis
3655 685 3786 736 desi-

2205 764 2380 816 deriis
2393 765 2467 816 ad
2490 761 3006 824 cmicstiaanhelet,
3041 763 3256 824 quanta
3276 759 3334 809 in
3357 758 3554 808 futuro
3581 757 3654 806 sit
3679 761 3786 820 ejus

2205 849 2427 888 merces
2453 839 2510 888 et
2537 835 2850 886 beatitudo.
2870 833 3028 883 Talia
3042 843 3292 896 pensans
3307 834 3481 892 atque
3494 827 3788 893 admirans,

2205 913 2492 959 revertere
2509 908 2578 958 ad
2611 905 2998 969 temetipsum,
3035 903 3243 968 plange
3277 904 3508 965 peccata
3533 904 3649 950 tua.
3677 901 3786 951 Per-

2206 979 2440 1030 timesce
2491 978 2815 1028 districtum
2855 973 3140 1040 judicium
3185 974 3306 1033 Dei,
3346 971 3722 1022 contremisce
3740 972 3785 1021 in

2205 1051 2410 1113 teipso,
2436 1053 2502 1100 ut
2529 1049 2718 1112 possis
2746 1048 2964 1099 conniri
2987 1046 3121 1097 huic
3144 1045 3311 1095 beato
3335 1042 3566 1107 populo,
3595 1041 3666 1094 de
3687 1055 3785 1105 quo

2155 1129 2158 1134 ’
2206 1122 2502 1173 subditur:
2524 1119 2604 1170 Ibi
2629 1120 2852 1182 dolores,
2880 1125 2939 1166 ut
2967 1116 3341 1182 parturientis.
3363 1117 3430 1166 In
3451 1114 3547 1165 illa
3573 1119 3788 1165 contur-

2203 1194 2438 1246 batione
2455 1196 2510 1244 et
2521 1197 2766 1244 tremore
2783 1191 3017 1242 fuerunt
3031 1187 3258 1240 dolores
3277 1185 3576 1246 fructuosi,
3603 1191 3668 1236 ut
3689 1198 3790 1248 par-

2205 1265 2490 1318 turientis.
2510 1264 2692 1314 Vetus
2707 1261 2858 1313 enim
2876 1261 3049 1312 homo
3061 1259 3279 1324 peperit
3293 1269 3510 1309 novum
3531 1257 3694 1318 (Rom.
3711 1256 3786 1316 6.).

2205 1337 2408 1390 Mulier
2433 1347 2568 1386 cum
2592 1333 2762 1398 parit,
2786 1331 3078 1384 tristitiam
3101 1329 3290 1380 habet.
3323 1329 3464 1380 Cum
3488 1332 3688 1379 autem
3709 1341 3790 1392 pc.-

2203 1408 2352 1474 perit
2383 1418 2647 1471 puerum,
2665 1406 2790 1468 jam
2812 1415 2931 1455 non
2963 1401 3227 1474 meminit
3262 1411 3552 1474 pressura;
3580 1403 3792 1474 prOpter

2205 1469 2642 1546 gaudium,quia
2652 1480 2826 1528 natus
2839 1474 3113 1546 esthomo
3124 1473 3182 1522 in
3195 1472 3472 1546 mundum
3485 1469 3787 1546 {Joan._16_.).

2206 1540 2295 1604 Sic
2311 1549 2603 1615 peccatrix
2615 1547 2809 1600 anima
2826 1545 3056 1610 quando
3073 1545 3331 1608 paenitet,
3353 1553 3640 1615 magnum
3662 1540 3788 1615 dolo-

2204 1612 2332 1676 rem
2344 1622 2576 1687 patitur,
2618 1629 2861 1683 magnas
2885 1617 3036 1669 intra
3060 1628 3122 1666 se
3143 1615 3318 1687 sentit
3349 1612 3672 1687 angustias.
3698 1612 3786 1663 Sed

2204 1683 2510 1758 postquam
2524 1693 2780 1742 fructum
2797 1687 3165 1752 paenitentiae,
3184 1686 3242 1736 id
3253 1688 3362 1748 est,
3379 1683 3785 1758 absolutionem

2206 1755 2263 1818 et
2318 1755 2729 1818 remissionem:
2762 1761 3129 1826 peccatorum
3172 1755 3504 1822 perceperit,
3547 1756 3670 1819 jam
3689 1767 3786 1806 non

2207 1837 2476 1889 meminit
2488 1845 2776 1900 pressurae
2789 1830 3146 1896 paenitentiae
3160 1832 3390 1900 propter
3399 1829 3648 1888 gaudium
3672 1829 3786 1900 salu-

2206 1910 2300 1961 tis.
2327 1911 2377 1960 A
2399 1898 2603 1960 tiniore
2631 1906 2838 1969 (inquit
2865 1901 3060 1964 Isaias)
3087 1899 3452 1964 concepimus
3478 1903 3539 1948 et
3563 1898 3788 1969 parturi-

2206 1981 2400 2034 vimus
2425 1984 2485 2030 et
2520 1978 2848 2042 peperimus
2874 1973 3136 2038 spiritum
3165 1969 3540 2042 salutisﬂsai.
3568 1968 3693 2031 ‘26.).
3715 1969 3786 2018 Sic

2205 2066 2340 2114 ergo
2373 2040 2943 2115 regis—conceperunt
2971 2044 3043 2096 de
3087 2044 3291 2094 timore
3329 2040 3651 2115 Christi,_ut
3674 2052 3784 2115 par:

2206 2110 2472 2176 turiendo
2489 2110 2755 2187 parerent
2778 2117 3040 2170 salutem.
3068 2117 3137 2167 Et
3153 2115 3289 2187 hoc,
3304 2112 3709 2187 quoddoiores
3723 2110 3786 2160 illi

2204 2196 2438 2247 fuerunt
2482 2181 2788 2254 fructuosi,
2826 2201 2942 2241 non
2965 2201 3038 2240 ex
3063 2187 3185 2238 suis
3214 2185 3322 2237 fuit
3344 2183 3582 2244 meritis,
3609 2181 3707 2233 sed
3727 2192 3783 2232 ex

2205 2267 2388 2331 gratia
2409 2266 2531 2317 Dei.
2557 2266 2626 2315 Et
2658 2263 2786 2314 ideo
2815 2259 3116 2312 subditur:

2268 2335 2320 2391 8.
2359 2339 2417 2386 In
2451 2337 2650 2401 spiritu
2675 2331 2969 2382 vehementi
2997 2335 3228 2379 conteres
3252 2325 3411 2376 haves
3443 2325 3682 2376 Tharsis.
3707 2325 3784 2375 Se-

2206 2395 2503 2460 cundum"
2521 2409 2566 2458 ll
2579 2408 2959 2469 ieronymum,
2975 2401 3210 2452 Tharsis
3222 2399 3370 2449 idem
3383 2403 3488 2458 est,
3512 2395 3669 2460 quod
3686 2398 3784 2469 car-

2207 2480 2400 2544 thago.
2457 2467 2772 2530 Primordia
2815 2479 3012 2526 autem
3059 2473 3163 2536 (Eae
3197 2469 3517 2544 Augustino)
3560 2467 3784 2544 regniin

2205 2539 2569 2614 Carthaginis
2593 2549 2845 2601 navibus
2870 2545 3204 2604 ﬂoruerunt,
3229 2542 3535 2614 intautum,
3577 2544 3641 2589 ut
3659 2539 3785 2614 inter

2205 2607 2448 2675 caeteras
2471 2625 2675 2685 gentes
2698 2618 3042 2670 excellerent
3065 2611 3565 2685 negociationibus
3581 2616 3639 2660 et
3653 2607 3785 2685 navi-

2203 2681 2552 2759 gationibus.
2572 2695 2764 2756 Atque
2789 2690 2924 2741 hinc
2945 2686 3190 2739 nimium
3207 2683 3452 2759 superba
3465 2682 3618 2759 facta
3632 2687 3698 2729 est
3713 2681 3782 2759 illa

2204 2753 2432 2824 civitas,
2459 2767 2526 2816 ut
2548 2753 2719 2828 digne
2745 2775 2845 2826 per
2861 2763 2988 2824 ejus
3012 2771 3190 2810 naves
3205 2755 3559 2828 intelligatur
3573 2753 3785 2828 superbia

2203 2823 2488 2901 gentium,
2507 2823 2869 2900 praesumens
2881 2823 2940 2882 in
2953 2829 3188 2901 incertis
3201 2832 3476 2901 tanquam
3490 2825 3554 2875 in
3573 2823 3781 2874 ﬂatibus

2204 2899 2530 2961 ventorum:
2559 2906 2668 2959 Sed
2685 2906 2745 2956 in
2759 2902 3084 2956 vehementi
3099 2899 3301 2964 spiritu
3316 2899 3686 2949 conterentur
3697 2904 3782 2945 na-

2203 2995 2306 3034 ves
2327 2979 2728 3042 Tharsis,quia
2749 2976 2810 3028 in
2833 2977 3045 3028 virtute
3061 2972 3302 3042 Spiritus
3327 2968 3516 3021 Sancti
3535 2971 3782 3042 destruun-

2203 3059 2297 3105 tur
2322 3064 2523 3104 omnes
2569 3039 2847 3100 elationes
2882 3047 3060 3111 hujus
3082 3041 3302 3094 mundi.
3345 3039 3780 3111 Istevehemens

2205 3124 2439 3188 spiritus
2461 3134 2663 3174 omnes
2687 3131 2860 3172 auras
2906 3109 3287 3188 tentationum
3318 3109 3576 3188 expellit,
3599 3122 3778 3162 omnes

2202 3184 2444 3246 nebulas
2480 3191 2899 3257 cogitationum
2923 3187 3145 3257 dividit.
3173 3185 3378 3237 Omnia
3405 3184 3464 3234 in
3487 3186 3778 3257 mentese-

501 3281 585 3332 ria
599 3285 706 3344 est,
729 3252 1046 3351 quando‘ex
1059 3252 1836 3351 desperationeﬁconvalescit
1864 3267 2098 3322 aegrotus.
2129 3275 2180 3351 ρ
2205 3271 2388 3328 remi,
2420 3266 2519 3316 ubi
2545 3252 2672 3315 vult
2697 3261 2876 3326 spirat
2909 3259 3094 3324 (Joan.
3118 3255 3212 3321 3.),
3234 3261 3290 3308 et
3313 3267 3486 3351 quemx
3507 3253 3655 3314 γωι,
3687 3252 3777 3302 im.

2313 3343 2323 3351 .
2376 3343 2384 3351 .
2456 3335 2599 3351 17:.:_
2649 3339 2767 3351 --μμ
2809 3332 2874 3351 ..ει
2933 3330 3172 3351 --ε-,ιηιλκ
3206 3328 3379 3351 ...ιιι-..ει
3490 3337 3576 3351 mn
3608 3328 3774 3351 nnhsm

499 3339 768 3416 Sequitur
787 3347 897 3400 alia
920 3339 1342 3416 commendatio
1368 3353 1380 3388 :

562 3403 614 3476 4..
647 3423 790 3472 Deus
819 3419 880 3468 in
905 3415 1150 3466 domibus
1172 3411 1285 3474 ejus
1309 3409 1668 3472 cognoscetur,
1711 3417 1834 3454 cum
1857 3403 2104 3467 suscipiet

499 3473 636 3545 eain.
657 3495 724 3545 In
737 3490 1009 3543 domibus
1021 3487 1148 3550 ejus
1169 3473 1441 3537 civitatis,
1459 3477 1636 3550 idest,
1653 3476 1711 3550 in
1724 3473 1972 3550 singulis
1991 3477 2106 3522 iide-

498 3565 674 3628 libus,
699 3563 799 3627 qui
813 3546 1084 3612 dicuntur
1105 3556 1333 3628 domus,
1357 3550 1491 3628 quia
1511 3549 1574 3598 in
1589 3549 1678 3628 eis.
1690 3546 1918 3628 habitat
1931 3548 2106 3628 licini-

500 3649 631 3700 nus,
657 3617 1000 3698 cognoscetur
1021 3629 1160 3677 Deus
1187 3622 1365 3700 z-quia
1378 3620 1487 3685 ipsi
1516 3618 1899 3700 cognitionem
1929 3617 2100 3668 habe-

499 3690 646 3759 bunt
661 3690 739 3757 de
750 3707 888 3764 Deo,
906 3713 1041 3753 cum
1077 3696 1352 3760 suscipiet
1373 3706 1501 3764 eam
1519 3690 1798 3764 tuendam
1821 3693 1878 3741 et
1911 3695 2102 3764 prote-

499 3777 750 3842 gendam
779 3761 1154 3842 ab'inimicis.
1201 3765 1306 3818 Vel
1329 3765 1397 3842 _in
1417 3763 1703 3842 domibus
1748 3761 1963 3842 dictum
1981 3763 2099 3840 “est,

499 3832 732 3914 prOpter
793 3845 941 3898 duos
1001 3841 1245 3914 parietes
1319 3837 1667 3914 Judaeorum.
1722 3837 1800 3914 et_
1829 3832 2098 3914 gentium

499 3902 709 3984 ῖΕρὶιεε.
727 3916 817 3980 2.).
839 3902 1288 3968 Commendatur
1311 3915 1506 3984 autem
1524 3905 1725 3984 gratia,
1744 3904 1844 3984 ubi
1867 3902 2098 3984 dicitur,

501 3973 637 4042 cum
660 3973 910 4054 suscipiet
927 4001 1064 4036 eam.
1091 3987 1236 4036 Nam
1258 3981 1396 4046 quid
1413 3983 1569 4054 esset
1597 3977 1803 4054 civitas
1825 3977 1958 4054 ista,
1987 3973 2098 4054 nisi

495 4063 589 4115 ille
607 4044 964 4127 suscepisset
977 4062 1138 4110 eam?
1156 4044 1354 4108 Nonne
1373 4052 1568 4104 statim
1593 4047 1963 4127 caderet,nisi
1989 4044 2099 4126 tale

495 4117 942 4186 fundamentum
961 4130 1240 4181 haberet?
1265 4127 1444 4177 Nemo
1467 4133 1603 4187 ergo
1624 4121 1695 4172 de
1726 4119 1848 4170 suis
1882 4117 2099 4168 meritis

495 4205 788 4272 glorietur.
839 4203 947 4256 Sed
993 4201 1089 4265 qui
1117 4198 1410 4272 gloriatur,
1459 4194 1518 4272 in
1541 4191 1784 4272 Domino
1826 4189 2100 4272 glorietur

498 4261 565 4340 ἃ.
596 4279 716 4328 Cor.
745 4275 872 4338 10.).
885 4261 1170 4325 Jamecce
1184 4270 1280 4322 illa
1293 4267 1473 4320 latera
1490 4262 1791 4328 Aquilonis
1807 4261 2097 4326 quomodo

496 4349 730 4403 veniant
761 4347 969 4400 videte.

557 4421 608 4475 5.
627 4421 900 4480 Quoniam
933 4432 1040 4468 ecce
1078 4430 1224 4480 reges
1259 4418 1408 4464 terra
1431 4404 1736 4474 congregati
1782 4410 1925 4480 sunt.
1953 4407 2096 4480 Ecce

494 4477 658 4558 reges
681 4497 740 4546 et
761 4494 1076 4558 potestates
1099 4477 1279 4552 hujus
1305 4483 1486 4558 seculi
1503 4479 1837 4558 congregati
1863 4483 2002 4558 sunt
2024 4477 2097 4558 de

494 4553 691 4616 multis
738 4553 900 4624 locis,
947 4561 1020 4612 de
1071 4559 1272 4610 multis
1322 4556 1596 4622 populis:
1642 4557 1998 4604 convenerunt
2040 4553 2102 4600 in

493 4651 704 4686 unum:
763 4635 1016 4700 lapidem
1060 4631 1414 4696 angularem,
1461 4629 1560 4694 qui
1603 4628 1676 4680 de
1717 4627 1918 4678 multis
1961 4624 2097 4676 facit

495 4719 680 4758 unum
713 4707 926 4770 (Ephes.
953 4702 1047 4766 2.).

580 4767 752 4844 237
777 4767 842 4830 “6.
869 4776 982 4840 Ipsi
1005 4773 1238 4824 videntes
1271 4775 1365 4839 sic,
1387 4771 1777 4844 intelligentes
1802 4767 2092 4844 civitatem

493 4839 1052 4910 Dei—sic'i‘undatam,
1069 4846 1151 4896 sic
1167 4851 1574 4905 constructam,
1599 4842 1681 4893 sic
1701 4841 1988 4903 decoram,
2014 4839 2096 4890 sic

494 4920 752 4972 ﬂrmam:
775 4919 1042 4969 admirati
1065 4925 1209 4970 sunt.
1234 4918 1371 4970 Post
1391 4915 1830 4968 admirationem
1853 4912 2098 4963 miracu-

494 4994 680 5044 lorum
700 4991 970 5044 Ecclesiae
986 4989 1213 5042 Christi.
1240 4987 1560 5040 Conturbati
1579 4990 1726 5046 sunt,
1753 4983 1824 5034 de
1847 4983 2096 5048 peccatis

495 5065 646 5116 suis:
673 5063 925 5114 commoti
949 5068 1075 5112 sunt
1113 5063 1186 5114 ad
1208 5059 1626 5126 paenitentiam.
1661 5057 1878 5106 Tremor
1905 5069 2096 5120 appre-

495 5137 681 5186 hendit
702 5152 802 5187 eos.
823 5138 928 5188 Pro
947 5136 1146 5187 timore
1159 5135 1369 5186 futurae
1391 5133 1512 5182 irae.
1538 5128 1838 5181 Notandus
1854 5127 2094 5180 estordo

493 5209 826 5262 verborum.
852 5207 1018 5259 Prius
1057 5207 1272 5265 vident,
1309 5208 1367 5256 et
1411 5201 1661 5255 videndo
1695 5201 2092 5252 admirantur:

493 5280 700 5332 deinde
715 5280 787 5332 ad
811 5293 876 5332 se
898 5277 1135 5341 reversi,
1161 5274 1581 5328 conturbantur
1600 5278 1658 5326 et
1679 5275 2090 5323 contremiscunt.

555 5433 574 5453 "
601 5423 770 5488 Apud
792 5421 1204 5485 Augustinum,
1231 5418 1516 5468 cottiniali.

554 5495 754 5546 bHaud
776 5507 881 5546 suo
897 5499 1088 5544 tamen
1101 5504 1299 5548 sensu.
1322 5494 1421 5542 sed
1445 5490 1675 5543 Eusebii
1698 5490 2089 5554 Caesariensis,

492 5567 661 5630 cujus
677 5567 888 5618 librum
901 5565 973 5616 de
983 5563 1152 5616 Locis
1165 5564 1361 5614 Latine
1376 5563 1858 5628 interpretabatur
1874 5565 2089 5613 S.Pater.

496 5637 734 5700 Tha-rsis,
760 5638 902 5686 unde
923 5651 1128 5686 aurum
1165 5635 1446 5686 Satomoni
1468 5635 1898 5698 delerebatur..."
1923 5638 2094 5701 juxta

491 5707 742 5759 Jesechiel
776 5709 1106 5774 Prophelam
1154 5709 1426 5772 Carthago
1460 5709 1706 5772 sent-itur,
1738 5709 2005 5772 siquidem
2029 5711 2090 5760 in

493 5792 550 5828 eo
581 5779 709 5844 loco,
738 5779 830 5829 ubi
853 5781 1004 5846 apud
1031 5781 1188 5832 LXX.
1210 5781 1522 5844 lnte-rpretes
1554 5779 1779 5844 tegimus
1803 5781 2089 5846 Carthagi-

494 5863 636 5930 tiem,
653 5851 716 5930 iit
731 5851 1224 5930 Iiebraeoscriptutn
1241 5850 1394 5930 habet
1417 5851 1654 5930 Tharsis.
1674 5850 1828 5930 _Quid
1852 5853 2090 5908 sentiret

494 5922 638 5985 ipse,
655 5922 851 5974 statim
866 5923 1081 5986 subdit,
1097 5923 1476 5976 edisseruisse
1493 5935 1574 5988 se,
1591 5923 1653 5973 in
1669 5923 1804 5974 libro
1825 5925 2089 5992 Epistola-

2206 3327 2395 3390 mutat
2418 3355 2428 3384 :
2456 3335 2610 3386 Vitia
2639 3332 2896 3393 conterit,
2933 3330 3176 3384 virtutes
3203 3328 3400 3380 nutrit.
3435 3327 3579 3378 Haec
3606 3328 3778 3377 autem

2203 3407 2541 3462 constitutio
2569 3404 2838 3458 Ecclesiae
2865 3415 2982 3454 non
3005 3406 3096 3454 est
3129 3397 3608 3464 impraemeditare
3633 3397 3776 3454 facta,

2204 3481 2307 3533 sed
2338 3479 2436 3531 diu
2479 3481 2614 3530 ante
2663 3475 3072 3542 prOphetizata,
3119 3475 3175 3524 et
3197 3470 3365 3523 modo
3403 3469 3698 3532 completa.
3723 3467 3776 3516 Et

2199 3552 2326 3604 ideo
2353 3550 2626 3602 subditur
2650 3566 2661 3596 :
2779 3587 2789 3597 .

2263 3624 2316 3678 9.
2351 3624 2499 3674 Sicut
2524 3620 2858 3683 audivimus,
2882 3619 2958 3668 sic
2987 3617 3224 3666 vidimus
3251 3615 3312 3664 in
3343 3612 3551 3663 civitate
3577 3607 3775 3662 Domini

2200 3696 2482 3745 virtutum.
2510 3695 2683 3746 Recte
2700 3691 2983 3742 Dominus
2999 3685 3512 3748 virtutumdicitur,
3531 3686 3672 3748 quia
3684 3685 3777 3733 An-

2199 3767 2363 3831 gelis,
2409 3763 2804 3828 Archangelis,
2861 3761 3124 3824 ’l‘lironis,
3177 3756 3696 3831 Dominationibus,
3731 3756 3774 3803 et

2201 3829 2427 3890 cunctis
2460 3837 2735 3889 ctelorum
2773 3833 3104 3898 agminibus
3136 3831 3482 3882 dominatur.
3508 3829 3583 3878 Et
3607 3831 3774 3878 tantus

2199 3910 2500 3973 Dominus,
2514 3909 2615 3972 qui
2628 3910 2829 3970 regnat
2850 3905 2910 3956 in
2926 3902 3178 3968 Angelis,
3204 3915 3322 3953 non
3344 3900 3687 3964 dedignatur
3706 3907 3772 3947 re-

2197 4003 2374 4055 gnare
2407 3990 2469 4040 in
2500 3989 2686 4040 nobis.
2718 3989 3020 4050 Propterea
3047 3981 3220 4050 238
3249 3981 3507 4047 protinus
3529 3978 3767 4031 additur:

2196 4071 2263 4120 In
2285 4070 2496 4119 civitate
2515 4069 2612 4118 Dei
2635 4067 2826 4117 nostri.
2852 4067 2980 4130 Ipse
2997 4065 3095 4128 qui
3119 4062 3398 4114 Dominus
3427 4064 3516 4112 est
3531 4059 3770 4118 virtutum,

2195 4143 2322 4206 ipse
2351 4143 2455 4203 est,
2499 4143 2557 4192 et
2579 4143 2736 4192 Deus
2773 4143 2988 4198 noster,
3019 4135 3077 4186 id
3105 4140 3210 4199 est,
3245 4133 3523 4206 Dominus
3555 4135 3618 4182 et
3638 4131 3770 4206 Deus

2195 4203 2532 4277 angelorum
2550 4211 2935 4263 ethominum.
2949 4207 3150 4260 Omnis
3168 4218 3286 4258 una
3295 4205 3516 4277 civitas,
3533 4203 3770 4277 omniuui

2196 4270 2353 4337 unus
2379 4285 2660 4336 Dominus
2698 4288 2756 4336 et
2797 4284 2951 4334 Deus
2984 4279 3196 4344 (Ephes.
3221 4278 3306 4340 4.).
3334 4275 3480 4340 Qdid
3505 4281 3612 4338 est,
3637 4270 3771 4338 quod

2195 4356 2549 4416 audivimus,
2574 4360 2632 4408 et
2654 4355 2946 4406 vidimus?
2969 4351 3232 4414 sequitur
3253 4353 3311 4401 et
3326 4349 3462 4399 dicit
3479 4361 3490 4397 :
3508 4347 3649 4396 Deus
3659 4345 3771 4416 [ωιτ-

2197 4429 2342 4478 davit
2376 4443 2490 4477 eam
2519 4415 2539 4478 :7
2569 4439 2688 4478 non
2723 4426 2796 4476 ad
2836 4429 3064 4488 tempus
3091 4423 3236 4472 sicut
3272 4422 3649 4484 Synagogam,
3690 4415 3770 4465 sed

2201 4501 2260 4549 in
2291 4505 2450 4550 aeter-n
2459 4515 2569 4548 um.
2596 4497 2860 4550 Fundare
2875 4497 2998 4560 Dei,
3015 4499 3106 4546 est
3126 4491 3663 4546 incommutabiliter
3676 4492 3769 4560 sta-

2201 4571 2380 4623 bilire.
2405 4571 2450 4622 Ο
2481 4572 2647 4622 beata
2676 4567 2929 4620 Ecclesia
2953 4569 2964 4616 ι
2987 4558 3244 4629 quodam
3270 4567 3518 4628 tempore
3549 4558 3767 4616 audivit.

2203 4643 2454 4708 quodam
2472 4646 2724 4705 tempore
2739 4639 2902 4692 vidit.
2919 4637 3158 4692 Audivit
3168 4638 3226 4688 in
3241 4629 3766 4708 promissionegidit

2199 4705 2262 4766 in
2285 4714 2661 4766 exhibitione.
2685 4709 2925 4764 Audivit
2950 4710 3012 4761 in
3035 4705 3501 4772 Prophetia,vidit
3525 4705 3585 4756 in
3609 4705 3763 4755 Evan-

2195 4787 2362 4852 gelio.
2384 4785 2592 4838 Omnia
2614 4795 2747 4848 qua:
2763 4783 2936 4834 modo
2953 4779 3327 4852 complentur,
3355 4783 3524 4830 antea
3545 4775 3763 4852 praphe-

2197 4846 2370 4910 tizata
2381 4861 2539 4911 sunt.
2568 4846 2858 4908 Fundavit
2897 4857 3095 4906 autem
3117 4851 3410 4904 civitatem
3437 4861 3621 4913 suam,
3649 4846 3762 4898 mit-

2195 4929 2369 4982 tendo
2387 4929 2592 4981 Filium
2609 4939 2800 4990 suum,
2819 4931 2885 4978 ut
2901 4927 3090 4979 omnis
3115 4924 3212 4990 qui
3235 4923 3414 4976 credit
3429 4922 3486 4974 in
3503 4923 3641 4986 ipso,
3664 4928 3761 4970 non

2193 5005 2402 5067 pereat,
2433 5002 2534 5052 sed
2557 5001 2769 5052 habeat
2788 5000 2968 5051 vitam
3007 5003 3300 5050 aeternam.
3329 4997 3399 5047 Et,
3422 4995 3544 5067 ipse
3565 4995 3761 5067 Salvator

2195 5064 2380 5124 iactus
2413 5079 2503 5124 est
2537 5071 2930 5123 misericordia
2969 5072 3184 5122 nostra.
3211 5071 3291 5120 De
3325 5079 3440 5130 quo
3465 5066 3643 5118 eidem
3663 5064 3758 5114 Do-

2191 5145 2347 5196 mino
2375 5144 2446 5195 ad
2464 5144 2696 5196 laudem
2730 5143 2912 5207 ipsius
2938 5141 3192 5194 Ecclesia
3213 5139 3351 5191 dicit
3381 5153 3392 5189 :

2256 5215 2342 5270 10.
2364 5216 2704 5279 Suscepimus
2733 5205 2872 5264 Deus
2897 5212 3328 5262 misericordiam
3351 5215 3502 5260 tuam
3527 5209 3584 5258 in
3612 5205 3756 5256 medio

2193 5287 2375 5352 templi
2400 5289 2504 5340 tui.
2522 5290 2673 5339 Bene
2689 5286 3072 5339 misericordia
3091 5285 3198 5337 Dei
3213 5284 3420 5336 dicitur
3443 5282 3635 5344 Filius,
3656 5280 3754 5340 quia

2190 5446 2318 5480 rum
2333 5430 2408 5481 ad
2439 5431 2750 5481 Marcellam
2773 5437 2819 5480 et
2843 5431 2903 5480 in
2934 5429 3086 5480 libris
3111 5428 3503 5478 Hebraica'ru-m
3528 5423 3750 5484 Questio-

2190 5518 2350 5554 num.
2373 5505 2590 5555 Revera
2604 5503 2696 5554 his
2719 5502 2879 5567 locis,
2903 5503 3025 5554 sive
3041 5503 3220 5566 Epist.
3234 5498 3319 5554 37.
3346 5499 3416 5550 ad
3443 5495 3749 5552 Marcellam,

2191 5579 2248 5625 et
2269 5575 2670 5634 Quaestionum
2694 5575 2754 5626 in
2779 5577 2982 5626 Genes.
3009 5587 3129 5638 cap.
3155 5573 3240 5626 10.
3255 5572 3317 5622 in
3330 5570 3438 5621 alia
3457 5567 3748 5621 omniaabit.

2191 5658 2322 5708 quae
2345 5648 2582 5698 recitare
2603 5660 2723 5698 non
2745 5652 2932 5700 vacat.
2950 5649 3014 5698 In
3032 5637 3466 5697 Commentariis
3482 5649 3694 5708 quoque
3707 5637 3748 5708 in

2189 5705 2397 5769 Isaiam
2418 5718 2518 5781 libt
2558 5723 2614 5770 et
2636 5731 2756 5783 cap.
2791 5720 2859 5769 II.
2886 5719 3140 5782 itemque
3163 5717 3257 5768 lib.
3297 5715 3499 5766 XVIII.
3537 5724 3649 5776 cap.
3677 5705 3744 5762 66.

2187 5789 2428 5840 Tharsis
2449 5789 2682 5842 nomine
2698 5805 2849 5840 mare
2872 5790 3036 5848 ἁπλῶς
3059 5785 3386 5856 signiﬁcari,
3416 5797 3488 5838 ex
3511 5784 3746 5856 Hebre»-

2186 5862 2666 5985 {xuﬁwsententim
2711 5863 2804 5917 vel
2844 5863 3021 5917 Indiae
3069 5853 3360 5928 regionem
3409 5859 3574 5924 juxta
3608 5853 3743 5911 alios,

2319 5946 2338 5984 ι
2369 5968 2379 5980 .

2215 5944 2379 5985 radit.
