3884 6396
485 378 589 432 839

1538 365 1804 418 RUFINO
1843 364 2303 417 PRESBYTERO
2339 366 2725 417 ASCRIPTUS

3673 366 3768 417 840

487 493 582 551 sit,
606 488 841 553 quando
858 486 1109 537 viderint
1138 495 1254 545 eos,
1267 482 1366 546 qui
1389 482 1573 532 Deum
1599 490 1717 528 non
1732 476 1949 553 colunt,
1970 476 2082 538 pol-
2105 481 2159 551 Α
2245 476 2408 553 4.__03
2434 491 2750 553 meumuoa
2789 477 3038 540 loquatur
3068 479 3412 543 sapientiam,
3439 483 3484 553 et
3504 476 3768 553 meditatio

482 550 597 616 lere
618 550 793 623 atque
818 560 1019 609 florere
1038 555 1329 607 fcelicitate
1352 558 1607 603 terrena:
1630 561 1692 623 se
1712 552 1903 598 autem
1924 550 2079 623 boum

486 619 742 685 colentes
768 632 1016 680 laborare
1033 628 1089 676 in
1114 625 1418 688 angustiis,
1441 620 1720 684 ‘jejuniis,
1745 619 2083 680 creterisque

485 703 917 757 diﬂlcultatibus
964 698 1325 748 mortalitatis
1360 695 1651 745 humanae.
1699 692 1905 740 Contra
1930 690 2083 739 hunc

488 775 755 827 morbum
770 782 957 821 sermo
969 768 1203 819 divinus
1222 766 1473 829 loquitur
1493 763 1659 814 nobis
1675 762 1735 811 in
1750 760 1859 811 hoc
1871 763 2080 821 psalmo.

725 875 1113 940 TITULUS'
1153 872 1474 937 PSALMI
1532 868 1837 933 XLVIII.

549 1001 593 1045 1.
615 995 809 1041 Titulus
826 994 936 1039 talis
949 992 1107 1053 est,ln
1127 989 1431 1052 ﬁnem/iliis
1450 984 1871 1053 Chorepsatmus
1888 984 2080 1053 David.

485 1060 711 1107 Psalmus
744 1057 835 1101 iste
870 1048 1103 1103 convenit
1127 1048 1587 1110 'David’prophetze,
1613 1050 1701 1107 qui
1733 1048 1811 1092 hic
1841 1049 2081 1110 loquitur,

482 1120 768 1180 propositus
794 1120 915 1164 ﬁliis
941 1118 1099 1164 Chore
1117 1117 1175 1161 ad
1197 1114 1601 1180 intelligendum.
1630 1111 2082 1180 Materiatlhristtis

481 1173 589 1240 est;
612 1195 709 1227 non
737 1182 1004 1236 malorum,
1039 1180 1123 1225 sed
1145 1180 1395 1235 justorum
1424 1177 1733 1232 Redemptor.
1764 1173 1847 1218 Vel
1876 1173 2086 1220 materia

477 1261 547 1301 est
765 1256 1076 1306 contemptus
1100 1250 1295 1295 mundi.
1324 1249 1375 1292 In
1404 1248 1563 1303 prima
1589 1250 1724 1301 parte
1750 1244 1889 1299 ponit
1916 1244 2080 1298 prolo-

482 1315 693 1382 gumjad
713 1321 1194 1367 commendationi-ni
1220 1319 1288 1363 rei
1317 1331 1465 1374 quam
1484 1317 1711 1359 tiit‘illi'llS
1729 1320 1818 1359 est.
1836 1315 1888 1357 In
1909 1326 2083 1382 serun-

484 1376 545 1432 da
572 1376 707 1444 parte
732 1384 963 1441 proponit
988 1383 1241 1426 Christum
1268 1381 1666 1444 Redemptorem,
1694 1389 1792 1444 non
1831 1376 2077 1419 malorum

482 1455 527 1494 et
547 1438 1048 1503 saeculi—animorum,
1085 1444 1169 1487 sed
1194 1444 1466 1498 justorum,
1494 1445 1539 1484 et
1563 1441 1614 1483 in
1645 1438 1978 1503 eademgparte
2003 1451 2078 1480 re-

482 1510 799 1569 prehendens
813 1507 949 1551 stulti
962 1501 1075 1550 tiam
1091 1519 1281 1557 eorum,
1299 1503 1565 1569 notatAvani
1578 1506 1713 1569 tates,
1729 1501 1917 1569 quibus
1944 1512 2077 1543 auta-

483 1562 611 1617 iores
652 1573 797 1616 istius
831 1568 1003 1614 smeuli
1043 1573 1161 1613 sunt
1195 1567 1391 1611 intenti.
1438 1566 1489 1609 lu
1521 1566 1662 1608 tertia
1690 1568 1825 1619 parte
1852 1562 2079 1604 admonet

477 1635 639 1691 justos
652 1645 917 1690 pauperes,
934 1644 995 1675 ne
1012 1636 1186 1675 curent
1211 1631 1331 1674 istos
1352 1628 1532 1671 divites
1551 1626 1695 1691 :quia
1722 1625 1817 1691 t‘ilo
1846 1623 2080 1691 peribunt

480 1685 1174 1741 eorum-divitiae.Intendunt
1208 1697 1371 1735 autem
1409 1688 1629 1746 Apostoli
1658 1686 1735 1730 vel
1762 1686 1999 1743 Propheta
2028 1685 2078 1728 iu

480 1759 571 1803 hoc
596 1757 807 1815 psalmo,
823 1756 1061 1801 omnesin
1084 1753 1180 1799 ﬁde
1205 1755 1494 1809 existentes,
1517 1757 1610 1815 tam
1630 1762 1688 1793 ex
1712 1748 1900 1793 JUtitUiS
1924 1759 2075 1815 quam

478 1833 537 1865 ex
556 1810 817 1877 Gentibus,
847 1824 940 1862 tam
964 1816 1146 1860 liberos
1164 1828 1312 1872 quam
1328 1828 1496 1858 servos
1509 1814 1874 1877 cujuscumque
1898 1810 2070 1852 condi-

478 1883 630 1926 tionis
657 1882 778 1939 sint,
804 1874 1056 1924 dehortari
1097 1877 1157 1920 ab
1181 1878 1403 1933 appetitu
1433 1881 1741 1939 terrenorum
1760 1874 1826 1939 ad
1855 1884 2071 1939 amorem

478 1934 778 1989 ccelestium;
801 1943 853 1986 Et
878 1943 951 1986 sic
977 1952 1075 1984 non
1102 1940 1195 1983 erit
1214 1941 1263 1983 in
1284 1940 1363 1981 die
1385 1936 1879 1993 judiciitimendum.
1902 1934 1955 1977 In
1974 1934 2072 1988 pri-

478 2008 575 2051 mis
591 2004 944 2051 autemmultis
970 2002 1254 2046 faciunteos
1269 2003 1496 2055 attentos,
1520 2004 1621 2041 tum
1636 1997 1757 2054 quia
1782 1995 2071 2053 prudenter,

478 2069 527 2112 id
548 2073 619 2112 est
650 2067 904 2112 moraliter
933 2065 1006 2109 eis
1029 2063 1331 2119 loquuntur:
1363 2067 1465 2105 tum
1492 2061 1610 2117 quia
1629 2058 1939 2115 parabolice:
1970 2062 2071 2100 tum

480 2132 628 2174 etiam
656 2130 777 2187 quia
802 2126 929 2172 illud
948 2124 1463 2187 amagistroiinterius
1480 2120 2071 2187 praesidenteaddisceut,

484 2197 528 2237 et
556 2183 689 2250 quod
728 2191 844 2236 aliis
870 2202 986 2233 voce
1010 2186 1375 2245 praedicabunt,
1402 2198 1551 2242 opere
1577 2183 1917 2240 complebunt.

905 2279 1304 2345 PSALMUS
1347 2277 1648 2342 XLVIII.

538 2389 589 2444 2.
608 2391 807 2441 Audite
833 2390 939 2438 haec
962 2403 1144 2437 omnes
1168 2393 1357 2450 gentes,
1376 2385 1601 2434 auribus
1618 2383 1868 2448 percipile
1894 2397 2074 2431 omnes

478 2464 574 2525 qui
605 2462 861 2511 habitatis
885 2460 1079 2509 orbem.
1098 2458 1257 2518 Quod
1283 2458 1426 2519 dico,
1444 2456 1684 2505 Auribus
1697 2455 1968 2519 percipitc,
1986 2458 2074 2499 hoc

477 2538 585 2596 est,
614 2533 790 2585 nolite
814 2535 1181 2583 tranSeunter
1196 2529 1414 2580 audire.
1441 2528 1599 2578 Sicut
1620 2532 1711 2576 est
1730 2539 1864 2588 ergo
1889 2526 2081 2586 aliqua

478 2604 769 2655 distinctio
793 2605 944 2653 inter
966 2602 1181 2663 Audite,
1216 2605 1275 2651 et
1310 2598 1549 2648 Auribus
1576 2598 1830 2661 pereipitc
1854 2615 1864 2644 :
1891 2597 1970 2647 ita
1992 2598 2081 2646 est

477 2675 773 2725 distinctio
821 2673 1015 2736 aliqua
1050 2672 1197 2722 inter
1220 2685 1401 2719 omnes
1424 2675 1617 2732 gentes,
1642 2674 1699 2719 et
1731 2667 2080 2717 habitatores

479 2746 652 2797 orbis.
683 2744 1114 2808 Signiﬁcantius
1137 2744 1289 2793 enim
1317 2742 1442 2793 vult
1463 2739 1901 2801 nosintelligere
1928 2738 2079 2800 quod

476 2818 572 2877 ait,
601 2818 814 2869 Omnes
840 2818 935 2880 qui
964 2816 1243 2866 habitatis
1284 2815 1480 2864 orbem
1517 2825 1529 2861 :
1566 2815 1629 2861 ut
1650 2815 1847 2874 gentes
1870 2809 2083 2859 intelli-

478 2902 706 2954 gamus,
745 2900 946 2939 omnes
972 2888 1202 2949 iniquos
1238 2902 1250 2936 :
1294 2885 1643 2936 habitatores
1688 2886 1882 2932 autem
1908 2881 2079 2954 orbis,

478 2953 678 3012 Omnes
700 2961 907 3023 justos.
934 2961 1077 3009 Nam
1096 2959 1193 3020 qui
1217 2957 1439 3007 habitat
1461 2968 1578 3005 non
1605 2956 1844 3003 tenetur.
1865 2953 2079 3012 Quiau-

479 3037 594 3083 tem
626 3033 729 3096 (Ex
763 3032 1088 3095 Augustino)
1124 3034 1363 3091 tenetur,
1409 3039 1527 3077 non
1566 3026 1823 3077 habitat:
1853 3026 1952 3075 sed
1978 3025 2083 3075 ha-

480 3105 709 3155 bitatur.
730 3105 846 3154 Ista
876 3103 1051 3155 verba
1084 3101 1335 3152 audituri
1355 3104 1647 3149 erantnon
1666 3098 1848 3147 solum
1878 3109 2078 3159 pecca-

479 3180 631 3227 tores
656 3180 715 3226 et
736 3175 913 3238 impii,
934 3174 1036 3225 sed
1060 3178 1119 3224 et
1136 3172 1297 3236 justi.
1324 3170 1610 3221 Permixte
1646 3169 1816 3218 modo
1837 3169 2080 3218 audiunt

475 3259 698 3310 omnes,
717 3247 819 3296 sed
844 3258 974 3296 cum
1000 3248 1235 3295 ventum
1255 3242 1425 3294 l'uerit
1447 3241 1519 3291 ad
1538 3241 1882 3291 reddendam
1909 3241 2080 3289 ratio-

473 3330 626 3379 nem,
656 3318 1080 3380 separabantur
1117 3315 1216 3377 qui
1246 3314 1372 3363 sine
1414 3325 1621 3363 caussa
1653 3310 1973 3369 audierunt,
2006 3311 2079 3360 ab

474 3389 585 3440 illis
613 3389 713 3451 qui
734 3389 973 3438 auribus
992 3389 1384 3451 perceperunt.
1406 3384 1651 3433 Audiam
1671 3395 1803 3443 ergo
1824 3386 2080 3443 peccato-

476 3462 718 3510 reS.Hoc
749 3464 839 3510 est
855 3459 1009 3522 quod
1047 3459 1144 3517 ait,
1181 3456 1379 3505 Audite
1407 3455 1512 3501 haec
1528 3468 1709 3502 omnes
1732 3458 1923 3514 gentes.
1959 3454 2078 3503 Au-

474 3531 641 3581 diant
666 3535 723 3581 et
743 3531 907 3593 justi,
934 3528 1034 3591 qui
1056 3541 1175 3579 non
1202 3527 1322 3577 sine
1348 3537 1556 3576 caussa
1579 3524 1898 3583 audierunt,
1918 3528 1974 3573 et
1998 3538 2077 3574 re-

473 3604 619 3665 gunt
640 3603 833 3664 potius
863 3606 1095 3663 terram,
1121 3611 1293 3661 quam
1327 3602 1599 3659 regantur
1617 3607 1652 3645 a
1676 3600 1839 3645 terra.
1868 3597 1935 3644 Et
1968 3596 2076 3645 hoc

473 3678 564 3722 est
579 3672 732 3734 quod
751 3670 1072 3735 subjungit,
1086 3669 1324 3717 Auribus
1336 3668 1591 3732 percipite
1603 3682 1725 3715 onm
1735 3681 1784 3715 es
1808 3668 1901 3729 qui
1921 3666 2077 3714 habi-

477 3743 600 3791 tatis
622 3742 817 3792 orbem.
845 3744 915 3793 Et
937 3742 1142 3791 iterum
1169 3740 1305 3790 dicit
1332 3754 1343 3788 :

538 3812 587 3868 3.
605 3815 814 3876 Quique
836 3814 1129 3875 terrigena,
1154 3816 1199 3859 et
1222 3811 1326 3873 [itii
1350 3810 1659 3859 hominum.
1688 3808 1943 3870 Quodait
1971 3809 2075 3872 (Ea:

471 3886 669 3947 eodem)
708 3886 1017 3948 Terrigenw,
1043 3884 1114 3933 ad
1137 3886 1466 3946 peccatores
1485 3880 1693 3931 retulit.
1721 3881 1880 3940 Quod
1894 3881 1988 3937 ait,
2008 3882 2074 3929 Et

467 3957 572 4017 ﬁlii
596 3956 907 4015 hominum,
932 3956 1003 4006 ad
1028 3955 1227 4005 fideles
1244 3954 1525 4017 etjustos.
1547 3952 1766 4003 Videtis
1793 3966 1925 4013 ergo
1940 3954 2072 4015 quia

438 4088 448 4094 _
473 4029 864 4079 servaturista
890 4027 1196 4078 distinctio.
1213 4026 1318 4085 Qui
1336 4029 1474 4076 sunt
1489 4038 1622 4087 ergo
1648 4024 1936 4085 terrigenae,
1959 4025 2071 4074 nisi

467 4099 567 4147 ﬁlii
594 4099 915 4160 terraeiQui
934 4103 1071 4149 sunt
1092 4097 1191 4147 ﬁlii
1214 4101 1380 4147 terra)
1398 4100 1421 4145 Ρ
1441 4097 1545 4157 Qui
1574 4095 1942 4145 haaredxtates
1971 4103 2069 4142 ter-

465 4182 634 4219 renas
660 4170 960 4232 requirunt
988 4172 1124 4230 :Qui
1151 4173 1289 4218 sunt
1303 4168 1406 4229 [itii
1433 4168 1617 4215 homin
1632 4182 1719 4212 um
1732 4166 1881 4226 γριιὶ
1904 4168 2069 4228 perti-

466 4244 609 4291 nent
624 4240 697 4290 ad
722 4241 903 4291 tilium
928 4240 1194 4290 hominis.
1218 4238 1543 4301 Aliquando
1566 4237 1712 4299 l"iam
1731 4237 1841 4286 ἰδία
1865 4238 2072 4287 distin-

467 4312 665 4362 ximus
691 4312 984 4362 sanctitati
1008 4317 1234 4363 vestrze.
1273 4313 1341 4361 Et
1364 4308 1697 4359 invenimus
1724 4311 1860 4369 quia
1884 4309 2069 4359 Adam

466 4383 641 4435 homo
659 4389 793 4443 erat,
826 4383 975 4433 Illius
1001 4382 1251 4433 hominis
1274 4395 1394 4433 non
1418 4384 1555 4430 erat.
1576 4382 1643 4429 Et
1662 4380 1811 4429 Deus
1833 4393 1947 4429 non
1967 4390 2067 4427 erat

464 4455 588 4518 ipse
611 4455 827 4506 Adam:
862 4454 1124 4505 Christus
1154 4460 1345 4504 autem
1380 4455 1437 4503 et
1466 4451 1619 4501 illius
1652 4451 1903 4501 hominis
1928 4458 2066 4515 erat,

464 4532 522 4576 et
545 4528 699 4578 Deus
730 4529 865 4578 erat.
895 4528 1248 4589 Quicumque
1272 4524 1559 4589 pertinent
1582 4523 1651 4573 ad
1675 4522 1878 4584 Adam,
1915 4524 2063 4569 terri-

462 4613 629 4660 genae:
647 4600 999 4661 quicumque
1024 4600 1310 4660 pertinent
1331 4596 1401 4647 ad
1428 4596 1739 4655 Christum,
1763 4595 1862 4655 ﬁlii
1884 4594 2061 4642 homi-

463 4683 618 4719 num.
646 4670 859 4719 Omnes
876 4675 1068 4719 tamen
1084 4670 1335 4719 audiant.
1356 4670 1475 4730 Ego
1493 4666 1666 4716 nullis
1679 4666 1953 4715 subtraho
1966 4681 2063 4711 ser-

462 4752 694 4790 monem
717 4753 933 4790 meum.
951 4740 1254 4802 Terrigena
1275 4742 1400 4789 est?
1424 4739 1633 4789 Audiat
1658 4741 1885 4800 propter
1906 4736 2059 4798 judi-

461 4810 633 4862 cium.
666 4811 843 4860 Filius
874 4811 1122 4861 hominis
1169 4812 1520 4862 est‘2Audiat
1544 4813 1774 4872 propter
1797 4819 2058 4869 regnum.

462 4880 642 4945 Simul
668 4883 727 4929 in
754 4896 932 4930 unum
950 4884 1090 4930 dives
1113 4888 1157 4930 et
1170 4898 1397 4947 pauper.
1424 4884 1636 4931 lterum
1659 4881 1785 4944 ipsa
1810 4883 1948 4928 sunt
1975 4891 2063 4928 re-

460 4956 653 5018 petita.
683 4955 846 5016 Quod
871 4955 968 5018 ait,
994 4955 1250 5017 Dii-eaad
1278 4956 1594 5017 terrigenas
1620 4949 2061 5016 pertinet.Quod

460 5032 653 5077 autem
680 5028 916 5091 Pauper,
942 5027 1011 5077 ad
1039 5026 1184 5078 ﬁlios
1209 5027 1529 5077 hominum.
1564 5024 1783 5073 Divites
1808 5022 2061 5084 intellige

464 5103 775 5162 superbos:
805 5112 1083 5163 pauperes
1100 5098 1367 5150 humiles.
1387 5098 1610 5147 Habeat
1637 5092 1808 5159 242
1847 5096 2060 5143 multas

462 5167 765 5221 facultates
797 5171 1184 5234 pecuniarum,
1211 5170 1259 5219 si
1284 5170 1342 5219 in
1358 5168 1440 5218 eis
1465 5179 1580 5217 non
1603 5168 1895 5217 extollitur
1919 5177 2062 5223 pau-

460 5247 675 5304 perest.
700 5244 824 5293 Non
838 5242 1050 5294 habeat
1072 5240 1307 5304 aliquid,
1336 5240 1529 5301 cupiat
1559 5244 1617 5289 et
1639 5239 2063 5299 inﬂetur,lnter

460 5311 667 5363 divites
709 5315 981 5376 reprobos
1026 5313 1264 5376 deputat
1296 5323 1427 5360 eum
1463 5311 1636 5361 Deus.
1684 5313 1751 5360 Et
1774 5310 1981 5360 divites
2006 5310 2062 5359 et

460 5385 808 5446 pauperesin
825 5386 995 5435 corde
1011 5385 1320 5443 interrogat
1336 5383 1635 5433 Dominus.
1658 5383 1781 5432 Non
1802 5394 1977 5445 parva
2000 5392 2062 5430 se

459 5454 739 5517 Propheta
766 5456 1058 5506 dicturum
1092 5456 1365 5514 insinuat,
1394 5468 1527 5504 cum
1556 5459 1771 5505 tantam
1799 5453 2061 5503 omnium

459 5523 627 5576 faciat
669 5526 1125 5579 advoccitionem.
1176 5528 1244 5575 Et
1267 5525 1425 5590 ponit
1458 5539 1740 5587 caussam,
1771 5538 1945 5590 quare
1969 5524 2061 5576 de-

457 5594 588 5646 beat
611 5597 795 5649 audiri
819 5611 951 5649 cum
984 5597 1181 5648 subdit
1208 5611 1220 5647 :

528 5756 543 5774 ·
576 5747 753 5799 Penes
775 5750 1189 5813 Augustinum,
1216 5751 1273 5799 in
1299 5749 1712 5799 necessitatibus.

527 5815 548 5844 ³³
565 5818 631 5867 In
653 5815 1007 5883 expositione
1024 5822 1235 5873 Psalmi
1266 5824 1409 5873 VIII.
1443 5822 1639 5873 itidem
1664 5834 1736 5871 ex
1761 5823 2060 5879 Augustino.

466 5886 641 5939 Paulo
664 5894 858 5942 autem
873 5898 1003 5954 post
1018 5893 1246 5945 videtur
1263 5894 1466 5944 Noster
1489 5896 1684 5956 verba,
1697 5892 1765 5941 Et
1788 5893 1929 5940 Deus
1954 5907 2060 5940 non

2105 1848 2156 1921 B

2088 4631 2146 4703 D

2182 548 2358 596 cordis
2372 549 2860 612 meiprudentiam.
2883 550 3171 612 Saipentia
3194 555 3279 599 est
3305 548 3553 611 cognitio
3578 551 3767 595 divinu-

2182 632 2329 670 rum.
2358 621 2663 670 Prudentia
2683 626 2769 670 est
2794 622 2863 671 de
2882 622 3256 671 instructione
3282 633 3525 670 morum.
3558 621 3623 669 Et
3647 633 3770 682 pro-

2183 692 2355 754 pheta
2378 691 2471 741 vel
2509 692 2766 755 Apostoli
2813 692 2903 741 hic
2930 694 3275 743 annuntiant
3301 692 3655 754 sapientiam,
3682 692 3771 740 ubi

2182 763 2469 812 Christum
2494 764 2697 813 Filium
2736 764 2834 813 Dei
2859 764 3115 813 omnium
3144 763 3573 826 Redemptorem
3595 764 3773 819 justo-

2181 845 2305 881 rum
2325 834 2691 883 annuntiant.
2718 835 2903 884 Mores
2928 834 3253 893 informant,
3282 847 3409 883 cum
3437 832 3773 882 docenthaec

2184 908 2409 953 terrena
2434 916 2548 953 non
2574 918 2699 954 esse
2714 906 3056 967 appetenda,
3084 910 3143 956 et
3166 906 3411 955 divitum
3437 902 3670 953 divitias
3686 915 3775 951 ne-

2181 973 2498 1036 gligendas.
2535 976 2673 1025 Haec
2706 980 2899 1025 autem
2942 989 3057 1025 non
3089 976 3247 1039 puris
3285 975 3446 1025 labiis
3477 987 3539 1023 se
3564 974 3773 1023 dixisse

2184 1046 2577 1107 pronuntiant,
2593 1046 2692 1095 sed
2722 1046 3010 1109 meditate,
3031 1052 3097 1097 ut
3120 1046 3410 1096 auditores
3426 1048 3610 1107 magis
3624 1052 3774 1090 atten-

2185 1120 2272 1166 tos
2297 1115 2558 1165 reddant.
2588 1117 2724 1166 llaec
2756 1117 2925 1166 etiam
2950 1129 3063 1166 non
3089 1130 3122 1167 a
3145 1116 3366 1179 seipsis,
3394 1116 3492 1165 sed
3518 1114 3775 1165 interiore

2181 1186 2473 1249 magistro,
2523 1186 2798 1236 videlicet
2830 1187 3041 1249 Spiritu
3068 1189 3292 1247 Sancto,
3320 1187 3515 1237 audire
3545 1190 3603 1235 et
3627 1184 3774 1245 loqui

2183 1271 2244 1307 se
2270 1257 2534 1317 asseruit,
2560 1270 2689 1306 cum
2717 1259 3030 1319 subjungit,

2244 1327 2294 1380 5.
2310 1328 2584 1375 Inclinatio
2602 1328 2659 1375 in
2680 1330 2999 1390 parabolam
3023 1344 3210 1376 aurem
3231 1344 3426 1386 meum,
3446 1328 3695 1390 aperiam
3724 1330 3771 1376 in

2180 1399 2431 1462 psalterio
2454 1400 2875 1462 propositionem
2909 1415 3102 1447 meam.
3132 1403 3193 1448 ln
3226 1400 3773 1461 parabolam'aurem

2178 1470 2469 1528 inclinare,
2497 1474 2585 1518 est
2609 1471 2868 1519 eamdem
2896 1470 3224 1532 parabolam
3251 1470 3543 1519 humiliter
3578 1469 3772 1519 audire

2182 1542 2394 1603 (Matth.
2424 1540 2551 1599 “23.).
2598 1549 2780 1600 Quam
2807 1554 2923 1591 non
2961 1542 3224 1601 audiunt,
3266 1541 3365 1603 qui
3411 1554 3527 1590 non
3570 1540 3773 1589 faciunt

2182 1614 2332 1673 quod
2364 1612 2589 1661 dicunt:
2610 1612 2807 1674 quales
2837 1616 2999 1662 erant
3024 1613 3312 1673 Pharismi,
3338 1624 3484 1674 quos
3508 1612 3647 1661 dicit
3672 1614 3776 1661 Do-

2180 1683 2372 1732 minus
2397 1686 2593 1733 sedere
2642 1696 2810 1746 super
2847 1684 3172 1733 cathedram
3209 1685 3388 1745 Moysi
3428 1683 3643 1745 (litauit.
3688 1682 3773 1744 5.).

2178 1754 2282 1813 Qui
2308 1762 2473 1803 veroc
2501 1754 2700 1803 doctor
2724 1758 2811 1803 est
2843 1754 2947 1815 (Ea:
2970 1756 3296 1815 Augustino)
3322 1759 3514 1803 etnon
3539 1753 3773 1814 auditor,

2180 1824 2339 1873 alteri
2360 1824 2610 1886 prodest,
2638 1825 2747 1873 sibi
2781 1837 2897 1874 non
2929 1828 3177 1889 prodest.
3205 1826 3518 1883 Quiautem
3547 1824 3774 1883 faciunt,

2181 1899 2237 1945 et
2272 1896 2354 1944 sic
2379 1895 2612 1945 dicunt:
2655 1896 2896 1945 audiunt
2942 1897 3097 1958 quod
3142 1897 3359 1945 dicunt.
3406 1897 3475 1945 Et
3506 1895 3637 1945 ideo
3669 1896 3777 1945 tru-

2181 1971 2379 2016 ctuose
2404 1966 2606 2016 dicunt
2631 1968 2781 2029 quod
2808 1968 3069 2017 audiunt.
3093 1966 3241 2017 Talis
3267 1971 3387 2017 erat
3409 1969 3517 2017 iste
3544 1967 3634 2016 vir
3659 1979 3775 2015 san-

2176 2042 2324 2087 ctus.
2346 2039 2448 2097 Qui
2462 2038 2618 2100 prius
2637 2038 2962 2100 parabolam
2982 2038 3271 2088 humiliter
3293 2037 3471 2097 audit,
3490 2042 3776 2099 quatenus

2176 2109 2497 2159 instructus
2518 2109 2785 2160 interiore
2802 2111 3097 2171 magistro,
3117 2110 3322 2159 deinde
3338 2109 3556 2171 aperiat
3580 2122 3776 2171 prepo—

2179 2179 2448 2229 sitionem
2474 2193 2639 2229 suam
2665 2181 2723 2229 in
2750 2181 3035 2243 psalterio.
3058 2180 3345 2230 Parabolaa
3372 2178 3778 2229 suntsimilitu-

2178 2250 2344 2300 dines
2362 2263 2569 2311 rerum,
2594 2264 2726 2313 QUEB
2752 2256 3157 2313 comparantur
3170 2252 3340 2301 rebus
3353 2250 3421 2301 de
3446 2250 3661 2313 quibus
3677 2253 3776 2308 agi-

2180 2327 2290 2372 tur.
2311 2322 2730 2383 Propositiones
2750 2322 3271 2384 suntqutestiones,
3289 2322 3572 2383 inquibus
3590 2322 3775 2380 aliquid

2180 2397 2269 2443 est
2294 2394 2445 2454 quod
2485 2392 2873 2455 disputatione
2919 2392 3261 2442 solvendum
3292 2393 3383 2441 sit.
3409 2396 3595 2453 Quare
3628 2390 3781 2441 audit

2181 2463 2509 2526 parabolam
2524 2468 2546 2513 Ρ
2564 2466 2706 2523 Quia
2724 2464 2985 2513 videmus
3002 2478 3157 2513 nunc
3170 2477 3267 2525 per
3286 2463 3582 2527 speculum
3596 2462 3653 2511 in
3670 2465 3780 2507 teni-

2180 2539 2392 2597 gmate,
2421 2534 2569 2583 sicut
2588 2535 2726 2583 dicit
2744 2534 3075 2597 Apostolus.
3101 2535 3363 2594 Quandtu
3381 2534 3473 2582 hic
3488 2536 3775 2592 peregrina-

2182 2618 2314 2655 mur
2337 2620 2371 2655 a
2395 2607 2657 2666 Domino,
2676 2607 2933 2655 nondum
2961 2608 3049 2655 est
3076 2605 3172 2655 illa
3186 2605 3329 2655 visio
3346 2610 3544 2654 nostra
3562 2604 3697 2653 facie
3720 2605 3773 2648 ad

2186 2678 2405 2737 faciem,
2427 2677 2523 2726 ubi
2542 2689 2663 2741 Jam
2685 2690 2799 2727 non
2826 2681 2965 2725 sunt
2989 2677 3271 2739 parabolae
3289 2688 3476 2738 neque
3493 2679 3773 2725 aznizzmata.

2186 2761 2369 2811 neque
2396 2748 2818 2798 similitudines.
2842 2749 3104 2809 Aﬁnigma
3130 2752 3218 2797 est
3234 2750 3478 2798 obscura
3495 2747 3773 2809 parabola,

2185 2832 2318 2881 quae
2347 2818 2577 2869 ditllcile
2603 2819 2953 2881 intelligitur.
2978 2819 3034 2869 Si
3057 2830 3191 2881 ergo
3214 2819 3273 2868 in
3298 2820 3608 2881 aenigmate
3635 2816 3775 2867 vide-

2183 2903 2335 2950 mus,
2362 2890 2704 2940 inclinemus
2742 2891 2800 2939 in
2832 2889 3156 2952 parabolam
3185 2902 3385 2939 aurem
3408 2892 3687 2938 nostram.
3714 2888 3777 2937 Et

2186 2962 2269 3012 sic
2294 2962 2616 3024 aperiamus
2640 2962 2694 3011 in
2721 2962 2988 3024 psalterio
3022 2962 3463 3024 propositionem
3499 2964 3775 3010 nostram.

2185 3034 2506 3084 Audiamus
2523 3031 2678 3094 quod
2702 3033 2926 3094 dicitur,
2955 3034 3228 3082 faciamus
3253 3032 3405 3094 quod
3430 3032 3770 3094 praecipitur.

2179 3106 2439 3167 Aperiunt
2485 3104 2707 3165 (inquit)
2744 3105 3168 3166 propositionem
3212 3119 3386 3150 meam
3426 3104 3481 3150 in
3504 3104 3773 3165 psalterio,

2180 3177 2314 3237 quia
2338 3174 2491 3237 quod
2522 3187 2774 3238 propono
2798 3175 3281 3225 manifestandum
3306 3176 3367 3224 in
3398 3174 3627 3237 psalmo
3654 3174 3773 3235 hoc,

2107 3255 2155 3329 Ο
2180 3248 2379 3329 faciam
2430 3260 2547 3296 non
2573 3246 2757 3297 solum
2787 3248 2978 3329 verbo,
3023 3247 3123 3297 sed
3180 3246 3641 3329 etiam‘exemplo
3669 3262 3689 3324 :_
3716 3251 3774 3295 ut

2178 3319 2521 3382 quoddoceo
2553 3331 2665 3373 ore,
2696 3318 3011 3380 compleam
3036 3330 3221 3381 opere.
3242 3317 3576 3367 Psalterium
3604 3317 3770 3377 enim,

2177 3391 2230 3440 in
2251 3403 2364 3452 quo
2381 3390 2652 3439 manibus
2678 3389 2953 3439 feriuntur
2968 3389 3217 3451 chordte,
3238 3394 3300 3439 ut
3320 3388 3769 3447 audiaturmclos,

2178 3460 2325 3510 idest
2340 3462 2616 3523 psalmus,
2639 3462 2846 3511 bonam
2873 3461 3257 3523 operationem
3284 3459 3607 3520 signiﬁcare
3626 3470 3773 3520 saepe

2172 3532 2293 3595 jam
2318 3532 2591 3581 diximus.
2618 3534 2683 3581 In
2714 3533 2980 3595 psalterio
3004 3545 3139 3595 ergo
3164 3531 3609 3594 propositionem
3645 3542 3773 3592 ape—

2177 3608 2301 3662 rire,
2322 3604 2603 3654 estverba
2618 3616 2749 3665 quae
2769 3609 3057 3666 ponuntur
3073 3604 3339 3666 operibus
3362 3602 3771 3667 demonstrare.

2179 3674 2451 3723 Inclinatio
2478 3676 2532 3722 in
2550 3674 2869 3738 parabotam
2895 3690 3085 3723 aurem
3103 3690 3296 3724 meum.
3327 3680 3405 3723 Ac
3429 3673 3477 3723 si
3500 3673 3773 3737 dicat,au-

2176 3746 2330 3796 diam
2354 3747 2516 3796 inme
2540 3746 2811 3809 Spiritum
2836 3752 3101 3797 sanctum
3125 3747 3631 3808 loquentem,etea
3646 3754 3772 3807 quat

2175 3817 2368 3867 futura
2394 3821 2549 3877 sunt,
2570 3818 2628 3867 in
2648 3818 2928 3880 parabolis
2954 3821 3009 3868 et
3034 3816 3521 3882 prepositionibus
3550 3815 3773 3866 denun-

2178 3890 2433 3939 tiantem.
2468 3890 2757 3939 inclinabo
2782 3902 2916 3952 ergo
2941 3893 2997 3939 et
3023 3889 3335 3939 humiliabo
3351 3888 3411 3937 in
3433 3888 3584 3937 hanc
3609 3900 3770 3951 para—

2176 3960 2363 4010 bolam
2398 3974 2593 4012 aurem
2634 3974 2841 4017 meam,
2880 3973 3067 4023 neque
3091 3961 3159 4009 de
3184 3960 3294 4009 illis
3319 3972 3431 4021 ero,
3467 3958 3538 4009 de
3562 3959 3771 4022 quibus

2173 4031 2405 4083 dicitur:
2437 4033 2536 4083 Vae
2572 4032 2884 4095 prophetae,
2920 4032 3018 4095 qui
3044 4031 3344 4095 prOphetat
3367 4031 3437 4080 de
3462 4031 3635 4081 corde
3671 4043 3771 4081 suo

2174 4104 2375 4165 (Escclt.
2416 4103 2482 4156 -13
2507 4108 2539 4165 ).
2570 4106 2774 4154 Postea
2800 4116 2933 4155 vero
2968 4106 3219 4167 aperiam
3261 4106 3319 4152 in
3346 4102 3616 4167 psalterio
3644 4116 3769 4166 pro—

2172 4176 2512 4237 positionem
2543 4174 2714 4241 243
2752 4175 3210 4226 meam.Audivit
3226 4176 3375 4225 enim
3392 4174 3692 4237 propheta,
3719 4179 3772 4223 et

2171 4246 2306 4307 quid
2320 4247 2575 4297 audisset
2588 4249 2644 4296 in
2659 4249 2765 4297 hoc
2779 4247 3044 4310 psalterio
3060 4247 3259 4310 psalmi
3276 4249 3551 4293 manifestat
3567 4249 3767 4292 dicens:

2233 4317 2283 4369 6.
2304 4319 2413 4366 Cur
2438 4318 2625 4366 timebo
2652 4320 2812 4367 indie
2834 4319 3019 4368 Amata?
3044 4318 3208 4379 idest,
3236 4318 3294 4367 in
3320 4318 3409 4367 die
3427 4316 3647 4380 judicii.
3676 4315 3770 4366 Di—

2170 4390 2248 4439 cit
2270 4390 2493 4451 aliquis,
2544 4391 2687 4450 Quia
2732 4391 2913 4441 fecisti
2960 4390 3198 4446 furtum,
3245 4389 3641 4448 hemioldium,
3682 4385 3769 4436 vel

2170 4461 2323 4509 aliud
2359 4474 2531 4523 grave
2546 4468 2864 4525 peccatum.
2885 4465 3006 4513 Non
3032 4462 3178 4523 ideo,
3198 4462 3401 4523 inquit,
3428 4459 3639 4508 timebo.
3664 4460 3772 4507 Cur

2162 4527 2336 4595 igitur
2372 4534 2581 4583 timebo
2618 4539 2641 4583 ξ’
2668 4534 2931 4595 sequitur
2964 4540 3022 4584 et
3052 4534 3205 4594 dicit,
3246 4532 3512 4595 lniquitas
3533 4529 3769 4578 calcanci

2173 4604 2298 4665 mei,
2317 4604 2483 4665 idest,
2511 4604 2698 4655 tinalis
2724 4606 2995 4668 iniquitas
3021 4604 3376 4653 circumdabit
3399 4601 3765 4663 me.Idest,ex

2172 4676 2327 4726 omni
2354 4678 2510 4738 parte
2527 4676 2777 4726 ostendit
2801 4691 2890 4728 me
2918 4676 3322 4727 damnabilem.
3346 4676 3473 4723 Non
3494 4686 3629 4735 ergo
3652 4676 3763 4722 tam

2167 4747 2462 4811 iniquitas,
2488 4762 2566 4810 qu
2588 4762 2662 4798 .m
2699 4749 2831 4798 linis
2870 4749 3193 4811 iniquitatis
3222 4746 3475 4798 timenda
3499 4749 3602 4794 est.
3644 4746 3766 4794 Non

2167 4823 2317 4869 enim
2346 4820 2443 4882 qui
2482 4822 2629 4871 male
2667 4821 2891 4880 vixerit,
2921 4821 3021 4870 sed
3065 4820 3163 4882 qui
3193 4820 3343 4869 mala
3387 4818 3502 4867 vita
3536 4816 3764 4878 tinierit,

2171 4892 2456 4955 periturus
2481 4896 2586 4942 est.
2612 4892 2667 4942 Si
2692 4905 2825 4955 ergo
2852 4893 2991 4943 vitet
3013 4892 3373 4953 iniquitatem
3391 4888 3641 4939 calcanei
3660 4886 3764 4947 sui,

2154 4967 2211 5013 et
2231 4963 2486 5013 ambulet
2524 4968 2585 5013 in
2610 4965 2716 5014 viis
2736 4964 2854 5026 Dei,
2881 4977 2995 5014 non
3022 4962 3260 5023 timebit,
3289 4966 3347 5011 ut
3375 4959 3670 5023 perveniat.
3693 4956 3761 5007 ad

2161 5034 2312 5084 diem
2339 5034 2571 5085 malam.
2593 5038 2705 5084 (lur
2729 5048 2863 5097 ergo
2879 5035 3209 5085 timebimus
3234 5035 3293 5084 in
3310 5034 3400 5083 die
3431 5032 3580 5082 mala
3602 5036 3625 5079 ἰ’
3650 5032 3763 5079 Aut

2163 5119 2335 5169 quare
2360 5120 2473 5155 non
2500 5120 2608 5157 nos
2635 5107 3419 5167 emendabimus,antequam
3443 5102 3634 5153 veniat
3657 5104 3760 5147 dies

2159 5178 2309 5227 mala
2331 5180 2357 5226 ?
2388 5178 2743 5240 Praeceptum
2779 5182 2865 5227 est
2890 5180 3043 5241 Evze,
3074 5183 3136 5227 ut
3158 5179 3425 5229 observet
3449 5178 3621 5238 caput
3642 5173 3761 5223 dia-

2164 5248 2275 5299 boli
2293 5263 2305 5294 :
2322 5248 2458 5310 quia
2482 5248 2743 5298 diabolus
2758 5248 3287 5311 calcaneumipsius
3316 5248 3587 5303 observat
3610 5244 3754 5303 (Gen.

2163 5319 2251 5380 3.).
2277 5322 2393 5369 Eva
2426 5324 2513 5369 est
2540 5334 2669 5370 caro
2692 5324 2906 5370 nostra.
2949 5322 3051 5371 Per
3074 5332 3305 5370 carnem
3331 5318 3552 5367 facilius
3578 5318 3758 5363 labitur

2161 5392 2350 5439 homo.
2368 5390 2423 5440 Si
2451 5391 2623 5452 igitur
2650 5392 2925 5453 iniquitas
2951 5392 3201 5441 calcanei
3230 5388 3607 5440 circumdabit
3630 5386 3753 5444 nos,

2162 5474 2263 5511 cur
2293 5461 2625 5512 timebimus
2657 5462 2715 5512 in
2750 5465 2840 5513 die
2869 5463 3362 5513 niala‘IHabemus
3390 5460 3540 5509 enim
3560 5458 3615 5507 in
3659 5468 3756 5519 po-

2163 5537 2368 5583 testate
2397 5534 2500 5595 (Ea:
2543 5536 2865 5597 Augustino)
2908 5535 3219 5585 auxiliante
3254 5531 3521 5590 Domino,
3546 5533 3608 5580 ut
3641 5539 3754 5578 non

2163 5604 2437 5656 faciamus
2464 5606 2822 5669 iniquitatem
2850 5626 2861 5655 :
2888 5612 2986 5658 aut
3019 5607 3068 5657 si
3102 5605 3360 5666 fecimus,
3410 5607 3474 5654 ut
3496 5600 3751 5653 emende-

2162 5754 2275 5801 erat
2296 5749 2405 5812 ipse
2428 5749 2627 5813 Adam,
2654 5749 2724 5799 de
2739 5762 2843 5800 suo
2863 5750 3019 5801 intex
3031 5749 3203 5812 uisse,
3230 5748 3340 5800 nisi
3366 5748 3414 5799 si
3436 5748 3509 5800 ab
3530 5749 3750 5809 Augus-

2165 5821 2267 5872 tini
2301 5820 2595 5873 codicibus
2631 5823 2999 5886 postmodum
3030 5821 3381 5873 exciderunt.

2226 5903 2245 5921 ο
2268 5895 2527 5946 Pressius
2552 5908 2713 5945 sacro
2738 5895 2923 5945 textui
2947 5894 3370 5957 Augustiniana
3391 5891 3574 5953 lectio,
