3884 6420
67 436 185 492 841

1108 450 1179 499 ΙΝ
1216 448 1537 500 PSALMOS
1572 448 1778 499 LXXV
1813 448 2395 502 COMMENTARIUS.

3289 454 3394 510 842

69 565 255 637 inus.
277 554 361 637 Et
388 553 474 637 sic
518 566 635 637 non
658 556 771 637 erit.
795 559 891 621 qui
916 573 1024 613 nos
1039 562 1379 637 circumdet.
1416 565 1483 613 Et
1509 562 1569 613 in
1593 562 1683 613 die
1711 573 1764 637 Α
1793 563 2125 637 constitutis
2161 563 2367 615 diebus
2400 563 2624 637 aliquos
2652 563 3068 637 conducebant,
3096 569 3162 616 ut
3185 568 3391 616 invoca-

74 623 413 696 novissima
433 638 551 676 non
577 627 931 693 timebimus,
957 633 1057 683 sed
1082 634 1484 696 gaudebimus.

144 694 195 746 7.
228 694 356 768 Qui
376 701 515 749 sunt
539 710 672 761 ergo
700 713 844 762 quos
872 694 1249 755 circumdabit
1273 705 1549 768 iniquitas
1574 705 1687 756 cal-

63 766 398 840 canei‘sui‘t
423 768 526 825 Qui
553 772 830 833 confidunt
854 774 911 822 in
938 776 1129 825 virtute
1150 793 1271 840 sua,
1294 782 1338 825 et
1362 766 1420 825 in
1446 777 1686 825 multitu-

64 836 207 911 dine
226 837 549 911 divitiarum
570 855 797 891 suarum
814 845 1142 907 gloriantur.
1166 836 1268 900 Vua
1284 850 1463 911 vobis,
1480 849 1685 911 Judeei,

68 908 179 981 qui
205 922 337 981 non
356 908 416 960 in
441 911 687 972 Christo,
715 915 815 965 sed
843 916 902 967 in
928 920 1357 981 vestrajustitia
1375 908 1682 974 conliditis.

64 979 182 1053 Vas
210 980 397 1053 vobis,
425 980 654 1043 divites,
683 986 781 1047 qui
806 987 864 1038 in
889 990 1099 1040 vestris
1117 979 1329 1042 divitiis
1346 991 1681 1053 gloriamini.

62 1051 264 1126 vobis
287 1052 608 1105 timendum
635 1062 742 1118 est,
773 1060 929 1121 quod
956 1062 1225 1113 subditur
1248 1063 1305 1112 in
1332 1051 1552 1126 psalmo
1577 1077 1588 1112 :

135 1122 189 1176 8.
215 1124 406 1194 Frater
448 1140 563 1173 non
610 1128 845 1188 redimit,
897 1132 1115 1181 redimet
1163 1122 1361 1184 homo—3
1411 1133 1550 1194 Quis
1597 1138 1686 1184 est

56 1192 182 1243 iste
206 1192 405 1257 frater,
428 1195 542 1247 nisi
569 1197 848 1262 Christus,
880 1202 978 1265 qui
1003 1210 1246 1255 caeteros
1272 1192 1473 1255 fratres
1502 1204 1685 1255 salva-

58 1266 629 1340 vitP‘Cujustypum
652 1272 971 1336 Josephille
991 1277 1190 1340 tenuit,
1205 1277 1302 1338 qui
1327 1277 1531 1327 fratres
1546 1290 1682 1326 suos

53 1335 138 1386 de
188 1336 339 1387 fame
368 1336 649 1409 liberavit
697 1335 844 1404 (Gen.
895 1343 979 1397 42.
1019 1345 1146 1409 43.).
1180 1335 1395 1398 ’1⁵11111111
1420 1348 1528 1397 iste
1554 1352 1684 1409 post

56 1408 553 1482 resurrectionem
578 1425 742 1463 suam
768 1414 995 1466 cuidam
1022 1418 1168 1468 dixit
1193 1432 1205 1468 :
1240 1418 1411 1482 Vade,
1440 1418 1531 1469 dic
1556 1408 1681 1468 fra-

58 1478 260 1558 tribus
307 1479 456 1530 meis
487 1481 683 1558 (Joan.
736 1482 868 1547 ‘20.).
903 1488 1100 1558 (Frater
1127 1494 1326 1540 noster
1351 1478 1530 1539 voluit
1553 1502 1682 1539 esse

56 1550 357 1600 Dominus
369 1556 583 1612 noster,
599 1556 955 1607 assumendo
971 1564 1229 1610 nostram
1251 1562 1683 1610 naturam.Cliri.

59 1625 198 1671 stus
225 1621 382 1672 enim
408 1624 507 1684 qui
534 1624 744 1675 dicitur
771 1628 945 1678 Filius
974 1631 1093 1692 Dei,
1120 1636 1176 1681 et
1201 1636 1307 1693 est,
1334 1632 1541 1681 dicitur
1566 1631 1680 1681 fra-

60 1696 155 1742 ter
181 1697 382 1743 noster
408 1694 587 1756 (llebr.
608 1694 703 1759 2.).
740 1700 890 1762 Ergo
921 1700 966 1749 si
994 1702 1255 1753 Christus
1280 1716 1395 1753 non
1417 1702 1679 1761 redimet,

56 1763 245 1814 homo
270 1765 671 1836 redempturus
684 1771 879 1821 estTSi
905 1771 998 1822 ille
1024 1787 1140 1824 non
1156 1774 1503 1836 redimetqui
1527 1776 1678 1824 Deus

56 1836 157 1908 est
179 1839 240 1887 et
266 1835 458 1899 homo,
488 1838 727 1891 redimet
750 1841 899 1893 alius
924 1844 1021 1905 qui
1049 1846 1125 1895 sit
1143 1858 1321 1908 purus
1337 1835 1505 1896 homo
1521 1848 1546 1895 ?
1564 1849 1666 1893 Non

56 1907 285 1969 utique.
307 1909 467 1959 Unde
492 1908 618 1959 Non
643 1910 789 1960 dabit
813 1914 920 1962 Deo
952 1907 1314 1977 placationem
1337 1932 1514 1966 suam.
1549 1918 1671 1967 Non

56 1979 279 2041 poterit
303 1980 485 2031 Deum
511 1980 734 2043 placare
759 1986 963 2045 malus,
991 1999 1177 2050 neque
1206 2002 1302 2051 per
1324 1987 1670 2039 oblationem

53 2062 256 2122 neque
282 2064 381 2113 per
404 2052 742 2116 orationem,
776 2068 964 2119 neque
997 2071 1095 2122 per
1136 2060 1495 2110 sacriﬁcium.
1524 2060 1671 2109 Hinc

56 2120 283 2172 Paulus
309 2122 390 2172 ait
413 2139 423 2171 :
466 2124 795 2177 Voluntarie
820 2120 1385 2192 nobis'peccantibus
1406 2131 1528 2193 jam
1552 2142 1670 2181 non

56 2192 448 2264 relinquimur
470 2194 661 2246 hostia
684 2209 786 2260 pro
813 2205 1046 2260 peccato
1072 2200 1252 2262 (Hebr.
1268 2201 1393 2264 10.).
1414 2204 1668 2263 Quamdiu

55 2263 221 2314 enim
247 2264 421 2315 homo
445 2270 533 2316 est
556 2266 615 2317 in
640 2267 937 2321 voluntate
964 2271 1253 2334 peccandi,
1281 2263 1455 2323 nullis
1486 2274 1667 2323 Deum

57 2340 260 2398 potest
300 2335 524 2399 placare
556 2341 916 2403 muneribus,
956 2343 1131 2394 nullis
1156 2345 1467 2408 sacriliciis,
1495 2343 1668 2395 nullis

54 2408 338 2470 operibus
362 2408 551 2459 bonis.
580 2410 650 2461 Et
673 2410 800 2462 ideo
822 2413 1017 2464 subdit
1040 2426 1052 2463 :

122 2477 178 2531 9.
206 2478 276 2527 Et
304 2480 545 2543 pretium
566 2482 913 2532 redemtionis
936 2486 1137 2535 animae
1159 2500 1299 2536 suae:
1326 2498 1445 2537 non
1461 2486 1672 2550 poterit

55 2549 217 2601 dare.
241 2552 369 2602 Non
394 2556 486 2602 est
509 2553 662 2603 enim
686 2555 811 2617 ejus
828 2558 945 2606 Deo
962 2556 1314 2620 beneplacita
1329 2549 1662 2621 eleemosyna,

52 2622 233 2684 cujus
257 2622 452 2675 adhuc
471 2624 743 2677 voluntas
756 2628 1032 2679 retinetur
1047 2631 1106 2679 in
1118 2628 1301 2693 culpa.
1316 2630 1383 2677 Et
1401 2628 1665 2678 laborabit

54 2693 119 2741 in
149 2699 411 2743 aeternum
452 2696 636 2759 [Vers.
672 2697 803 2761 10.],
830 2704 875 2747 et
897 2701 1029 2748 vivet
1054 2701 1235 2749 adhuc
1267 2702 1327 2748 in
1352 2702 1534 2763 ﬁnem.
1560 2700 1665 2762 Qui

54 2764 131 2815 ad
162 2769 396 2829 tempus
420 2766 737 2821 delectatus
764 2777 855 2821 est
879 2771 939 2821 in
964 2771 1270 2835 divitiis,in
1296 2774 1576 2823 internum
1598 2775 1667 2819 la-

53 2836 289 2888 borabit
339 2837 401 2888 in
439 2842 738 2892 tormentis
785 2843 967 2905 (Apoc.
995 2842 1087 2904 9.).
1116 2843 1475 2894 Desiderabit
1500 2843 1663 2905 mori,

54 2907 166 2957 sed
216 2921 337 2959 non
386 2911 610 2972 poterit.
640 2913 728 2963 Ad
753 2914 862 2964 hoc
889 2918 1113 2965 tantum
1138 2915 1313 2978 vivet,
1353 2919 1419 2966 ut
1444 2928 1667 2978 semper

53 2978 300 3031 laboret.
351 2981 456 3032 Vae
488 2982 607 3043 tibi,
651 2985 804 3036 mala
829 2986 1127 3050 cupiditas,
1160 2998 1337 3050 quam
1361 2986 1509 3037 male
1535 2992 1664 3037 tuos

56 3050 284 3115 decipis
308 3055 623 3106 amatores.

118 3122 213 3176 11.
238 3123 367 3191 Non
380 3123 570 3174 videbit
594 3126 893 3187 interitum,
920 3142 1045 3175 cum
1070 3127 1263 3176 viderit
1278 3128 1542 3191 sapientes
1556 3142 1666 3176 mo-

54 3194 274 3244 rientes.
312 3190 526 3247 Vident
555 3197 841 3261 sapientes
859 3199 1020 3250 mori.
1049 3199 1373 3251 Attendunt
1390 3204 1663 3264 tempora-

53 3264 173 3316 lem
186 3268 559 3332 mortem,sed
575 3268 833 3321 futurum
847 3269 1236 3321 damnationis
1251 3271 1547 3322 interitum
1560 3286 1657 3320 non

53 3337 386 3400 provident.
436 3340 593 3391 Talia
638 3340 977 3404 plerumque
1015 3342 1160 3394 solet
1198 3342 1419 3393 dicere:
1456 3345 1655 3395 Nonne

53 3411 327 3460 mortuus
378 3415 468 3462 est
522 3410 694 3478 244
729 3413 820 3465 ille
846 3414 1115 3477 sapiens?
1141 3415 1196 3467 Si
1221 3414 1435 3478 aliquid
1462 3420 1658 3478 posset

56 3480 162 3543 qui
185 3479 403 3545 aliquid
428 3484 634 3546 sapuit,
662 3498 781 3535 non
792 3488 1119 3536 moreretur.
1134 3486 1361 3537 Faciam
1378 3499 1512 3550 ergo
1533 3487 1660 3534 mihi

51 3552 222 3614 bene,
254 3553 394 3605 dum
422 3555 571 3606 vivo.
596 3556 670 3606 Hi
695 3561 833 3607 sunt
853 3558 950 3619 qui
976 3556 1335 3621 voluptatem
1362 3571 1658 3609 summum

53 3624 276 3676 bonum
291 3638 423 3677 esse
438 3631 728 3690 putantes,
741 3629 966 3679 cunctis
984 3629 1232 3693 corporis
1250 3632 1659 3679 delectationibus

50 3693 359 3748 inhaerent.
387 3698 458 3747 Hi
482 3703 621 3750 sunt
649 3698 746 3762 qui
771 3698 987 3750 dicunt.
1005 3700 1389 3752 Comedamus
1418 3705 1475 3752 et
1500 3701 1659 3752 biba-

52 3780 213 3832 mus,
263 3781 389 3819 cras
436 3770 590 3821 enim
632 3771 945 3822 moriemur
993 3772 1202 3832 (Eccles.
1254 3772 1342 3834 7.).
1378 3773 1658 3824 Viderunt

50 3841 162 3898 (15-1:
180 3839 506 3903 Augustino)
531 3842 721 3894 Judaei
745 3843 1034 3893 Christum
1063 3842 1406 3906 pendentem
1418 3844 1478 3895 in
1490 3862 1652 3903 crure,

51 3915 104 3963 et
159 3916 594 3964 contemserunt
631 3913 792 3964 illum
816 3914 1072 3965 dicentes
1100 3931 1111 3962 :
1149 3915 1253 3965 Hic
1280 3915 1327 3964 si
1354 3914 1529 3966 Filius
1556 3916 1657 3967 Dei

50 3987 228 4044 esset,
280 3982 653 4036 descenderet
697 3984 768 4036 de
816 3998 984 4036 cruce
1013 3985 1219 4049 (Matth.
1256 3984 1366 4049 ‘27.)
1394 4003 1405 4034 :
1434 4000 1551 4038 non
1577 3987 1655 4039 vi-

52 4053 259 4105 dentes
282 4056 383 4118 qui
410 4055 485 4107 sit
509 4057 776 4108 interitus
802 4066 839 4105 ·.
866 4057 965 4108 Ille
991 4058 1341 4108 moriebatur
1368 4061 1654 4122 tempora-

50 4124 195 4187 liter,
223 4130 289 4177 ut
316 4127 683 4180 revivisceret
706 4128 766 4179 in
790 4132 1091 4180 aeternum.
1117 4126 1204 4179 Illi
1229 4129 1655 4180 vivebanttem-

51 4196 344 4261 poraliter,
392 4199 649 4250 morituri
685 4200 746 4250 in
793 4205 1094 4251 aeternum.
1151 4201 1230 4251 De
1278 4200 1491 4263 quibus
1517 4214 1654 4252 mox

53 4268 415 4320 subinfertur
448 4288 458 4320 :
491 4270 670 4320 Simul
686 4271 949 4334 insipiens
973 4278 1016 4319 el
1040 4271 1233 4319 stulius
1253 4271 1522 4335 peribunt.
1537 4274 1653 4324 lnsi

50 4342 217 4403 piens
246 4345 354 4404 est,
381 4341 481 4404 qui
505 4354 624 4393 non
640 4342 816 4393 credit
841 4343 902 4393 in
926 4342 1178 4393 futuram
1193 4356 1441 4407 poenam.
1459 4346 1650 4392 Stultus

52 4414 150 4475 qui
195 4410 333 4464 licet
357 4412 570 4477 credat,
599 4416 790 4464 tamen
814 4426 932 4465 non
957 4418 1141 4465 cavet.
1171 4417 1320 4466 Cave
1352 4427 1486 4479 ergo
1511 4415 1652 4466 insi-

51 4484 333 4546 pientiam
360 4500 370 4533 :
401 4496 540 4537 cave
566 4484 869 4537 stultitiam
889 4486 1148 4549 :provide
1172 4486 1430 4537 futurum
1457 4488 1654 4539 interi-

53 4559 195 4606 tum.
221 4556 337 4606 Fac
366 4555 464 4606 tibi
478 4556 693 4608 amicos
708 4556 779 4608 de
790 4569 1123 4608 mammona
1138 4560 1424 4618 iniquitatis
1439 4557 1453 4620 (
1460 4560 1629 4608 Matth
1640 4601 1653 4612 .

53 4626 139 4690 6.).
174 4627 337 4679 Vade
360 4628 433 4678 ad
459 4628 753 4680 formicam
780 4630 954 4693 (Prov.
984 4629 1073 4693 6.),
1109 4629 1650 4689 etdiscesapientiam

56 4701 203 4761 (quae.
231 4704 436 4751 aestate
461 4701 960 4765 congregat,unde
984 4702 1139 4753 vivat
1163 4701 1223 4751 in
1240 4701 1462 4764 hyeme)
1482 4708 1650 4755 etnon

52 4771 263 4832 peribis
286 4770 347 4822 in
372 4776 671 4823 aeternum.
698 4773 783 4823 Illi
799 4777 993 4824 autem
1011 4772 1182 4823 simul
1202 4773 1482 4837 peribunt,
1497 4774 1563 4822 Et
1576 4790 1651 4824 re-

1793 638 1920 685 rent
1944 635 2179 687 nomina
2194 640 2552 687 mortuorum
2570 635 2716 686 circa
2732 634 3087 699 sepulturam
3100 649 3315 691 eorum.
3335 643 3389 688 In

1785 719 1899 769 quo
1928 708 2204 771 propheta
2227 720 2498 771 magnam
2516 719 2715 758 eorum
2733 710 2894 758 notat
2911 707 3232 771 stultitiam,
3254 711 3391 774 quia

1784 791 1915 828 cum
1942 780 2048 841 ipsi
2074 792 2171 842 per
2194 779 2321 830 haec
2346 780 2687 831 memoriam
2715 784 2990 831 aeternam
3015 779 3227 833 habere
3247 790 3391 842 puta-

1786 854 1913 899 rent
1961 854 2152 900 tamen
2198 851 2257 900 in
2285 851 2419 900 solis
2452 852 2618 901 terris
2645 851 2767 901 suis
2792 850 2902 901 hoc
2928 852 3234 903 faciebant.
3284 854 3386 904 Vel

1784 920 1986 970 aliter:
2036 920 2404 971 tabernacula
2450 934 2669 983 eorum,
2705 921 2855 972 idest
2893 922 3100 973 domus
3126 923 3385 987 lapideae,

1784 1004 1928 1053 quas
1956 991 2026 1041 de
2051 991 2269 1042 divitiis
2296 995 2765 1055 construxerunt,
2786 993 2845 1042 in
2862 994 3072 1055 quibus
3088 994 3161 1044 ad
3182 994 3385 1046 horam

1783 1062 2212 1113 habitaverunt:
2233 1063 2522 1113 manentia
2534 1063 2590 1113 in
2604 1064 2870 1126 progenie
2885 1064 3133 1115 filiorum
3147 1070 3202 1116 et
3216 1081 3389 1126 proge-

1782 1133 1875 1184 nie
1898 1137 2173 1197 nepotum
2203 1147 2215 1183 :
2242 1139 2562 1182 vocaverunt
2589 1134 2821 1182 nomina
2843 1135 3388 1198 sua,idest,fuerunt

1783 1218 1993 1255 caussa
2016 1218 2193 1267 quare
2219 1205 2454 1255 nomina
2478 1217 2673 1255 eorum
2690 1204 3109 1257 haberenturin
3124 1212 3381 1257 memoria.

1783 1277 1851 1326 Et
1875 1288 1992 1326 non
2019 1277 2251 1338 ubique,
2281 1276 2381 1326 sed
2408 1276 2467 1326 in
2482 1276 2643 1327 terris
2657 1276 2796 1338 suis,
2819 1276 3037 1327 idestin
3056 1278 3257 1331 vicinio
3271 1296 3383 1331 suo.

1782 1348 1903 1397 lIoc
1916 1352 2099 1398 totum
2113 1347 2436 1411 pertinetad
2450 1347 2542 1398 red
2552 1348 2904 1411 arguendam
2918 1348 3151 1400 inanem
3173 1353 3383 1400 divitum

1782 1419 2192 1479 extollentiam,
2209 1420 2342 1469 utin
2358 1418 2563 1482 amplis
2577 1418 2837 1470 aedificiis
2855 1432 3085 1484 operam
3101 1434 3217 1472 non
3234 1422 3389 1473 insu-

1782 1495 1940 1541 munt
1969 1506 1980 1540 :
2008 1503 2141 1541 cum
2164 1491 2399 1541 tandem
2428 1496 2635 1554 praeter
2664 1491 2995 1554 sepulcrum
3020 1492 3161 1543 nihil
3186 1505 3385 1546 eorum

1780 1561 2129 1625 possideant.
2178 1563 2300 1612 Hoc
2325 1566 2519 1613 autem
2551 1562 2678 1613 ideo
2706 1562 2940 1625 faciunt,
2971 1563 3105 1626 quia
3131 1562 3384 1617 intellec-

1783 1638 1905 1686 tum
1941 1646 2110 1683 suum
2135 1635 2468 1684 amiserunt.
2497 1636 2565 1684 Et
2590 1634 2698 1684 hoc
2721 1638 2811 1684 est
2836 1634 2988 1697 quod
3018 1635 3214 1685 subdit
3242 1648 3255 1685 :

1844 1704 1929 1758 13.
1957 1705 2129 1753 Homo
2163 1719 2285 1753 cum
2314 1705 2371 1753 in
2412 1705 2614 1754 honore
2637 1710 2780 1769 esset,
2806 1720 2916 1753 non
2938 1705 3215 1757 intellexit.
3245 1706 3384 1767 Quis

1780 1776 1964 1838 major
2010 1775 2193 1827 honor
2225 1776 2445 1826 homini
2471 1776 2594 1827 dari
2619 1780 2820 1839 potuit,
2848 1788 3023 1838 quam
3054 1779 3196 1827 ratio
3220 1781 3277 1829 et
3300 1778 3386 1828 in-

1769 1846 2048 1907 tellectus,
2102 1846 2319 1909 Deique
2358 1846 2715 1897 similitudo?
2749 1847 2815 1896 In
2856 1850 3014 1896 tanto
3040 1846 3253 1898 honore
3278 1860 3384 1911 po-

1696 1934 1749 2007 B
1768 1916 1920 2007 sit-pls
1964 1932 2082 1969 non
2116 1918 2417 2007 intellexit,
2456 1916 2641 2007 idest,
2661 1916 3195 2007 nonintelligenftu—r
3218 1920 3336 1982 egit
3365 1939 3376 1967 :

1771 1988 1867 2038 sed
1882 1988 2595 2052 Comparatusestjumentis
2622 1986 3021 2047 insipientibus.
3055 1990 3181 2040 Non
3204 2004 3383 2038 secun-

1772 2058 1911 2110 dum
1950 2061 2103 2113 aliud
2152 2061 2263 2112 nisi
2302 2060 2624 2111 secundum
2649 2059 3058 2123 insipientiam,
3083 2062 3139 2111 et
3162 2061 3223 2111 in
3245 2066 3378 2113 actu

1769 2129 1979 2180 Similis
2001 2132 2176 2193 factus
2199 2137 2270 2180 est
2294 2130 2423 2179 illis.
2445 2131 2589 2192 Quia
2617 2131 3044 2193 sicutjumenta
3070 2140 3377 2194 pronasunt

1770 2206 1956 2263 terra),
2004 2208 2063 2254 et
2110 2207 2336 2255 tantum
2386 2202 2573 2253 ventri
2598 2202 2942 2263 obedientia,
2970 2202 3051 2253 ita
3086 2206 3376 2255 amatores

1766 2274 1969 2325 mundi
2001 2274 2243 2326 terrenis
2266 2274 2438 2324 rebus
2470 2276 2694 2323 tantum
2722 2275 2857 2323 sunt
2880 2272 3057 2324 dediti
3084 2289 3094 2321 :

1831 2343 1916 2398 14.
1942 2346 2068 2394 Haec
2085 2346 2173 2395 via
2190 2344 2411 2393 illorum
2431 2344 2757 2392 scandalum
2772 2344 2923 2407 ipsis.
2940 2345 3079 2395 Haec
3092 2346 3174 2391 via

1768 2416 2087 2467 secundum
2112 2415 2267 2478 quod
2286 2415 2393 2479 ipsi
2417 2414 2646 2465 fuerunt
2667 2414 2726 2464 in
2749 2413 2982 2475 honore,
3001 2419 3057 2464 et
3069 2426 3186 2466 non
3202 2416 3373 2467 intel-

1765 2486 2045 2549 lexerunt,
2075 2492 2297 2538 terrena
2323 2491 2550 2536 tantum
2577 2484 2936 2549 appellando,
2955 2486 3060 2537 erit
3075 2488 3369 2535 scandalum

1764 2558 1923 2621 ipsis,
1953 2559 2010 2609 id
2058 2562 2149 2609 est
2193 2558 2448 2613 olfensio,
2478 2569 2610 2620 quae
2641 2556 2813 2608 ducet
2838 2569 2937 2608 eos
2963 2557 3033 2607 ad
3060 2558 3371 2609 interitum.

1764 2631 1910 2694 Ipsis
1935 2630 2010 2681 sit
2031 2629 2367 2680 scandalum
2385 2629 2980 2691 (ExAugustino).non
2998 2628 3116 2679 tibi.
3132 2630 3373 2689 Quando

1765 2702 1871 2754 erit
1897 2702 2033 2752 tibi?
2059 2701 2113 2754 Si
2138 2705 2327 2764 putes,
2344 2700 2497 2763 quod
2525 2700 2694 2763 beati,
2717 2698 2835 2750 sint
2860 2698 3023 2751 tales.
3049 2700 3105 2750 Si
3132 2713 3268 2752 vero
3288 2701 3369 2751 in-

1768 2772 2010 2836 telligas,
2050 2772 2185 2835 quia
2218 2784 2337 2822 non
2374 2774 2513 2822 sunt
2537 2771 2708 2829 beati,
2735 2770 2876 2834 ipsis
2901 2772 3007 2821 erit
3031 2771 3367 2823 scandalum

1766 2844 1859 2897 via
1897 2844 2173 2907 ipsorum,
2207 2856 2327 2894 non
2370 2842 2612 2901 Christo,
2655 2854 2773 2892 non
2809 2843 3087 2893 membris
3125 2843 3267 2905 ejus.
3303 2843 3371 2891 Et

1764 2920 1944 2981 postea
1967 2916 2027 2963 in
2054 2930 2142 2963 ore
2178 2930 2280 2963 sua
2308 2914 2724 2978 complacebunt.
2755 2916 2897 2963 Cum
2921 2913 3050 2964 facti
3077 2914 3288 2965 fuerint
3314 2918 3371 2965 ta

1764 2988 1868 3048 les,
1897 2991 1961 3037 ut
1977 2999 2095 3037 non
2125 2990 2391 3049 quaerant
2415 2986 2525 3036 nisi
2540 2986 2693 3035 bona
2709 2985 3067 3048 temporalia,
3087 2986 3368 3033 laudabunt

1765 3072 1827 3109 se
1866 3057 2156 3121 placentes
2203 3056 2330 3108 sibi.
2363 3057 2467 3107 Vel
2491 3060 2690 3120 postea
2712 3055 2774 3105 in
2798 3068 2894 3106 ore
2917 3068 3022 3106 suo
3046 3056 3367 3119 complace—

1766 3130 1926 3189 bunt,
1957 3128 2190 3191 quando
2219 3127 2411 3178 dicent
2435 3128 2494 3178 in
2515 3126 2748 3190 judicio,
2782 3128 3018 3177 Domine
3042 3127 3365 3190 Deusaperi

1760 3200 1928 3251 nobis
1967 3199 2177 3263 (Matth.
2227 3197 2354 3261 25.).
2403 3197 2510 3249 Sed
2550 3202 2687 3249 tunc
2734 3196 2851 3259 ﬂet,
2880 3197 3032 3260 quod
3061 3198 3362 3260 sequitur:

1763 3272 1913 3321 Sicut
1940 3286 2054 3319 oves
2090 3271 2151 3318 in
2190 3268 2407 3331 inferno
2430 3269 2589 3332 positi
2612 3273 2756 3327 sunt,
2792 3284 2937 3317 mors
2980 3269 3218 3332 depascet
3260 3284 3361 3321 eos.

1760 3344 1901 3404 Quia
1923 3355 2095 3406 grege
2120 3340 2267 3392 facto
2294 3340 2506 3392 divitiis
2525 3340 2694 3403 tonsi,
2710 3344 2768 3391 et
2782 3339 3084 3404 exspoliati
3100 3353 3133 3391 a
3150 3353 3365 3405 magna

1760 3415 2056 3479 nigrorum
2082 3413 2387 3477 spirituum
2411 3411 2781 3463 multitudine
2806 3412 2866 3463 in
2893 3412 3157 3463 tenebras
3181 3411 3365 3463 dedu-

1760 3491 1981 3537 centur.
2031 3486 2099 3536 Et
2138 3486 2360 3549 merito,
2399 3484 2497 3548 qui
2521 3484 2815 3535 Christum
2838 3486 3124 3548 pastorem
3146 3483 3363 3537 habere

1758 3560 2085 3619 noluerunt,
2126 3567 2161 3607 a
2203 3559 2392 3608 morte
2418 3555 2817 3620 depascentur,
2842 3558 2899 3607 et
2920 3567 2954 3607 a
2986 3554 3121 3619 lupo
3158 3568 3361 3621 rapace

1757 3629 2207 3681 devorabuntur.

1822 3699 1906 3754 15.
1931 3700 1980 3749 Ε
1982 3706 1998 3748 ι
2024 3698 2459 3748 dominabuntur
2480 3713 2668 3748 eorum
2679 3698 2815 3762 justi
2832 3698 2893 3747 in
2914 3699 3205 3751 matutino.
3220 3699 3362 3762 Quia

1751 3772 1976 3838 judices
2001 3782 2201 3821 eorum
2225 3774 2395 3820 erunt
2417 3770 2478 3819 in
2497 3769 2734 3832 judicio.
2751 3769 2818 3817 Et
2844 3770 3124 3819 auxilium
3148 3785 3358 3835 eorum,

1757 3842 1912 3907 quod
1958 3842 2173 3895 habent
2210 3841 2271 3891 in
2303 3842 2411 3891 hoc
2436 3842 2647 3899 seculo,
2674 3845 2966 3902 veterascet,
2990 3840 3046 3890 id
3081 3846 3188 3903 est,
3216 3842 3361 3892 deﬂ-

1757 3916 1884 3977 ciet,
1912 3915 1972 3963 in
2008 3912 2225 3975 inferno
2255 3927 2290 3961 a
2313 3911 2492 3975 gloria
2516 3926 2721 3961 eorum.
2749 3911 2810 3961 Id
2836 3916 2943 3973 est,
2976 3916 3222 3975 propter,
3247 3912 3358 3964 hoc

1756 3986 1912 4052 quod
1958 3984 2181 4050 gloriati
2229 3987 2367 4035 sunt
2408 3982 2469 4033 in
2509 3982 2723 4034 divitiis
2753 3982 2892 4032 suis.
2926 3984 3099 4033 Recte
3124 3982 3355 4046 dicitur,

1754 4057 2047 4108 Auxilium
2090 4071 2277 4105 eorum
2313 4072 2347 4104 a
2384 4053 2563 4119 gloria
2599 4068 2789 4102 eorum
2822 4056 3197 4117 veterascere,
3224 4054 3360 4117 quia

1756 4131 1937 4195 gloria
1962 4134 2019 4181 et
2041 4128 2263 4179 divitia)
2289 4139 2486 4178 eorum
2511 4126 2569 4176 in
2594 4125 2812 4177 inferno
2834 4125 3060 4177 nullum
3084 4125 3168 4176 eis
3200 4126 3358 4177 auxi-

1754 4202 1896 4254 lium
1923 4202 2193 4266 poterunt
2216 4203 2510 4263 praestare.

1818 4273 1904 4327 16.
1953 4274 2324 4323 Verumtamen
2356 4269 2493 4317 Deus
2530 4267 2753 4316 redimet
2778 4266 3028 4316 animam
3058 4282 3255 4329 meam,
3294 4268 3357 4318 de

1754 4358 1947 4405 manu,
1974 4342 2031 4394 id
2056 4348 2163 4407 est,
2196 4342 2267 4393 de
2292 4343 2593 4405 potestate,
2620 4339 2801 4402 inferi,
2830 4352 2954 4387 cum
2976 4339 3233 4403 acceperit
3254 4354 3353 4391 me.

1753 4414 1819 4465 Id
1856 4418 1963 4477 est,
1994 4426 2184 4466 meam
2209 4412 2647 4465 humanitatem.
2675 4410 2846 4461 Modo
2862 4410 3037 4473 justis
3061 4414 3151 4460 est
3174 4408 3353 4472 labor,

1753 4498 2042 4549 pressura,
2071 4484 2363 4536 tribulatio
2390 4502 2402 4534 :
2428 4484 2488 4534 in
2516 4495 2617 4546 spe
2645 4481 2840 4533 futura
2863 4484 2951 4532 est
2986 4493 3189 4532 verum
3212 4494 3350 4545 gau-

1754 4557 1932 4609 dium.
1960 4556 2129 4609 Modo
2156 4556 2256 4619 qui
2287 4556 2360 4607 ad
2384 4554 2643 4607 laetitiam
2671 4553 2983 4605 secularem
3008 4551 3206 4604 oculos
3220 4566 3355 4617 ape-

1752 4628 1925 4691 riunt,
1974 4632 2033 4678 et
2071 4640 2168 4679 cor
2192 4626 2486 4689 claudunt,
2515 4625 2722 4677 transit
2747 4636 2947 4675 eorum
2975 4623 3259 4688 faelicitas,
3295 4628 3353 4676 et

1754 4700 1910 4751 venit
1938 4711 2124 4763 pcena.
2139 4702 2261 4760 Quo
2285 4703 2486 4750 contra
2510 4697 2718 4749 transit
2730 4697 3017 4760 justorum
3033 4708 3203 4760 paena
3219 4700 3355 4747 tem-

1752 4770 1976 4833 poralis,
2017 4775 2073 4821 et
2110 4770 2269 4823 venit
2291 4774 2506 4821 aeterna
2531 4768 2813 4820 fcelicitas.
2842 4768 3064 4820 Excitat
3086 4780 3194 4819 nos
3219 4780 3354 4832 ergo

53 4831 302 4906 linquent
320 4843 514 4893 alienis
537 4844 893 4894 divitiassuas
930 4831 1651 4908 Omnesiniquirelinquunt
1675 4831 1731 4905 D
1753 4831 1990 4907 spiritus
2024 4841 2127 4893 Dei
2150 4853 2284 4892 cum
2309 4840 2612 4904 subjungit
2636 4855 2648 4891 :

52 4914 252 4965 alienis
264 4914 494 4967 divitias
514 4928 652 4967 suas
674 4930 686 4966 :
702 4916 824 4968 sive
840 4916 940 4967 lilii
953 4918 1087 4980 sint,
1103 4917 1227 4968 sive
1246 4922 1530 4980 parentes,
1545 4922 1654 4971 sive

55 4985 244 5047 vicini,
259 4987 471 5049 quibus
497 4987 846 5052 relinquunt.
865 4990 1080 5040 Tamen
1104 4988 1162 5039 in
1186 4989 1296 5040 hoc
1319 4988 1487 5041 alieni
1514 4998 1651 5043 sunt

56 5069 168 5119 qua
192 5058 305 5109 illis
326 5058 397 5109 de
422 5059 544 5110 suis
569 5059 785 5111 divitiis
809 5059 1119 5111 subvenire
1145 5073 1263 5111 non
1292 5066 1555 5124 possunt.

110 5128 199 5183 12.
230 5130 297 5179 Et
319 5131 563 5195 sepulcra
585 5146 791 5194 eorum,
811 5132 980 5193 idest,
997 5131 1325 5195 pyramides
1342 5136 1398 5183 et
1421 5146 1654 5186 11111180-

53 5199 154 5265 lea,
181 5212 317 5265 qum
340 5202 508 5266 quasi
528 5215 773 5267 magnas
799 5202 1089 5255 mdiilcant
1113 5203 1336 5269 domos,
1374 5206 1541 5267 quasi
1556 5206 1653 5258 illa

55 5272 312 5338 sepulcra
355 5274 610 5327 debeant
653 5287 783 5327 esse
826 5275 1017 5324 domus
1038 5272 1259 5323 illorum
1285 5276 1346 5324 in
1370 5281 1648 5329 sternam.

54 5345 427 5410 Excipiuntur
450 5347 729 5411 sepulcris
752 5347 1039 5412 pretiosis,
1055 5347 1505 5399 etinvolvuntur
1522 5362 1649 5412 pre-

57 5417 210 5469 tiosis
238 5419 526 5470 vestibus:
553 5418 910 5483 sepeliuntur
922 5418 1236 5482 unguentis
1252 5422 1310 5469 et
1321 5422 1646 5470 aromatibus.

55 5488 263 5541 Deinde
286 5491 622 5543 memoriam
646 5490 874 5554 qualem
899 5490 1148 5541 habent?
1173 5489 1541 5540 Tabernacula
1564 5507 1651 5541 eo-

57 5575 171 5611 rum
202 5563 266 5610 in
286 5564 543 5627 progenie
570 5568 615 5611 et
635 5562 909 5627 progenie,
936 5568 1254 5611 vocaverunt
1287 5564 1519 5612 nomina
1547 5579 1649 5612 sua

58 5632 110 5679 in
154 5635 313 5683 terris
361 5635 497 5685 suis.
552 5636 773 5685 Domus
810 5639 869 5685 et
894 5634 1125 5685 familiae
1152 5646 1352 5685 eorum
1378 5648 1563 5698 usque
1588 5635 1648 5686 in

60 5707 279 5757 tertiam
294 5710 633 5771 etquartam
650 5707 1081 5772 generationem
1093 5719 1193 5759 eos
1206 5706 1457 5767 laudant,
1472 5711 1647 5767 eisque

60 5779 392 5832 sacriﬁcant.
441 5779 650 5844 Tangit
681 5778 1157 5831 consuetudinem
1190 5778 1518 5841 Gentilium,
1549 5778 1647 5842 qui

1817 4914 1904 4967 17.
1953 4913 2032 4963 Ne
2068 4912 2329 4972 timueris,
2365 4926 2490 4962 cum
2521 4912 2663 4961 dives
2686 4911 2862 4973 factus
2884 4912 3051 4976 fuerit
3076 4912 3256 4963 homo.
3285 4912 3353 4962 Et

1751 4998 1863 5037 non
1888 4989 2134 5046 tantum,
2161 4996 2294 5034 cum
2320 4983 2444 5047 ipse
2470 4982 2634 5033 dives
2657 4982 2844 5034 factus
2874 4983 3042 5035 fuerit
3060 4994 3074 5037 :
3094 4982 3351 5045 sed,cum

1752 5056 2114 5121 multiplicata
2156 5054 2323 5117 fuerit
2365 5053 2542 5117 gloria
2577 5054 2769 5102 domus
2793 5054 2924 5118 ejus.
2954 5054 3021 5106 Id
3037 5058 3145 5118 est,
3168 5054 3354 5106 honor

1751 5128 2083 5181 divitiarum
2107 5126 2252 5189 ejus.
2280 5126 2404 5175 Non
2426 5124 2718 5188 desperes,
2748 5137 2938 5187 neque
2962 5130 3130 5190 putes
3154 5137 3287 5177 eum
3317 5137 3351 5175 a

1750 5202 1867 5251 Deo
1901 5198 2077 5263 diligi,
2109 5197 2246 5260 quia
2281 5194 2540 5247 abundat
2575 5194 2828 5246 divitiis:
2856 5198 2916 5247 et
2949 5200 3021 5260 te,
3050 5196 3184 5260 quia
3208 5210 3351 5261 pau-

1751 5285 1935 5337 peres,
1961 5283 1996 5322 a
2027 5273 2142 5320 Deo
2172 5268 2525 5319 derelictum.

1813 5341 1898 5396 18.
1926 5342 2198 5401 Quoniam
2224 5354 2348 5389 cum
2377 5337 2663 5400 interierit,
2690 5341 3003 5398 nonsumet,
3027 5339 3234 5389 omnia.
3257 5340 3352 5390 Vi-

1751 5414 1853 5466 des
1883 5414 2174 5467 viventem
2197 5414 2223 5461 ?
2246 5408 2828 5475 Cogitamorientem.
2854 5406 3001 5468 Quid
3026 5407 3118 5459 hic
3141 5409 3352 5462 habeat

1748 5484 2039 5537 attendis?
2062 5498 2137 5535 an
2162 5496 2361 5534 secum
2387 5479 2548 5532 tollat
2571 5479 2819 5530 attende.
2850 5476 3095 5528 Multum
3120 5481 3242 5530 auri
3254 5481 3352 5532 ha-

1750 5560 1847 5609 bet
1870 5558 2117 5608 multum
2136 5554 2373 5619 argenti,
2392 5551 2637 5603 multum
2652 5550 3015 5616 praediorum,
3030 5551 3347 5613 mancipio-

1747 5642 1897 5693 rum,
1920 5633 1977 5681 et
2001 5633 2211 5680 caetera
2225 5627 2350 5678 alia.
2372 5625 2506 5675 Cum
2535 5623 2939 5682 inlerierit,non
2954 5622 3342 5670 sumetomnia.

1748 5703 1932 5766 Neque
1955 5701 2218 5750 descendet
2244 5713 2367 5748 cum
2391 5712 2447 5747 eo
2470 5695 2645 5760 gloria
2670 5694 2801 5759 ejus.
2823 5694 2969 5757 Quid
2982 5692 3345 5766 habebitcaro

1748 5764 2087 5839 putrescens
2112 5772 2169 5825 in
2195 5768 2488 5836 sepulcro?
2502 5766 2648 5831 Quid
2671 5766 2907 5819 habebit
2922 5766 3114 5818 anima
3125 5764 3345 5830 perdita

114 5948 129 5969 '
161 5948 304 6007 Quae
329 5942 457 5995 heic
480 5941 633 6007 apud
658 5940 1055 6007 Augustinum
1076 5939 1516 6001 interseruntur,
1536 5939 1597 5990 Si
1622 5937 1858 5988 viderent
1874 5936 2009 6000 quid
2030 5937 2098 5985 sit
2120 5935 2388 5993 interitus,
2412 5933 2459 5981 si
2485 5931 2737 5995 viderent,
2761 5929 3050 5995 glossema
3069 5927 3342 5981 redulint.

334 6058 624 6113 PATROL.
666 6055 834 6115 XXI.

2920 6044 2987 6101 27
