3890 6388
568 420 674 476 843

1620 411 1887 463 RUFINO
1921 404 2380 463 PRESBYTERO
2413 408 2802 461 ASCRIPTUS

3749 417 3832 469 844

570 543 629 593 in
648 539 869 591 interno
886 542 910 587 ἱ)
934 536 1064 587 Ideo
1089 544 1204 584 non
1233 530 1544 582 descendet
1567 543 1701 582 cum
1724 544 1790 583 eo
1815 530 1994 602 gloria
2015 531 2158 593 ejus,
2185 524 2241 595 Α
2257 530 2437 580 Datus
2461 530 2549 579 est
2570 527 2723 602 enim
2752 527 3041 602 Apostolis
3063 530 3304 602 Spiritus
3338 538 3574 583 sanctus
3612 532 3770 602 247
3787 545 3830 589 et

572 612 709 675 quia
731 612 791 661 in
816 609 931 659 vita
954 617 1061 656 sua
1083 602 1354 675 quasivit
1378 602 1614 665 gloriam
1635 601 2021 666 temporalem.
2037 602 2159 651 Hoc

571 674 676 743 est,
703 682 856 745 quod
881 674 1179 740 subjungit
1204 689 1216 724 :

633 743 886 810 19,50uia
922 749 1113 797 anima
1149 745 1263 809 ejus
1286 745 1348 793 in
1371 746 1482 793 vita
1506 744 1677 806 ipsius
1704 744 2050 795 benedicetur.
2073 743 2158 794 Illi

570 825 738 883 enim,
755 822 854 885 qui
870 821 979 871 ista
1004 815 1333 880 temporalia
1347 828 1447 879 pro
1472 829 1681 878 magno
1706 816 1939 875 habent,
1956 817 2159 875 quando

570 895 794 957 aliquos
832 892 888 942 in
921 891 1029 941 hoc
1060 886 1277 938 mundo
1302 886 1613 937 honoribus
1637 890 1694 937 et
1716 886 1933 936 divitiis
1958 887 2160 957 ﬂorere

568 955 784 1027 vident,
815 963 1001 1013 solent
1023 972 1122 1010 eos
1150 958 1382 1009 laudare
1413 963 1470 1008 et
1486 958 1807 1007 beatitlcare
1828 972 1839 1006 :
1861 959 2011 1007 sicut
2026 955 2159 1006 alibi

569 1037 776 1088 dicitur
813 1036 873 1084 in
910 1031 1163 1097 psalmo:
1201 1032 1481 1089 Quoniam
1516 1028 1782 1079 laudatur
1815 1033 2075 1090 peccator
2099 1027 2160 1076 in

568 1106 866 1159 desideriis
892 1105 1101 1155 anima
1119 1112 1244 1151 sua
1277 1099 1435 1161 (l’sal.
1464 1098 1555 1161 9.),
1581 1104 1638 1149 et
1664 1099 1899 1161 iniquus
1937 1097 2162 1148 benedi-

567 1180 731 1231 citur.
772 1180 843 1228 Et
876 1178 1103 1235 iterum,
1134 1174 1372 1223 Beatum
1399 1172 1668 1221 dixerunt
1690 1170 1882 1233 populi
1912 1171 2004 1220 cui
2035 1170 2160 1220 hac

567 1255 705 1303 sunt
729 1248 887 1313 (Psal'
915 1245 1079 1308 143.).
1104 1244 1314 1296 Anima
1338 1254 1471 1305 ergo
1496 1244 1624 1304 ejus
1646 1242 1707 1291 in
1733 1242 2047 1304 vitaipsius
2066 1243 2161 1293 be-

565 1322 879 1379 nedicetur,
898 1318 999 1369 sed
1015 1319 1077 1367 in
1098 1320 1281 1366 morte
1307 1313 1686 1375 torquebitur,
1704 1318 1761 1364 et
1786 1314 1994 1363 sentiet
2010 1321 2159 1361 ater-

564 1404 703 1443 nam
730 1400 978 1454 panam,
1000 1386 1097 1449 qui
1128 1383 1514 1436 transitoriam
1540 1387 1776 1432 secutus
1793 1382 2156 1447 estglorlam,

571 1461 918 1525 Conﬁtebitur
940 1457 1189 1521 tibi,eum
1210 1454 1519 1516 bene/eeeris
1544 1454 1609 1503 ei.
1636 1454 2022 1504 Pcrfectorum
2050 1461 2155 1518 est,

568 1535 878 1587 Dominum
901 1532 1130 1582 laudare
1146 1528 1205 1578 in
1227 1527 1509 1577 adversis.
1524 1528 1821 1588 Reprobus
1837 1531 2032 1577 autem
2050 1535 2157 1576 tan-

569 1611 692 1657 tum
706 1604 905 1656 laudat
920 1603 980 1652 in
1004 1600 1306 1664 prosperis.
1328 1598 1497 1647 Venit
1517 1596 1598 1646 illi
1620 1596 1843 1647 lucrum
1859 1600 1885 1646 ?
1908 1600 2160 1650 Conﬁte-

568 1681 680 1728 tur.
728 1675 899 1726 Venit
922 1671 1262 1723 hareditas?
1296 1670 1616 1719 conﬁtetur.
1654 1669 1822 1718 Venit
1850 1666 2023 1735 246
2058 1671 2157 1722 da.

565 1760 768 1798 mnum
784 1750 809 1796 ‘l
834 1745 1209 1807 blasphemat.
1237 1743 1306 1791 Et
1332 1740 1457 1790 ideo
1475 1739 1741 1789 subditur
1771 1754 1783 1788 :

626 1817 714 1871 20.
757 1816 1003 1865 Introibit
1042 1827 1210 1875 usque
1246 1816 1305 1858 in
1340 1810 1617 1873 progenies
1650 1816 1875 1872 patrum
1912 1825 2156 1862 suorum.

565 1891 674 1951 Qui
695 1893 834 1939 sunt
852 1892 1043 1950 patres
1060 1895 1277 1945 eorum,
1295 1882 1407 1931 nisi
1431 1880 1712 1942 diabolus,
1731 1886 1787 1931 et
1804 1884 1992 1945 angeli
2009 1888 2118 1942 ejus
2134 1889 2159 1934 Ἰ

566 1960 728 2013 Unde
754 1958 1027 2009 Dominus
1050 1955 1397 2018 quibusdam
1421 1954 1523 2003 ait:
1556 1955 1669 2002 Vos
1695 1967 1764 2001 ex
1786 1959 1943 2016 patre
1961 1959 2159 2006 diabolo

565 2034 705 2083 estis
734 2031 912 2092 (Joan.
941 2028 1031 2089 8.).
1061 2025 1366 2088 Progenies
1404 2036 1539 2074 vero
1562 2024 1771 2073 diaboli
1796 2030 1933 2075 sunt
1959 2041 2160 2081 omnes

566 2103 805 2167 reprobi.
826 2101 971 2149 Hinc
994 2110 1095 2161 per
1109 2099 1393 2147 Joannem
1416 2096 1651 2144 dicitur:
1677 2097 1979 2158 Progenies
1998 2100 2157 2163 vipe-

564 2166 774 2235 rarum,
816 2171 947 2234 quis
984 2168 1250 2220 ostendet
1284 2166 1450 2217 vobis
1496 2166 1692 2227 t'ugcre
1726 2179 1761 2215 a
1798 2173 2036 2220 ventura
2074 2174 2154 2223 ira

566 2249 776 2309 (Matth.
824 2247 898 2306 3.)
922 2245 948 2292 ‘2
996 2244 1141 2304 Ergo
1183 2242 1243 2289 in
1280 2238 1581 2302 progenies
1614 2242 1842 2301 patrum
1881 2242 2155 2305 introibit,

565 2318 699 2381 quia
721 2316 891 2366 simul
926 2325 1058 2364 cum
1080 2311 1337 2374 reprobis
1363 2312 1422 2359 in
1447 2315 1664 2360 aterno
1688 2310 1821 2373 igne
1844 2314 2063 2374 peribit.
2090 2318 2157 2365 Et

564 2403 731 2453 usque
754 2388 812 2435 in
823 2392 1081 2434 aeternum
1098 2398 1207 2431 non
1222 2381 1411 2430 videbit
1428 2382 1627 2431 lumen.
1644 2383 1898 2434 Mittetur
1910 2387 2059 2436 enim
2076 2390 2153 2435 in-

567 2454 827 2512 tenebras
873 2456 1201 2517 exteriores,
1232 2454 1327 2504 ubi
1360 2456 1465 2503 erit
1495 2455 1667 2503 ﬂetus
1683 2458 1742 2504 et
1780 2456 1988 2507 stridor
2023 2461 2157 2509 den-

565 2534 709 2584 tium
749 2529 957 2591 (Matth.
995 2530 1045 2579 8.
1090 2532 1136 2574 et
1168 2524 1290 2587 13.).
1322 2525 1523 2574 Omnis
1560 2527 1659 2588 qui
1695 2526 1844 2575 male
1876 2529 2012 2591 agit,
2038 2531 2160 2580 odit

563 2605 752 2654 lucem
790 2600 969 2661 (Joan.
1009 2596 1097 2659 3.).
1131 2598 1274 2655 Quia
1301 2608 1437 2658 ergo
1458 2596 1598 2645 dum
1630 2596 1866 2661 viveret,
1895 2602 2157 2651 tenebras

565 2672 782 2732 dilexit,
820 2669 947 2719 ideo
972 2679 1273 2728 nunquam
1304 2666 1493 2716 lucem
1530 2666 1759 2717 videbit.
1791 2669 1861 2719 Et
1886 2670 2040 2731 quod
2071 2671 2159 2723 lu-

565 2756 699 2795 men
722 2740 979 2793 amiserit
1006 2740 1215 2799 cordis,
1246 2737 1495 2787 ostendit
1510 2750 1643 2787 cum
1668 2739 2056 2792 subinfertur:

626 2815 713 2869 ‘21.
760 2814 933 2861 Homo
975 2824 1099 2859 cum
1134 2810 1195 2856 in
1244 2809 1443 2857 honore
1487 2814 1629 2871 esset,
1679 2824 1792 2858 non
1839 2812 2098 2863 intellexit
2140 2833 2156 2866 :

565 2891 911 2951 comparatus
929 2880 1674 2945 estjumentisinsipientibus,
1699 2888 1744 2929 et
1767 2883 1962 2932 similis
1983 2886 2159 2946 factus

563 2965 638 3010 est
662 2960 786 3007 illis.
806 2954 1118 3008 Sententia
1142 2953 1401 3016 repetitio
1423 2955 1780 3004 conllrmatio
1797 2960 1887 3006 est
1906 2970 1918 3006 :
1937 2959 2028 3008 vel
2047 2963 2158 3009 ideo

566 3033 787 3095 repetit,
813 3029 949 3092 quia
976 3026 1035 3076 in
1070 3026 1181 3076 hoc
1210 3038 1378 3076 versu
1404 3024 1656 3075 maxime
1680 3026 1894 3088 pendet
1915 3028 2159 3083 intentio

566 3104 785 3168 psalmi,
810 3106 866 3151 et
888 3098 1122 3150 utilitas.
1147 3097 1411 3158 Defende,
1432 3109 1463 3147 ο
1484 3097 1675 3156 homo,
1700 3098 1975 3151 honorem
1996 3110 2155 3156 tuum.

568 3176 690 3228 Noli
713 3176 974 3225 deserere
997 3183 1133 3223 eum
1157 3182 1330 3233 quem
1359 3169 1461 3219 tibi
1483 3169 1642 3221 dedit
1654 3172 1807 3221 Deus
1824 3175 2155 3239 intellectum,

566 3248 639 3300 ad
662 3247 790 3308 hoc,
815 3250 882 3296 ut
908 3244 1107 3295 divina
1128 3242 1423 3306 percipias,
1450 3244 1665 3292 aterna
1689 3243 1912 3308 diligas,
1935 3251 2159 3300 terrena

2256 601 2473 651 dictum
2508 604 2598 651 est
2640 599 2741 661 eis,
2787 601 2890 661 Ite,
2926 600 3230 663 pradicate
3280 599 3659 667 Evangelium
3699 599 3829 658 omni

2257 677 2535 723 creatura
2561 671 2743 734 (Marc.
2783 670 2907 734 16.).
2936 673 3004 721 Et
3039 673 3173 734 quia
3196 674 3529 736 pradicatio
3551 676 3757 741 incepit
3774 680 3829 729 ab

2256 742 2598 803 Jerusalem,
2624 745 2777 792 recte
2812 741 3186 805 subjunctum
3219 750 3345 796 est:

2319 812 2370 866 2.
2402 815 2491 861 Eae
2524 813 2657 862 Sion
2693 813 2883 875 species
2934 812 3134 863 decoris
3181 814 3310 877 ejus.
3362 817 3509 867 Hinc
3548 817 3697 869 alius
3731 833 3833 883 pro-

2258 884 2429 949 pheta
2451 885 2588 937 dicit
2613 900 2624 933 :
2652 885 2733 934 De
2758 884 2889 934 Sion
2922 885 3105 935 exibit
3129 885 3243 948 lex,
3278 890 3335 939 et
3357 890 3607 940 verbum
3636 892 3829 943 Domini

2257 956 2332 1007 de
2350 954 2670 1007 JeruSulem
2698 956 2839 1016 (Isai.
2874 954 2965 1017 2.).
2995 957 3137 1008 Inde
3164 959 3337 1022 capit
3359 961 3832 1026 pradicarispccies

2257 1028 2477 1081 decoris,
2504 1026 2559 1076 id
2594 1031 2708 1098 est,
2735 1027 3097 1089 pulchritudo
3121 1028 3439 1081 divinitatis
3466 1032 3699 1083 Christi.
3730 1037 3833 1098 Ipse

2258 1103 2346 1149 est
2370 1098 2665 1162 speciosus
2689 1097 2871 1147 forma
2896 1111 3012 1161 pra
3042 1098 3174 1149 ﬁliis
3207 1100 3511 1155 hominum
3536 1104 3702 1163 (Psat.
3728 1097 3815 1165 4⁷4.)

2256 1170 2326 1221 de
2351 1182 2465 1232 quo
2499 1173 2556 1219 et
2579 1168 2848 1219 subditur
2870 1183 2883 1218 :
3248 1204 3259 1211 .

2320 1239 2371 1293 3.
2398 1241 2535 1288 Deus
2565 1239 2848 1299 manifeste
2870 1240 3067 1290 veniet:
3094 1240 3233 1290 Deus
3250 1249 3441 1306 noster,
3468 1249 3517 1293 et
3544 1260 3657 1294 non
3674 1244 3835 1295 silebit.

2260 1311 2421 1362 Prius
2445 1311 2707 1361 occultus
2728 1311 2904 1375 venit,
2918 1310 3254 1364 inﬁrmusin
3272 1327 3443 1366 carne
3455 1318 3835 1380 apparuitlsra:

2257 1384 2453 1446 gloria
2478 1382 2697 1445 species
2722 1382 2781 1432 in
2809 1381 3131 1446 divinitate,
3172 1385 3271 1435 sed
3297 1387 3423 1438 hac
3449 1388 3669 1439 latebat
3690 1389 3742 1438 in
3758 1388 3838 1438 hu-

2258 1454 2551 1505 manitate.
2580 1454 2636 1504 Si
2652 1454 2806 1503 enim
2818 1456 3247 1518 cognovissent,
3275 1470 3575 1521 nunquam
3595 1462 3835 1507 Dominum

2257 1525 2455 1588 gloria
2478 1524 2902 1575 cruciﬁxissent
2922 1524 2989 1585 (1.
3013 1524 3245 1589 00122.).
3270 1527 3543 1580 Occultus
3556 1542 3696 1593 ergo
3708 1534 3835 1589 venit,

2258 1602 2323 1647 ut
2348 1597 2717 1659 judicaretur.
2747 1596 3043 1647 Manifeste
3080 1598 3289 1663 veniet,
3326 1604 3391 1650 ut
3408 1601 3637 1663 judicet
3655 1602 3834 1665 (Matth.

2258 1668 2382 1729 16.).
2413 1670 2479 1717 Et
2512 1667 2620 1717 hoc
2645 1672 2732 1717 est
2756 1667 2858 1730 (Ea:
2882 1668 3226 1731 Augustino),
3271 1671 3424 1733 quod
3453 1673 3627 1732 anum
3652 1688 3755 1721 ηοη
3777 1675 3838 1720 εί-

2259 1739 2393 1789 lebit.
2426 1740 2562 1789 Silet
2595 1738 2765 1789 modo
2786 1751 2820 1789 a
2829 1738 3066 1801 judicio,
3086 1741 3348 1792 occultus
3371 1743 3430 1793 in
3458 1742 3838 1795 calo.Patiens

2260 1816 2350 1861 est
2372 1824 2543 1873 super
2571 1816 2913 1873 peccatores,
2928 1823 3045 1860 non
3069 1814 3517 1875 exercensiram,
3540 1818 3642 1866 sed
3661 1828 3840 1880 expec-

2267 1888 2394 1932 tans
2430 1881 2840 1944 panitentiam.
2869 1882 3061 1941 Tacui,
3091 1883 3280 1945 inquit
3306 1900 3317 1934 :
3348 1887 3619 1949 nunquid
3645 1901 3839 1951 semper

2265 1955 2505 2004 tacebo?
2542 1955 2610 2002 Et
2653 1952 2990 2013 notandum,
3017 1954 3172 2015 quod
3196 1956 3276 2005 ait
3298 1957 3453 2007 Deus
3480 1964 3700 2009 noster.
3740 1962 3839 2009 Non

2260 2026 2411 2075 enim
2442 2029 2529 2075 est
2564 2026 2746 2087 Deus,
2769 2025 2868 2086 qui
2900 2037 3016 2075 non
3040 2030 3130 2075 est
3154 2028 3306 2077 Deus
3334 2034 3551 2079 noster.
3582 2033 3835 2090 Quoniam

2259 2109 2461 2147 omnes
2486 2096 2564 2145 dii
2586 2096 2850 2158 gentium
2875 2095 3163 2147 damonia
3189 2099 3347 2160 (Psal.
3368 2098 3499 2163 95.),
3519 2103 3682 2152 Deus
3698 2111 3837 2150 autem

2259 2168 2712 2217 Christianorum
2727 2173 2815 2217 est
2839 2180 3012 2217 verus
3035 2169 3203 2219 Deus.
3223 2170 3362 2231 Quia
3375 2184 3510 2222 vero
3526 2173 3837 2233 adjudicium

2261 2239 2468 2300 veniet,
2493 2241 2796 2301 sequentia
2818 2238 3046 2300 docent,
3075 2253 3208 2291 cum
3232 2240 3442 2293 dicitur
3465 2244 3651 2306 :Igm’s
3676 2245 3729 2292 in
3745 2261 3841 2293 con-

2256 2316 2432 2373 speclu
2457 2310 2570 2373 ejus
2588 2310 2902 2358 exardescct.
2926 2312 3129 2362 Veniet
3152 2312 3578 2371 enimjudicare
3604 2315 3838 2367 seculum

2259 2395 2357 2444 per
2374 2382 2586 2446 ignem.
2614 2382 2761 2431 llinc
2775 2382 3085 2445 Apostolus
3107 2384 3209 2433 ait:
3237 2384 3417 2435 Unius
3433 2387 3525 2450 cuj
3538 2400 3837 2450 usqueopus

2258 2453 2425 2513 quale
2439 2454 2535 2513 sit,
2560 2452 2713 2514 ignis
2739 2453 3005 2514 probabit
3031 2451 3097 2513 (1.
3121 2452 3239 2504 Cor.
3260 2452 3350 2517 3.).
3372 2457 3478 2517 Qui
3495 2456 3836 2509 dulcedinem

2267 2524 2358 2573 Dei
2377 2524 2575 2574 nondu
2585 2536 2635 2572 ω
2649 2529 3053 2587 gustaverunt,
3070 2524 3119 2573 si
3143 2526 3401 2577 nondum
3416 2527 3749 2580 desiderant
3762 2532 3838 2579 Dei

2261 2594 2477 2658 faciem,
2514 2595 2752 2645 timeant
2783 2595 2874 2645 vel
2901 2596 3116 2655 ignem.
3157 2597 3439 2662 Supplicia
3465 2604 3719 2652 terreant
3750 2601 3833 2663 (Ex

2257 2666 2420 2730 eod.),
2439 2679 2614 2729 quem
2637 2665 2875 2730 pramia
2894 2679 3012 2717 non
3036 2667 3300 2720 invitant.
3320 2669 3444 2721 Vile
3470 2672 3575 2722 tibi
3599 2675 3703 2737 est,
3719 2676 3829 2732 quod

2260 2738 2413 2788 Dens
2434 2738 2730 2801 pollicetur
2742 2740 2768 2786 ‘l
2780 2738 3183 2802 Contremisce,
3200 2740 3353 2801 quod
3376 2740 3649 2793 minatur.
3665 2744 3839 2793 Omnis

2258 2810 2447 2871 arbor,
2472 2821 2603 2871 qua
2629 2822 2749 2860 non
2773 2809 2905 2859 facit
2917 2809 3168 2861 fructum
3192 2812 3423 2874 bonum,
3448 2813 3764 2874 excidetur,
3795 2818 3841 2864 et

2258 2880 2317 2931 in
2331 2881 2526 2943 ignem
2541 2880 2801 2931 mittetur
2822 2880 3032 2941 (Matth.
3070 2880 3160 2943 7.).
3188 2881 3363 2934 Aliter
3388 2898 3400 2933 :
3427 2885 3690 2935 Christus
3710 2886 3839 2935 venit

2257 2951 2329 3002 ad
2341 2952 2360 3015 j
2371 2952 2706 3015 udicium,et
2717 2958 2855 3002 tunc
2868 2952 3014 3015 ignis
3029 2965 3219 3015 prava
3232 2955 3715 3018 concupiscentia
3725 2970 3843 3004 exar-

2258 3022 2471 3085 descet,
2498 3026 2553 3073 et
2578 3028 2779 3072 exuret
2812 3024 3105 3086 reprobos,
3133 3025 3233 3086 qui
3256 3030 3422 3076 erunt
3454 3026 3515 3075 in
3539 3031 3840 3091 conspectu

2258 3096 2382 3155 ejus
2402 3108 2413 3143 :
2431 3093 2566 3156 quia
2579 3093 2854 3143 videbunt
2870 3094 2929 3143 in
2943 3106 3118 3157 quem
3136 3095 3551 3147 transﬁxerunt
3570 3097 3751 3161 (Zach.
3774 3094 3837 3149 1'3.

2256 3166 2418 3215 Joan.
2452 3164 2576 3227 19.).
2613 3166 2680 3214 Et
2710 3166 2771 3213 in
2786 3166 3017 3214 ctrcuitu
3038 3166 3152 3230 ejus
3170 3172 3445 3231 tempestas
3467 3168 3744 3219 valida.ld
3770 3171 3840 3219 est

2258 3237 2463 3299 angeli,
2486 3237 2622 3299 quia
2652 3237 2805 3288 sicut
2831 3236 3021 3289 valida
3035 3244 3354 3301 tempestas
3369 3239 3561 3291 sumat
3581 3240 3765 3304 paleas
3780 3238 3836 3289 ad

3822 1145 3834 1167 9

566 3323 921 3371 contemnas.
947 3316 1114 3366 Utere
1134 3313 1447 3388 intellectu,
1472 3318 1633 3388 utere
1662 3316 1902 3388 ratione,
1927 3317 2158 3383 despice
2183 3313 2231 3388 ί]
2260 3308 2579 3388 praemisit:
2601 3308 2782 3388 malos
2810 3309 3126 3388 ευίῌᾳιηωι
3151 3309 3462 3388 δάίὶρΐειδοδ
3487 3313 3701 3373 (ΜααΙι-
3735 3312 3839 3369 13-ἓι

569 3389 921 3453 temporalia,
943 3391 1009 3438 ut
1033 3383 1328 3449 pervenire
1344 3384 1617 3435 merearis
1639 3385 1713 3435 ad
1729 3387 2000 3439 calestia.

844 3482 1211 3547 TITULUS
1257 3482 1585 3545 PSALMI
1640 3483 1882 3549 XLIX.

629 3605 806 3663 Agitur
849 3603 904 3648 in
938 3602 1168 3659 sequenti
1193 3600 1407 3665 ips-almo
1424 3600 1765 3665 (invocatione
1788 3606 2016 3651 omnium
2050 3620 2166 3665 gen-

571 3670 697 3714 tium
726 3681 736 3712 :
762 3667 822 3711 de
847 3666 1113 3709 manifesto
1148 3664 1365 3708 adventu
1389 3663 1677 3721 Christi,de
1698 3669 1970 3713 mutatione
1983 3663 2164 3715 veteris

570 3730 803 3777 sacriﬁcii
819 3729 871 3773 in
891 3740 1094 3784 novum,
1114 3726 1174 3790 de
1187 3726 1469 3771 damnando
1484 3734 1734 3783 peccatore
1753 3729 2163 3790 indisciplinato:

571 3791 775 3851 etquod
813 3792 907 3835 iter
938 3790 1000 3835 ad
1038 3789 1304 3835 Dominum
1333 3790 1398 3833 sit
1423 3790 1586 3834 laudis
1623 3789 2166 3840 sacriﬁeium.Titulns

572 3851 919 3913 est,l’salmus
938 3850 1504 3916 Asapthterpretatur
1528 3854 1693 3910 Asaph
1717 3855 2169 3916 congregatio.At-

574 3917 873 3963 tribuendus
898 3920 971 3961 est
993 3929 1110 3973 ergo
1133 3914 1357 3971 psalmus
1383 3914 1474 3959 iste
1498 3916 1683 3973 Asaph,
1707 3916 1758 3961 id
1784 3914 1872 3975 ρει,
1892 3914 2163 3976 congrega-

575 3981 700 4025 tioni
718 3979 942 4025 ﬁdelium
968 3983 1082 4023 ante
1106 3978 1373 4043 adventum
1389 3977 1574 4043 Christi
1600 3977 1942 4043 existentium,
1967 3981 2170 4027 creden-

575 4043 701 4088 tium
740 4054 848 4087 esse
882 4045 1151 4086 venturum
1185 4040 1441 4086 Christum
1465 4040 1518 4084 in
1543 4052 1761 4097 carnem,
1785 4047 1832 4087 et
1865 4040 1954 4099 pro
1979 4044 2126 4089 nobis
2153 4059 2163 4089 :

575 4105 711 4163 quod
726 4116 818 4149 nos
841 4103 1095 4148 credimus
1110 4115 1217 4147 esse
1238 4103 1561 4159 completum.
1588 4104 1788 4149 Materia
1809 4105 1993 4161 psalmi
2015 4107 2170 4162 hujus

576 4172 650 4212 est
686 4167 794 4223 ipse
820 4167 1069 4222 Christus,
1106 4165 1251 4210 modo
1290 4177 1381 4210 nos
1405 4177 1492 4220 per
1514 4165 1920 4222 pradicationem
1945 4180 2129 4215 vocans
2154 4182 2167 4219 :

577 4228 763 4275 deinde
795 4228 1017 4273 districto
1050 4228 1304 4284 judicans.
1329 4226 1605 4274 intendunt
1628 4233 1791 4273 autem
1817 4231 2168 4286 pranominati

580 4291 772 4351 ﬁdeles,
797 4290 1158 4335 introducendo
1189 4290 1351 4347 ipsius
1376 4289 1572 4352 Domini
1598 4289 1781 4335 Christi
1810 4303 2095 4352 personam,
2115 4299 2172 4340 ut

579 4350 996 4411 majoripondere
1021 4353 1307 4410 loquantur,
1335 4350 1544 4396 suadere
1568 4352 1882 4399 auditoribus
1907 4357 2034 4411 suis,
2063 4350 2115 4401 ut
2144 4371 2173 4402 a

580 4416 869 4461 carnalibus
892 4414 1225 4459 observantiis
1249 4413 1511 4473 desistant,
1539 4418 1585 4458 et
1618 4414 1678 4458 ab
1706 4416 1881 4461 umbra
1903 4418 1965 4463 ad
1988 4421 2169 4465 verita-

582 4483 676 4524 tem
698 4492 750 4523 se
777 4478 1075 4523 transferant
1102 4490 1112 4521 :
1142 4489 1233 4520 nec
1255 4474 1325 4522 ita
1349 4488 1465 4520 voco
1488 4477 1779 4538 pradicant,
1816 4484 1871 4524 ut
1894 4493 2041 4537 opere
2072 4494 2171 4526 non

579 4541 841 4599 impleant.
870 4542 969 4586 Cur
992 4545 1157 4583 autem
1178 4538 1440 4596 praceptis
1461 4540 1644 4585 Christi
1666 4541 1781 4586 [alia
1805 4542 2062 4589 suadentis
2085 4544 2172 4589 ob-

581 4603 961 4661 temperandum
984 4602 1067 4660 sit,
1087 4614 1275 4646 caussa
1289 4601 1565 4658 pramissa
1580 4608 1698 4648 sunt
1710 4604 1763 4649 in
1780 4606 2032 4663 principio
2049 4607 2176 4664 psal-

580 4666 673 4723 mi,
720 4678 880 4723 usque
912 4664 973 4709 ad
1006 4675 1122 4727 eum
1166 4663 1331 4727 locum
1384 4664 1471 4710 ubi
1511 4666 1697 4712 dicitur
1739 4667 1913 4714 :Audi
1954 4663 2174 4727 populus

583 4741 745 4791 meus.
786 4729 842 4791 In
865 4726 1119 4791 principio
1154 4738 1271 4771 vero
1294 4726 1347 4772 ﬁt
1370 4731 1743 4787 pradicationis
1766 4734 1877 4791 ejus
1900 4732 2014 4779 talis
2036 4746 2171 4780 com-

587 4790 855 4851 mendatio.
884 4790 985 4835 Vox
1009 4793 1083 4834 est
1106 4800 1392 4849 synagoga.

1044 4896 1441 4962 PSALMUS
1486 4897 1753 4997 XLIX..

649 5029 676 5085 1
688 5031 844 5081 .Deus
856 5028 1077 5078 deorum
1088 5027 1358 5076 Dominus
1373 5024 1577 5074 locutus
1588 5029 1728 5085 est,et
1738 5025 1942 5073 vocavit
1958 5030 2178 5088 terram,

585 5119 621 5154 α
640 5103 897 5152 solisortu
912 5115 1078 5163 usque
1101 5100 1174 5147 ad
1189 5112 1453 5147 occasum.
1480 5098 1607 5147 Non
1631 5095 1963 5160 quicunque
1987 5098 2178 5159 homo,

584 5181 685 5229 aut
702 5175 1029 5239 quicunque
1045 5170 1284 5235 angelus
1305 5168 1583 5231 loquutus
1596 5170 1701 5227 est,
1714 5169 1817 5220 sed
1834 5169 1957 5233 ipse
1973 5172 2178 5219 deorum

582 5249 757 5310 Deus,
773 5245 987 5296 scilicet
1008 5244 1286 5293 Dominus
1297 5240 1534 5290 nosterJ
1540 5251 1675 5289 esus
1692 5240 1970 5301 Christus,
1984 5240 2085 5304 qui
2107 5247 2180 5289 est

583 5323 844 5385 operator
862 5321 919 5367 et
942 5315 1234 5365 deiﬁcator
1257 5314 1609 5385 sanctorum,
1623 5310 1774 5385 sicut
1800 5312 1926 5376 ipse
1949 5312 2084 5364 alibi
2099 5314 2180 5364 ait

583 5384 931 5455 quibusdam
962 5385 1175 5437 sanctis
1200 5385 1309 5434 diis
1333 5397 1432 5447 per
1452 5384 1691 5447 gratiam
1710 5384 1871 5436 factis
1889 5400 1901 5435 :
1920 5387 2035 5448 Ego
2047 5388 2174 5452 dixi,

581 5454 658 5515 dii
682 5463 822 5513 estis
846 5463 903 5511 et
926 5457 1027 5508 ﬁlii
1050 5455 1258 5507 excelsi
1280 5468 1479 5506 omnes
1501 5456 1658 5519 (Psal.
1685 5454 1809 5519 81.).
1844 5458 1989 5507 Hinc
2026 5460 2178 5522 Apo-

581 5536 764 5586 stolus
780 5533 877 5591 ait,
893 5529 1059 5580 Dedit
1084 5529 1165 5578 eis
1191 5531 1536 5592 potestatem
1560 5529 1707 5579 ﬁlios
1724 5531 1824 5581 Dei
1848 5529 1971 5580 ﬁeri
1993 5530 2173 5591 (Joan.

580 5605 670 5669 1.).
698 5608 766 5655 Et
794 5604 1002 5654 iterum
1029 5615 1041 5649 :
1064 5600 1188 5651 Filii
1225 5600 1325 5651 Dei
1353 5612 1577 5661 sumus,
1604 5601 1705 5652 sed
1729 5601 1992 5652 nondum
2021 5618 2178 5662 appa-

578 5680 678 5740 ret,
721 5673 875 5739 quod
914 5673 1126 5723 erimus
1162 5671 1225 5735 (1.
1271 5672 1431 5720 Joan.
1479 5671 1569 5733 3.).
1596 5674 1709 5723 Iste
1736 5678 1930 5723 tantus
1953 5685 2019 5723 ac
2045 5675 2175 5725 talis

578 5746 804 5798 locutus
840 5750 930 5797 est
968 5757 1067 5807 per
1089 5743 1343 5807 angelos,
1375 5756 1474 5807 per
1496 5744 1802 5807 prophetas
1827 5756 1926 5807 per
1960 5752 2175 5797 semet-

575 5816 768 5879 ipsum
795 5816 975 5879 (Hebr.
1001 5816 1101 5877 1.),
1133 5828 1232 5878 per
1256 5814 1454 5866 ﬁdeles
1477 5828 1636 5878 suos,
1661 5820 1706 5863 et
1736 5816 1940 5863 vocavit
1972 5820 2173 5866 terram

576 5887 635 5937 id
672 5892 779 5953 est,
810 5886 1075 5937 homines
1106 5886 1433 5938 habitantes
1464 5886 1527 5937 in
1550 5892 1719 5938 terra.
1743 5888 1814 5939 Et
1834 5900 1953 5938 non
1973 5887 2034 5939 in
2058 5902 2175 5941 una

583 5959 729 6010 terra
762 5961 1007 6011 tantum.
1050 5957 1150 6007 sed
1188 5969 1224 6007 a
1247 5956 1383 6008 solis
1407 5961 1536 6008 ortu
1560 5970 1747 6021 usque
1779 5958 1852 6009 ad
1880 5972 2170 6013 occasum.

2266 3379 2465 3430 Valida
2481 3383 2791 3443 tempestas
2810 3380 3151 3431 ventilatura
3167 3387 3257 3432 est
3273 3386 3391 3432 tam
3408 3394 3682 3446 magnam
3699 3398 3838 3431 aream

2261 3453 2383 3502 Hac
2430 3454 2769 3514 tempestate
2817 3452 2921 3515 (Ea:
2957 3452 3091 3514 eod.)
3132 3454 3237 3503 erit
3270 3452 3367 3504 illa
3397 3454 3711 3516 ventilatio,
3746 3466 3841 3516 qua

2262 3522 2618 3586 separabitur
2639 3535 2673 3572 a
2697 3524 2915 3574 sanctis
2934 3536 3103 3574 omne
3126 3525 3492 3576 immundum
3517 3538 3588 3577 :a
3602 3526 3839 3578 ﬁdelibus

2262 3595 2451 3645 omnis
2478 3592 2788 3654 simulatio,
2813 3608 2848 3645 a
2865 3596 2973 3658 piis
3004 3601 3062 3647 et
3093 3598 3472 3649 trementibus
3497 3600 3736 3649 verbum
3758 3597 3841 3647 Dei

2260 3667 2449 3717 omnis
2478 3670 2801 3717 contemtor
2822 3672 2881 3717 et
2906 3668 3206 3729 superbus.
3249 3669 3495 3719 Veniens
3528 3670 3724 3734 itaque
3746 3670 3842 3719 Do-

2262 3738 2457 3787 minus
2480 3736 2552 3786 ad
2570 3736 2874 3799 judicium,
2897 3738 3035 3799 quid
3059 3738 3316 3789 facturus
3334 3744 3423 3791 est
3444 3742 3471 3790 ‘I

2325 3807 2375 3860 4.
2401 3807 2690 3856 Advocabit
2714 3808 2898 3856 calum
2912 3809 2973 3857 de
2996 3824 3232 3860 sursum.
3252 3812 3356 3861 Per
3378 3810 3589 3863 calum
3606 3812 3715 3874 (Ea:
3728 3810 3841 3859 eodu‘

2265 3880 2389 3933 vult
2411 3878 2653 3943 intelligi
2672 3893 2877 3931 omnes
2891 3886 3121 3931 sanctos
3140 3885 3195 3932 et
3210 3882 3508 3945 perfectos,
3523 3896 3677 3947 quos
3692 3883 3845 3933 advo-

2264 3951 2414 4003 cabit
2444 3963 2677 4001 sursum
2703 3964 2970 4002 sessuros
2998 3965 3198 4003 secum
3225 3952 3604 4016 judicaturos.
3634 3952 3844 4006 Vocabit

2265 4030 2307 4072 et
2326 4022 2851 4085 terram(discernere
2866 4023 3134 4086 populum
3153 4039 3332 4075 suum.
3352 4024 3569 4077 Caium
3584 4029 3785 4083 vocabit,
3799 4030 3841 4070 ut

2258 4096 2478 4160 judicet
2504 4106 2637 4145 cum
2650 4106 2735 4145 eo.
2755 4096 2990 4146 Terram
3014 4095 3260 4156 vocabit,
3291 4101 3355 4147 ut
3379 4096 3674 4149 discernat
3688 4107 3837 4161 popu~

2266 4167 2389 4219 lum
2416 4179 2589 4217 suum
2610 4178 2645 4217 a
2662 4166 2871 4230 populo
2894 4168 3230 4220 malo.Audi
3245 4169 3607 4220 vocationem
3624 4174 3842 4227 terrae!

2268 4239 2460 4304 populi
2478 4238 2567 4288 sui
2581 4238 3016 4290 discretionem:
3046 4240 3247 4291 Venite
3274 4241 3556 4292 benedicti
3586 4240 3842 4298 Patrismei,

2269 4310 2539 4376 percipite
2558 4323 2815 4373 regnum,
2836 4311 2991 4373 quod
3004 4313 3168 4362 vobis
3181 4316 3440 4375 paratum
3459 4317 3549 4363 est
3562 4314 3641 4364 ab
3653 4311 3845 4375 origine

2271 4383 2472 4433 mundi
2514 4382 2723 4445 (Matth.
2760 4381 2886 4443 25.).
2928 4382 3207 4447 Percipite
3228 4384 3373 4435 dico.
3400 4386 3622 4444 Quare?
3645 4382 3843 4435 Esurivi

2271 4459 2444 4515 enim,
2482 4458 2538 4505 et
2562 4454 2774 4505 dedisti
2801 4454 2941 4505 mihi
2975 4456 3342 4515 manducare,
3367 4461 3473 4507 etc.
3512 4458 3659 4507 Ecce
3687 4467 3857 4519 quare.

2273 4528 2545 4579 dicuntur
2568 4530 2717 4577 terra
2744 4544 2756 4575 ι
2782 4526 3047 4578 videlicet
3070 4533 3299 4591 prepter
3324 4528 3459 4579 boni
3470 4526 3842 4591 operisl‘ertili-

2275 4603 2447 4651 tatem
2460 4636 2472 4647 .
2509 4598 2580 4648 Hi
2599 4598 2648 4648 si
2673 4610 2793 4648 non
2819 4601 3129 4661 potuerunt
3147 4598 3355 4650 calum
3372 4612 3520 4655 esse.
3534 4600 3723 4651 omnia
3736 4609 3843 4648 con-

2199 4688 2256 4762 n
2281 4669 3301 4762 seseeseassesasses“:
3318 4670 3840 4762 {assassin-

2280 4743 2391 4794 dia
2422 4741 2679 4793 faciendo
2705 4741 2918 4804 (Matth.
2942 4740 2991 4794 ε).
3024 4746 3069 4789 et
3092 4739 3218 4803 25.).
3247 4741 3458 4793 Deinde
3484 4743 3753 4807 propheta
3770 4739 3840 4789 vi—

2280 4814 2422 4865 dens
2446 4814 2658 4875 futura,
2682 4816 2954 4875 tanquam
2980 4813 3305 4878 praesentia,
3334 4813 3671 4866 exhortatur
3691 4824 3842 4876 ange'

2279 4890 2368 4943 los
2402 4889 2838 4951 congregantes.
2883 4884 3072 4936 Mittet
3115 4885 3269 4937 enim
3315 4884 3596 4936 Dominus
3636 4883 3838 4949 angelos

2280 4974 2436 5020 suos,
2474 4963 2532 5011 et
2567 4957 3080 5021 congregabantur
3115 4962 3249 5009 ante
3281 4969 3415 5008 eum
3442 4969 3645 5009 omnes
3664 4960 3837 5021 gentes

2281 5033 2489 5099 (Matth.
2513 5028 2596 5084 13.
2629 5036 2674 5078 et
2695 5029 2827 5090 225.).

2340 5104 2391 5158 5.
2427 5104 2535 5154 Con
2542 5107 2752 5166 gregale
2775 5101 2857 5149 illi
2874 5100 2945 5152 de
2961 5099 3207 5152 diversis
3224 5100 3481 5165 partibus
3495 5101 3651 5152 orbis
3660 5104 3838 5151 sanctos

2277 5178 2408 5241 ejus.
2427 5179 2622 5227 Etnon
2641 5175 2781 5225 tales
2794 5178 3045 5235 sanctos,
3064 5174 3163 5235 qui
3186 5172 3458 5224 insistant
3486 5171 3659 5239 248
3677 5181 3837 5224 cama-

2275 5249 2425 5300 libus
2450 5245 2852 5305 observantiis,
2872 5244 2973 5296 sed
2998 5245 3159 5305 tales,
3185 5246 3282 5309 qui
3298 5245 3580 5303 ordinant,
3599 5250 3837 5309 etpropo-

2276 5326 2424 5371 nunt
2433 5331 2654 5370 novum
2671 5321 3039 5365 testamentum
3069 5316 3184 5379 ejus
3198 5331 3359 5379 super
3376 5316 3649 5369 sacriﬁcia
3664 5316 3832 5375 legalis.

2276 5392 2376 5441 llla
2407 5390 2557 5441 enim
2584 5388 2863 5440 sacriﬁcia
2896 5389 3109 5439 veteris
3144 5388 3513 5450 Testamenti,
3553 5389 3760 5445 umbra,
3794 5386 3838 5432 et

2274 5462 2573 5526 prophetia
2586 5461 2814 5511 fuerunt
2831 5460 3549 5511 veritatis.Testamentum
3565 5472 3697 5523 ergo
3712 5469 3834 5515 super

2275 5534 2554 5585 sacriﬁcia
2597 5532 2876 5591 ordinare,
2908 5537 2999 5583 est
3032 5532 3290 5595 seipsum
3316 5531 3373 5582 in
3397 5532 3731 5582 sacriﬁcium
3755 5529 3837 5576 Ι)οο

2273 5605 2429 5655 mino
2464 5606 2678 5665 oﬁ'erre,
2714 5608 2773 5655 et
2811 5603 2965 5667 quod
2991 5604 3155 5655 litera
3196 5603 3471 5667 pracipit,
3509 5599 3836 5667 spiritualiter

2273 5676 2606 5740 adimplere.
2633 5675 2734 5726 Vel
2756 5688 2926 5738 super
2942 5675 3221 5726 sacriﬁcia
3238 5680 3646 5726 testamentum
3673 5674 3836 5740 ordinga‘

2274 5753 2385 5809 tur,
2416 5738 2648 5811 quando
2678 5748 2970 5811 veteribus
2996 5760 3149 5799 nova
3167 5751 3605 5811 praeponuntur:
3639 5738 3834 5811 quando

2271 5809 2607 5870 animalium
2632 5818 2929 5870 sacriﬁciis
2954 5809 3703 5881 destructis,Melchisedech
3724 5809 3833 5865 ordo

2272 5891 2485 5953 ubique
2507 5890 2854 5954 pradicatur
2883 5888 3060 5952 (Hebr.
3092 5888 3222 5943 5..7.
3257 5894 3301 5939 et
3328 5889 3431 5947 10.)
3459 5889 3547 5940 Ad
3570 5888 3726 5952 cujus
3745 5893 3825 5934 no-

2271 5962 2469 6015 vitatis
2495 5962 2752 6015 ordinem
2780 5962 3044 6026 pertinet,
3067 5960 3220 6024 quod
3246 5960 3527 6013 subditur.
