3890 6412
21 445 122 500 +45

1037 451 1109 501 IN
1147 449 1471 504 PSALMOS
1516 451 1722 505 LXXV
1755 452 2333 507 COMMENTARIUS.

2110 14 2983 43 νπῖπἮἾῈμῖἏΓ-ηω-ῌ-

3234 459 3339 514 846

76 558 133 610 6.
170 557 245 638 ιζι
278 559 699 640 annuntiabant
723 559 835 640 caeli
856 560 1132 640 justitiam
1168 562 1288 640 ejus
1308 576 1319 610 :
1368 562 1632 640 quoniam
1660 567 1716 640 Α
1742 569 1796 640 et
1820 564 1931 628 illa,
1959 577 2092 628 quae
2134 578 2254 617 non
2298 566 2582 630 possides,
2622 579 2754 620 mea
2786 571 2926 619 sunt
2948 569 3160 640 omnia.
3186 571 3339 631 Quo-

21 629 160 676 Deus
174 627 360 692 judca:
370 635 459 679 cst.
482 630 615 682 Caeli
628 630 913 694 justitiam
930 631 1033 682 Dei
1049 632 1416 692 annuntiant,
1432 637 1635 693 quando

21 699 359 761 spirituales
388 700 495 751 viri
519 700 693 751 fidem
720 702 944 752 Domini
970 702 1152 753 nostri
1166 703 1308 753 Jesu
1332 703 1559 763 Christi,
1583 707 1641 755 et

22 782 172 821 )0113
198 783 376 834 opera
393 772 725 835 praedicant.
745 773 908 823 Unde
932 772 1067 823 alibi
1084 773 1318 825 dicitur:
1347 774 1481 826 Caeli
1498 791 1640 822 eilar-

21 844 146 891 :-ant
174 842 422 904 gloriam
459 843 551 893 Dei
587 843 747 905 (Psal.
796 844 919 904 18.).
953 847 1093 906 Quae
1138 847 1388 909 profecto
1415 846 1639 907 justitia

21 911 147 962 ideo
174 913 352 963 nobis
396 913 759 977 praedicatur,
784 918 1071 978 quatenus
1113 914 1267 966 illam
1291 920 1637 978 exequentes

21 983 164 1032 iram
184 983 403 1045 judicis
426 984 638 1036 evitare
656 998 998 1036 mereamur.
1018 987 1300 1048 Quoniam
1318 990 1471 1040 Deus
1484 990 1637 1046 judox

21 1058 124 1115 3st,
154 1055 260 1117 qui
279 1055 563 1118 judicabit
589 1057 754 1107 vivos
768 1062 823 1108 et
848 1062 1109 1109 mortuos
1128 1058 1338 1121 (Matth.
1366 1057 1638 1119 16.):quia

21 1125 354 1177 secundum
371 1139 541 1191 opera
555 1128 865 1191 unicuique
889 1129 1164 1180 retribuet
1186 1130 1404 1181 merita.
1429 1130 1546 1180 Hoc
1564 1132 1639 1177 in-

22 1201 323 1248 :essanter
346 1199 560 1250 mentis
578 1199 761 1249 oculis
786 1200 1149 1251 attendentes
1176 1201 1357 1251 sancti
1381 1200 1637 1261 viri,quo-

21 1268 178 1317 niam
199 1269 360 1319 Deus
371 1269 555 1332 judex
578 1275 685 1333 est,
707 1270 888 1321 vitam
909 1283 1073 1321 suam
1090 1271 1391 1334 inquirere,
1406 1274 1638 1335 peccata

21 1353 129 1390 sua
142 1340 382 1403 deﬂere,
406 1354 534 1392 sese
560 1353 787 1405 semper
810 1342 882 1393 ad
907 1342 1140 1393 meliora
1162 1355 1497 1407 promovere
1522 1354 1636 1392 non

21 1416 369 1463 cessant:ut
381 1413 749 1476 postmodum
761 1418 893 1465 ante
906 1413 1493 1477 districtumjudicem
1506 1417 1556 1461 in
1559 1416 1637 1473 ju-

21 1482 303 1534 dicabiles
316 1496 585 1548 apparere
599 1484 974 1537 valeant.Huc
990 1497 1173 1548 usque
1185 1488 1631 1549 Synagogacom-

21 1553 327 1606 mendavit
345 1556 656 1618 Christum,
685 1556 775 1606 vel
801 1557 1142 1620 exponendo
1168 1556 1427 1607 ordinem
1453 1558 1635 1616 praedi-

21 1625 267 1676 cationis
287 1627 428 1689 ejus,
475 1628 567 1679 vel
606 1626 929 1678 secundum
972 1627 1291 1678 adventum
1340 1640 1635 1678 commen-

23 1696 248 1747 dando:
278 1697 487 1749 amodo
510 1698 821 1749 introducit
849 1711 981 1749 eum
998 1699 1329 1761 loquentem
1355 1700 1436 1749 sic
1463 1713 1476 1749 :

85 1766 141 1819 7.
192 1767 364 1827 Audi,
406 1769 639 1832 populus
682 1784 849 1831 meus,
889 1774 932 1818 el
977 1769 1175 1833 loquar
1223 1770 1417 1819 Israel:
1462 1768 1637 1821 Israel

23 1850 248 1889 nomen
263 1838 563 1891 electionis
581 1844 685 1891 est.
707 1842 831 1891 Non
849 1841 1145 1892 vocaberis
1156 1843 1186 1892 J
1191 1842 1352 1903 acob,
1372 1842 1474 1892 sed
1494 1857 1636 1889 voca-

25 1909 183 1960 beris
202 1911 378 1961 Israel
400 1911 596 1973 (Genes.
625 1910 748 1973 32.).
776 1914 923 1976 Ergo
945 1912 1079 1963 audi
1101 1913 1251 1963 sicut
1267 1912 1459 1977 Israel,
1487 1912 1636 1963 sicut

24 1981 213 2029 videns
236 1980 410 2029 Deum
438 1984 523 2045 (Et
547 1982 595 2033 si
619 1982 876 2033 nondum
913 1995 1031 2047 spe,
1068 1984 1168 2034 sed
1197 1984 1318 2047 jam
1343 1984 1491 2047 (ide),
1527 1983 1633 2034 hoc

24 2052 181 2101 enim
204 2051 613 2116 interpretatur
642 2054 832 2116 Israel,
864 2056 1048 2103 videns
1091 2055 1281 2104 Deum.
1307 2055 1412 2116 Qui
1462 2055 1636 2107 habet

25 2136 198 2175 aures
223 2123 517 2187 audiendi,
537 2125 733 2176 audiat
759 2126 903 2189 (Luc.
934 2125 1024 2187 7.).
1052 2126 1254 2190 Captet
1277 2131 1473 2178 autem
1507 2127 1634 2189 ejus

27 2194 517 2257 benevolentiam,
544 2209 675 2246 cum
700 2198 779 2246 ait
799 2213 809 2244 :
828 2197 1068 2260 Populus
1092 2212 1257 2248 meus.
1293 2201 1375 2248 Ac
1401 2197 1447 2248 si
1475 2198 1635 2249 dice-

27 2268 108 2315 ret
134 2280 147 2314 :
176 2265 434 2329 Populus
457 2266 693 2329 electus,
708 2269 958 2331 populus
982 2268 1282 2331 peculiaris
1301 2268 1522 2331 (1.Petr.
1541 2267 1631 2332 2.).

28 2338 87 2384 Et
117 2337 443 2400 testificabor
466 2338 579 2389 tibi.
632 2338 694 2389 Id
729 2343 819 2389 est
843 2340 1190 2391 testimoniis
1216 2342 1635 2404 Scripturarum

30 2409 377 2470 approbabo.
428 2408 571 2468 Quid
593 2411 619 2458 ‘?
658 2409 815 2470 Deus,
847 2411 988 2458 Deus
1019 2416 1141 2459 tuus
1175 2425 1269 2473 ego
1292 2426 1431 2461 sum.
1458 2411 1520 2461 Id
1545 2416 1635 2463 est

31 2491 128 2541 ego
156 2480 315 2530 Deus
333 2492 484 2543 sum,
511 2482 665 2531 Deus
684 2485 834 2531 tuus.
864 2481 1201 2545 Quicunque
1214 2482 1365 2533 enim
1391 2484 1636 2546 Aposto-

31 2550 219 2601 lorum
252 2556 309 2601 et
339 2551 752 2615 Prophetarum
777 2554 1097 2616 Scripturas
1130 2554 1414 2618 intelligit,
1445 2556 1635 2605 Domi-

31 2635 169 2673 num
187 2623 221 2672 J
225 2634 390 2674 esum
416 2635 540 2673 esse
557 2625 740 2675 Deum
754 2629 1021 2675 nostrum
1033 2627 1312 2688 agnoscit.
1326 2627 1464 2674 Deus
1490 2630 1631 2691 tuus,

33 2698 81 2744 et
101 2694 334 2758 proprie
356 2693 580 2755 dicitur,
602 2708 773 2758 quem
793 2695 1128 2747 familiarius
1140 2696 1313 2748 habet
1338 2698 1489 2748 Deus
1507 2701 1634 2749 tan-

32 2777 205 2827 quam
238 2765 298 2815 in
330 2766 614 2829 mancipio
645 2779 770 2831 suo,
818 2771 1096 2830 tanquam
1143 2780 1216 2818 ex
1256 2768 1481 2832 peculio
1506 2781 1630 2821 suo.

33 2836 172 2896 Quid
199 2836 290 2888 vis
334 2836 584 2901 amplius
620 2840 646 2888 ‘I
683 2839 935 2888 Primum
970 2839 1183 2902 quaeris
1227 2852 1262 2889 a
1286 2842 1449 2890 Deo?
1490 2842 1633 2892 Ecce

33 2912 208 2974 Deus,
241 2911 364 2973 ipse
388 2913 539 2962 Deus
565 2916 701 2962 tuus
725 2917 831 2963 est.
860 2913 1007 2974 Quid
1033 2916 1146 2964 Deo
1176 2913 1455 2963 dicimus?
1483 2914 1633 2966 dona

36 2983 125 3032 tibi
184 2984 503 3045 quaerebas,
543 2984 732 3047 ipsum
762 2985 1109 3035 donaturum
1156 2986 1353 3036 habes.
1403 2987 1471 3036 Et
1494 2987 1632 3048 quid

22 3054 263 3117 (exigita
305 3054 472 3105 nobis
516 3055 797 3106 Dominus
835 3058 989 3107 Deus
1032 3059 1275 3108 noster?
1308 3057 1631 3109 Audiamus

34 3126 166 3187 quid
203 3124 295 3188 adj
304 3129 483 3189 ungat
507 3141 520 3177 :

22 3222 23 3235 ι
88 3195 136 3249 8.
166 3195 294 3244 Non
308 3197 785 3260 insacr-iﬁciistuis
804 3214 1040 3263 arguam
1067 3204 1130 3250 te.
1160 3201 1284 3251 Non
1315 3199 1416 3250 tibi
1440 3199 1625 3252 dicam

35 3268 129 3327 (Ea:
168 3268 513 3332 Augustino),
551 3272 734 3331 Quare
775 3284 893 3321 non
917 3271 1059 3323 mihi
1100 3272 1374 3336 pinguem
1398 3276 1624 3323 taurum

32 3342 292 3390 mactasti
320 3344 343 3389 Ρ
364 3341 548 3400 Quare
571 3354 690 3392 non
713 3341 783 3392 de
800 3355 973 3406 grege
990 3348 1085 3394 tuo
1100 3344 1325 3393 hircum
1347 3343 1625 3406 optimum

24 3412 284 3462 obtulisti
307 3414 529 3473 ?Quare
554 3412 806 3464 ariesille
826 3414 1085 3465 ambulat
1106 3413 1166 3464 in
1186 3415 1393 3465 ovibus
1410 3415 1542 3479 tuis,
1571 3419 1629 3466 et

33 3481 85 3531 in
104 3494 206 3533 ara
228 3494 358 3534 mea
380 3495 496 3534 non
520 3483 834 3546 imponitur
856 3488 883 3534 ‘?
906 3485 1232 3533 Holocausla
1252 3490 1434 3533 autem
1454 3492 1545 3534 tua
1568 3487 1624 3535 in

32 3560 300 3617 conspectu
339 3568 454 3603 meo
476 3560 602 3603 sunt
638 3570 861 3619 semper.
896 3557 1099 3618 Holon,
1127 3562 1297 3605 totum
1340 3562 1429 3608 est
1454 3572 1465 3607 :
1492 3569 1629 3608 cau-

36 3631 201 3687 stum,
216 3626 514 3676 incensum.
540 3627 958 3678 Holocaustum
974 3633 1168 3679 autem
1188 3630 1372 3679 totum
1384 3627 1517 3691 igne
1533 3630 1629 3679 ab-

36 3699 302 3747 sumtum.
318 3696 743 3761 Suntquzedam
757 3698 1112 3761 holocausta,
1131 3712 1262 3763 quae
1285 3712 1404 3751 non
1429 3701 1631 3763 recipit

36 3768 201 3829 Deus,
225 3767 294 3819 de
317 3769 529 3831 quibus
552 3770 610 3820 in
647 3770 757 3820 alio
782 3771 1005 3835 psalmo
1023 3770 1255 3822 dicitur:
1272 3772 1477 3835 Utique
1488 3774 1627 3819 holo-

38 3839 242 3890 “austis
263 3852 379 3891 non
401 3841 778 3892 delectaberis
803 3842 816 3905 (
830 3842 965 3893 Psal.
994 3841 1119 3905 50.).
1140 3843 1279 3893 Haec
1305 3848 1447 3895 sunt
1469 3843 1629 3894 holo-

41 3914 227 3962 causta
248 3912 547 3964 brutorum
564 3913 919 3979 animalium,
939 3915 1152 3977 quibus
1174 3916 1320 3965 Deus
1338 3927 1455 3965 non
1471 3917 1627 3963 delec-

44 3984 350 4043 atur.Qua3
386 3988 522 4035 sunt
536 3998 671 4049 ergo
687 3984 801 4047 illa,
829 3998 960 4049 quae
985 3986 1044 4033 in
1071 3991 1348 4049 conspectu
1373 4001 1483 4034 meo
1499 3991 1626 4034 sunt

38 4059 267 4120 semper?
297 4055 551 4120 Benigne
581 4057 682 4119 fac,
712 4057 897 4120 inquit
921 4059 1092 4121 Deus,
1118 4058 1177 4107 in
1202 4060 1349 4108 bona
1372 4060 1624 4105 voluntate

42 4129 126 4176 ’ua
141 4127 291 4178 Sion.
317 4128 477 4178 Tunc
500 4130 827 4191 acceptabis
855 4128 1199 4180 sacrificium
1219 4128 1461 4191 justitiaa
1478 4127 1626 4180 obla-

44 4196 233 4261 tiones,
263 4202 319 4250 et
339 4199 689 4251 holocausta.
711 4202 812 4251 Est
833 4201 985 4264 ignis
1013 4200 1473 4263 ﬂagrantissimae
1485 4200 1626 4251 cari-

44 4272 182 4322 tatis.
220 4272 464 4324 Animus
494 4272 879 4324 inﬂammetur
907 4274 1160 4335 caritate,
1198 4267 1370 4338 249
1393 4272 1625 4335 arripiat

26 4342 226 4394 (eadem
252 4353 269 4372 ·
316 4345 551 4395 caritate
585 4345 843 4395 membra
875 4344 934 4395 in
962 4358 1134 4396 usum
1171 4357 1363 4394 suum.
1413 4344 1538 4394 Non
1558 4355 1624 4394 ea

50 4418 317 4466 uermittat
344 4416 589 4467 militare
635 4416 951 4479 cupiditati,
992 4422 1058 4467 ut
1104 4420 1260 4467 totus
1286 4414 1624 4466 exardescat

46 4497 155 4544 gne
202 4488 411 4537 amoris
434 4487 629 4537 divini.
664 4488 821 4538 Talia
847 4488 1156 4536 holocausta
1195 4486 1332 4537 dicit
1359 4487 1530 4547 Deus,
1560 4487 1623 4535 in

42 4562 299 4621 conspectu
324 4573 437 4607 meo
458 4564 585 4607 sunt
606 4573 827 4623 semper.
852 4558 1059 4610 Adhuc
1088 4560 1230 4609 forte
1254 4557 1427 4608 Israel
1442 4561 1623 4618 cogitat

42 4625 101 4675 de
117 4628 312 4692 bobus,
327 4630 397 4681 de
411 4630 642 4696 ovibus,
667 4631 737 4682 de
760 4630 951 4682 hircis.
968 4631 1100 4682 Ideo
1113 4631 1489 4694 subjunctum
1513 4636 1615 4678 est:

96 4699 143 4751 9.
187 4702 311 4751 Non
358 4704 626 4766 accipiam
669 4704 730 4752 de
763 4704 922 4753 domo
961 4709 1056 4753 tua
1091 4703 1316 4753 vitulos:
1354 4716 1525 4765 neque
1558 4702 1621 4751 de

1655 3354 1702 3429 C

1738 636 1896 686 niam
1946 650 2151 689 servus
2195 650 2361 689 meus
2406 651 2467 690 es
2520 643 2603 702 tu,
2635 640 2818 691 totum
2851 638 3141 704 peculium
3174 642 3338 693 tuum

1740 720 1934 758 meum
1965 712 2069 760 est.

1804 777 1886 831 11.
1919 779 2154 841 Cognovi
2189 779 2380 827 omnia
2422 778 2666 829 volatilia
2708 780 2835 831 caeli.
2860 780 2925 831 Id
2954 786 3063 842 est,
3089 783 3338 846 appendi

1739 850 1932 899 omnia
1961 853 2019 900 et
2041 851 2358 901 numeravi.
2386 850 2512 901 Alia
2536 852 2844 903 estnotitia
2871 852 2993 916 Dei,
3019 851 3128 903 alia
3151 853 3335 905 homi-

1738 920 1845 969 nis.
1873 920 2031 970 Sicut
2074 920 2180 981 (Eae
2219 920 2352 981 cod.)
2377 919 2532 970 aliud
2571 925 2660 973 est
2706 922 2999 985 possidere
3038 923 3156 984 Dei,
3183 923 3337 975 aliud

1737 994 1827 1041 est
1851 990 2142 1053 possidere
2166 991 2434 1042 hominis.
2462 992 2589 1043 Non
2613 992 2764 1043 enim
2791 998 2871 1061 tu,
2899 992 3054 1056 quod
3074 994 3337 1058 possides

1738 1065 1925 1112 totum
1954 1062 2132 1112 habes
2169 1062 2229 1113 in
2275 1066 2595 1127 potestate:
2650 1068 2713 1113 ut
2744 1065 3000 1127 quandiu
3038 1065 3191 1116 vivat
3223 1066 3324 1117 bos

1738 1136 1892 1194 tuus,
1936 1134 1996 1183 in
2039 1136 2325 1196 potestare
2368 1137 2468 1184 tua
2513 1138 2617 1185 est.
2660 1135 2800 1185 ΙΙωο
2838 1134 3088 1186 volatilia
3111 1136 3238 1187 caeli
3267 1136 3337 1187 de

1735 1214 1888 1265 aqua
1910 1207 2045 1253 nata
2069 1205 2205 1254 sunt
2222 1216 2256 1254 a
2278 1204 2454 1255 verbo
2480 1204 2961 1256 Dominidicentis
2981 1222 2990 1252 :
3013 1206 3339 1258 Producant

1735 1286 1904 1336 aquae
1952 1274 2203 1325 volatilia
2246 1273 2371 1325 caeli
2401 1275 2601 1338 (Genes.
2659 1273 2742 1338 1.).
2771 1275 2878 1326 Ubi
2921 1281 3179 1340 noverat,
3205 1289 3337 1340 quae

1734 1344 2130 1409 imperaverat,
2158 1349 2221 1395 ut
2245 1357 2412 1409 aquae
2442 1345 2808 1410 proferrent?
2830 1348 2960 1398 Jam
2985 1352 3137 1399 certe
3158 1360 3339 1401 nove-

1736 1420 1840 1478 rat,
1867 1415 2021 1478 quod
2053 1421 2345 1468 creaverat
2369 1419 2427 1466 et
2470 1420 2779 1479 antequam
2812 1421 3043 1481 crearet,
3078 1424 3337 1471 noverat.

1733 1487 1914 1538 Tanta
1937 1500 2071 1552 ergo
2084 1487 2286 1538 notitia
2312 1486 2442 1538 Dei:
2463 1490 2528 1537 ut
2540 1487 2694 1551 apud
2711 1488 2902 1551 ipsum
2915 1494 3112 1540 essent
3122 1493 3337 1550 quodam

1732 1557 2003 1608 inelfabili
2027 1558 2217 1620 modo,
2243 1563 2557 1620 antequam
2581 1562 2772 1609 creata
2793 1562 3007 1609 essent.
3027 1561 3097 1610 Et
3117 1571 3152 1610 a
3167 1565 3222 1611 te
3234 1572 3338 1612 ex-

1734 1632 1941 1691 pectat,
1968 1630 2032 1680 ut
2053 1629 2309 1692 accipiat,
2336 1628 2491 1691 quod
2512 1633 2823 1692 antequam
2847 1632 3138 1681 crearetur
3160 1630 3337 1683 habe-

1733 1701 1851 1750 bat.
1890 1700 1958 1749 Et
1980 1701 2332 1765 pulchritudo
2377 1701 2500 1764 agri
2526 1714 2731 1749 mecum
2755 1706 2843 1753 est.
2878 1702 2942 1751 Id
2968 1706 3076 1766 est,
3101 1702 3338 1755 ubertas

1734 1770 1992 1821 omnium
2016 1772 2076 1821 in
2101 1776 2250 1821 terra
2285 1772 2646 1835 gignentium
2669 1784 2902 1822 mecum
2936 1777 3042 1824 est.
3078 1775 3219 1824 Cum
3243 1774 3337 1827 illo

1734 1854 1884 1905 ager,
1917 1855 2050 1894 cum
2090 1841 2184 1893 illo
2210 1844 2429 1907 species
2456 1845 2646 1906 terra},
2670 1856 2804 1893 cum
2826 1844 2925 1894 illo
2948 1843 3167 1907 species
3191 1845 3337 1908 caeli,

1734 1926 1866 1964 cum
1904 1913 2000 1964 illo
2042 1915 2235 1965 omnia
2268 1914 2522 1967 volatilia
2567 1914 2694 1966 caeli
2746 1919 2804 1966 et
2848 1915 3037 1966 omnis
3081 1921 3341 1971 creatura

1734 1985 1945 2048 (Jerem.
1970 1984 2097 2049 “23.),
2123 1986 2396 2049 quoniam
2432 1986 2650 2049 ubique
2675 1990 2764 2037 est
2789 1986 2967 2049 (Joan.
2994 1985 3088 2051 1.).

1796 2054 1957 2109 1‘2.Si
1980 2058 2232 2117 esu-riero,
2254 2072 2366 2106 non
2397 2057 2577 2107 dicam
2603 2056 2714 2105 tibi.
2743 2059 2871 2107 Non
2913 2059 3128 2110 esuriet
3148 2072 3339 2123 neque

1734 2126 1902 2186 sitiet,
1929 2141 2047 2180 non
2063 2129 2362 2192 laborabit,
2376 2141 2565 2192 neque
2589 2128 2938 2192 dormitabit,
2965 2130 3065 2193 qui
3087 2133 3342 2184 custodit

1732 2199 1907 2250 Israel
1932 2200 2036 2262 (Ps.
2066 2198 2229 2263 120.).
2266 2200 2376 2251 Sed
2397 2199 2419 2228 ⁴¹
2449 2200 2576 2251 haec
2606 2200 2928 2249 secundum
2952 2202 3338 2254 carnalitatem

1736 2273 1893 2321 tuam
1909 2270 2061 2321 dicta
2078 2277 2243 2323 sunt:
2259 2271 2393 2333 quia
2409 2274 2469 2321 tu
2482 2275 2794 2333 antequam
2806 2271 3143 2335 manduces,
3156 2275 3337 2322 famem

1732 2343 1966 2405 pateris,
1991 2341 2135 2392 forte
2159 2345 2349 2405 putas,
2375 2345 2433 2392 et
2456 2343 2640 2392 Deum
2661 2341 2897 2403 esurire,
2921 2346 2984 2392 ut
3008 2344 3333 2396 manducet.

1737 2413 1914 2463 Etiam
1940 2414 1988 2463 si
2013 2425 2143 2464 esse
2178 2417 2393 2476 posset,
2430 2417 2497 2464 ut
2535 2414 2800 2472 esuriret,
2824 2425 2943 2464 non
2976 2413 3188 2466 diceret
3213 2415 3332 2467 tibi.

1734 2484 1938 2536 Omnia
1963 2496 2097 2546 quae
2124 2488 2259 2534 ante
2285 2483 2448 2533 illum
2478 2487 2637 2544 sunt,
2664 2483 2815 2533 unde
2840 2485 2983 2545 vult,
3011 2484 3171 2535 tollit.
3186 2486 3337 2537 Nihil

1731 2555 1813 2608 illi
1854 2556 2248 2608 necessarium
2273 2560 2382 2606 est.
2419 2557 2489 2606 Et
2518 2555 2645 2605 ideo
2670 2555 2866 2607 subdit
2892 2572 2903 2604 :
2930 2557 3079 2604 Meus
3094 2562 3164 2605 est
3189 2559 3336 2607 enim

1732 2626 1875 2676 orbis
1896 2632 2062 2690 terra,
2085 2631 2130 2675 et
2142 2626 2422 2690 plenitudo
2446 2625 2577 2690 ejus.
2594 2624 2720 2676 Noli
2742 2637 2877 2690 ergo
2889 2626 3333 2691 laborare,quod

1732 2698 1876 2751 mihi
1911 2698 2015 2749 des
2040 2713 2054 2745 :
2082 2700 2207 2748 sine
2241 2696 2437 2749 labore
2470 2697 2673 2759 habeo,
2695 2699 2850 2760 quod
2878 2697 3021 2749 volo.

1795 2768 1879 2824 13.
1909 2769 2181 2833 Nunquid
2198 2766 2537 2817 manducabo
2554 2782 2741 2817 carnes
2764 2768 3089 2817 taurorum?
3104 2776 3311 2821 aulsan
3324 2796 3340 2811 -

1732 2842 1954 2906 guinem
1981 2842 2261 2889 hircorum
2288 2838 2481 2904 putabo
2504 2843 2529 2890 5?
2553 2840 2694 2899 Quia
2717 2841 2829 2890 ista
2860 2852 2977 2890 non
3001 2842 3335 2906 quaeris,die

1733 2925 1869 2976 ergo
1892 2927 1907 2961 :
1934 2910 2175 2963 Domine
2204 2914 2355 2965 Deus
2371 2915 2584 2974 noster,
2599 2911 2735 2974 quid
2754 2910 2917 2973 velis,
2934 2916 2998 2963 ut
3020 2913 3219 2965 offerat
3236 2913 3335 2967 tibi

1734 2983 1981 3047 populus
2014 2987 2150 3033 tuus
2174 2983 2363 3033 Israel.
2391 2982 2662 3044 Sequitur
2683 2986 2741 3032 et
2763 2981 2901 3031 dicit
2925 2996 2937 3031 :

1796 3055 1879 3108 14..
1900 3055 2130 3103 Immola
2153 3055 2259 3103 Deo
2279 3054 2611 3115 sacriﬁicum
2633 3052 2833 3103 laudis.
2866 3052 3145 3104 Interiora
3166 3054 3334 3106 sacri-

1733 3127 1862 3177 ficia
1891 3138 2118 3189 semper
2141 3126 2265 3185 plus
2289 3124 2471 3187 diligit
2506 3125 2676 3173 Deus.
2708 3124 2888 3187 Magis
2911 3126 3065 3175 enim
3087 3126 3335 3178 attendit

1725 3199 2199 3260 aifectum,quam
2213 3208 2471 3247 censum.
2481 3194 2612 3246 Ideo
2626 3194 2885 3258 protinus
2897 3194 3076 3247 addit.
3091 3197 3158 3244 Et
3174 3197 3331 3248 redde

1725 3270 1988 3318 altissimo
2007 3275 2127 3317 vota
2159 3273 2272 3318 tua.
2296 3268 2379 3318 Sit
2402 3277 2500 3317 ara
2529 3271 2629 3317 tua
2650 3266 3006 3317 conscientia
3032 3271 3146 3318 tua.
3172 3270 3330 3332 Ignis

1729 3345 1866 3391 tuus
1891 3352 2052 3391 amor
2074 3338 2323 3389 divinus.
2354 3335 2525 3404 250
2555 3338 2906 3389 Sacriﬁcium
2941 3342 3106 3389 tuum
3127 3338 3329 3392 laudes

1728 3411 1848 3462 Dei.
1878 3412 1967 3461 Sic
1998 3421 2133 3473 ergo
2168 3410 2354 3459 Deum
2390 3414 2563 3460 lauda
2584 3409 2646 3459 in
2688 3412 2857 3460 corde
2883 3413 3001 3473 tuo,
3027 3415 3093 3461 ut
3120 3412 3183 3461 in
3204 3412 3331 3475 ipsa

1728 3483 2014 3534 oblatione
2041 3480 2229 3532 laudis
2280 3480 2559 3544 spirituali
2606 3482 2739 3545 igne
2767 3492 3047 3531 accensus
3077 3483 3330 3546 teipsum

1729 3554 1993 3605 immoles
2010 3557 2068 3604 et
2091 3552 2421 3613 mortiﬂces,
2439 3557 2499 3604 et
2516 3554 2802 3604 sacrriices
2821 3554 2955 3604 Deo.
2973 3556 3041 3604 Et
3053 3554 3200 3607 bene
3212 3571 3327 3604 cum

1730 3626 2008 3677 sacrificio
2025 3624 2389 3689 praecipimus
2414 3630 2616 3677 votum
2635 3625 2869 3677 reddere
2882 3623 3184 3679 altissimo.
3206 3630 3328 3676 Nam

1730 3696 2051 3749 secundum
2075 3699 2209 3747 vota
2231 3701 2438 3759 pensat
2460 3696 2615 3747 Deus
2646 3697 2939 3748 sacriﬁcia.
2966 3698 3149 3750 Tanto
3172 3699 3327 3764 apud

1729 3772 1915 3821 Deum
1958 3767 2148 3831 majus
2172 3770 2278 3817 erit
2315 3768 2660 3819 sacriﬁcium
2698 3773 2879 3827 tuum,
2936 3775 3155 3831 quanto
3198 3785 3324 3823 ma-

1722 3843 1907 3906 jorem
1930 3841 1992 3892 in
2015 3841 2139 3903 ipso
2164 3839 2442 3890 sacrillcio
2464 3840 2739 3891 habueris
2755 3842 3137 3893 devotionem.
3164 3843 3326 3895 Unde

1729 3915 2007 3978 scriptum
2036 3915 2157 3963 est:
2194 3911 2331 3961 Fide
2357 3910 2663 3974 plurimam
2687 3910 2939 3961 hostiam
2961 3912 3123 3974 Abel,
3150 3926 3324 3976 quam

1727 3987 1864 4039 Cain
1908 3982 2115 4035 obtulit
2164 3983 2302 4045 Deo,
2350 3994 2449 4045 per
2489 3992 2666 4044 quam
2696 3982 3087 4034 testimonium
3122 3997 3323 4036 conse-

1725 4062 1896 4111 cutus
1937 4059 2026 4107 est
2063 4066 2193 4104 esse
2227 4055 2427 4116 justus
2468 4053 2639 4117 (Hebr.
2684 4052 2806 4115 14.).
2849 4056 2955 4105 Cor
2991 4067 3243 4118 namque
3268 4058 3324 4107 et

1725 4141 1842 4181 non
1856 4127 2241 4179 substantiam
2256 4128 2459 4189 pensat
2475 4128 2647 4176 Deus.
2665 4126 2777 4175 Nec
2802 4126 3116 4190 perpendit,
3139 4140 3323 4191 quan-

1727 4206 1850 4253 tum
1874 4201 1933 4251 in
1954 4201 2003 4263 ej
2014 4211 2082 4250 us
2109 4198 2402 4259 sacrilicio,
2420 4196 2523 4248 sed
2535 4210 2605 4248 ex
2618 4201 2832 4260 quanto
2843 4197 3177 4261 proferatur.
3193 4203 3322 4249 Hinc

1722 4272 1858 4324 alibi
1882 4272 2090 4322 dicitur
2112 4270 2170 4320 in
2204 4270 2456 4333 psalmo:
2478 4270 2540 4320 in
2578 4281 2671 4319 me
2697 4272 2836 4319 sunt
2864 4271 3020 4321 Deus
3046 4274 3180 4322 vota
3201 4274 3319 4335 tua,

1723 4356 1855 4408 quae
1899 4342 2154 4405 reddam,
2208 4340 2563 4391 laudationes
2606 4340 2708 4391 tibi
2761 4340 2921 4403 (Psal.
2970 4339 3096 4405 55.).
3144 4344 3229 4393 Ac
3272 4344 3320 4395 si

1722 4421 1915 4479 aperte
1944 4414 2098 4465 dicat
2123 4428 2134 4463 :
2166 4415 2234 4463 Et
2260 4414 2307 4463 si
2350 4413 2606 4463 exterius
2629 4424 2869 4463 munera
2891 4413 3180 4465 offerenda
3200 4426 3319 4466 non

1720 4488 1926 4549 habeo,
1954 4489 2107 4537 intra
2149 4483 2555 4547 memetipsum
2583 4487 2774 4534 tamen
2796 4483 3044 4544 invenio,
3082 4486 3237 4547 quod
3259 4486 3319 4537 in

1720 4571 1879 4610 aram
1903 4561 2020 4608 tute
2063 4555 2251 4607 laudis
2283 4556 2533 4618 impono.
2578 4556 2720 4615 Quia
2744 4554 2840 4617 qui
2866 4559 3064 4605 nostra
3084 4555 3317 4609 datione

1720 4643 1838 4681 non
1870 4628 2138 4694 pasceris,
2165 4628 2454 4678 oblatione
2484 4626 2670 4677 cordis
2685 4626 2893 4677 melius
2924 4626 3186 4690 placaris.
3208 4628 3318 4677 Im-

1721 4702 1884 4765 mola,
1910 4704 2169 4764 inquam,
2203 4699 2307 4747 Deo
2322 4699 2652 4761 sacri/icium
2671 4698 2870 4761 laudis,
2894 4702 2960 4748 ut
2996 4701 3078 4749 sic
3100 4699 3316 4752 habeas

47 4773 269 4836 gregibus
297 4775 402 4823 luis
428 4775 628 4827 hircos.
657 4774 677 4803 δ
702 4775 1054 4827 Ριδξθηυῐιιὶαι
1086 4775 1190 4838 (Ea:
1216 4775 1380 4839 Aug.)
1413 4776 1615 4825 Testa-
1636 4772 1694 4845 Ι)
1722 4787 1855 4845 eum
1884 4772 2175 4836 placatum
2209 4777 2265 4823 et
2298 4772 2631 4845 prepitium.
2653 4773 2723 4845 Et
2752 4771 2892 4845 quid
2914 4771 3162 4825 deinde?

45 4850 283 4895 mentum
306 4857 543 4909 novum,
570 4846 669 4898 ubi
693 4848 884 4899 omnia
902 4847 998 4898 illa
1014 4852 1207 4900 vetera
1221 4846 1496 4898 sacriﬁcia
1507 4860 1612 4895 ces-

47 4920 314 4968 saverunt.
339 4919 471 4969 Erat
500 4918 652 4969 enim
680 4922 819 4970 tunc
842 4918 1303 4982 praenunciatum
1337 4918 1613 4981 futurum,

48 4989 315 5045 quoddam
332 4989 692 5052 sacriﬁcium,
709 4992 877 5054 cujus
889 4990 1168 5054 sanguine
1184 4990 1611 5041 mundaremur.

47 5063 209 5117 Quare
230 5073 345 5113 non
381 5061 657 5127 accipiam
684 5061 755 5113 de
776 5062 959 5113 “domo
1005 5066 1105 5114 tua
1145 5062 1374 5125 vitulos,
1406 5062 1612 5126 hircos,

48 5132 96 5177 et
116 5136 310 5184 caatera
330 5132 464 5184 talia
483 5136 510 5183 Ὺ

102 5199 179 5256 10.
199 5204 465 5263 Quoniam
504 5219 631 5255 mea:
655 5209 784 5255 sunt
815 5219 999 5254 omnes
1011 5204 1136 5268 ferte
1152 5204 1436 5256 silvarum.
1455 5208 1537 5256 Ac
1566 5205 1616 5256 si

51 5268 256 5327 diceret:
284 5276 389 5338 Qui
418 5289 618 5329 omnes
643 5277 791 5331 feras
806 5277 1089 5341 possideo,
1113 5276 1208 5328 illo
1233 5277 1331 5340 qui
1352 5277 1414 5328 in
1442 5278 1614 5329 domo

52 5344 135 5394 tua
161 5350 260 5409 est,
290 5349 490 5412 vitulo,
519 5350 609 5400 vel
625 5349 782 5400 hirco
806 5361 926 5400 non
944 5348 1317 5412 indigeo.Sed
1341 5348 1483 5399 forte
1508 5349 1615 5409 (Ea:

51 5416 159 5480 cod.)
198 5420 272 5470 ait
293 5421 486 5479 Israel,
512 5421 719 5471 Bestize
754 5420 857 5471 Dei
888 5424 1023 5471 sunt
1048 5420 1161 5471 illas
1195 5421 1397 5471 bestias
1431 5420 1611 5482 ferrae,

52 5493 174 5544 (luas
194 5503 305 5542 non
320 5491 549 5543 includo
563 5492 623 5542 in
640 5502 658 5521 ε
678 5496 832 5543 corte
856 5502 1003 5551 mea,
1046 5504 1189 5554 quas
1212 5504 1328 5542 non
1349 5490 1516 5554 alligo
1541 5491 1612 5542 ad

54 5566 276 5627 praisepe
305 5577 516 5616 meum.
557 5565 635 5614 Ea
660 5576 811 5623 vero,
838 5575 972 5626 quas
1010 5562 1163 5627 apud
1202 5576 1294 5613 me
1319 5567 1473 5624 sunt,
1499 5576 1615 5613 non

56 5625 156 5703 Dei,
177 5625 268 5685 sed
290 5647 418 5687 mea
447 5640 603 5686 sunt.
616 5635 749 5685 Ideo
764 5625 1613 5698 Dominusadjungit:.lumentu

58 5711 105 5745 ιη
124 5706 371 5755 montibus
402 5712 448 5756 et
482 5705 646 5770 boves,
670 5704 1313 5769 measunt.Etilla,quas
1330 5706 1611 5770 possides,

112 5855 293 5922 prud
316 5858 710 5922 Augustinum
730 5857 789 5908 in
820 5861 993 5919 recto,
1018 5855 1202 5906 eadem
1235 5858 1457 5911 caritas.

109 5920 297 5981 ‘Antea
312 5920 436 5981 erat
452 5930 802 5992 Pronuntiat,
819 5928 971 5992 quod
987 5941 1061 5979 ex
1086 5926 1320 5991 vulgato
1336 5930 1614 5994 Augusti-

62 6001 121 6042 no
150 6001 523 6063 emendamus,
548 6004 614 6054 ut
657 6006 716 6054 et
749 6013 888 6053 mox
921 6000 1371 6067 praenuntiatum,
1421 6014 1520 6067 pro
1543 6015 1611 6056 eo

1788 4843 1873 4899 15.
1908 4845 1977 4892 Et
2000 4846 2190 4893 invoca
2220 4858 2303 4892 me
2338 4844 2400 4891 in
2424 4843 2508 4892 die
2541 4842 2907 4892 tribulationis
2931 4857 2944 4893 :
2968 4850 3012 4893 et
3035 4860 3225 4897 eruam
3250 4853 3312 4909 te,

1713 4923 1758 4967 et
1781 4917 1977 4965 honori
1980 4914 2164 4978 βραδέες
2182 4929 2281 4963 me.
2300 4914 2541 4977 Quando
2558 4914 2845 4965 tribularis
2858 4914 2974 4966 noli
2990 4916 3311 4981 desperare,

1712 5002 1819 5041 nec
1849 4986 1991 5041 velis
2038 4987 2100 5038 in
2145 4986 2260 5036 tuis
2305 4987 2525 5039 viribus
2571 4987 2874 5039 conlidere.
2920 4988 3115 5038 Invoea
3140 5005 3239 5050 me,
3264 4998 3313 5041 et

1711 5074 1899 5110 eruam
1924 5064 1985 5109 te.
2011 5058 2098 5108 Ad
2122 5057 2231 5108 hoc
2248 5059 2403 5109 enim
2434 5060 2751 5122 permissus
2775 5064 2868 5111 est
2890 5059 3011 5111 dies
3032 5064 3313 5111 tribulatio-

1711 5133 1805 5184 nis
1826 5131 1967 5193 ileri,
1992 5128 2127 5192 quia
2139 5128 2284 5179 forte
2296 5129 2347 5179 si
2370 5141 2489 5181 non
2513 5132 2881 5195 tribulareris,
2908 5144 3025 5182 non
3050 5135 3310 5183 invocares

1714 5216 1822 5255 me.
1850 5204 1990 5252 Cum
2012 5197 2302 5252 tribularis
2325 5203 2538 5264 autem,
2564 5200 2801 5253 invocas
2824 5214 2940 5253 me:
2967 5208 3025 5255 et
3054 5205 3187 5267 quia
3214 5219 3312 5257 vo-

1712 5290 1824 5337 ces,
1851 5284 2048 5325 eruam
2074 5275 2147 5323 te.
2168 5272 2311 5321 Cum
2334 5269 2510 5321 fueris
2534 5273 3180 5335 erutus,honorillcabis
3196 5290 3307 5339 me,

1713 5352 1779 5398 ut
1793 5351 1912 5409 jam
1937 5357 2053 5395 non
2070 5341 2333 5393 discedas
2349 5353 2383 5395 a
2401 5354 2516 5392 me.
2542 5343 2744 5394 Valent
2760 5357 2895 5408 ergo
2911 5347 3077 5397 nobis
3102 5351 3309 5399 tribula-

1717 5419 1919 5479 tiones,
1932 5415 2068 5479 quia
2082 5426 2188 5464 nos
2204 5413 2456 5464 excitant
2470 5413 2542 5462 ad
2557 5412 2957 5465 honorandum
2977 5418 3182 5470 Deum.
3200 5424 3305 5470 Tri-

1714 5489 1893 5541 bulati
1909 5486 2188 5552 propriam
2209 5484 2600 5535 inlirmitatem
2625 5486 3048 5549 cognoscimus,
3065 5493 3213 5541 eruti
3227 5495 3305 5541 di-

1713 5566 1908 5614 vinum
1932 5558 2174 5622 gratiam
2204 5556 2504 5607 sentimus.
2528 5557 2708 5609 Tanto
2744 5560 2927 5621 magis
2950 5564 3147 5611 autem
3170 5575 3305 5627 eum

1713 5633 2081 5692 honoramus,
2108 5642 2221 5693 quo
2246 5627 2636 5679 liberationem
2663 5634 2917 5680 nostrain
2933 5643 3052 5681 non
3067 5645 3100 5683 a
3117 5636 3304 5697 nobis,

1715 5704 1817 5756 sed
1840 5705 1913 5755 ab
1934 5704 2060 5766 ipso
2085 5701 2386 5767 procedere
2433 5702 2667 5753 scimus.
2695 5703 2765 5754 Et
2799 5702 3118 5769 sciendum,
3149 5707 3305 5770 quod

1715 5856 1870 5922 quod
1894 5861 2015 5908 erat
2034 5857 2476 5921 pronuntiatum,

1776 5936 1795 5957 ·
1826 5929 2205 5992 Augustinus,
2222 5934 2369 5978 curte
2390 5947 2402 5979 :
2848 5965 2855 5971 .

1776 5999 1797 6029 "
1819 6001 1997 6063 Idem,
2020 6013 2164 6064 ecce;
2188 6002 2372 6065 magis
2395 6001 2641 6066 placeret
2663 6001 2839 6057 baccae.
