3884 6412
535 385 638 440 847

538 568 696 619 viris.
721 568 867 618 Nam
891 567 1444 630 prteterinnumeras
1455 563 1657 616 mundi
1671 563 1846 626 hujus
1863 564 2134 610 anxietates

533 639 595 690 in
619 652 686 690 eo
710 638 865 701 quod
888 649 924 688 a
954 639 1071 688 Deo
1099 635 1625 700 separantur,quod
1641 633 1830 685 adhuc
1846 632 2132 684 inmundo

537 710 969 774 peregrinantur
1007 708 1080 767 (‘2.
1129 710 1250 758 Cor.
1287 707 1378 772 5.),
1423 708 1576 772 quod
1603 718 1810 769 corpus
1833 704 1986 768 quod
2011 717 2138 754 cor-

540 783 833 845 rumpitur
846 785 1125 843 aggravat
1139 779 1646 844 animam(Sap.9.),
1661 777 2030 828 vehementer
2046 775 2138 826 tri-

536 853 825 904 liniantur.
877 853 942 902 Et
975 856 1191 914 quanto
1216 853 1530 902 crebriores
1557 849 1956 900 tribulationes
1999 849 2138 898 sunt

535 924 688 988 apud
713 937 838 985 nos,
871 926 1029 974 tanto
1041 921 1454 986 fmquentioxes
1479 921 1692 972 debent
1715 919 2004 970 orationes
2027 933 2135 988 esse

536 987 689 1060 apud
728 995 930 1046 Deum.
959 996 1068 1048 Sed
1090 993 1417 1046 cavendum
1441 995 1549 1054 est,
1571 1004 1644 1042 ne
1671 990 1939 1043 vivamus
1968 987 2136 1050 male,

539 1067 680 1118 dum
705 1070 1010 1118 cantamus
1040 1068 1204 1118 bene.
1232 1067 1375 1116 Nam
1403 1063 1663 1126 sequitur
1687 1079 1698 1110 :

601 1136 688 1192 16.
733 1141 997 1188 PeccatOri
1033 1143 1214 1186 autem
1249 1135 1390 1184 dixit
1428 1135 1584 1196 Deus,
1621 1134 1798 1192 Quare
1832 1137 1890 1180 tu
1912 1144 2140 1179 enarras

530 1209 777 1273 jus-titius
792 1224 937 1258 meas
953 1213 978 1259 .9
993 1209 1053 1260 id
1066 1212 1154 1260 est
1169 1211 1456 1271 praecepta
1471 1218 1597 1256 mea
1609 1205 1626 1269 j
1637 1202 2141 1273 ustiiicantiapraa-g

542 1281 745 1331 dicas?
787 1281 870 1330 De
923 1281 1133 1330 talibus
1181 1277 1319 1330 dicit
1361 1277 1673 1341 Apostolus
1709 1276 1878 1335 (Rom.
1907 1273 1956 1336 ‘2)
1993 1271 2141 1334 :Qui

540 1351 826 1417 praedicas
847 1363 965 1402 non
992 1350 1314 1414 furandum,
1328 1349 1532 1400 iuraris
1552 1366 1562 1395 :
1578 1347 1676 1410 qui
1689 1347 1858 1398 doces
1875 1358 1993 1396 non
2004 1355 2143 1417 mas-

541 1413 854 1482 chandum,
869 1421 1178 1473 maecharis
1202 1434 1214 1470 :
1234 1413 1334 1484 qui
1358 1419 1706 1470 abominaris
1731 1417 1901 1480 idola,
1919 1413 2143 1466 sacrile-

541 1493 700 1558 gium
751 1492 907 1543 facis.
950 1493 1016 1540 Et
1054 1493 1286 1542 assumis
1315 1495 1689 1540 testamentum
1736 1502 1916 1536 meum
1953 1502 2051 1551 per
2085 1499 2142 1533 os

542 1570 698 1612 tuum
713 1565 739 1613 ‘t
755 1562 818 1613 id
839 1568 921 1613 est
939 1575 1148 1626 eurpus
1161 1562 1366 1614 Christi
1379 1561 1678 1613 etcaiicem
1693 1560 1824 1612 novi
1841 1559 2140 1607 Testamenti

542 1635 640 1699 qui
654 1647 755 1699 pro
768 1634 964 1686 multis
977 1636 1091 1686 eii‘u
1099 1648 1199 1685 sus
1217 1638 1324 1694 est,
1344 1634 1400 1684 in
1412 1632 1808 1684 remissionem
1828 1638 2141 1699 peccatorum

543 1697 752 1768 (Matth.
778 1704 846 1759 26
867 1721 886 1766 ;
909 1707 1078 1755 Marc.
1107 1705 1206 1761 15;
1239 1705 1364 1754 Luc.
1393 1702 1496 1767 ‘29.;
1534 1703 1584 1756 1.
1622 1704 1742 1752 Cor.
1771 1701 1894 1764 11.).
1925 1697 2028 1750 Vel
2053 1715 2145 1747 as-

539 1777 710 1826 sumis
735 1781 1104 1826 testamentum
1130 1791 1307 1824 meum
1333 1791 1428 1840 per
1450 1791 1506 1824 os
1533 1780 1706 1836 tuum,
1732 1773 1785 1823 id
1825 1775 1934 1832 est,
1957 1773 2136 1821 Evan-

1612 379 1873 433 RUFINO
1907 379 2368 432 PRESBYTERO
2401 379 2784 432 ASCRIPTUS

535 499 657 548 tota
680 495 801 548 vita
825 495 934 546 ista
957 494 1214 546 mortalis
1241 494 1531 546 tribulatio
1555 495 1652 566 est
1669 490 1798 566 (Joh.
1825 490 1895 552 7.)
1924 489 2139 566 sanctis
2161 494 2215 566 Α

3735 378 3836 434 848

2236 494 2516 555 expectat,
2562 495 2630 543 ut
2657 491 3081 542 convertamur.
3122 490 3250 541 Non
3277 488 3428 540 enim
3451 489 3724 542 irascitur
3746 503 3842 554 per

2235 563 2498 624 singulos
2544 561 2668 613 dies
2713 561 2874 622 (Psat.
2921 560 3013 624 7.),
3063 560 3166 612 sed
3211 560 3360 612 sicut
3405 561 3617 612 dicitur
3645 561 3708 612 in
3731 563 3838 614 alio

2232 633 2484 697 psalmo:
2512 633 2637 684 Nisi
2655 631 2919 684 conversi
2935 631 3171 694 fueritis,
3188 632 3442 694 gladium
3457 645 3632 683 suum
3650 634 3839 684 vibra-

2235 704 2317 754 bit
2341 705 2506 765 (I’sal.
2532 703 2658 767 17.).
2679 704 2826 754 llinc
2851 707 2940 754 est
2965 703 3118 766 quod
3145 702 3470 767 subjungit:
3491 703 3838 752 Existinwsti

2233 775 2425 838 inique
2448 775 2593 839 quod
2617 790 2706 823 ero
2745 775 2824 823 tui
2861 774 3070 822 similis.
3101 775 3305 824 Parum
3333 779 3422 826 est
3449 775 3554 838 (Ea:
3587 775 3834 838 August.)

2235 845 2372 909 quia
2413 847 2566 896 mala
2613 846 2762 897 facta
2798 849 2896 896 tua
2932 845 3157 908 placent
3181 845 3303 896 tibi.
3335 845 3558 896 Placere
3583 851 3760 910 putas
3785 852 3837 897 et

2235 916 2394 967 mihi.
2439 919 2640 976 Deum,
2675 918 2811 980 quia
2842 929 2958 966 non
2992 917 3202 980 pateris
3227 916 3487 974 ultorem,
3515 917 3606 968 vis
3644 920 3835 969 tenere

2235 987 2566 1052 participem
2577 989 2841 1051 .Arguam
2860 993 2921 1047 te,
2939 993 2984 1035 et
2999 993 3236 1036 statuam
3248 993 3434 1036 contra
3447 988 3643 1051 faciem
3663 994 3832 1040 tuam.

2237 1063 2461 1121 Quanto
2481 1059 2654 1111 modo
2679 1059 2985 1123 patientius
3002 1059 3327 1110 misericors
3347 1059 3629 1111 Dominus
3645 1072 3838 1124 pecca-

2238 1136 2390 1183 tores
2415 1131 2682 1190 sustinet,
2700 1133 2858 1181 tanto
2871 1142 2969 1180 eos
2994 1129 3312 1180 districtius
3336 1130 3396 1180 in
3411 1130 3628 1194 judicio
3645 1139 3834 1191 arguet.

2238 1204 2308 1254 Et
2333 1203 2470 1266 quia
2506 1202 2612 1266 (Ex
2644 1199 2839 1264 eodem)
2865 1201 2960 1252 hic
2986 1201 3208 1264 seipsos
3233 1201 3527 1254 attendere
3550 1205 3610 1253 et
3649 1215 3839 1254 emen-

2239 1273 2373 1326 dare
2393 1275 2712 1338 negligunt,
2739 1276 2952 1324 statuet
2976 1285 3074 1324 eos
3099 1272 3176 1322 ibi
3199 1277 3334 1324 ante
3351 1272 3551 1324 faciem
3569 1286 3760 1334 suam,
3779 1279 3839 1326 ut

2241 1345 2474 1397 videant
2498 1344 2817 1396 fmditatem
2841 1355 3027 1394 suam.
3043 1344 3157 1394 Nec
3183 1347 3375 1395 tamen
3398 1344 3469 1394 ad
3495 1343 3626 1406 hoc,
3644 1349 3714 1396 ut
3729 1361 3839 1394 cor-

2239 1417 2431 1480 rigant
2456 1431 2470 1464 :
2497 1415 2599 1467 sed
2631 1419 2694 1466 ut
2717 1414 2901 1478 magis
2925 1415 3289 1466 erubescant.
3319 1414 3484 1466 Modo
3511 1427 3647 1478 ergo
3673 1421 3737 1467 tu
3757 1416 3839 1467 fac

2241 1488 2504 1551 quisquis
2541 1487 2671 1537 talis
2695 1499 2774 1548 es,
2803 1485 2956 1549 quod
2995 1485 3099 1536 tibi
3143 1485 3393 1537 minatur
3445 1484 3616 1552 252
3655 1486 3838 1538 facere

2240 1561 2411 1610 Deus.
2465 1559 2620 1609 Tolle
2667 1563 2722 1610 te
2769 1570 2804 1608 a
2847 1563 3006 1621 tergo
3041 1562 3158 1620 tuo,
3187 1558 3284 1608 ubi
3309 1562 3362 1608 te
3398 1558 3588 1609 videre
3607 1571 3730 1609 non
3753 1558 3839 1608 vis

2242 1631 2617 1682 dissimulans
2655 1642 2691 1681 a
2727 1629 2892 1681 factis
2945 1630 3076 1692 tuis,
3123 1634 3181 1681 et
3206 1630 3490 1680 constitue
3526 1634 3581 1681 te
3605 1635 3743 1682 ante
3770 1637 3840 1682 te.

2242 1702 2506 1754 Ascende
2533 1701 2780 1753 tribunal
2803 1701 3014 1752 mentis
3038 1704 3170 1752 tuas.
3197 1702 3334 1752 Esto
3357 1701 3460 1752 tibi
3479 1700 3684 1764 judex.
3712 1703 3843 1754 Tor-

2240 1779 2413 1838 queat
2439 1779 2493 1824 te
2523 1773 2708 1824 timor.
2741 1775 3016 1836 Erumpat
3039 1771 3340 1824 confessio.
3385 1774 3454 1824 Et
3475 1772 3566 1823 dic
3593 1774 3842 1826 Domino

539 1847 753 1927 gelium
789 1860 1003 1910 meum,
1029 1853 1146 1899 tam
1183 1846 1415 1911 pollutis
1443 1845 1612 1897 labiis
1643 1843 1957 1909 praedicare
1991 1853 2141 1906 praa-
2168 1864 2219 1938 Β
2244 1851 2376 1898 tuo:
2405 1847 2681 1907 Quoniam
2705 1844 3071 1908 iniquitatem
3089 1856 3280 1896 meam
3299 1857 3434 1908 ergo
3460 1852 3845 1938 colgnnoscgﬁt

546 1921 802 2042 suigisT‘it
821 2003 942 2038 vero
954 1989 1116 2038 odisti
1127 1988 1495 2053 disciplinam.
1509 1987 1570 2038 Id
1585 1991 1671 2037 est
1688 1986 2136 2050 corruptionem:

543 2060 611 2109 Et
635 2060 905 2124 projecisti
936 2075 1202 2109 sermones
1235 2075 1376 2108 meos
1411 2066 1725 2109 retrorsum.
1753 2057 1895 2119 Quia
1918 2070 2024 2108 nos
2047 2069 2142 2107 ne-

540 2131 766 2196 gligens
813 2145 931 2182 non
977 2131 1300 2182 custodisti.
1347 2134 1412 2182 in
1457 2131 1588 2182 odio
1634 2130 2014 2193 disciplinam,
2050 2140 2140 2178 re-

546 2203 847 2265 darguitur
871 2201 1142 2254 voluntas
1166 2202 1332 2252 mala.
1370 2204 1434 2252 in
1468 2200 1812 2266 projiciendo
1843 2211 2139 2250 sermones

543 2274 642 2326 Dei
679 2279 1012 2336 retrorsum,
1053 2273 1492 2338 reprehenditur
1523 2273 1826 2336 negligens
1872 2276 1929 2322 et
1965 2283 2140 2334 prava

539 2347 656 2398 vita
726 2347 1030 2396 Sermones
1075 2345 1175 2394 Dei
1215 2345 1506 2409 projicere,
1537 2348 1642 2405 est,
1677 2343 1790 2392 illis
1815 2341 2137 2404 contemtis,

538 2430 808 2482 perversa
829 2429 1014 2479 agere.
1049 2414 1194 2482 251
1239 2418 1379 2466 Ecce
1405 2412 2000 2479 quomodoprojecisti
2031 2426 2140 2463 ser-

541 2500 746 2538 mones
779 2501 938 2538 111808
966 2502 979 2538 ζ

599 2559 686 2612 '18.
735 2558 794 2607 Si
839 2558 1052 2606 videbas
1090 2557 1289 2620 furem,
1338 2555 1587 2605 currebas
1631 2571 1753 2604 cum
1801 2570 1890 2604 eo:
1924 2560 1970 2603 et
2016 2569 2139 2602 eum

536 2630 796 2679 adulteris
817 2631 1119 2694 portionem
1145 2635 1296 2676 tuam
1329 2627 1579 2692 ponebas.
1612 2629 1691 2678 Ne
1716 2626 1859 2678 forte
1885 2626 1990 2689 (Ea:
2031 2627 2139 2674 Au-

535 2701 770 2764 gustino)
791 2713 905 2751 non
919 2700 1156 2764 diceres,
1176 2701 1299 2750 Non
1323 2699 1429 2750 feci
1458 2699 1689 2750 furtum.
1711 2699 1837 2749 Non
1861 2697 1968 2748 feci
1989 2699 2138 2746 adul-

537 2772 760 2823 terium.
801 2771 946 2832 Quid
983 2771 1030 2822 si
1069 2771 1281 2835 placuit
1319 2770 1421 2821 tibi
1455 2771 1552 2834 qui
1591 2769 1761 2822 fecit?
1788 2782 1984 2821 nonne
2009 2769 2136 2832 ipso

537 2844 744 2907 placito
766 2842 1104 2894 cucurristi?
1129 2845 1329 2893 Nonne
1355 2841 1676 2906 portionem
1703 2846 1860 2892 tuam
1878 2854 2009 2892 cum
2040 2840 2136 2892 illo

537 2915 635 2978 qui
662 2915 806 2978 fecit,
833 2915 1120 2966 laudando
1139 2914 1414 2979 posuisti:
1443 2915 1511 2964 Et
1534 2915 1582 2964 si
1602 2927 1720 2965 non
1737 2913 1878 2963 facis
1895 2913 2132 2975 malum,

536 2987 583 3037 si
611 2991 804 3037 tamen
829 2985 1033 3037 laudas
1059 2985 1290 3045 malum,
1307 2985 1353 3035 si
1371 2997 1444 3036 ex
1470 2989 1604 3035 voto
1617 2985 1931 3047 conscntis,
1951 2985 2134 3035 curris

536 3071 666 3108 cum
691 3056 860 3119 malo,
886 3061 943 3108 et.
967 3057 1288 3121 portionem
1311 3055 1445 3106 mali
1473 3055 1693 3119 recipis.

597 3128 683 3182 19.
715 3130 780 3178 Os
805 3135 960 3178 tuum
997 3128 1294 3178 abundavit
1317 3127 1552 3186 malitia,
1579 3133 1623 3174 et
1647 3126 1840 3190 lingua
1873 3132 1968 3175 tua
2003 3142 2133 3175 con-

531 3200 790 3250 cinnabat
809 3201 972 3250 dolos.
992 3201 1266 3250 Malitiam
1283 3201 1337 3250 et
1353 3198 1550 3250 dolum
1569 3197 1931 3260 quorundam
1945 3198 2134 3249 homi-

531 3285 673 3322 num
717 3273 996 3329 iusinuat,
1043 3271 1141 3334 qui
1175 3269 1444 3334 quamvis
1469 3269 1654 3320 sciant
1677 3268 1829 3320 mala
1847 3281 1975 3320 esse
1996 3281 2128 3332 quae

531 3343 794 3397 audiunt.
816 3342 1052 3393 minime
1078 3341 1521 3404 reprehendunt.
1553 3343 1621 3392 Et
1648 3351 1852 3404 parum
1879 3344 1968 3390 est
1995 3341 2130 3404 quia

534 3427 652 3466 non
675 3414 894 3475 dicunt,
919 3415 1060 3464 Mala
1085 3412 1294 3462 fecisti:
1323 3411 1423 3462 sed
1436 3410 1722 3462 adulando
1752 3411 1969 3475 dicunt,
1983 3414 2133 3464 Bene

534 3485 736 3536 fecisti.
764 3485 833 3534 Et
853 3488 1068 3534 norunt
1093 3485 1244 3533 mala
1267 3496 1412 3542 esse,
1445 3483 1546 3532 sed
1572 3481 1873 3534 abundant
1895 3484 2130 3546 malitia,

535 3559 593 3606 et
621 3555 818 3618 lingua
844 3567 1042 3605 eorum
1067 3555 1394 3616 concinnat,
1434 3553 1492 3603 id
1529 3559 1639 3616 est,
1675 3553 1920 3606 adornat
1948 3555 2130 3605 dolos.

535 3626 714 3677 Dolus
737 3630 934 3677 autem
965 3630 1055 3676 est
1086 3626 1244 3677 fraus
1267 3624 1538 3689 quaedam
1565 3625 1624 3676 in
1650 3627 1860 3689 verbis,
1903 3628 2134 3690 quando

536 3696 692 3747 aliud
711 3705 728 3724 ⁸
749 3695 1120 3760 promittitur,
1147 3697 1302 3748 aliud
1333 3697 1594 3748 sentitur.
1625 3698 1830 3748 Parum
1867 3703 1958 3748 est
1980 3697 2135 3761 quod

536 3767 678 3818 facis
701 3770 937 3830 malum,
965 3766 1199 3831 insuper
1220 3767 1424 3818 laudas
1447 3766 1754 3831 adulando,
1779 3772 1836 3820 et
1859 3768 2058 3820 irrides
2079 3775 2138 3821 et

539 3838 688 3890 fallis
714 3839 1188 3903 pcccantem.Vel
1209 3852 1274 3890 os
1298 3839 1615 3903 peccatoris
1640 3839 1859 3890 malitia
1889 3843 2132 3903 abundat,

537 3911 768 3975 quando
794 3910 1112 3962 maledictis
1133 3911 1630 3962 etconviciisalios
1646 3918 1970 3976 exasperat.
1990 3915 2136 3962 Doios

537 3996 674 4036 vero
695 3983 846 4035 labia
869 3983 1231 4043 concinnant,
1251 3983 1482 4046 quando
1495 3983 1696 4035 auditu
1709 3983 1930 4048 placida
1946 3985 2136 4036 verbis

537 4056 930 4121 pronuntiant,
955 4055 1115 4106 Unde
1139 4054 1330 4105 adhuc
1353 4055 1737 4106 subinfertur:

601 4125 689 4180 ‘20.
719 4125 934 4185 Sedens,
967 4125 1221 4174 adversus
1243 4125 1440 4189 fratem
1469 4131 1625 4175 tuum
1656 4125 1981 4190 loquebaris.
2013 4127 2136 4178 Hoc

543 4199 608 4250 fit
633 4198 866 4260 quando
885 4197 1094 4260 aliquis
1105 4197 1272 4260 quasi
1288 4197 1508 4261 ﬁrmus,
1525 4201 1626 4248 aut
1641 4197 1884 4262 alicujus
1892 4198 2012 4261 jam
2029 4212 2134 4246 mo-

542 4269 722 4320 menti
745 4268 944 4319 doctor
959 4267 1206 4319 detrahit
1228 4268 1384 4319 fratri
1411 4282 1516 4320 suo
1547 4269 1688 4320 forte
1713 4270 2058 4333 beneagenti
2083 4274 2140 4322 et

541 4344 692 4392 recte
730 4339 968 4390 viventi.
1011 4341 1078 4389 in
1117 4351 1184 4390 eo
1224 4343 1420 4391 autem
1457 4339 1612 4404 quod
1636 4339 1715 4390 ait
1738 4340 1952 4402 Sedens,
1980 4353 2142 4393 mora

541 4412 633 4464 vel
659 4410 916 4462 studium
941 4409 1292 4474 designatur.
1319 4413 1421 4462 Est
1441 4411 1590 4462 alius
1605 4411 2142 4474 intlrmusetimper-

541 4485 743 4547 fectus,
789 4482 1070 4535 adversus
1118 4495 1291 4546 quem
1328 4483 1486 4546 ponit
1522 4483 1859 4534 scandalum
1883 4483 2142 4536 similiter

545 4567 719 4621 prave
743 4554 1050 4618 loquendo.
1076 4554 1210 4607 Ideo
1227 4555 1493 4606 infirmus
1517 4554 1611 4606 ille
1633 4553 1822 4606 dictus
1839 4559 1929 4606 est
1943 4556 2142 4607 matris

545 4628 716 4689 illius,
737 4626 994 4678 nondum
1018 4627 1212 4692 patris,
1230 4627 1418 4680 adhuc
1441 4628 1586 4679 lacte
1610 4626 1872 4690 indigens
1889 4631 1946 4678 et
1957 4627 2144 4678 uberi-

545 4702 655 4752 bus
677 4699 1000 4750 adhmrens.
1019 4699 1482 4752 Portaturadhuc
1508 4700 1732 4751 sinibus
1745 4700 1944 4752 matris
1961 4702 2146 4753 Eccle-

547 4773 668 4834 siae,
695 4770 955 4822 nondum
981 4771 1180 4823 valens
1192 4771 1264 4824 ad
1283 4771 1526 4823 solidum
1544 4773 1738 4824 cibum
1755 4783 1974 4824 mensae
1987 4777 2145 4822 Patris

545 4844 636 4895 sui
660 4842 1380 4895 accedere.Scandalizatur
1403 4847 1616 4903 autem,
1646 4845 1783 4907 quia
1803 4842 1992 4894 adhuc
2023 4857 2142 4908 per-

545 4915 729 4968 fectus
755 4927 875 4966 non
901 4919 1008 4966 est.
1035 4916 1091 4966 Si
1108 4916 1260 4968 enim
1278 4914 1566 4979 perfectus
1581 4921 1752 4976 esset,
1773 4915 2146 4967 scandalizari

545 4988 878 5040 nullatenus
903 4987 1204 5052 potuisset.
1224 4989 1368 5037 Nam
1385 4999 1497 5050 pax
1511 4986 1696 5038 multa
1706 4992 1796 5038 est
1811 4989 2145 5048 diligentibus

543 5060 730 5125 legem
759 5060 882 5123 Dei,
917 5063 977 5112 et
1008 5072 1126 5110 non
1165 5063 1256 5110 est
1287 5057 1399 5109 illis
1425 5057 1759 5110 scandalum
1791 5058 2141 5122 (Psal.118.).

546 5135 616 5184 Et
637 5133 922 5184 Dominus
945 5131 1006 5181 in
1029 5128 1338 5192 Evangelio
1367 5144 1379 5180 :
1416 5129 1524 5192 Qui
1552 5129 2020 5182 scandalizaverit
2040 5131 2146 5194 (in-

545 5205 682 5268 quit)
711 5217 895 5256 unum
918 5202 990 5254 de
1013 5199 1238 5266 pusulis
1261 5202 1407 5253 meis
1425 5202 1634 5264 (Matth.
1660 5201 1786 5265 18.).
1814 5205 1940 5254 Non
1963 5203 2044 5254 ait
2072 5203 2144 5255 de

543 5277 655 5341 maj
663 5273 986 5338 oribus,sed
998 5274 1069 5324 de
1083 5272 1305 5337 pusillis
1321 5289 1334 5326 :
1351 5273 1486 5337 quia
1496 5273 1831 5338 pusillorum
1849 5279 1937 5326 est
1951 5281 2141 5323 tantum

545 5347 935 5400 scandalizari.
984 5347 1297 5396 Pravorum
1343 5348 1536 5397 autem
1571 5359 1714 5397 usus
1737 5349 1845 5409 est,
1877 5347 2143 5410 perfectis

543 5421 838 5486 derogare,
858 5417 1207 5489 imperfectis
1231 5416 1567 5470 scandalum
1594 5431 1822 5482 ponere,
1849 5422 2143 5483 etsemper

543 5492 858 5543 discordias
885 5489 1186 5541 seminare.

603 5561 693 5617 91.
737 5564 848 5612 Hoc
891 5561 1062 5624 fecisti
1108 5562 1312 5626 (inquit
1337 5561 1638 5623 Dominus)
1675 5566 1720 5610 et
1754 5561 1918 5624 tacui,
1945 5561 2002 5612 id
2029 5565 2138 5625 est,

542 5647 658 5685 non
683 5633 1040 5698 reprehendi,
1066 5646 1181 5684 non
1206 5632 1510 5684 vindicavi.
1547 5633 1714 5682 Modo
1740 5633 1892 5683 enim
1910 5638 2138 5696 tempus

544 5709 633 5756 est
658 5705 1086 5769 misericordiae,
1115 5717 1226 5768 quo
1247 5716 1356 5755 nos
1382 5704 1512 5768 pius
1545 5705 1827 5754 Dominus
1863 5704 2138 5767 patienter

606 5853 624 5872 ·
648 5843 839 5894 Malim
889 5844 1089 5906 utique
1125 5843 1362 5896 rescribi
1396 5843 1714 5909 promitur:
1741 5854 1873 5893 nam
1897 5845 1955 5896 et
1978 5844 2134 5909 apud

541 5914 931 5976 Augustinum
954 5915 1240 5978 promendi
1264 5918 1372 5967 est.

2242 1923 2542 1982 peccatum
2584 1929 2781 1968 meum
2807 1921 3006 1968 contra.
3032 1929 3126 1967 me
3153 1921 3243 1968 est
3267 1928 3490 1980 semper
3515 1915 3680 1980 (Psal.
3709 1916 3840 1980 50.).

2242 1991 2296 2040 Si
2323 1989 2476 2040 enim
2503 1991 2586 2051 (ut
2613 1988 2825 2038 Paulus
2849 1988 2946 2048 ait)
2963 2000 3070 2038 nos
3096 1987 3372 2052 metipsos
3385 1987 3840 2050 dijudicarexnur

2241 2075 2356 2113 non
2391 2062 2588 2123 utique
2618 2057 3090 2122 judicaremurﬂ.
3119 2059 3240 2109 Cor.
3263 2057 3386 2123 11.).
3414 2059 3716 2124 Propterea
3739 2060 3846 2112 ad-

2242 2132 2529 2184 monendo
2567 2130 2762 2181 subdit
2790 2146 2802 2180 :

2301 2203 2387 2257 “2'2.
2416 2202 2698 2266 Intoltigite
2729 2202 2834 2250 haec
2851 2201 2950 2266 qui
2972 2199 3351 2250 obliviscimiui
3375 2199 3564 2251 Deum.
3593 2203 3714 2252 Vos
3739 2202 3844 2266 qui

2241 2275 2422 2327 Deum
2459 2272 2618 2325 obliti
2643 2273 2802 2330 estis,
2829 2273 2968 2324 dum
2993 2273 3144 2324 mala
3165 2273 3356 2336 agitis,
3381 2285 3453 2323 ex
3477 2273 3694 2325 ratione
3713 2287 3845 2337 per-

2241 2346 2471 2404 pendite
2499 2357 2630 2408 quaa
2661 2345 2814 2395 dicta
2841 2348 3006 2395 sunt:
3027 2348 3089 2394 ut
3115 2343 3498 2406 vosmetipsos
3521 2345 3842 2407 corrigatis.

2240 2417 2490 2469 Attende
2516 2431 2574 2466 in
2613 2416 2724 2472 hoc
2749 2428 2917 2466 versu
2947 2416 3164 2466 viscera
3187 2415 3399 2466 divina:
3425 2415 3845 2468 misericordia

2239 2491 2422 2540 Etiam
2449 2487 2854 2539 obliviscentes
2882 2500 2944 2538 se
2967 2499 3082 2538 non
3107 2485 3610 2551 obliviscitur,non
3625 2491 3843 2548 repellit,

2238 2561 2353 2611 imo
2391 2563 2622 2611 revocat
2664 2557 2737 2609 ad
2771 2557 3138 2621 intellectum,
3171 2561 3234 2608 ut
3257 2558 3616 2617 resipiscam,
3642 2565 3845 2610 etnon

2239 2637 2486 2696 pereant.
2509 2633 2636 2682 Non
2661 2629 2789 2681 vult
2814 2634 3058 2680 mortem
3084 2629 3416 2694 peccatoris,
3437 2629 3537 2680 sed
3552 2635 3845 2681 ulconver-

2239 2709 2396 2755 tatur
2437 2707 2494 2754 et
2537 2703 2696 2754 vivat
2729 2701 2932 2760 (Ezech.
2973 2700 3098 2764 18.).
3135 2703 3204 2752 Et
3231 2713 3424 2764 quare,
3451 2714 3484 2752 ο
3510 2702 3840 2754 misericors

2238 2774 2497 2834 Domine,
2529 2772 2808 2824 admones
2851 2772 3258 2823 obliviscentes
3279 2776 3352 2832 te,
3381 2775 3448 2822 ut
3467 2771 3795 2836 intelligant
3817 2776 3844 2822 ε]

2235 2845 2386 2896 Audi
2425 2856 2726 2896 caussam:
2756 2842 2836 2892 Ne
2859 2843 3082 2906 quando
3120 2843 3305 2907 rapiat
3340 2843 3710 2894 adversarius
3746 2843 3842 2896 ille

2235 2915 2628 2979 diabolus,qui
2653 2920 2949 2977 tamquam
2974 2913 3060 2966 leo
3086 2914 3319 2978 rugiens
3331 2915 3551 2978 circuit,
3567 2927 3842 2977 quaerens

2235 3001 2408 3052 quem
2453 2987 2690 3038 devoret
2720 2985 2788 3048 (1.
2824 2985 2964 3036 Petr.
2984 2983 3075 3048 5.),
3104 2991 3150 3034 et
3185 3000 3295 3034 non
3319 2986 3387 3034 sit
3413 2987 3511 3050 qui
3537 2987 3751 3050 eripiat.
3781 2987 3841 3038 Si

2235 3072 2342 3112 vos
2365 3058 2678 3123 intelligere
2709 3071 2826 3108 non
2853 3057 3044 3109 vultis.
3077 3058 3201 3108 Non
3223 3059 3375 3109 enim
3400 3058 3566 3121 eripit
3590 3061 3838 3106 Dominus

2233 3145 2351 3194 eos,
2377 3131 2475 3194 qui
2507 3129 2934 3182 obliviscuntur
2949 3140 3082 3179 eum
3107 3142 3120 3178 :
3153 3128 3251 3192 qui
3279 3141 3344 3179 ea
3368 3141 3500 3192 qua:
3525 3127 3598 3180 ad
3621 3130 3836 3177 salutem

2233 3203 2555 3254 animarum
2569 3214 2805 3253 suarum
2825 3201 3129 3265 pertinent,
3147 3199 3456 3264 intelligere
3481 3207 3837 3250 contemnunt.

2233 3275 2395 3326 Unde
2431 3275 2706 3338 scriptum
2733 3278 2823 3324 est
2840 3287 2852 3323 :
2869 3271 3070 3324 Omnis
3085 3271 3357 3335 ignorans
3382 3271 3743 3336 ignorabitur
3761 3271 3834 3335 (1.

2233 3347 2376 3411 (Cor.
2408 3345 2526 3409 14.).
2573 3349 2697 3407 Quo
2722 3346 2919 3396 contra
2945 3343 3017 3394 de
3041 3343 3490 3407 intelligentibus
3516 3347 3574 3394 et
3596 3341 3838 3394 laudan-

2234 3419 2390 3470 tibus
2415 3419 2595 3469 Deum
2612 3415 2753 3480 quid
2779 3416 3112 3480 subjungat,
3139 3415 3444 3466 audiamus
3474 3430 3487 3466 :

2293 3487 2381 3542 24.
2408 3489 2760 3550 Sacriﬁcium
2779 3487 2962 3536 laudis
2980 3489 3048 3536 ho
3058 3486 3362 3550 noriﬁcabit
3384 3501 3465 3536 me
3492 3491 3568 3536 :et
3585 3485 3694 3535 illic
3707 3485 3836 3550 iter,

2234 3576 2340 3625 quo
2363 3560 2640 3610 ostendam
2663 3559 2746 3609 illi
2766 3559 3004 3608 salutare
3028 3559 3142 3608 Dei.
3161 3559 3325 3621 Quod
3347 3558 3544 3610 Latine
3575 3557 3837 3622 salutare,

2233 3632 2343 3684 hoc
2369 3631 2646 3684 Hebraice
2663 3632 2695 3682 J
2701 3643 2836 3682 esus
2862 3630 3087 3682 dicitur.
3101 3633 3168 3682 In
3184 3630 3461 3682 sacrificio
3477 3629 3652 3694 igitur
3665 3630 3837 3678 laudis

2236 3703 2298 3754 fit
2331 3705 2474 3754 Jesu
2498 3703 2606 3776 iter
2628 3702 3000 3776 ostensionis,
3036 3702 3134 3776 qui
3169 3702 3308 3776 dum
3335 3715 3433 3776 per
3456 3700 3836 3776 psalmodiam

2235 3766 2599 3830 compunctio
2635 3765 2966 3829 effunditur,
2989 3764 3093 3817 'via
3129 3766 3296 3816 nobis
3331 3764 3390 3816 in
3422 3764 3590 3816 cerdo
3623 3764 3705 3826 iit,
3732 3777 3837 3829 per

2236 3849 2409 3901 quam
2435 3837 2508 3888 ad
2524 3839 2725 3888 Jesum
2757 3838 2816 3888 in
2841 3837 2955 3888 fine
2981 3836 3486 3901 pervenitur.Sicut
3507 3837 3627 3900 ipse
3643 3835 3714 3888 de
3727 3848 3838 3886 sua

2235 3909 2568 3961 ostensione
2591 3907 2847 3972 loquitur
2868 3908 3064 3960 dicens
3091 3922 3104 3959 :
3129 3909 3236 3970 Qui
3252 3907 3436 3972 diligit
3449 3907 3839 3972 me,diligetur

2236 3993 2270 4032 a
2301 3983 2464 4034 Patre
2489 3994 2633 4043 meo,
2661 3985 2718 4032 et
2741 3993 2848 4045 ego
2873 3980 3108 4045 diligam
3132 3986 3358 4044 eum,et
3369 3980 3746 4033 manifestabo
3783 3980 3839 4030 ei

2237 4053 2526 4118 meipsum
2551 4052 2729 4116 (Joan.
2756 4051 2881 4116 14.).

2608 4140 2975 4205 TITULUS
3021 4141 3344 4206 PSALMI
3388 4141 3460 4206 L.

2303 4250 2437 4314 1.1a
2448 4250 2614 4313 ﬁnem
2625 4250 2868 4314 psalmus
2879 4247 3318 4314 David,[Vers.2.]
3339 4263 3461 4314 cum
3473 4250 3614 4314 venit
3623 4248 3697 4314 ad
3711 4264 3830 4314 eum

2240 4314 2350 4363 Nat
2356 4311 2467 4362 han
2477 4311 2990 4376 propheta,quando
3003 4311 3228 4361 intravit
3243 4311 3316 4360 ad
3327 4311 3629 4376 Both-subeo
3641 4313 3812 4376 (2.ch
3823 4350 3833 4358 .

2244 4378 2360 4438 12.).
2386 4375 2612 4425 Psaimu’s
2637 4378 2730 4423 isto
2757 4375 3222 4424 attribuiturDavid
3239 4377 3488 4436 propheta
3500 4375 3557 4424 in
3581 4377 3745 4438 ﬁnem
3762 4390 3838 4422 ro-

2241 4441 2497 4500 spicienti,
2522 4440 2573 4486 id
2597 4445 2688 4492 est,
2716 4440 2991 4500 Christum,
3009 4454 3037 4485 a
3059 4453 3160 4498 quo
3177 4453 3264 4498 per
3274 4444 3528 4497 peccatum
3548 4445 3836 4492 recesserat,

2241 4504 2329 4562 qui
2354 4507 2428 4549 est
2463 4502 2582 4548 ﬁnis
2615 4501 2742 4560 legis
2779 4507 2827 4547 et
2863 4503 3238 4561 prophetarum.
3265 4501 3355 4547 Vel
3381 4502 3514 4562 ﬁnis,
3534 4501 3586 4547 id
3609 4506 3700 4558 est,
3725 4515 3840 4560 per-

2249 4566 2394 4612 fectio
2423 4565 2649 4611 omnium
2686 4564 2932 4610 bonorum
2965 4577 3192 4623 operum.
3230 4563 3472 4618 Psalmus,
3501 4564 3839 4622 dico,compo-

2167 4604 2225 4677 Ι)
2251 4629 2378 4675 situs
2391 4641 2481 4685 pro
2499 4641 2556 4673 eo
2574 4627 2798 4687 negocio,
2819 4639 2908 4685 pro
2920 4604 3026 4686 quc‘i
3033 4604 3248 4672 venit'ad
3261 4639 3376 4672 eum
3407 4604 3716 4685 arguentium
3745 4604 3837 4671 ﬁa-

2247 4692 2362 4737 than
2388 4689 2645 4748 propheta.
2665 4689 2857 4746 thuia
2879 4690 3070 4735 Natliau
3083 4688 3374 4735 multotiens
3395 4689 3670 4734 veneratad
3695 4701 3835 4748 eum,

2246 4758 2301 4799 ut
2325 4753 2536 4798 sciretur
2559 4752 2612 4797 in
2637 4765 2739 4810 quo
2769 4751 2986 4797 adventu
3012 4753 3120 4810 ipse
3144 4752 3239 4797 fuit
3262 4764 3438 4798 caussa
3461 4751 3614 4808 hujus
3633 4750 3834 4808 psalmi.

2247 4815 2546 4861 determinat
2578 4815 2654 4860 sic
2693 4825 2706 4862 :
2748 4827 2806 4858 eo
2838 4814 3030 4860 scilicet
3054 4820 3290 4872 tempore,
3316 4813 3516 4872 quando
3545 4814 3750 4859 intravit
3773 4812 3835 4858 ad

2247 4876 2563 4924 Belli-subeo.
2591 4876 2752 4933 Hujus
2775 4877 3023 4936 mulieris,
3041 4877 3212 4922 uxoris
3236 4877 3433 4936 alienae,
3457 4875 3836 4934 pulchritudine

2246 4945 2420 5000 captus
2443 4943 2517 4984 est
2542 4951 2626 4984 rex
2647 4943 2694 4984 et
2716 4939 2956 4996 propheta
2979 4939 3152 4987 David.
3200 4939 3300 5000 Hoc
3321 4939 3376 4984 in
3401 4939 3495 4985 isto
3519 4937 3709 4996 psalmo
3732 4950 3835 4984 non

2247 4999 2448 5062 legitur,
2480 5000 2564 5062 sed
2590 5001 2644 5046 in
2673 5000 2818 5062 titulo
2840 5001 2950 5058 ejus
2973 5005 3190 5060 apparet.
3207 5001 3263 5047 In
3288 4999 3432 5046 libris
3454 5006 3616 5046 autem
3641 5001 3833 5058 Regno-

2246 5060 2356 5112 rum
2371 5062 2477 5123 (Ea:
2487 5061 2526 5109 Α
2538 5060 2810 5124 ugustino)
2823 5063 3024 5121 plenius
3036 5064 3132 5121 legi
3142 5068 3236 5108 tur.
3253 5063 3413 5120 Hujus
3424 5062 3658 5109 maritum
3672 5062 3724 5108 in
3739 5061 3838 5107 bei-

2245 5127 2292 5174 lo
2331 5129 2526 5174 curavit
2557 5125 2905 5172 occidendum.
2933 5126 2988 5172 Et
3010 5131 3120 5184 post
3151 5126 3242 5171 hoc.
3265 5126 3446 5172 factum
3471 5125 3658 5172 missus
3681 5129 3752 5170 est
3774 5124 3834 5169 ad

2243 5203 2358 5236 eum
2381 5189 2576 5249 Nathan
2590 5188 2830 5246 propheta
2851 5200 2880 5234 a
2896 5189 3126 5249 Domino,
3144 5188 3232 5247 qui
3251 5200 3366 5234 eum
3383 5193 3610 5246 argueret
3626 5187 3686 5233 de
3703 5191 3837 5232 tanto

2243 5251 2510 5299 commisso
2540 5248 2605 5310 (2.
2634 5249 2760 5311 Reg.
2788 5249 2902 5310 11.).
2926 5251 3064 5297 Multi
3089 5248 3451 5297 v’oluntcadere
3469 5263 3584 5297 cum
3601 5249 3773 5305 David,
3788 5254 3835 5294 et

2243 5314 2424 5360 nolunt
2445 5326 2702 5371 resurgere
2725 5325 2840 5360 cum
2866 5314 3037 5360 David.
3063 5314 3168 5360 Non
3193 5313 3403 5360 cadendi
3419 5312 3703 5370 exemplum
3718 5323 3831 5369 pro-

2242 5375 2461 5436 positum
2485 5381 2558 5423 est
2591 5387 2603 5424 :
2629 5376 2714 5422 sed
2749 5377 2791 5422 si
2823 5376 3084 5436 cecideris,
3109 5375 3420 5433 resurgendi.
3448 5375 3654 5422 Attende
3676 5386 3738 5420 ne
3761 5387 3836 5436 ca-

2241 5435 2345 5485 das.
2393 5441 2498 5485 Non
2543 5437 2609 5484 sit
2631 5435 2650 5464 ¹³
2674 5438 2934 5484 delectatio
2970 5435 3244 5496 minorum,
3270 5451 3415 5484 casus
3439 5437 3684 5495 majorum
3709 5449 3722 5485 :
3747 5435 3834 5482 sed

2241 5501 2307 5547 sit
2331 5515 2477 5548 casus
2500 5500 2746 5558 majorum
2773 5505 2952 5546 tremor
2969 5503 3241 5547 minorum.
3272 5500 3493 5547 Audiant
3515 5499 3606 5559 qui
3631 5512 3731 5546 non
3762 5512 3836 5545 ce-

2240 5563 2487 5622 ciderunt,
2528 5576 2590 5608 ne
2615 5564 2808 5609 cadant.
2835 5563 3056 5608 Audiant
3078 5564 3165 5621 qui
3192 5561 3496 5621 ceciderunt,
3525 5567 3579 5608 ut
3604 5566 3832 5619 surgant.

2239 5634 2479 5680 Admonet
2502 5636 2651 5680 etiam
2677 5634 2771 5680 tale
2801 5635 3109 5695 exemplum,
3322 5647 3423 5680 non
3447 5647 3500 5680 se
3525 5645 3834 5693 quemquam

2237 5706 2472 5753 extollere
2518 5707 2696 5754 debere
2719 5708 2774 5754 in
2819 5708 3074 5766 prosperis
3111 5707 3280 5755 rebus.
3315 5706 3455 5753 Multi
3490 5706 3626 5752 enim
3656 5718 3734 5750 res
3756 5703 3837 5748 ad-

2298 5847 2318 5876 "
2338 5850 2530 5912 Atque
2553 5848 2682 5901 heic
2706 5848 3106 5913 rescripsimus
3121 5845 3390 5900 delectatio
3405 5860 3477 5901 ex
3490 5844 3834 5912 Augustino,

2232 5930 2337 5985 pro
2363 5932 2477 5985 quo
2505 5925 2676 5975 antea
2701 5928 2826 5975 erat
2849 5920 3074 5972 dilectio.
