3884 6414
46 483 154 540 849

47 612 217 647 versas
250 601 447 661 timent,
478 616 739 664 prosperas
774 620 874 656 non
900 608 1089 661 timent.
1118 613 1451 663 Pcriculosior
1472 620 1543 663 est
1566 632 1651 664 au-

48 667 143 739 tem
166 676 258 739 res
281 677 519 739 prospera
540 669 742 730 animm,
769 684 921 730 quam
944 674 1003 719 ad
1016 688 1151 722 versa
1180 681 1391 737 corpori.
1422 681 1521 726 Hoc
1538 694 1646 739 pec-

44 730 213 801 catum
261 739 363 773 non
411 729 542 801 fecit,
585 743 705 801 cum_
731 729 1103 801 persecutorem
1146 729 1342 788 Saulem
1378 729 1643 801 patere-tur.

44 790 252 859 Semper
275 791 660 859 veroadversus
680 790 965 859 felicitatem
991 799 1301 859 vigilandum
1328 790 1417 851 est.
1451 790 1647 851 Materia

44 851 203 925 hujus
230 852 413 925 psalmi
446 857 723 925 estDavid,
743 860 848 925 sive
872 851 1084 919 quilibet
1107 864 1240 910 alius
1270 868 1533 925 paenitens.
1564 870 1648 914 ln-

44 912 402 987 tend‘it.aute.m
434 919 673 987 propheta
708 912 762 966 in
790 912 901 987 hoc
917 926 1108 982 psalmo
1146 912 1486 987 principaliter
1509 912 1648 977 orare

44 977 355 1051 pro‘t‘riplic‘i
390 977 961 1051 reatu‘hujuscriminis
984 977 1277 1051 supradicti,
1313 977 1507 1038 scilicet
1532 1006 1647 1051 pro-

41 1036 686 1112 adulterio,litimici£lio,'et
710 1044 904 1096 fraude.
932 1036 1115 1095 Deinde
1136 1036 1281 1099 etiam
1307 1036 1649 1112 praeﬁnitus

39 1099 161 1164 aliis
188 1100 408 1159 delictis,
436 1108 488 1149 ut
513 1099 637 1151 Deus
669 1107 796 1154 hanc
825 1123 1004 1157 noxam
1027 1114 1077 1159 et
1099 1126 1272 1161 omnes
1294 1099 1641 1164 tiliassilii

40 1162 265 1222 dulgent,
293 1170 341 1210 ct
371 1167 584 1223 gratiam
612 1171 769 1215 sancti
797 1172 1013 1229 Spiritus
1039 1177 1262 1222 restituat
1288 1194 1299 1225 :
1334 1180 1401 1225 ita
1427 1162 1645 1226 utilium

40 1236 325 1293 numquam
349 1229 571 1293 amplius
585 1231 790 1281 amittat.
810 1235 1106 1293 Proponitur
1120 1243 1285 1286 autem
1306 1242 1454 1287 David
1482 1242 1534 1288 in
1554 1244 1647 1288 hoc

39 1286 514 1359 psalmo-omnibus
533 1286 1080 1359 justisexemplarmon
1106 1303 1341 1359 peccandi
1363 1318 1374 1352 :
1394 1286 1480 1350 sed
1504 1286 1642 1351 Veii—ce;

39 1348 282 1423 ciderint,
313 1348 630 1423 resurgendi.
657 1357 716 1423 Et
733 1370 791 1423 ne
818 1348 871 1405 in
894 1348 1077 1408 virtute
1100 1348 1191 1409 Sua
1216 1348 1643 1423 prmsumantcum

37 1416 287 1489 scriptum
311 1416 395 1474 sit,
422 1417 519 1489 Qui
543 1422 656 1479 stat,
670 1419 833 1489 videat
851 1436 912 1468 ne
928 1422 1144 1489 cadat(t.
1167 1416 1418 1489 061210.).
1439 1431 1644 1487 lnjustis

38 1473 237 1551 adAhoc
280 1473 686 1551 proponiturtut
725 1482 784 1551 de
816 1473 1643 1551 magnitudiueidelicti

39 1549 142 1611 non
174 1537 454 1611 chperent,
490 1537 810 1611 respicientes
854 1537 1027 1604 David,
1056 1550 1176 1595 tanti
1215 1552 1385 1599 delicti
1412 1567 1499 1611 per
1519 1537 1641 1601 edd-

39 1597 256 1677 dign‘am.
276 1597 671 1677 ,satisfactionem
711 1597 1072 1668 consequutu'm
1097 1597 1490 1664 veniam—Dicit
1527 1597 1644 1677 ergo

39 1660 113 1706 sic
138 1663 292 1709 David
320 1676 335 1714 :

574 1753 974 1821 PSALMUS
1017 1759 1089 1824 L.

99 1891 153 1945 3.
191 1893 443 1943 Miserere
475 1898 598 1960 mei,
646 1898 801 1951 Deus.
837 1901 1067 1954 Dictum
1094 1908 1182 1956 est
1209 1918 1243 1957 a
1268 1906 1439 1959 simili
1463 1908 1642 1960 alicu-

1068 498 1142 548 IN
1173 498 1497 553 PSALMOS
1534 503 1743 555 LXXV
1777 504 2338 564 COMMENTARIUS

3243 524 3347 580 850

1670 620 1724 692 Α
1750 617 1921 669 tende
1946 619 2082 699 quid
2106 621 2235 674 facit
2263 625 2433 699 Deus.
2459 628 2514 678 Si
2538 640 2758 699 memor
2781 630 2863 682 sis
2887 633 3107 695 peccati
3130 635 3232 699 tui,
3258 635 3349 688 ille

1747 701 1864 739 non
1888 691 2252 770 eritin‘emor.
2282 697 2338 747 Si
2368 702 2431 748 tu
2449 700 2575 760 ejus
2600 698 2813 751 oblitus
2844 691 3032 762 fueris,
3051 705 3204 756 Deus
3220 691 3347 770 ejus

1746 763 2177 841 memorabitur.
2205 768 2320 841 Ego
2346 771 2703 841 sumtinquit
2730 774 3026 837 Dominus)
3057 777 3154 839 qui
3184 763 3347 830 deleo

1745 837 2075 894 iniquitates
2108 839 2235 887 tuas
2270 839 2393 900 (lsai
2427 839 2551 903 45.).
2591 844 2677 894 Tu
2716 856 2849 895 vero
2884 837 3110 898 memor
3145 860 3348 901 earum

1746 905 2037 980 esto._S_ed
2082 906 2223 980 forte
2255 909 2406 962 dicet
2443 912 2671 975 aliquis,
2704 916 2777 966 Ut
2811 917 2949 980 quid
2988 930 3095 980 ego
3127 932 3349 972 memor

1748 977 1917 1054 sum?
1952 976 2025 1027 Ut
2061 979 2124 1054 si
2146 980 2376 1054 gratior,
2414 982 2621 1047 inquit,
2658 976 3055 1039 misericordia
3091 1003 3237 1046 mea,
3284 994 3348 1043 ut

1747 1047 1964 1109 sentias
1995 1047 2129 1109 quid
2149 1049 2250 1100 tibi
2270 1055 2673 1106 concesserim.
2695 1057 2749 1106 Si
2774 1057 2924 1109 enim
2940 1058 3114 1111 fueris
3128 1074 3348 1113 memor

1746 1115 1963 1192 cumuli
1994 1123 2359 1192 peccatorum
2389 1128 2636 1189 tuorum,
2663 1128 2776 1177 eris
2799 1141 3018 1181 memor
3035 1135 3349 1192 etmaguitu-

1746 1185 1896 1235 dinis
1922 1187 2320 1244 benellcentim
2347 1195 2463 1245 Dei.
2490 1185 2653 1247 Tales
2677 1201 3069 1254 erantsancti:
3105 1185 3346 1255 virtutes

1749 1268 1885 1337 suas
1899 1270 2015 1308 non
2032 1260 2389 1337 emittebant,
2407 1267 2507 1316 sed
2526 1275 2887 1331 peccatorum
2907 1285 3142 1323 suorum
3164 1290 3348 1322 memo-

1747 1333 1891 1408 riam
1916 1333 2296 1385 revocabant:
2318 1349 2434 1408 non
2466 1339 2615 1389 sicut
2640 1353 2792 1391 nunc
2810 1340 3092 1406 homines,
3114 1346 3210 1407 qui
3225 1358 3347 1408 pec-

1745 1402 2003 1481 catorum
2029 1414 2267 1481 suorum
2284 1407 2733 1481 obliviscuntur,
2762 1420 2819 1463 et
2842 1413 3025 1464 celare
3043 1402 3283 1478 cupiunt
3301 1416 3349 1467 si

1745 1479 2035 1551 quippiam
2059 1479 2254 1527 autem
2281 1479 2415 1529 boni
2444 1480 2716 1546 fecerunt,
2745 1483 2805 1535 in
2829 1485 3019 1536 medio
3033 1487 3345 1550 proferunt,

1744 1545 1802 1620 et
1822 1544 2092 1620 omnibus
2106 1551 2397 1613 propalare
2412 1544 2711 1605 festinant.
2723 1556 2928 1607 Fecisti
2942 1544 3156 1620 aliquid
3176 1544 3349 1609 boni‘?

1744 1613 1875 1688 Cela
1902 1616 2060 1679 illud,
2082 1623 2147 1669 ut
2166 1622 2445 1673 Dominus
2462 1628 2597 1675 tuus
2615 1626 2821 1688 videat,
2841 1633 2895 1678 et
2912 1613 3120 1681 laud-et.
3138 1630 3347 1681 Fecisti

1744 1686 1925 1762 malaz
1948 1701 2199 1752 agnosce
2224 1695 2281 1744 et
2305 1696 2562 1760 emenda,
2588 1701 2647 1748 et
2687 1686 2932 1762 ignescit
2959 1701 3127 1752 Deus.
3161 1702 3349 1752 Conti-

1748 1757 1863 1830 tere
1896 1759 2028 1821 Deo,
2059 1767 2117 1813 et
2142 1762 2233 1813 dic
2257 1766 2412 1827 quod
2442 1757 2740 1830 sequitur?

1808 1826 1857 1882 6.
1896 1830 2007 1879 Tibi
2032 1834 2131 1881 soli
2152 1826 2379 1899 peccavi.
2407 1840 2508 1888 Cui
2526 1826 2638 1890 soli
2662 1840 2953 1892 reddenda
2977 1846 3068 1892 est
3108 1843 3251 1896 ratio
3276 1844 3347 1894 de

1741 1906 1989 1977 peccato,
2027 1906 2125 1968 qui
2165 1907 2323 1957 solus
2361 1914 2450 1959 est
2481 1912 2604 1961 sine
2642 1918 2876 1975 peccato
2927 1914 3102 1975 (Joan.
3140 1912 3232 1977 8.).
3280 1916 3349 1964 Et

29 1964 251 2058 {tremit-1A
259 1977 489 2058 .caussa
507 1968 871 2058 deprehensi,
898 1974 1067 2055 cujus
1105 1976 1340 2058 crimen,
1368 1980 1501 2058 quia
1520 1982 1640 2058 jam
1669 1985 1723 2058 B
1744 1964 2245 2058 Tatum‘caramute
2277 1980 2396 2041 feci.
2423 1964 2688 2058 Quidest
2710 1983 2817 2033 hoc
2843 1964 2951 2045 (Eae
2977 1964 3303 2049 Augustino)
3332 2004 3342 2034 :

34 2035 415 2109 manifestum
440 2044 529 2091 est
547 2041 860 2109 judicibus,
885 2035 1003 2096 non
1021 2046 1141 2109 jam
1169 2035 1365 2100 studet
1386 2035 1643 2103 illud'de-

32 2106 270 2184 tendere
295 2122 309 2159 :
336 2110 439 2161 sed
465 2111 647 2184 solam
665 2106 891 2166 veniam
903 2106 1104 2168 nititur
1114 2118 1472 2183 deprecando
1486 2125 1645 2184 impe-

34 2181 205 2257 trare,
233 2190 401 2232 suam
428 2183 823 2257 pmnitentiam
848 2181 1262 2251 ostendens,—et
1284 2193 1491 2244 merita
1509 2181 1645 2257 prae-

36 2249 207 2300 terita
244 2254 613 2314 praetendens
641 2272 651 2303 :
687 2258 743 2307 et
769 2256 852 2309 sic
878 2249 1176 2311 facturum
1206 2262 1354 2313 bona
1376 2263 1433 2314 in
1456 2249 1642 2316 futuro

33 2322 398 2384 promittens.
425 2326 589 2377 Prius
606 2333 729 2381 orat
750 2342 853 2393 pro
878 2336 1144 2393 peccato:
1172 2333 1380 2386 deinde
1422 2349 1641 2387 crimen

32 2404 207 2470 suum
236 2400 444 2459 sponte
480 2398 803 2451 confitetur.
836 2403 919 2452 Ac
944 2402 993 2453 si
1016 2403 1246 2469 diceret,
1274 2407 1430 2468 Deus,
1453 2407 1508 2457 id
1535 2410 1637 2470 est,

31 2464 266 2517 Creator
308 2479 494 2541 meus,
535 2481 709 2533 quem
732 2483 944 2537 magna
966 2479 1022 2525 et
1047 2464 1344 2541 multiplex
1366 2464 1639 2541 iniquitas

32 2548 163 2611 mea
183 2549 305 2611 non
316 2538 475 2600 latet,
504 2542 751 2592 Miserere
772 2546 896 2608 mei,
921 2538 1502 2611 secundumﬁmagnam
1524 2551 1637 2598 mi-

28 2608 389 2659 sericordiam
420 2616 589 2663 tuam.
636 2614 809 2678 Idest,
846 2615 920 2667 ad
954 2618 1196 2668 modum
1227 2608 1637 2672 misericordiae

30 2682 171 2739 tuae,
205 2692 343 2754 qum
377 2695 588 2748 magna
624 2690 733 2750 est,
769 2686 995 2739 dimitte
1019 2701 1297 2751 magnum
1336 2696 1636 2754 peccatum

27 2764 249 2803 meum.
275 2753 345 2802 Et
358 2756 654 2805 secundum
668 2758 1075 2808 multitudinem
1090 2753 1401 2811 miseration
1412 2779 1501 2811 um
1523 2770 1538 2811 t
1547 2780 1637 2811 ua-

27 2838 172 2897 rum.
197 2823 376 2886 Idest,
400 2826 474 2877 ad
497 2828 736 2880 modum
765 2830 1202 2883 miserationum
1226 2838 1469 2896 tuarum,
1505 2847 1636 2897 quae

28 2894 400 2969 multmsunt
422 2897 484 2948 in
505 2898 741 2962 effectis,
770 2901 877 2950 dele
900 2901 1243 2969 iniquitatem
1270 2894 1473 2955 mcamt
1503 2894 1636 2969 qua)

28 2965 337 3041 multiplex
360 2974 469 3019 est.
495 2970 667 3032 Idest,
695 2971 821 3023 dele
846 2965 1243 3039 homicidium,
1270 2965 1549 3041 fraudem,
1579 2982 1635 3028 et

26 3036 396 3090 adulterium.
422 3040 530 3094 Hic
552 3042 805 3095 ostendit
822 3046 1188 3108 etpeccatum
1206 3036 1374 3098 suum
1396 3036 1631 3108 maguum

30 3122 162 3183 esse
198 3111 341 3183 (erat
362 3113 515 3164 enim
540 3113 889 3167 adulterium
921 3116 990 3181 [1.
1019 3118 1145 3180 Reg.
1174 3116 1280 3183 11.]
1309 3118 1323 3182 )
1356 3123 1412 3169 et
1437 3119 1633 3170 multi-

28 3179 181 3245 plex.
199 3182 287 3233 Ibi
309 3195 562 3249 namque
588 3179 966 3238 homicidium
991 3192 1049 3240 et
1070 3189 1244 3252 fraus,
1261 3179 1316 3241 et
1332 3190 1632 3241 multaalia

29 3253 291 3305 denotari
315 3258 578 3319 possunt.
609 3258 728 3309 Hoc
743 3258 920 3311 distat
942 3260 1091 3311 inter
1108 3262 1560 3313 misericordiam
1578 3267 1634 3314 et

28 3325 463 3379 miserationem
491 3344 501 3376 :
518 3328 650 3392 quia
676 3330 831 3381 Deus
844 3330 1182 3383 naturaliter
1195 3346 1419 3397 semper
1435 3338 1521 3383 est
1539 3335 1630 3381 Illi-

28 3397 276 3448 sericors
300 3398 361 3449 in
384 3411 465 3462 se,
489 3399 790 3451 actualiter
818 3406 1012 3452 autem
1030 3404 1330 3455 miserator
1362 3405 1421 3455 in
1442 3405 1626 3455 nobis.

29 3468 440 3522 Misericordiae
464 3471 651 3522 virtus
673 3472 1127 3535 inseparabiliter
1153 3475 1211 3525 in
1230 3478 1348 3526 Deo
1365 3480 1474 3527 est.
1490 3477 1630 3527 Cum

27 3544 226 3592 autem
252 3553 327 3592 ex
349 3540 456 3593 hac
467 3543 858 3595 misericordia
868 3546 1243 3609 nobisaliqua
1260 3548 1529 3599 beneﬁcia
1543 3552 1633 3595 tri-

28 3612 311 3675 buuntur,
334 3612 729 3666 miserationes
754 3615 1042 3669 dicuntur.
1070 3619 1138 3669 Et
1159 3619 1483 3669 notandum
1496 3622 1628 3680 quod

20 3685 121 3747 qui
135 3698 407 3748 magnam
422 3686 874 3739 misericordiam
887 3688 1240 3753 deprecatur,
1255 3703 1527 3754 magnam
1542 3694 1632 3739 mi-

21 3757 234 3808 seriam
256 3758 579 3811 confitetur.
608 3759 925 3823 Opponitur
948 3772 1084 3824 ergo
1096 3763 1631 3826 magnamisericor—

18 3828 111 3879 dia
134 3841 353 3893 magno
376 3835 629 3894 peccato.
647 3830 967 3894 Opponitur
989 3832 1297 3885 multitudo
1318 3834 1631 3886 miseratio-

16 3914 163 3951 num
184 3900 594 3966 multiplicitati
618 3902 934 3966 culparum.
960 3904 1260 3968 Propterea
1284 3905 1475 3957 adhuc
1498 3906 1629 3956 sub-

13 3972 214 4035 jungit
242 3988 256 4022 :

78 4043 131 4097 4.
164 4043 439 4108 Amplius,
480 4058 666 4109 quam
691 4059 825 4111 ergo
849 4052 903 4099 te
927 4047 1216 4112 deprecari
1241 4047 1482 4110 valeam,
1504 4048 1627 4097 lava

19 4131 99 4164 me
123 4115 191 4163 ab
227 4115 524 4179 iniquitate
546 4132 691 4169 mea:
714 4122 780 4169 ut
805 4128 822 4147 ·
847 4118 1103 4171 dimittas
1124 4131 1257 4184 quae
1275 4120 1627 4170 conscientia

15 4188 249 4247 metuit,
274 4190 331 4239 et
350 4188 587 4251 adjicias
618 4189 774 4253 quod
802 4190 983 4242 oratio
1007 4203 1123 4242 non
1160 4191 1474 4255 praesumit.
1501 4191 1567 4239 Et
1592 4207 1627 4239 α

14 4264 224 4320 peccato
252 4273 368 4309 meo
390 4260 604 4308 munda
624 4275 724 4311 me.
751 4262 1186 4324 Quamvisinter
1200 4261 1562 4325 iniquitatem
1578 4266 1632 4309 et

15 4335 326 4393 peccatum
355 4330 496 4382 nihil
521 4331 734 4384 distare
759 4333 1053 4397 perhibeat
1071 4335 1325 4385 Joannes
1341 4337 1624 4395 Apostolus,

16 4402 116 4465 qui
147 4403 250 4464 ait,
286 4401 571 4465 Iniquitas
610 4409 913 4467 peccatum
947 4410 1039 4457 est
1073 4404 1142 4466 (1.
1168 4405 1331 4455 Joan.
1362 4404 1428 4467 1.)
1461 4404 1625 4467 :ipso

18 4480 216 4525 tamen
242 4474 652 4538 usuiloquendi
681 4476 810 4537 plus
831 4476 1105 4539 iniquitas
1134 4489 1305 4539 quam
1330 4480 1625 4539 peccatum

16 4550 209 4597 sonat.
260 4546 333 4597 Et
368 4546 556 4598 omnis
586 4545 759 4613 254
785 4560 846 4598 se
870 4548 1042 4599 homo
1067 4548 1241 4599 libere
1265 4551 1625 4611 peccatorem

16 4618 248 4669 fatetur.
280 4616 553 4681 iniquum
576 4632 711 4671 vero
737 4619 944 4683 dicere,
970 4632 1395 4682 nunnunquam
1418 4619 1622 4670 erube-

16 4689 149 4740 scit:
170 4690 319 4741 Cum
343 4702 475 4754 ergs
498 4690 788 4753 paenitens
814 4691 922 4742 iste
958 4695 1098 4751 orat,
1133 4696 1197 4742 ut
1225 4691 1297 4741 ab
1321 4690 1624 4753 iniquitatc

14 4760 263 4824 lavetur,
275 4765 333 4813 et
357 4773 391 4812 a
402 4767 637 4825 peccato
652 4762 967 4815 mundetur
984 4781 994 4811 :
1018 4765 1134 4814 tam
1150 4776 1185 4813 a
1204 4763 1621 4825 graviori,quam

1659 3357 1707 3431 C

1746 2042 1944 2124 Coram
1970 2044 2438 2124 hominibushom
2456 2057 2553 2124 est
2578 2053 2598 2081 ’³
2622 2042 2869 2105 adulteri
2892 2068 3040 2106 uxor
3062 2042 3264 2118 aliena,
3290 2042 3348 2109 et

1741 2118 1984 2190 maritus
2023 2118 2265 2190 occisus.
2305 2122 2414 2173 Sed
2450 2122 2506 2173 in
2531 2124 2638 2175 hoc
2664 2124 2767 2176 soli
2794 2128 2912 2177 Deo
2937 2133 3136 2190 peccat
3161 2130 3347 2181 omnis

1742 2183 1933 2247 homo,
1982 2189 2137 2250 quod
2174 2190 2331 2242 solus
2363 2195 2517 2245 Deus
2552 2198 2740 2258 potest
2772 2183 2972 2249 curare
2996 2198 3287 2250 hominem
3313 2214 3346 2251 a

1743 2262 1990 2331 peccato.
2023 2262 2105 2311 Ac
2126 2262 2173 2312 si
2199 2264 2424 2327 egregio
2450 2266 2666 2317 medico
2689 2266 2842 2318 dicat
2879 2270 3132 2331 aegrotus
3169 2285 3180 2319 :
3220 2270 3344 2321 Tibi

1742 2327 1849 2407 soli
1871 2336 2089 2407 aegroto
2117 2350 2127 2381 :
2156 2336 2483 2407 passionem
2513 2349 2703 2388 meam
2728 2338 2922 2389 nullus
2934 2327 3153 2390 Eanare
3167 2346 3342 2406 potest,

1740 2399 1852 2471 nisi
1885 2404 1947 2450 tu
1974 2401 2150 2453 solus.
2181 2405 2327 2455 Hinc
2351 2406 2407 2457 in
2431 2408 2540 2458 alio
2554 2409 2777 2471 psalmo
2793 2409 2862 2459 de
2884 2409 2993 2460 hoc
3007 2399 3224 2462 omlesti
3242 2399 3341 2460 mel

1741 2470 1867 2544 dico
1881 2473 2108 2544 animm
2132 2478 2433 2539 peccatrici
2452 2470 2789 2541 dici’tur.Qui
2808 2481 3344 2544 propitiaturomni-

1740 2541 1851 2620 bus
1875 2542 2278 2620 iniquitatibus
2308 2550 2418 2600 tuis
2444 2550 2786 2613 (Psal.10‘2.).
2808 2541 2931 2613 Qui
2948 2558 3114 2604 sanat
3137 2567 3342 2605 omnes

1738 2613 2103 2667 inﬁrmitates
2151 2621 2296 2670 luas.
2336 2623 2509 2673 Recte
2545 2627 2738 2673 autem
2762 2636 2956 2675 coram
2982 2626 3101 2676 Deo
3126 2624 3342 2677 malum

1742 2683 1942 2759 fecisse
1970 2700 2031 2738 se
2056 2688 2209 2754 dicit,
2225 2692 2360 2755 quia
2378 2692 2536 2744 solus
2552 2695 2705 2745 Deus
2719 2696 2886 2757 quale
2907 2698 2961 2746 et
2975 2700 3260 2759 quantum
3279 2699 3342 2744 sit

1740 2756 1959 2836 malum
1981 2760 2264 2836 cujusque
2288 2766 2603 2836 cognoscit.
2617 2756 2802 2817 Homo
2820 2767 2973 2817 enim
2994 2756 3158 2819 videt
3182 2768 3241 2818 in
3262 2768 3343 2819 t‘a—

1737 2829 1842 2889 cie,
1871 2829 2023 2880 Deus
2050 2832 2204 2884 videt
2226 2834 2285 2885 in
2311 2835 2478 2886 corde
2507 2835 2642 2901 [Job.
2669 2836 2808 2899 35.).
2834 2839 3017 2889 Homo
3040 2838 3193 2889 videt
3217 2852 3341 2902 pec-

1737 2902 1933 2971 catum
1958 2904 2163 2967 oneris,
2189 2907 2345 2957 Deus
2370 2907 2601 2971 inspicit
2620 2908 2789 2959 etiam
2806 2909 3058 2960 radicem
3075 2910 3342 2961 intentio-

1737 2969 1852 3019 nis.
1893 2972 2014 3033 Vel,
2059 2974 2158 3025 tibi
2184 2976 2287 3027 soli
2315 2979 2437 3028 sine
2464 2969 2727 3041 peccato,
2764 2980 2996 3043 peccavi
3025 2984 3082 3031 et
3121 2979 3337 3031 malum

1735 3052 1928 3092 coram
1956 3048 2009 3093 te
2032 3044 2156 3108 feci,
2205 3060 2379 3110 quem
2403 3047 2624 3099 nullum
2650 3050 2790 3101 latet
2820 3053 3122 3101 secretum.
3143 3051 3240 3103 Ille
3252 3052 3271 3114 j
3283 3066 3338 3103 u-

1734 3115 2115 3185 stuspunitor
2138 3123 2246 3181 est,
2269 3120 2366 3181 qui
2389 3120 2449 3170 in
2473 3133 2533 3170 se
2556 3132 2673 3171 non
2696 3121 2871 3172 habet
2896 3121 3049 3184 quod
3063 3123 3337 3185 puniatur

1735 3184 1801 3233 Et
1826 3183 1954 3257 ideo
1979 3192 2322 3252 0ro,munda
2346 3208 2444 3240 me.
2472 3196 2698 3253 Quare?
2728 3193 2790 3241 Ut
2804 3183 3115 3257 justi/iceris
3140 3195 3201 3242 in
3226 3210 3339 3243 ser-

1736 3256 1987 3305 monibuc
2011 3260 2132 3307 tuis.
2159 3262 2354 3314 Sermo
2379 3266 2515 3313 tuus
2540 3267 2649 3323 est,
2665 3256 3074 3315 Convertimini
3090 3264 3162 3315 ad
3175 3270 3336 3317 meet

1737 3324 1883 3376 salvi
1907 3330 2064 3381 eritis
2087 3331 2228 3394 (lsai.
2256 3332 2382 3396 45.).
2410 3336 2605 3385 Sermo
2633 3339 2767 3385 tuus
2797 3340 2905 3396 est,
2925 3336 3126 3386 Venite
3149 3336 3220 3387 ad
3244 3350 3337 3389 me

1735 3409 1939 3471 omnes
1964 3403 2062 3463 qui
2093 3404 2385 3467 laboratis,
2404 3407 2692 3457 etonerati
2714 3407 2873 3464 estis,
2891 3411 2948 3458 et
2962 3420 3066 3471 ego
3080 3420 3185 3459 vos
3209 3409 3338 3460 refl-

1731 3469 1880 3519 ciam
1905 3470 2120 3530 (Matth.
2149 3474 2271 3538 11.).
2290 3478 2486 3528 Sermo
2512 3483 2647 3529 tuus
2674 3483 2779 3540 est,
2807 3469 3181 3541 Quacumque
3196 3479 3338 3531 hora

1729 3546 1995 3603 peccator
2019 3557 2336 3598 conversus
2359 3548 2547 3611 fuerit,
2564 3549 2683 3601 vita
2708 3549 2887 3610 vivet,
2906 3554 2964 3600 et
2987 3561 3105 3600 non
3127 3552 3337 3602 morie-

1732 3618 1823 3667 tur
1862 3614 2068 3674 (Ezeeh.
2104 3616 2226 3681 18.).
2266 3621 2335 3671 Et
2368 3633 2472 3683 ego
2506 3620 2737 3683 quidem
2761 3634 3077 3672 conversus
3104 3634 3254 3681 sum,
3281 3627 3338 3674 et

1729 3689 1801 3740 ad
1832 3692 1883 3740 te
1909 3689 2145 3740 veniens
2172 3690 2618 3742 misericordiam
2645 3697 2796 3756 peto.
2815 3692 3049 3743 Dimitte
3075 3706 3211 3757 ergo
3223 3710 3335 3754 quae

1730 3761 2019 3822 commisi,
2062 3760 2234 3829 255
2256 3766 2321 3812 ut
2336 3762 2392 3812 in
2407 3763 2771 3814 sermonibus
2785 3764 3106 3827 tuisjustus
3122 3772 3169 3812 et
3188 3780 3335 3814 verax

1727 3832 2058 3885 invenieris.
2097 3835 2165 3883 Et
2190 3834 2377 3881 vincas
2400 3849 2523 3881 cum
2535 3834 2824 3896 judicaris.
2844 3835 3019 3896 Idest,
3046 3847 3178 3885 cum
3205 3835 3333 3897 qui-

1729 3904 1862 3954 dam
1909 3916 2082 3967 prave
2127 3903 2513 3967 intelligentes
2543 3903 2807 3968 jucident
2842 3909 2895 3954 te
2928 3917 3045 3954 non
3078 3904 3336 3956 misereri

1727 3974 2098 4027 criminaliter
2120 3974 2315 4039 lapsis.
2344 3975 2521 4025 Vince
2547 3974 2691 4035 illos,
2716 3979 2774 4025 et
2796 3975 3144 4026 sententiam
3158 3990 3330 4023 eorum

1728 4046 1980 4109 destrue,
2008 4046 2145 4097 mihi
2174 4046 2461 4110 parcendo
2498 4044 2868 4096 criminilater
2901 4046 3079 4109 lapso.
3115 4045 3329 4097 Aliter:

1725 4118 1863 4169 Ideo
1892 4118 1993 4169 tibi
2024 4118 2130 4169 soli
2154 4121 2389 4181 peccata
2413 4129 2539 4168 mea
2563 4116 2836 4168 confiteor
2862 4132 2875 4169 :
2902 4116 3031 4168 ideo
3056 4129 3249 4168 coram
3278 4121 3332 4168 te

1725 4191 1877 4241 mala
1918 4202 2046 4241 mea
2079 4189 2302 4254 detego,
2342 4193 2407 4239 ut
2447 4193 2501 4239 to
2530 4188 2844 4252 justiﬁcem
2876 4188 2936 4239 in
2962 4190 3331 4240 sermonibus

1730 4261 1863 4323 tuis,
1882 4266 1939 4312 et
1957 4274 2049 4313 me
2070 4262 2358 4323 inculpem
2382 4260 2713 4323 inOperibus
2748 4259 2924 4310 meis:
2952 4262 3010 4311 et
3044 4265 3325 4323 tanquam

1721 4332 1937 4396 judicio
1964 4332 2296 4392 constituto,
2322 4331 2521 4382 vincas
2538 4335 2618 4393 tu,
2647 4331 2845 4382 vincar
2856 4344 2979 4395 ego.
2998 4332 3160 4396 Saepe
3177 4332 3331 4383 enim

1727 4403 1866 4454 dum
1896 4416 2162 4456 caussam
2187 4404 2286 4454 Dei
2315 4416 2449 4467 erga
2471 4415 2594 4463 nos,
2629 4406 2685 4453 et
2704 4407 2965 4454 nostram
2988 4415 3124 4466 erga
3149 4404 3329 4454 Deum

1725 4474 2026 4537 diligenter
2052 4475 2419 4536 discutimus,
2440 4473 2632 4537 ipsum
2655 4474 2839 4525 Deum
2851 4473 3002 4538 apud
3019 4486 3127 4524 nos
3144 4487 3218 4525 ex
3242 4487 3331 4524 ra-

1726 4547 1890 4597 tione
1934 4545 2288 4609 judicamus.
2336 4545 2611 4597 Ascendit
2645 4544 2818 4596 homo
2844 4544 3090 4596 tribunal
3120 4545 3329 4596 mentis

1726 4630 1884 4669 suae:
1910 4618 1974 4668 fit
1997 4618 2322 4670 accusatrix
2347 4617 2634 4680 cogitatio,
2662 4617 2825 4667 testis
2851 4616 3205 4667 conscientia
3228 4630 3239 4667 :
3268 4618 3332 4668 tit

1719 4688 1899 4751 judex
1924 4689 2087 4747 ratio,
2114 4689 2368 4739 carnifex
2404 4691 2575 4740 timor
2598 4703 2614 4737 :
2645 4693 2703 4740 et
2726 4701 2860 4739 cum
2886 4702 2948 4739 se
2974 4688 3252 4750 injustum
3274 4692 3333 4739 et

1726 4759 2056 4811 convictum
2073 4759 2752 4824 deprehendit,humilior
2766 4760 2952 4811 factus
2964 4760 3265 4823 gratiorem
3282 4775 3333 4808 se

12 4846 44 4883 a
64 4820 274 4885 leviori
297 4820 468 4897 culpa
479 4834 840 4886 curationem
852 4834 1146 4899 postulare
1166 4820 1410 4885 videtur.
1428 4820 1627 4893 Etsup-
1647 4820 1705 4893 D
1732 4830 1972 4881 Domino
1997 4820 2202 4882 reddit.
2230 4831 2353 4889 Vel,
2379 4832 2564 4881 vincas
2588 4847 2712 4881 cum
2737 4820 3030 4897 judicaris,
3056 4832 3225 4895 idest,
3264 4836 3326 4883 tu

16 4907 179 4969 ponit
202 4918 493 4968 caussam,
521 4919 697 4971 quare
722 4908 832 4959 sibi
855 4907 1067 4960 dimitti
1083 4906 1337 4972 postulat
1360 4904 1513 4970 quod
1533 4904 1626 4956 de-

14 4978 200 5042 liquit,
229 4976 432 5029 dicens
456 4991 469 5028 :

72 5048 126 5104 5.
157 5049 437 5109 Quoniam
461 5050 809 5113 iniquitatem
834 5065 1007 5099 meam
1027 5065 1119 5113 ego
1136 5063 1409 5113 cognosco,
1424 5059 1624 5100 secun-

14 5121 155 5173 dum
178 5121 585 5186 pmnitentiam
609 5126 666 5173 et
694 5122 1145 5173 satisfactionem
1169 5138 1179 5170 :
1208 5124 1266 5172 et
1288 5120 1399 5171 hoc
1420 5131 1535 5171 non
1549 5117 1623 5169 ad

13 5194 238 5258 horam,
257 5193 361 5245 sed
378 5193 668 5246 continue.
682 5192 815 5245 ldeo
830 5193 1055 5245 subdit:
1072 5193 1138 5241 Et
1155 5197 1430 5256 peccatum
1442 5205 1621 5239 meum

14 5271 206 5315 contra
230 5279 318 5315 me
340 5270 413 5315 est
427 5280 651 5329 semper.
681 5265 883 5315 Contra
908 5279 1006 5324 me,
1036 5264 1092 5315 id
1118 5268 1225 5327 est,
1262 5266 1395 5315 ante
1424 5262 1622 5313 oculos

15 5350 196 5389 meos.
250 5338 379 5388 Non
423 5338 513 5389 est
550 5336 766 5388 oblitus
803 5336 1019 5401 peccati
1050 5336 1138 5387 sui
1181 5338 1239 5387 et
1282 5334 1618 5398 iniquitatis,

17 5409 294 5473 quamvis
311 5409 435 5474 jam
465 5420 501 5461 a
521 5408 804 5474 propheta
823 5408 1120 5459 audisset:
1148 5406 1466 5458 Transtulit
1498 5417 1532 5455 a
1567 5410 1623 5456 te

18 5482 171 5533 Deus
224 5486 528 5546 peccatum
563 5485 730 5533 tuum
758 5477 829 5542 (‘2.
872 5480 995 5543 Reg.
1028 5477 1155 5541 12.).
1182 5481 1247 5530 In
1272 5477 1624 5529 conscientia

19 5566 121 5605 sua
144 5559 431 5616 tanquam
452 5552 792 5616 inimagine.
810 5550 1157 5602 adulterium
1179 5552 1235 5601 et
1248 5548 1623 5600 homicidium

20 5625 314 5689 depictum
331 5624 614 5676 habebat:
648 5636 748 5688 per
763 5622 1023 5686 singulos
1048 5620 1170 5672 dies
1186 5620 1415 5673 videbat
1428 5624 1621 5684 putre-

19 5696 241 5749 dinem:
261 5700 319 5747 et
335 5696 463 5747 ideo
477 5696 724 5746 dicebat.
752 5695 819 5743 Et
838 5698 1115 5759 peccatum
1136 5707 1313 5741 meum
1339 5698 1527 5741 contra
1542 5706 1624 5741 me

18 5777 331 5833 estsemper.
358 5769 478 5832 Ego
507 5766 649 5819 illud
674 5765 858 5819 video.
888 5767 973 5815 Tu
996 5764 1055 5816 id
1078 5776 1151 5815 ne
1176 5764 1623 5815 consideres.At-

79 5903 96 5922 '
138 5891 419 5946 Ecclesia)
448 5892 623 5944 verba
647 5894 803 5952 sunt,
829 5889 1040 5955 quibus
1067 5889 1252 5942 Deum
1276 5892 1538 5954 precatur
1560 5888 1622 5940 in

20 5965 169 6018 Orat.
206 5964 530 6018 Dominicm
556 5963 656 6015 XI.
680 5964 813 6027 post
830 5964 1153 6015 Pentecost.

78 6038 98 6066 "
124 6037 372 6093 Adridet
390 6035 581 6102 magis
605 6034 916 6100 Augustini
933 6033 1101 6090 lectio
1113 6031 1622 6098 subinterrogandi

1722 4901 1939 4967 judicio
1963 4901 2085 4952 Filii
2114 4901 2214 4964 tui,
2239 4915 2354 4966 quo
2380 4904 2803 4955 condemnatus
2828 4908 2916 4955 est
2939 4903 3131 4965 morti,
3151 4904 3333 4955 victor

1727 4984 2019 5038 appareas,
2047 4973 2369 5025 secundum
2394 4974 2866 5026 clarillcationem
2890 4974 3331 5026 resurrectionis

1724 5050 1780 5097 et
1803 5043 2176 5096 ascensionis.
2206 5046 2450 5109 Superas
2475 5045 2629 5097 enim
2653 5059 2854 5098 omnes
2872 5047 3121 5110 judices:
3149 5049 3207 5097 et
3231 5045 3329 5108 qui

1726 5129 1787 5168 se
1808 5118 1975 5181 putat
1990 5117 2217 5180 justum
2241 5128 2437 5167 coram
2464 5123 2536 5179 te,
2554 5117 2808 5178 injustas
2833 5122 2938 5169 est.
2965 5119 3082 5169 Nec
3099 5117 3204 5179 (Ea:
3224 5117 3332 5166 Au-

1722 5188 1959 5251 gustino)
1979 5186 2192 5239 suﬁlcit
2211 5186 2393 5238 David
2420 5191 2648 5238 tantum
2673 5200 2779 5239 sua
2803 5189 3120 5240 criminalia
3134 5194 3331 5249 peccata

1722 5259 1975 5311 conﬁteri
2003 5274 2015 5310 :
2044 5259 2215 5310 etiam
2232 5258 2424 5323 ipsum
2452 5258 2526 5310 ad
2548 5258 2841 5310 medicum
2866 5260 3031 5312 ducit
3054 5261 3330 5323 originem

1724 5331 1959 5395 peccati.
1977 5329 2183 5384 Omnia.
2203 5329 2527 5392 confitetur,
2551 5330 2612 5380 in
2638 5331 2910 5381 omnibus
2936 5344 2995 5382 se
3018 5330 3289 5382 humiliat
3316 5344 3328 5380 :

1725 5408 1788 5455 ut
1803 5404 2061 5456 omnium
2073 5406 2440 5468 peccatorum
2455 5400 2682 5452 veniam
2693 5406 2999 5453 mereatur.
3017 5403 3181 5455 Unde
3194 5418 3331 5451 nunc

1725 5477 1841 5526 tam
1889 5488 2010 5539 sua,
2060 5486 2234 5537 quam
2278 5472 2451 5524 totius
2486 5471 2725 5522 humani
2765 5476 2994 5535 generis
3026 5486 3166 5525 voce
3194 5474 3326 5524 sub-

1714 5547 1929 5611 jungit,
1954 5546 2152 5598 dicens
2177 5562 2187 5593 :

1784 5618 1836 5671 7.
1862 5619 1991 5668 Ecce
2017 5618 2163 5667 enim
2189 5616 2250 5664 in
2279 5612 2667 5678 iniquitatibus
2705 5617 2985 5676 conceptus
3014 5628 3162 5673 sum,
3194 5619 3239 5663 et
3268 5615 3327 5663 in

1723 5691 1949 5754 peccatis
1973 5689 2206 5752 concepit
2220 5702 2304 5736 me
2320 5692 2494 5735 mater
2516 5700 2652 5735 mea.
2677 5686 2853 5735 Mater
2870 5696 2998 5735 mea
3010 5700 3087 5732 me
3101 5687 3330 5745 concepit

1722 5776 1853 5813 cum
1867 5760 2246 5814 delectatione
2260 5758 2595 5824 peccatiJigo
2610 5763 2880 5817 conceptus
2891 5757 3116 5803 contraxi
3129 5771 3321 5803 mecum

1721 5891 1877 5951 nota,
1912 5901 2022 5936 non
2058 5890 2129 5937 est
2154 5884 2459 5935 adulterata
2482 5899 2627 5935 uocor
2650 5881 2833 5932 aliena
2855 5884 2899 5930 et
2924 5883 3158 5929 maritus
3183 5878 3323 5928 occi-

1718 5972 1810 6007 sus
1833 5961 1860 6008 ?
