3884 6388
540 431 641 489 851

1598 430 1864 484 RUFINO
1898 426 2355 482 PRESBYTERO
2390 427 2788 482 ASCRIPTUS.

3738 423 3836 479 852

540 545 906 610 iniquitatem
922 541 1215 617 originalis
1239 540 1447 617 delicti.
1468 543 1756 617 Numquid
1769 542 1841 594 de
1852 541 2136 617 adulterio
2162 543 2218 617 Α
2243 540 2372 592 cula
2396 546 2771 617 peccatorum
2795 538 3191 617 mundandam
3215 536 3581 603 signiﬁcavit.
3621 537 3713 589 Sic
3750 550 3837 589 me

543 616 747 679 David,
761 620 933 667 natus
946 618 1066 665 erat
1081 612 1151 664 de
1165 615 1197 663 J
1203 626 1331 664 esse
1343 614 1504 674 justo
1525 614 1647 665 viro
1663 618 1722 665 et
1738 614 1980 678 conjuge
1992 616 2102 673 ejus
2113 616 2138 659 P

545 687 693 750 Quid
717 690 808 739 est
830 698 964 751 ergo
984 685 1088 749 (Eae
1111 684 1242 748 eod.)
1258 684 1411 747 quod
1438 698 1500 736 se
1516 685 1653 736 dicit
1669 684 2144 748 ininiquitatibus

545 763 887 822 conceptum
928 768 1077 817 esse,
1128 755 1245 806 nisi
1271 756 1407 818 quia
1430 757 1744 808 detrahitur
1766 756 2042 820 iniquitas
2072 767 2145 806 ex

546 830 728 883 Adam
761 830 928 891 (Rom.
953 825 1003 881 5.
1029 831 1075 876 et
1104 825 1211 889 15.)
1231 831 1253 875 ἲ
1270 829 1446 878 Nemo
1470 828 1749 891 nascitur,
1771 830 1880 879 nisi
1906 828 2145 879 trahens

545 902 789 966 culpam,
829 905 886 951 et
909 897 1092 962 culpae
1131 910 1361 961 ponam.
1386 900 1545 959 Quod
1585 900 1738 963 dicit,
1771 900 1937 951 Ecce:
1966 899 2145 963 signi-

544 974 675 1025 ﬁcat
687 972 745 1023 in
758 971 912 1022 mani
921 969 1307 1022 festo.0mnes
1320 971 1469 1021 enim
1483 971 1591 1022 hoc
1602 972 1815 1023 vident.
1830 971 2041 1023 Omnes
2056 973 2148 1018 hoc

546 1044 823 1097 sentiunt.
841 1041 1027 1093 Homo
1043 1042 1195 1093 enim
1208 1043 1266 1092 in
1283 1042 1637 1107 corruptibili
1650 1055 1819 1094 carne
1833 1042 2053 1103 vivens,
2069 1044 2149 1089 ha-

547 1118 643 1167 bet
656 1115 1039 1167 tentationum
1057 1114 1452 1165 immunditias
1463 1115 1776 1179 impressas
1789 1116 1846 1165 in
1860 1118 2147 1174 semetipso:

547 1188 684 1251 quia
705 1186 979 1237 nimirum
995 1197 1092 1235 eas
1106 1185 1281 1236 traxit
1302 1186 1374 1236 ab
1397 1186 1611 1249 origine
1631 1189 1756 1251 ipsa
1774 1204 1784 1235 :
1802 1187 2010 1250 quippe
2028 1197 2149 1249 pro-

549 1262 668 1324 pter
692 1258 1125 1308 delectationem
1144 1258 1349 1321 carnis,
1373 1258 1499 1320 ejus
1514 1258 1805 1322 conceptio
1824 1258 2149 1306 immunditia

551 1333 654 1380 est.
685 1328 835 1379 Hinc
863 1330 953 1379 est
983 1328 1137 1391 quod
1174 1328 1509 1392 plerumque
1536 1334 1807 1390 tentatur,
1839 1334 1894 1381 et
1918 1329 2144 1381 nolens.

552 1400 697 1451 Hinc
721 1406 811 1451 est
835 1399 987 1464 quod
1013 1400 1312 1450 immunda
1336 1400 1676 1462 quaedamin
1703 1406 1894 1452 mente
1916 1401 2146 1465 patitur,

550 1471 820 1535 quamvis
832 1485 903 1522 ex
912 1471 1129 1535 judicio
1152 1472 1466 1523 reluctetur
1481 1473 1639 1535 :quia
1651 1476 1964 1536 conceptus
1978 1472 2048 1524 de
2061 1475 2130 1520 im

549 1543 833 1594 munditia
856 1543 991 1593 dum
1004 1543 1076 1593 ad
1091 1544 1433 1594 munditiam
1451 1543 1654 1607 tendit,
1668 1544 1776 1594 hoc
1788 1548 2027 1594 conatur
2038 1546 2147 1592 vin-

548 1628 671 1666 cere
699 1614 852 1678 quod
876 1619 980 1665 est.
1002 1615 1107 1674 Qui
1125 1627 1260 1679 ergo
1272 1615 1345 1665 ad
1368 1614 1882 1667 munditizelocum
1893 1616 2014 1679 jam
2028 1627 2148 1679 per-

550 1685 1119 1749 venit,conceptionis
1132 1698 1255 1737 sum
1266 1686 1419 1737 viam
1432 1685 1699 1749 respiciat
1709 1698 1809 1750 per
1819 1698 1992 1749 quam
2010 1689 2149 1735 venit

549 1762 718 1821 atque
749 1757 883 1809 inde
908 1756 1155 1821 colligat,
1187 1758 1321 1821 quia
1352 1770 1426 1808 ex
1450 1769 1556 1808 sua
1598 1758 1809 1809 virtute
1835 1770 1950 1808 non
1974 1757 2149 1809 habet

551 1828 893 1880 munditiam
928 1829 1172 1890 vivendi,
1205 1829 1297 1880 cui
1330 1828 1400 1880 de
1429 1829 1793 1881 immunditia
1816 1828 2032 1881 factum
2056 1834 2144 1881 est

548 1900 774 1952 initium
802 1900 1176 1951 subsistendi.

612 1976 658 2023 8.
684 1972 813 2022 Ecce
835 1972 981 2020 enim
1005 1972 1277 2020 veritatem
1303 1970 1705 2023 ditescistildeo
1727 1984 2012 2036 cognosco
2024 1987 2145 2033 pec-

550 2049 738 2095 catum
755 2042 1075 2095 secundum
1094 2043 1507 2106 pcenitentiam,
1527 2043 1678 2106 quia,
1696 2044 1843 2104 Ecce,
1866 2044 2030 2106 idest,
2048 2056 2144 2106 pa-

551 2119 678 2167 tens
715 2119 820 2175 est,
862 2114 1013 2177 quod
1046 2118 1111 2164 tu
1150 2114 1384 2162 dilexisti
1407 2115 1681 2163 veritatem
1710 2131 1722 2165 :
1754 2115 1921 2173 idest,
1948 2128 2144 2167 veram

551 2185 995 2237 confessionem:
1016 2184 1105 2237 vel
1126 2186 1395 2234 veritatem
1411 2186 1667 2249 dilexisti,
1680 2186 1963 2250 impunita
1975 2187 2143 2238 etiam

551 2258 656 2319 (Ea:
678 2258 811 2319 eod.)
832 2256 1059 2308 illorum
1090 2260 1340 2320 peccata,
1366 2257 1579 2319 quibus
1600 2257 1853 2319 ignoscis
1878 2272 1996 2309 non
2019 2257 2146 2309 reli-

551 2328 746 2392 quisti.
779 2328 867 2379 Sic
890 2328 1339 2379 misericordiam
1352 2329 1705 2391 praerogasti,
1724 2333 1791 2379 ut
1815 2342 2073 2381 servares
2090 2334 2149 2381 et

551 2399 867 2452 veritatem.
893 2399 1150 2462 Ignoscis
1171 2399 1484 2463 conﬁtenti,
1502 2399 1603 2450 sed
1622 2400 1877 2463 seipsum
1890 2403 2145 2462 punienti.

552 2471 752 2519 Incerta
774 2476 821 2519 et
835 2470 1038 2519 occulta
1059 2470 1337 2534 sapientiae
1362 2476 1463 2519 tuae
1498 2472 1860 2533 marifestasti
1888 2473 2043 2523 mihi.
2064 2476 2149 2524 Ita

552 2554 645 2592 me
689 2541 957 2604 dilexisti,
991 2541 1071 2593 ita
1093 2555 1186 2591 me
1208 2541 1521 2593 honorasti.
1547 2546 1611 2593 ut
1636 2544 1856 2594 occulta
1878 2544 2150 2607 mysteria

555 2612 851 2675 sapientiae
877 2618 1010 2677 tute,
1036 2613 1203 2675 idest,
1231 2614 1355 2663 Filii
1375 2617 1475 2677 tui,
1494 2614 1825 2678 prophetico
1840 2616 2044 2679 spiritu
2060 2629 2150 2668 re-

559 2682 772 2734 velares
799 2683 937 2733 mihi
963 2702 976 2741 ;
1007 2683 1274 2735 videlicet
1293 2684 1765 2751 incarnationem,
1798 2688 2146 2753 passionem,

555 2754 1048 2817 resurrectionem,
1086 2754 1506 2820 ascensionem,
1542 2760 1600 2807 et
1636 2756 1745 2807 alia
1768 2757 2028 2821 plurima.
2053 2760 2149 2808 Ιη-

555 2831 696 2873 certa
719 2824 872 2888 dicit,
901 2830 1131 2889 propter
1151 2826 1407 2889 Judaeos,
1436 2829 1534 2890 qui
1559 2841 1626 2879 ea
1649 2828 1934 2891 legebant,
1962 2835 2019 2882 et
2042 2831 2147 2882 du—

554 2897 833 2948 bitabant.
862 2895 1077 2946 Occulta
1100 2903 1331 2963 propter
1349 2903 1563 2960 gentes,
1590 2912 1722 2963 quae
1757 2900 1885 2953 haec
1913 2902 2149 2954 omnino

551 2967 903 3019 nesciebant.
930 2968 1031 3020 Dic
1054 2970 1238 3034 nobis,
1259 2967 1431 3037 256
1457 2983 1490 3021 o
1516 2976 1712 3022 sancte
1732 2972 1937 3035 David,
1965 2972 2033 3023 de
2048 2973 2151 3024 ad-

554 3043 731 3090 ventu
747 3039 953 3090 Christi
980 3039 1027 3091 si
1045 3040 1183 3104 quid
1212 3040 1311 3091 tibi
1327 3041 1491 3093 fuerit
1506 3043 1843 3095 revelatum.
1861 3047 2149 3105 Descendet,

552 3109 757 3173 inquit,
790 3111 937 3163 sicut
960 3113 1153 3176 pluvia
1177 3112 1238 3163 in
1263 3112 1450 3165 vellus
1483 3114 1643 3178 (Psat,
1658 3114 1784 3178 71.).
1804 3117 1905 3167 Dic
1930 3132 2150 3166 conven-

552 3186 673 3232 tum
689 3184 1461 3247 persecutorum.Astiterunt
1472 3198 1636 3248 reges
1650 3191 1817 3237 teme
1833 3192 1888 3237 et
1900 3190 2156 3248 principes

554 3259 951 3305 convenerunt
970 3256 1027 3305 in
1042 3256 1531 3318 unum,adversus
1548 3258 1875 3322 Dominum,
1890 3264 1947 3309 et
1960 3258 2157 3310 adver-

2244 612 2522 664 mundato
2548 617 2606 664 et
2628 612 2890 664 dealbato
2915 628 2926 662 :

2308 683 2394 738 10.
2420 684 2654 733 Auditui
2682 699 2796 733 meo
2830 681 2982 732 dabis
3011 681 3280 746 gaudium
3309 685 3357 729 et
3380 679 3646 731 latitiam.
3665 679 3838 732 Valde

2245 756 2490 808 delectat
2513 756 2722 807 veritas
2752 755 2911 806 intus
2934 754 3147 807 audita.
3162 754 3231 805 Et
3243 751 3613 805 vehementer
3631 752 3843 816 gaudet

2246 840 2451 879 servus
2476 828 2576 878 Dei
2589 832 2645 879 et
2657 828 2904 891 laetatur,
2919 840 3050 877 cum
3067 825 3138 877 de
3148 824 3487 876 remissione
3503 830 3841 885 peccatorum,

2247 900 2368 951 sive
2384 900 2455 951 de
2475 899 2852 963 promissione
2869 898 3071 949 salutis
3088 902 3338 953 aeternae.
3358 896 3479 948 sive
3492 896 3565 947 de
3583 897 3842 957 aliquibus

2245 972 2458 1023 divinis
2474 969 3401 1023 conditionibusintusinstruitur.
3414 967 3552 1019 Inde
3569 967 3639 1018 de
3650 969 3839 1015 Joanne

2245 1043 2477 1095 dicitur:
2499 1043 2734 1094 Amicus
2746 1047 2938 1094 autem
2955 1042 3153 1107 sponsi
3169 1044 3282 1092 stat
3292 1045 3350 1092 et
3364 1039 3542 1098 audit,
3560 1044 3618 1090 et
3633 1038 3842 1102 gaudio

2246 1114 2457 1180 gaudet
2480 1118 2709 1179 propter
2732 1127 2933 1165 vocem
2959 1113 3155 1177 sponsi
3186 1114 3361 1177 (Joan.
3385 1111 3454 1173 3.)
3472 1109 3763 1161 Gaudium
3776 1109 3841 1158 ad

2246 1193 2584 1251 praesentem
2599 1185 2843 1247 gratiam
2861 1185 3057 1237 referri
3071 1189 3276 1250 potest.
3298 1182 3523 1235 Laetitia
3532 1181 3608 1233 ad
3621 1182 3840 1231 futuram

2245 1258 2503 1322 gloriam.
2540 1257 2608 1305 Et
2622 1262 2852 1322 propter
2873 1257 3150 1322 gaudium
3172 1255 3315 1307 mihi
3332 1254 3645 1314 redditum,
3673 1252 3842 1303 exul-

2247 1329 2430 1379 tabant
2453 1344 2572 1378 ossa
2591 1328 2905 1378 humiliala.
2922 1329 3098 1389 Idest,
3113 1328 3360 1380 virtutes
3373 1338 3504 1389 quae
3527 1338 3629 1388 per
3641 1336 3845 1389 pecca-

2248 1405 2373 1452 tum
2385 1400 2618 1451 fuerunt
2628 1400 2937 1464 depressas,
2950 1397 3658 1451 eruntmihiexultationis
3670 1411 3846 1444 caussa

2248 1472 2595 1537 Velperfecti
2614 1472 2720 1524 viri
2734 1471 3243 1537 possuntintelligi,
3262 1470 3536 1536 quoniam
3555 1467 3843 1520 humiliati

2248 1551 2406 1608 sunt,
2422 1545 2768 1597 exultabunt
2791 1561 2803 1595 :
2820 1548 2992 1607 juxta
3015 1544 3168 1607 quod
3194 1544 3472 1607 scriptum
3496 1546 3611 1592 est:
3639 1539 3843 1591 Omnis

2247 1617 2345 1681 qui
2372 1629 2434 1667 se
2458 1615 2742 1678 humiliat,
2765 1615 3113 1667 exaltabitur
3135 1612 3390 1678 (Lue.18;
3415 1613 3608 1663 Matth.
3628 1609 3759 1674 823.).
3782 1612 3845 1661 Et

2247 1690 2314 1739 ut
2334 1688 2445 1739 hoc
2468 1687 2567 1737 ﬂat
2583 1725 2597 1750 ,
2629 1690 2913 1750 sequutus
2938 1687 3230 1750 adjungit:

2312 1758 2395 1813 11.
2409 1760 2593 1809 Averle
2603 1758 2796 1820 faciem
2816 1763 2968 1807 tuam
2980 1775 3014 1808 a
3024 1758 3246 1823 peccatis
3257 1757 3403 1806 meis.
3416 1756 3539 1807 Hoc
3551 1754 3688 1805 facit
3698 1756 3845 1813 Deus,

2248 1832 2481 1893 quando
2494 1829 2821 1881 dissimulat
2832 1832 3060 1894 peccata
3071 1830 3368 1881 hominum
3380 1832 3609 1892 propter
3618 1827 3843 1888 pceniten

2173 1910 2231 1979 B
2248 1903 2382 1979 tiam
2393 1902 2582 1965 .Quasi
2596 1902 2802 1979 a_vertit
2812 1915 2845 1953 a
2855 1903 3102 1979 peccatis
3116 1902 3336 1979 faciem,
3353 1899 3519 1979 quasi
3529 1914 3627 1947 non
3642 1899 3771 1945 remi
3780 1898 3847 1944 ni-

2247 1973 2682 2037 scitur,quando
2697 1986 2814 2025 non
2830 1974 3010 2038 punit.
3021 1974 3216 2025 Merito
3232 1976 3478 2036 rogas,et
3491 1971 3635 2022 bene
3653 1980 3841 2031 rogas,

2243 2048 2467 2097 utDeus
2478 2048 2696 2096 avertat
2708 2044 2905 2095 faciem
2921 2058 3084 2096 suam
3096 2044 3387 2110 apeccatis
3402 2040 3587 2104 tuis,si
3603 2046 3656 2089 tu
3671 2041 3846 2087 faciem

2249 2121 2405 2168 tuam
2430 2129 2547 2167 non
2571 2115 2703 2167 inde
2725 2117 2959 2168 avertis.
2978 2118 3125 2168 Hinc
3138 2116 3384 2180 estquod
3401 2113 3672 2177 superius
3690 2110 3846 2171 dicit,

2245 2190 2312 2239 Et
2335 2195 2607 2254 peccatum
2628 2204 2809 2238 meum
2832 2196 3019 2239 contra
3053 2204 3136 2238 me
3167 2194 3236 2238 est
3259 2202 3479 2251 semper.
3735 2184 3847 2233 Nec

2247 2261 2434 2312 solum
2459 2273 2597 2325 rogo
2608 2273 2709 2324 pro
2734 2261 2825 2311 his
2843 2262 3109 2324 peccatis,
3136 2261 3237 2313 sed
3255 2260 3427 2312 etiam
3445 2269 3543 2322 pro
3572 2254 3847 2306 omnibus

2245 2331 2386 2383 aliis.
2436 2334 2504 2382 Et
2550 2332 2658 2383 hoc
2690 2334 2796 2391 est,
2846 2332 2997 2396 quod
3023 2332 3162 2383 dicit
3189 2348 3200 2382 :
3228 2332 3293 2381 Et
3318 2343 3499 2381 omnes
3523 2326 3849 2391 iniquitates

2246 2419 2391 2452 meas
2415 2403 2540 2455 delc.
2566 2405 2734 2466 Quas,
2762 2417 2894 2455 cum
2924 2403 3225 2469 deleveris,

2310 2474 2395 2529 1‘2.
2432 2475 2535 2525 Cor
2566 2475 2838 2524 mundum
2861 2490 2979 2524 crea
3012 2476 3070 2523 in
3108 2490 3186 2524 me
3209 2475 3367 2525 Deus.
3394 2474 3549 2531 Crea,
3578 2474 3645 2522 ut
3669 2469 3846 2526 Deus,

2246 2559 2463 2599 novum
2489 2545 2704 2611 aliquid
2724 2563 2735 2597 :
2753 2546 2973 2598 munda
2996 2559 3092 2598 cor
3113 2559 3311 2599 meum
3337 2565 3348 2594 :
3375 2545 3535 2597 aufer
3559 2542 3745 2595 males
3758 2553 3847 2591 co-

2248 2619 2571 2682 gitationes.
2628 2619 2693 2667 Et
2726 2619 2981 2680 spiritum
3007 2624 3210 2667 rectum
3244 2618 3449 2666 innova
3476 2617 3537 2665 in
3561 2612 3849 2663 visceribus

2247 2690 2396 2740 meis.
2420 2692 2571 2741 Bene
2584 2689 2746 2750 dixit,
2766 2691 2973 2739 Innova
2991 2703 3007 2740 :
3026 2690 3215 2742 denuo
3228 2702 3476 2753 namque
3487 2688 3697 2738 domus
3717 2684 3851 2736 acdi-

2248 2761 2416 2813 ficata
2427 2767 2531 2823 est,
2546 2774 2719 2825 quam
2732 2762 3149 2814 inveteraverat
3160 2765 3454 2826 peccatum
3478 2771 3642 2823 :rogo
3672 2759 3738 2808 ut
3766 2756 3851 2806 in-

2247 2837 2423 2884 novet
2434 2833 2632 2895 gratia.
2642 2834 2742 2883 Per
2753 2833 2962 2884 factum
2977 2845 3171 2884 meum
3185 2834 3421 2885 curvata
3432 2834 3551 2883 erat
3562 2828 3851 2881 rectitude

2249 2904 2484 2967 spiritus
2504 2904 2619 2955 mei
2644 2923 2654 2952 :
2682 2917 2783 2969 per
2807 2904 3051 2969 gratiam
3076 2910 3233 2956 tuam
3258 2904 3535 2967 dirigatur
3558 2916 3571 2952 :
3600 2906 3669 2953 ut
3695 2899 3847 2950 sicut

2249 2975 2407 3039 prius
2428 2980 2597 3029 recte.
2615 2980 2670 3026 et
2682 2975 2740 3025 in
2752 2976 2988 3027 veritate
3011 2976 3071 3026 in
3094 2980 3407 3040 conspectu
3422 2978 3518 3027 tuo
3529 2985 3616 3024 am
3626 2971 3847 3022 bulem.

2314 3045 2399 3100 13.
2425 3046 2771 3110 Neprojicias
2792 3062 2873 3096 me
2896 3062 2930 3095 (ι
2952 3047 3092 3111 facie
3117 3051 3229 3098 tua.
3254 3047 3314 3098 Id
3341 3051 3447 3110 est,
3472 3057 3507 3096 a
3528 3044 3842 3109 praesentia

2250 3122 2367 3168 tua.
2393 3117 2767 3181 Projiciantur
2789 3123 2881 3169 ate
2904 3124 3137 3182 peccata
3158 3131 3303 3179 mea,
3328 3130 3447 3169 non
3480 3127 3606 3179 ego.
3643 3116 3850 3166 Hacte-

2254 3201 2385 3250 nus,
2415 3189 2621 3252 inquit,
2653 3195 2787 3241 ante
2812 3190 3014 3242 faciem
3040 3193 3198 3242 tuam
3224 3190 3373 3253 steti,
3394 3193 3615 3241 secreta
3634 3191 3738 3238 tua
3768 3187 3855 3236 in-

2256 3260 2463 3312 tellexi.
2491 3262 2569 3311 Te
2586 3261 2873 3326 deprecor,
2899 3262 3159 3322 Domine,
3187 3273 3366 3314 neme
3379 3259 3615 3323 repellas
3631 3270 3666 3310 a
3693 3264 3857 3311 tanta

556 3336 667 3405 sus.
686 3325 976 3405 Christum
1001 3327 1126 3389 ejus
1152 3326 1555 3405 (Psat.2.)._Dic
1586 3330 1913 3405 passionem
1928 3330 2145 3405 crucis.
2172 3330 2221 3405 ρ
2253 3334 2351 3383 tua
2387 3332 2731 3395 cognitione,
2774 3333 2839 3383 Et
2864 3325 3135 3398 spiritum
3157 3340 3406 3383 sanctum
3436 3338 3588 3381 tuum
3611 3346 3679 3380 ne
3701 3332 3855 3394 aufe-

555 3396 845 3448 Foderunt
869 3410 1078 3449 manus
1092 3411 1250 3449 meas
1274 3403 1333 3449 et
1356 3398 1529 3461 pedes
1552 3412 1712 3449 meos
1736 3400 1880 3459 (Psal
1924 3400 2150 3463 21.).Die

557 3467 747 3518 cibum
771 3472 825 3518 et
852 3474 1069 3531 potum.
1095 3468 1389 3521 Dederunt
1408 3469 1468 3519 in
1491 3481 1685 3520 escam
1702 3482 1891 3521 meam
1914 3471 2006 3532 fel,
2024 3472 2155 3523 etin

558 3538 651 3588 siti
677 3551 805 3589 mea
828 3543 1172 3601 potaverunt
1197 3551 1289 3589 me
1318 3543 1480 3590 aceto
1502 3540 1658 3603 (Psat.
1678 3539 1803 3603 68.).
1831 3542 1930 3592 Dic
1957 3542 2154 3605 sepul-

558 3613 766 3660 turam.
788 3611 1112 3661 Posuerunt
1127 3610 1290 3661 mein
1313 3609 1441 3660 lacu
1464 3610 1886 3670 inferiori(Psat.
1912 3611 2037 3676 87.).
2072 3616 2155 3662 Dic

558 3681 1049 3731 resurrectionem.
1073 3683 1198 3732 Non
1222 3681 1583 3745 derelinquas
1612 3683 1861 3734 animam
1885 3697 2075 3736 meum
2096 3685 2155 3736 in

558 3750 779 3802 inferno
808 3752 965 3813 (Psa-l.
987 3751 1110 3815 15.).
1136 3752 1234 3802 Dic
1261 3754 1677 3804 ascensionem.
1705 3756 1981 3807 Ascendit
1998 3759 2154 3808 Deus

557 3823 812 3886 injubilo
831 3824 1001 3886 (Psal.
1028 3824 1261 3886 46.).Dic
1284 3825 1524 3888 gloriam
1548 3826 1834 3879 Ecclesiae.
1856 3828 2051 3880 Astitit
2068 3842 2156 3881 re-

558 3895 693 3958 gina
729 3908 763 3946 a
796 3894 1015 3946 dextris
1054 3896 1168 3947 tuis
1208 3896 1266 3946 in
1291 3897 1513 3955 vestitu
1539 3897 1812 3950 deaurato
1836 3900 1999 3963 (Psat.
2027 3900 2152 3964 44.).

558 3967 816 4028 Longum
842 3971 994 4018 esset
1020 3980 1302 4031 enarrare,
1320 3973 1460 4031 quot
1472 3971 1528 4019 et
1544 3974 1758 4033 quanta
1774 3970 2023 4023 revelata
2039 3979 2161 4020 sunt

558 4038 607 4089 ei
639 4044 876 4089 secreta.
903 4040 1045 4089 Cum
1076 4052 1211 4101 ergo
1246 4044 1435 4090 tantes
1460 4040 1547 4091 vir
1570 4041 1857 4105 ceciderit,
1890 4043 2021 4106 quis
2047 4049 2155 4105 est,

558 4109 655 4171 qui
679 4108 750 4159 de
768 4121 827 4159 se
843 4121 1081 4159 securus
1106 4122 1233 4160 esse
1265 4110 1485 4173 possit?
1503 4112 1569 4161 Et
1593 4114 1780 4163 tamen
1800 4114 1846 4162 si
1862 4114 2156 4177 contingat

470 4240 474 4245 Δ
554 4178 805 4240 aliquem
831 4180 1126 4241 cecidisse,
1145 4181 1570 4232 attendathunc
1586 4183 1945 4247 paenituisse,
1973 4189 2157 4237 etnon

560 4248 745 4299 solum
771 4251 1091 4313 percepisse
1117 4252 1366 4313 veniam,
1394 4251 1495 4302 sed
1520 4253 1691 4303 etiam
1728 4254 1789 4304 in
1814 4255 2012 4308 ordine
2037 4258 2156 4320 pri-

558 4320 709 4371 stino
738 4321 1072 4372 restitutum
1109 4334 1256 4373 esse.
1283 4322 1444 4374 Unde
1469 4328 1524 4372 et
1550 4325 1745 4376 subdit
1769 4340 1782 4375 :

621 4391 672 4445 9.
708 4393 963 4457 Asperges
1004 4408 1086 4441 me
1114 4394 1339 4457 hyssopo
1369 4399 1414 4442 cl
1450 4395 1772 4445 mundabor.
1825 4398 2157 4463 Hyssopum

559 4462 664 4525 (Ea:
686 4463 1013 4527 Augustino“;
1038 4464 1274 4515 herbam
1299 4464 1572 4517 novimus
1598 4466 1895 4533 humilem,
1916 4462 2156 4523 sedme-

557 4533 876 4598 dicinalem,
896 4549 1026 4599 quae
1049 4549 1190 4587 saxo
1202 4536 1417 4589 haerere
1439 4537 1727 4590 radicibus
1744 4539 2157 4603 dicitur.Appre-

556 4604 666 4656 hen
675 4605 745 4657 de
758 4611 813 4657 et
824 4612 883 4658 tu
897 4607 1086 4659 radice
1099 4608 1418 4659 dilectionis
1432 4613 1648 4672 petram
1664 4612 2159 4675 tuam,idest,Chri-

560 4681 715 4727 stum
741 4677 806 4741 (1.
837 4679 955 4728 Cor.
985 4678 1112 4740 10.).
1141 4682 1278 4731 Esto
1302 4680 1540 4731 humilis
1563 4682 1676 4733 Deo
1703 4686 1826 4746 tuo,
1848 4688 1913 4735 ut
1936 4685 2015 4734 sis
2050 4697 2156 4735 ex—

563 4747 753 4821 celsus
769 4749 831 4821 in
843 4749 1157 4811 gloriﬁcato
1169 4753 1287 4802 Deo
1302 4754 1415 4803 tuo.
1434 4752 1555 4803 Noli
1569 4753 1804 4805 herbam
1817 4762 2151 4821 contemnere,

558 4818 678 4870 vim
705 4820 1102 4871 medicamenti
1132 4822 1383 4874 attende.
1411 4823 1715 4889 Hyssopus
1741 4826 2030 4889 pulmonis
2055 4818 2154 4878 de;

558 4890 718 4954 ponit
731 4894 1102 4943 tumoremln
1122 4896 1391 4957 pulmone
1405 4894 1547 4946 solet
1563 4896 1745 4947 notari
1758 4910 1826 4947 su
1833 4899 2154 4960 perbiaJllic

560 4961 710 5012 enim
738 4962 975 5024 inﬂatio,
1002 4962 1114 5015 illic
1126 4965 1433 5016 anhelitus.
1454 4966 1647 5017 Talem
1660 4972 1854 5019 autem
1868 4973 2152 5030 passionem

560 5037 721 5084 curat
744 5034 1058 5086 humilitas.
1079 5038 1345 5100 Hyssopo
1359 5037 1419 5087 in
1436 5038 1614 5088 veteri
1625 5037 1748 5103 lege
1766 5041 2003 5103 sanguis
2020 5057 2155 5101 spar-

554 5105 800 5168 gebatur
816 5106 1013 5158 vitula;
1026 5108 1095 5158 ad
1110 5107 1474 5159 mundandos
1491 5107 1639 5159 ﬁlios
1658 5112 1806 5157 Israel
1830 5112 2004 5173 (Levil.
2026 5112 2149 5175 14.).

553 5175 945 5240 Aspergamus
998 5182 1055 5228 et
1090 5190 1199 5228 nos
1253 5176 1546 5241 hyssopo,
1592 5179 1884 5233 imitemur
1926 5182 2155 5234 humili-

555 5249 731 5299 tatem
756 5249 1042 5312 passionis
1068 5248 1297 5311 Christi,
1323 5254 1380 5301 et
1402 5250 1812 5303 mundabimur
1834 5266 1868 5305 a
1885 5256 2150 5317 peccatis.

556 5319 664 5392 Sed
696 5332 901 5384 parum
926 5331 1017 5371 est
1041 5320 1473 5373 mundarinosa
1489 5324 1756 5375 sordibus
1768 5332 2153 5392 peccatorum,

552 5390 667 5442 nisi
693 5392 1253 5455 contingatdecorari
1278 5393 1522 5446 candore
1547 5394 1842 5447 virtutum.
1858 5398 1989 5449 Ideo
2016 5390 2155 5451 subé

548 5462 743 5525 jungit
766 5478 778 5513 :
802 5464 945 5512 Lava
956 5463 1033 5512 bis
1056 5480 1156 5524 me,
1172 5466 1449 5529 sanguine
1463 5472 1684 5518 sacrato
1700 5483 1711 5519 :
1725 5468 1790 5517 Et
1802 5472 2152 5533 supernivem

550 5536 843 5588 dealbabor.
877 5540 941 5589 In
966 5552 1081 5601 qua
1100 5539 1258 5590 nulla
1277 5541 1593 5605 nigredinis
1620 5542 1860 5605 vestigia
1874 5545 2025 5595 cerni
2043 5562 2156 5605 pes-

553 5611 707 5657 sunt.
727 5609 879 5659 Bene
904 5608 1040 5660 dicit
1066 5622 1127 5661 se
1158 5623 1330 5674 super
1345 5612 1539 5663 nivem
1556 5612 1805 5676 deabari,
1821 5614 1954 5675 quia
1968 5619 2153 5664 candor

545 5677 879 5739 justilicatze
891 5680 1097 5732 animae
1116 5683 1418 5733 candorem
1431 5695 1665 5735 omnem
1686 5687 1916 5747 superat
1931 5689 2154 5736 visibilis

552 5753 844 5818 creaturae.
869 5752 1061 5802 Vestis
1086 5752 1295 5804 Christi
1319 5754 1379 5805 in
1394 5760 1589 5806 monte
1608 5760 1882 5818 tanquam
1896 5757 1994 5807 nix
2007 5758 2157 5809 deal-

551 5817 686 5869 bata
710 5819 922 5873 eiiulsit
937 5823 1142 5885 (Matth.
1160 5822 1283 5885 17.),
1300 5838 1433 5889 qua:
1449 5817 1759 5885 Ecclesium
1772 5827 2034 5880 omnium
2048 5845 2155 5879 ma-

2254 3419 2346 3452 ?‘(18
2372 3420 2405 3452 a
2432 3420 2531 3452 me.

2318 3474 2401 3528 14.
2430 3476 2603 3525 Redde
2614 3476 2756 3525 mihi
2781 3476 3018 3526 (mitium
3039 3477 3298 3526 salutaris
3321 3476 3419 3527 tui.
3441 3477 3513 3528 Ut
3529 3474 3679 3527 sicut
3696 3474 3855 3533 olim,

2253 3545 2332 3597 ita
2355 3551 2412 3597 et
2430 3560 2585 3598 nunc
2603 3547 2725 3599 Filii
2748 3549 2834 3599 tui
2857 3548 3162 3609 adventus,
3186 3549 3520 3611 incarnatio,
3536 3547 3749 3613 passio,
3770 3560 3859 3596 re-

2256 3618 2553 3681 surrectio,
2591 3619 2853 3670 ascensio
2889 3620 3030 3671 mihi
3068 3621 3184 3672 sint
3207 3620 3549 3672 manifesta:
3589 3625 3634 3668 et
3655 3618 3855 3681 spiritu

2255 3688 2554 3751 principali
2590 3691 2856 3751 conﬁrma
2890 3706 2989 3742 me.
3018 3694 3082 3743 In
3106 3704 3220 3755 quo
3240 3692 3343 3756 (Ea:
3370 3690 3691 3754 Augustino)
3721 3702 3859 3740 con-

2254 3757 2456 3809 ﬂrma‘?
2473 3760 2606 3824 quia
2622 3761 2897 3826 ignovisti
2920 3763 3085 3814 mihi:
3107 3763 3241 3827 quia
3252 3767 3444 3815 certus
3458 3774 3585 3813 sum
3598 3763 3857 3812 nonmihi

2254 3828 2545 3894 imputari,
2594 3832 2748 3895 quod
2777 3833 3024 3885 donasti.
3064 3836 3132 3885 Et
3157 3846 3230 3886 ex
3252 3834 3362 3885 hoc
3384 3834 3565 3884 factus
3594 3844 3857 3887 securus.

2255 3906 2428 3964 atque
2445 3902 2526 3953 ita
2549 3904 2733 3967 gratia
2756 3905 3279 3969 confirmatus,non
3302 3918 3397 3957 ero
3413 3906 3692 3969 ingratus.
3713 3903 3860 3966 Quid

2256 3971 2422 4023 dabis
2446 3986 2545 4036 pro
2571 3974 2681 4025 hoc
2704 3987 2941 4027 munere
2962 3979 2988 4026 ?

2320 4042 2405 4097 15,
2441 4045 2638 4094 Docebo
2657 4047 2877 4110 iniquos
2898 4048 3013 4096 vias
3032 4053 3175 4099 tuas.
3195 4048 3316 4099 Hoc
3329 4047 3483 4098 enim
3496 4047 3709 4098 habent
3725 4056 3858 4095 san-

2257 4114 2331 4167 cti
2351 4115 2453 4167 viri
2468 4117 2778 4183 proprium,
2795 4122 2857 4169 ut
2873 4119 3023 4170 bona
3036 4118 3507 4183 spiritualia,quee
3522 4130 3556 4169 a
3570 4118 3687 4168 Deo
3700 4120 3857 4177 perci-

2257 4185 2434 4250 piunt,
2462 4186 2587 4239 aliis
2613 4202 2684 4240 ex
2708 4190 2941 4241 caritate
2974 4191 3264 4255 impartire
3300 4191 3601 4242 studeant:
3626 4192 3681 4239 et
3708 4188 3857 4238 sicut

2256 4257 2359 4319 ipsi
2382 4271 2565 4319 suam,
2592 4261 2671 4310 ita
2690 4260 2929 4313 aliorum
2944 4262 3190 4314 salutem
3205 4264 3487 4325 quierant.
3501 4259 3659 4312 Unde
3673 4263 3732 4310 et
3744 4261 3857 4307 sub-

2257 4329 2340 4380 dit
2362 4347 2372 4378 :
2392 4336 2437 4378 et
2461 4332 2622 4394 impii
2646 4332 2720 4381 ad
2734 4338 2778 4381 te
2793 4340 3183 4383 convertentur.
3211 4336 3339 4385 Non
3363 4331 3597 4384 enimad
3621 4331 3733 4382 hoc
3758 4331 3859 4380 do-

2258 4401 2627 4457 centalios.ut
2639 4417 2701 4454 se
2720 4405 2899 4455 velint
2915 4406 3517 4471 commendare,autex
3532 4419 3621 4453 sua
3634 4405 3857 4451 doctrina

2256 4471 2483 4524 lucrum
2507 4474 2738 4539 aliquod
2758 4477 3067 4541 temporale
3080 4490 3366 4541 quaerere:
3393 4477 3492 4529 sed
3504 4476 3609 4527 hac
3634 4476 3860 4525 tantum

2256 4542 2877 4611 intentione,utimpios
2894 4548 2966 4599 ad
2985 4549 3415 4601 conversionem
3431 4547 3655 4613 possint
3667 4549 3862 4594 trahere

2269 4616 2474 4679 Magna
2485 4619 2573 4669 est
2589 4617 2803 4671 divinae
2814 4620 3219 4672 misericordiae
3232 4619 3667 4679 commendatio,
3685 4623 3869 4677 etnec-

2192 4710 2249 4783 D
2268 4688 2519 4783 cautium
2544 4691 3028 4783 consolatio;
3055 4692 3281 4783 dicitur,
3300 4692 3366 4783 Et
3388 4689 3648 4783 impiia‘d
3672 4696 3864 4783 1:

2256 4764 2539 4824 vertentur.
2558 4763 2643 4813 Ita
2668 4763 2774 4824 (Ex
2796 4763 2929 4825 eod.)
2956 4765 3164 4828 plenus
3188 4770 3279 4816 est
3301 4765 3455 4816 Deus
3480 4762 3645 4826 adipe
3677 4760 3861 4811 mise-

2252 4830 2532 4894 ricordiee,
2571 4837 2636 4885 ut
2680 4846 2797 4885 non
2828 4833 3016 4886 solum
3041 4835 3353 4896 conversis,
3379 4834 3481 4886 sed
3505 4833 3677 4885 etiam
3711 4831 3858 4895 ipsis

2253 4901 2443 4967 impiis
2460 4905 2826 4968 promittatur
2852 4907 3025 4958 salus.
3046 4908 3192 4959 Hinc
3210 4906 3418 4959 Paulus
3433 4907 3528 4968 ait,
3541 4907 3613 4957 Ut
3626 4903 3860 4955 creden-

2257 4979 2343 5026 tes
2386 4975 2445 5025 in
2473 4988 2628 5036 eum,
2655 4977 2755 5041 qui
2781 4977 3065 5041 justiticat
3098 4979 3358 5043 impium,
3385 4978 3691 5042 deputetur
3712 4975 3859 5025 fides

2255 5058 2453 5098 eorum
2496 5048 2567 5098 ad
2605 5048 2893 5110 justitiam
2933 5049 3104 5113 (Rom.
3151 5050 3241 5113 4.).
3292 5048 3612 5101 Attendens
3656 5051 3853 5098 autem

2254 5117 2468 5168 multas
2494 5130 2630 5170 suas
2657 5119 3008 5182 iniquitates,
3024 5126 3079 5172 et
3103 5134 3200 5173 eas
3224 5121 3479 5185 tribuens
3503 5117 3856 5183 corruptioni

2255 5188 2444 5240 carnis
2469 5192 2526 5240 et
2551 5191 2873 5255 sanguinis,
2897 5192 3198 5256 adjungit:

2318 5258 2401 5312 16.
2444 5260 2631 5310 Libera
2668 5277 2749 5311 me
2787 5263 2848 5312 de
2890 5264 3255 5327 sanguinibtts
3280 5264 3439 5325 Deus,
3488 5264 3627 5312 Deus
3660 5260 3853 5309 salutis

2256 5345 2394 5380 meae.
2426 5332 2512 5383 Tu
2539 5335 2713 5393 Deus,
2739 5335 2837 5398 qui
2859 5349 2922 5386 es
2947 5338 3119 5395 Deus,
3146 5341 3203 5389 et
3238 5341 3436 5387 auctor
3462 5333 3663 5386 salutis
3686 5344 3852 5382 mete.

2253 5402 2428 5454 libera
2466 5417 2557 5455 me
2607 5404 2678 5456 de
2724 5408 3123 5471 sanguinibus,
3159 5408 3216 5460 id
3250 5413 3356 5465 est,
3395 5404 3854 5472 corruptionibus

2255 5474 2461 5524 carnis.
2493 5477 2790 5539 Expressit
2808 5478 2913 5542 (Eae
2936 5480 3070 5541 eod.)
3104 5480 3343 5531 Latinus
3371 5479 3653 5541 interpres
3677 5477 3853 5526 verbo

2256 5546 2452 5597 minus
2477 5548 2677 5599 Latino
2708 5551 3112 5613 proprietatem
3146 5557 3338 5603 tamen
3365 5564 3437 5602 ex
3461 5551 3675 5601 Graeco.
3704 5549 3849 5597 Nam

2257 5630 2457 5669 omnes
2482 5621 2752 5673 novimus
2777 5622 2978 5674 Latine
3001 5636 3119 5675 non
3146 5623 3257 5674 dici
3281 5622 3627 5687 sanguines:
3660 5624 3848 5670 tamen

2256 5690 2391 5752 quia
2402 5690 2480 5741 ita
2493 5691 2727 5743 Graecus
2744 5694 2936 5756 posuit
2948 5694 3150 5759 plurali
3163 5707 3419 5753 numero,
3434 5705 3552 5745 non
3569 5691 3694 5742 sine
3707 5706 3849 5738 caus-

2257 5774 2321 5811 sa
2339 5762 2474 5824 quia
2496 5763 2604 5814 hoc
2629 5764 2851 5816 invenit
2875 5766 2934 5816 in
2961 5766 3139 5829 prima
3160 5766 3355 5830 lingua
3378 5766 3645 5821 Hebraea,
3674 5765 3846 5810 maluit

2259 5842 2275 5861 ·
2292 5833 2482 5897 potius
2508 5834 2788 5901 interpres
2804 5837 2998 5889 minus
3010 5837 3208 5891 Latine
3218 5837 3435 5902 aliquid
3450 5836 3654 5897 dicere,
3674 5845 3843 5898 quam

618 5990 634 6007 ·
669 5980 754 6030 Ita
778 5985 835 6032 et
864 5981 1117 6047 plerique
1151 5987 1288 6039 Mss.
1314 5987 1720 6051 Augustiniani
1745 5989 1962 6045 habent
1997 6008 2010 6044 :
2056 5994 2407 6060 impressum
2435 6003 2631 6052 tamen
2674 6000 2753 6052 ibi
2777 6005 2867 6055 est
2904 6003 3049 6067 pius.
3076 6003 3267 6056 Potest
3294 6002 3500 6056 iterum
3530 6014 3602 6055 ex
3638 6003 3841 6055 subse-
