3890 6430
52 435 177 491 853

53 549 708 629 minns_propriet_atem
726 560 1045 625 designare.
1070 562 1253 623 Quare
1270 576 1405 626 ergo
1422 565 1686 624 pluraliter

54 619 190 701 dixi
200 624 242 702 t_.
260 623 341 702 De
355 627 717 702 sanguinibus
736 632 802 682 In
824 619 1023 685 multis
1037 619 1438 697 sa'nguinibus,
1452 644 1683 697 tanquam

54 694 389 771 inprigine
401 699 588 748 carnis
611 702 847 763 peccati,
872 709 1104 767 peccata
1124 694 1307 757 multa
1328 694 1567 769 intelligi
1591 720 1693 758 vo-

53 761 224 840 1uit_:_
246 766 328 816 ad
359 766 485 831 ipsa
496 761 731 833 peccata
742 761 1074 838 respiciens,
1101 790 1234 840 quae
1252 761 1569 829 veniuntde
1586 796 1691 827 cor-

16 880 17 887 η
56 837 353 912 ruptione
384 841 570 891 carnis
607 846 664 893 et
697 837 1017 909 sanguinis.
1054 837 1214 899 Unde
1243 849 1554 912 Apostolus
1579 850 1688 900 ait:

57 906 214 989 garo
231 912 548 989 etsanguis
571 906 931 989 regnum'Dei
956 932 1074 971 non
1090 906 1471 982 possidebunt
1485 920 1550 985 (1.
1568 921 1688 972 Cor.

57 976 191 1055 15.).
229 979 434 1055 13cm
457 998 539 1033 me
561 976 1031 1052 deisanguinibus,
1056 976 1114 1042 id
1139 996 1246 1053 est,
1280 992 1351 1044 de
1374 976 1693 1055 iniquitati-

16 1072 17 1105 ί
56 1048 201 1099 bus.
232 1051 309 1099 Et
333 1055 611 1117 exultabit,
634 1058 691 1109 id
713 1048 822 1120 est,
857 1048 1167 1113 exultando
1197 1048 1562 1116 annuntiabit
1585 1064 1693 1113 lin-

16 1172 19 1177 ,
52 1133 175 1180 Qua
194 1135 331 1172 mea
358 1124 805 1191 258juslitiam
818 1138 988 1184 tuam.
1007 1133 1064 1184 Si
1080 1140 1277 1198 potero
1289 1138 1537 1195 justitiam
1554 1142 1690 1184 tuam

16 1232 21 1249 ι
55 1201 382 1270 gnarrare;
416 1198 473 1270 Si
502 1201 563 1249 tu
603 1213 696 1251 me
721 1202 880 1265 prius
904 1204 1239 1257 liberaveris
1262 1208 1340 1258 ab
1362 1207 1683 1270 iniquitate.

20 1292 21 1297 η
57 1262 134 1313 Et
152 1265 305 1341 quia
326 1267 490 1330 dixit,
512 1271 685 1323 Labia
700 1262 827 1324 mea
842 1262 1484 1341 exultabuntjustitiam
1511 1283 1693 1332 tuam.

52 1346 146 1415 ne
168 1337 474 1415 videretur
495 1342 606 1395 hoc
619 1344 836 1397 viribus
853 1348 974 1399 suis
986 1337 1316 1411 attribu—ere,
1342 1352 1618 1415 tanquam
1631 1350 1691 1401 in

16 1448 17 1455 η
51 1411 360 1486 potestate
382 1411 603 1486 habens
624 1427 979 1470 sermonem:
1003 1421 1420 1473 commendans
1444 1411 1690 1486 gratiam

56 1479 167 1528 Dei
195 1494 268 1534 su
284 1482 512 1547 bjungit
534 1502 545 1533 :

16 1578 19 1609 π
95 1622 104 1625 Α
264 1553 519 1625 Domine,
541 1555 686 1606 labia
718 1572 840 1608 mea
863 1561 1089 1625 aperias,
1117 1566 1163 1610 ct
1190 1577 1246 1610 os
1270 1577 1445 1612 meum
1470 1579 1690 1614 annun-

15 1638 21 1688 ι
63 1621 229 1699 tiabit
257 1623 479 1699 laudem
500 1631 670 1679 tuam.
690 1630 865 1682 Labia
879 1621 1009 1683 mea
1031 1632 1234 1684 idonea
1254 1634 1425 1685 facies
1449 1636 1519 1686 ad
1540 1649 1690 1699 prte-

60 1693 284 1768 dicand
294 1709 552 1761 um,qut;e
564 1699 724 1763 prius
737 1702 933 1754 clausa
946 1703 1173 1755 fuerant
1186 1710 1414 1768 propter
1427 1693 1686 1767 peccatum

16 1796 19 1827 ι
60 1765 193 1841 rion
206 1770 309 1841 est
339 1768 492 1841 enim
511 1772 771 1834 speciosa
792 1773 990 1825 lausin
1021 1788 1116 1826 ore
1140 1765 1454 1838 peccatoris
1473 1778 1682 1841 (Eccles.

60 1834 196 1900 15.}.
232 1839 403 1892 Unde
432 1844 714 1905 peccatori
740 1845 883 1896 dixit
907 1848 1078 1907 Deus,
1134 1834 1319 1908 Quare
1350 1853 1415 1899 tu
1453 1834 1685 1901 enarras

16 1942 23 1969 .v
53 1908 924 2000 Ρξξὶξξξιωιὲιθξξωτςξειιιβθ.ΥΞ
949 1920 1071 2000 Quo
1092 1924 1289 1971 contra
1311 1923 1498 2000 rectos
1518 1921 1683 2000 decet
1709 1927 1763 2000 B

16 2009 22 2023 -
56 1978 326 2034 laudatio
360 1984 523 2045 (Psat.
569 1985 708 2050 32.).
742 1978 930 2039 Tuum
974 1978 1065 2041 est
1108 2003 1243 2053 ergo
1276 1992 1492 2056 aperire
1532 1992 1683 2046 labia

16 2086 19 2113 ;
63 2063 226 2103 mea:
275 2066 481 2106 meum
516 2062 606 2109 est
628 2058 838 2111 deinde
870 2061 1214 2113 annuntiare
1239 2063 1468 2114 laudem
1486 2069 1679 2117 tuam:

16 2156 21 2185 ί
60 2124 222 2198 quod
244 2125 351 2198 tibi
368 2127 557 2192 magis
573 2130 919 2195 acceptabile
939 2137 1047 2195 est,
1081 2145 1256 2196 quam
1284 2135 1491 2198 legalia
1514 2136 1681 2189 sacri-

15 2208 23 2263 g
58 2194 191 2245 ﬁcia
221 2196 449 2248 oﬁ‘erre.

16 2266 22 2333 ξ
124 2263 211 2319 18.
233 2268 515 2342 Quoniam
542 2270 590 2319 si
626 2270 875 2321 voluisses
898 2274 1248 2338 sacriﬁcium,
1274 2274 1455 2338 legale
1474 2277 1679 2342 magis,

16 2374 21 2401 ε
59 2349 237 2399 quam
277 2340 632 2394 oblationem
677 2343 887 2407 laudis,
932 2346 1191 2395 dedissem
1223 2347 1381 2398 illud.
1419 2348 1528 2399 Sed
1551 2340 1680 2402 ideo

61 2408 250 2483 magis
276 2411 505 2464 decrevi
522 2414 721 2465 otl‘erre
747 2416 1089 2467 sacriﬁcium
1114 2417 1320 2479 laudis,
1347 2419 1481 2481 quia
1496 2421 1680 2483 utique

17 2502 23 2548 ς
64 2479 400 2553 holocaustis
465 2484 762 2536 veteribus
798 2501 909 2535 non
933 2487 1279 2538 dctectaberis.
1315 2479 1461 2551 Quid
1496 2479 1630 2553 ergo
1653 2494 1679 2541 ‘t

16 2594 23 2624 ί
66 2550 347 2624 Nunquid
375 2566 490 2605 non
515 2556 789 2607 otferebat
810 2558 926 2609 Deo
945 2564 1182 2610 sanctus
1198 2550 1384 2611 David
1401 2550 1679 2613 sacriﬁcia

16 2622 21 2687 ’,
63 2626 119 2672 et
148 2622 499 2677 holocausta
528 2627 841 2680 vitulorum
855 2633 913 2680 et
940 2632 1250 2693 taurorum,
1286 2632 1437 2683 sicut
1462 2633 1526 2683 in
1551 2633 1677 2696 lege

57 2696 548 2767 praecipiebatur?
570 2698 855 2751 Oﬁ’erebat
870 2701 1070 2765 plane:
1101 2703 1201 2754 sed
1222 2703 1677 2767 inipsaoblatieue

16 2828 17 2833 η
57 2765 186 2828 plus
199 2780 287 2819 no
298 2781 456 2832 vum,
477 2782 650 2833 quam
668 2776 835 2823 vetus
858 2765 1536 2826 exhibebatsacriﬁcium.
1553 2781 1676 2827 Cum

58 2838 208 2913 enim
220 2839 504 2913 animalia
516 2843 823 2904 mactabat,
840 2845 1096 2908 seipsum
1117 2846 1273 2897 intus
1288 2847 1350 2898 in
1378 2851 1675 2897 contritione

57 2910 247 2961 cordis
260 2913 391 2963 Deo
417 2912 770 2976 immolabat,
798 2915 990 2979 ibique
1014 2918 1133 2968 Deo
1169 2918 1440 2970 offerebat
1463 2924 1598 2970 vota
1621 2925 1678 2970 et

16 3046 17 3051 η
56 2979 283 3047 laudes,
327 2995 459 3046 quae
482 2985 667 3048 magis
696 2987 1067 3050 acceptabilia
1104 2991 1220 3039 Deo
1246 2990 1476 3046 sciebat,
1503 3003 1676 3054 quam

57 3053 255 3105 oﬁ‘erre
302 3055 635 3107 animalium
670 3070 889 3109 carnes.
926 3061 995 3110 Et
1027 3059 1136 3111 hoc
1160 3066 1249 3111 est
1272 3074 1494 3125 verum,
1519 3053 1674 3125 Quod

16 3176 17 3193 ξ
54 3125 217 3176 nobis
241 3126 514 3178 insinuat
537 3128 899 3189 sacriﬁcium,
924 3143 1057 3181 cum
1082 3132 1385 3195 subjungit
1410 3150 1421 3181 :

112 3196 195 3250 19.
222 3198 583 3261 Sacriﬁcium
611 3200 717 3249 De.)
738 3201 967 3264 spiritus
1003 3202 1412 3253 eontribulatus.
1440 3204 1675 3256 Carnale

55 3270 292 3320 tantum
316 3269 662 3321 sacriﬁcium
682 3284 799 3322 non
821 3270 1155 3336 placetDeo,
1173 3274 1271 3324 sed
1286 3275 1518 3337 spiritus
1542 3289 1676 3326 con-

54 3338 388 3414 tribulatus,
415 3339 472 3391 id
502 3342 607 3399 est,
635 3354 746 3414 pro
756 3343 1005 3406 peccatis
1044 3343 1353 3407 plurimum
1379 3347 1666 3411 anxiatus,
1692 3339 1740 3414 ί]

54 3416 139 3461 est
159 3413 294 3463 Deo
317 3412 550 3476 placens
569 3413 933 3465 sacriﬁcium.
952 3415 1142 3466 Ethoc
1155 3416 1356 3479 probat
1380 3430 1451 3468 ex
1474 3420 1668 3469 verbis

54 3495 271 3546 sequen
289 3484 459 3542 tibus,
489 3484 685 3535 dicens
714 3502 723 3533 :
769 3485 874 3535 Cor
910 3488 1202 3536 contritum
1229 3494 1274 3536 et
1310 3488 1668 3539 hrumitiatum

53 3553 184 3603 Deus
200 3571 327 3605 non
338 3555 610 3619 despicies.
625 3558 709 3607 Ex
722 3556 829 3608 hoc
842 3559 1233 3621 apparet,quia
1246 3561 1667 3613 contribulatus

59 3626 297 3689 spiritus
314 3627 393 3679 sit
410 3627 509 3678 tibi
525 3632 755 3692 gratum
774 3629 1117 3680 sacriﬁcium
1135 3643 1146 3680 :
1167 3631 1303 3694 quia
1319 3644 1352 3682 ο
1368 3634 1544 3691 Deus,
1564 3649 1664 3683 non

61 3696 361 3762 despicies,
392 3698 507 3750 imo
524 3703 819 3763 gratanter
851 3701 1098 3764 accipies
1116 3716 1206 3751 cor
1228 3705 1538 3765 contritum,
1568 3718 1668 3769 per

60 3770 561 3834 compunctionem
573 3776 617 3819 et
629 3771 1003 3823 humiliatum.
1018 3773 1425 3825 Commendato
1440 3790 1570 3823 novo
1594 3793 1668 3824 sa-

59 3841 285 3903 criﬁcio,
301 3846 447 3900 orat,
473 3847 539 3894 ut
564 3844 877 3895 constituat
894 3844 1206 3896 Ecclesiam
1225 3857 1296 3895 ex
1316 3850 1559 3909 utroque
1576 3863 1663 3908 pa-

60 3913 214 3977 riete,
232 3927 369 3978 qua:
381 3914 650 3967 exhibeat
664 3915 765 3979 huj
775 3916 1005 3968 usmodi
1018 3916 1378 3968 sacriﬁcium.
1398 3918 1496 3970 Ait
1510 3934 1629 3977 ergo
1650 3937 1660 3968 :

116 3982 201 4040 20.
239 3986 485 4051 Benigne
521 3986 627 4049 fac,
675 3986 924 4047 Domine,
974 3988 1036 4036 in
1081 3987 1221 4037 bona
1268 3988 1544 4038 voluntate
1569 3995 1665 4039 tua

61 4054 207 4108 Sion.
230 4059 320 4109 Tu
337 4058 576 4109 ltomine
601 4058 694 4110 cui
719 4058 828 4110 tale
853 4058 1038 4122 placet
1063 4059 1426 4118 sacriﬁcium,
1446 4062 1666 4122 benigne

63 4125 144 4178 fac
167 4129 325 4189 Sion,
342 4130 401 4181 id
425 4134 534 4191 est,
558 4127 775 4193 largam
801 4131 1257 4182 benedictionem
1273 4132 1665 4185 etmisericor—

62 4196 212 4250 diam
230 4201 503 4265 impcnde
521 4205 636 4252 tua:
651 4200 863 4254 futuris
880 4202 1168 4267 Ecclesiae,
1183 4206 1368 4255 etnon
1400 4219 1458 4252 ex
1471 4207 1664 4254 meritis

63 4270 198 4331 suis,
222 4272 327 4325 sed
341 4273 409 4322 In
437 4272 577 4321 bona
598 4272 868 4322 voluntate
892 4280 1007 4333 tua,
1028 4274 1085 4326 id
1121 4279 1228 4335 est,
1258 4288 1390 4326 cum
1415 4278 1666 4339 gratuita

62 4343 239 4401 gratia
268 4349 387 4396 tua.
414 4344 483 4393 Et
508 4357 578 4395 ex
602 4344 752 4396 vivis
775 4344 1081 4409 lapidibus,
1110 4345 1377 4399 videlicet
1399 4347 1663 4399 ﬁdelibus

60 4414 381 4480 animabus,
408 4416 737 4479 ediﬁccntur
758 4417 903 4465 muri
924 4417 1241 4480 Jerusalem,
1260 4418 1316 4469 id
1329 4422 1432 4478 est,
1452 4425 1663 4480 uterque

62 4485 243 4545 paries
264 4486 556 4545 Ecclesiae,
583 4488 800 4540 scilicet
818 4489 1098 4541 Judaicus
1115 4494 1174 4541 et
1188 4489 1444 4553 Gentilis,
1460 4490 1662 4557 inﬁde,

64 4566 159 4617 spe
181 4563 240 4610 et
265 4563 504 4611 caritate
528 4564 896 4612 construatur
915 4562 1124 4625 (Ephes.
1144 4559 1233 4624 2.).
1250 4562 1665 4625 Interpretatur

62 4626 191 4679 Sion
213 4631 526 4695 speculatio,
552 4637 610 4683 et
636 4631 957 4684 Jerusalem
985 4633 1116 4682 visio
1138 4633 1309 4696 pacis.
1334 4634 1662 4695 Agnoscitis

63 4707 191 4759 ergo
206 4714 310 4754 vos
334 4703 395 4753 in
421 4705 643 4764 Sion,et
655 4705 992 4767 Jerusalem,
1018 4704 1065 4754 si
1099 4708 1313 4756 certam
1344 4706 1661 4768 expectatis

63 4780 215 4839 Spem
243 4774 525 4825 futuram:
555 4778 612 4825 et
642 4774 690 4825 si
714 4789 913 4839 pacem
937 4775 1161 4828 habetis
1186 4789 1319 4827 cum
1345 4777 1480 4827 Deo.

118 4838 203 4912 21.
259 4845 403 4895 Tunc
438 4838 731 4909 acceptabis
760 4848 1093 4910 sacriﬁcium
1109 4847 1348 4912 justitiae.
1378 4846 1542 4899 Modo
1568 4861 1661 4900 sa-

62 4910 331 4982 criﬁcium
346 4929 448 4982 pro
470 4917 774 4980 iniquitate
799 4918 972 4981 (quod
997 4923 1087 4970 est
1106 4910 1343 4982 Spiritus
1366 4920 1665 4970 contribu-

61 4977 231 5055 latus,
246 4977 671 5041 corcentritum
684 4994 743 5040 et
753 4977 1308 5052 humiliatumlDeus
1332 5004 1448 5042 non
1471 4991 1663 5055 despi-

62 5052 196 5105 cies.
219 5059 399 5123 Tunc,
416 5060 475 5111 id
505 5065 613 5124 est,
634 5061 694 5112 in
709 5061 900 5113 futuro
916 5061 1128 5120 seculo,
1147 5066 1436 5126 gratanter
1447 5052 1662 5124 accipies

62 5128 401 5183 sacriﬁcium
421 5133 665 5195 justitit‘e
680 5136 921 5194 tantum,
954 5138 1012 5184 et
1026 5134 1215 5184 laudis
1230 5152 1239 5182 :
1256 5134 1403 5185 sicut
1418 5137 1659 5195 scriptum

63 5201 173 5246 est:
201 5200 377 5268 Beati,
405 5203 503 5267 qui
524 5203 788 5257 habitant
810 5204 869 5255 in
886 5203 1056 5255 domo
1082 5209 1181 5257 tua
1205 5206 1360 5257 Deus
1382 5205 1441 5256 in
1468 5207 1661 5257 secula

64 5270 379 5340 seculorum
408 5275 730 5327 laudabunt
743 5281 795 5327 te
815 5276 972 5340 (Psat.
996 5276 1124 5338 83.).
1153 5278 1492 5340 Acceptabis
1510 5280 1658 5326 etiam

65 5337 355 5395 Obtaliones
383 5353 428 5395 et
452 5347 782 5398 holocausta.
819 5337 1059 5410 Quando
1078 5337 1259 5399 totum
1279 5337 1454 5412 pecus
1476 5350 1660 5412 impo-

61 5412 475 5487 nebatur259
504 5430 619 5470 arae
660 5419 793 5482 igne
807 5418 1288 5484 consumendum,
1307 5419 1414 5471 hoc
1435 5419 1659 5471 diceba-

64 5481 149 5555 tur
160 5481 576 5541 bolos—austum.
593 5481 767 5541 Totos
796 5503 904 5542 nos
931 5481 1325 5555 divinusignis
1340 5492 1657 5544 'absumet.

64 5550 181 5606 Non
195 5559 345 5612 enim
360 5565 586 5614 tantum
600 5564 940 5614 absumctur
950 5562 1143 5614 anima
1153 5550 1531 5615 nostradivino
1542 5566 1660 5625 igne

60 5708 252 5826 gggnti
277 5715 739 5834 apud'Nestrum
775 5718 1053 5766 contextu
1088 5713 1363 5778 vulgatus
1387 5714 1659 5778 Augusti-

190 5791 280 5831 res
308 5797 324 5834 ι
352 5797 431 5834 ιιι.

190 5791 431 5835 restitui.

123 5853 139 5873 '
162 5851 612 5910 Emendavimus
660 5858 916 5919 absumet,
966 5859 1032 5910 ut
1064 5861 1122 5909 et
1164 5869 1303 5910 mox
1325 5856 1652 5918 absumetur,

66 5917 378 6040 augustino
412 5931 706 5996 suppetias
753 5917 984 5993 ferente,
1031 5941 1132 5994 pro
1176 5935 1408 5981 assumat
1431 5932 1487 5983 et
1509 5945 1656 5980 assu-

120 6005 144 6038 ε
166 6007 254 6040 141‘-

120 6005 254 6048 stur.

1092 449 1166 500 IN
1202 449 1525 503 PSALMOS
1568 452 1775 504 LXXV
1807 452 2384 509 COMMENTARIUS.

3281 458 3390 513 854

1706 570 1767 641 Α
1792 565 2107 641 sapientia,
2131 569 2233 619 sed
2244 581 2452 634 corpus
2467 569 2818 622 nostrumibi
2832 552 3390 625 merebiturimmor-

1794 639 2088 692 talitatem.
2129 641 2275 691 Tunc
2298 642 2572 707 imponent
2608 657 2770 706 super
2805 644 2976 694 altare
2999 652 3172 695 tuum.
3198 646 3257 697 id
3280 650 3401 705 est,

1791 722 1963 773 super
1992 713 2326 765 memoriam
2342 714 2687 766 veneranda:
2700 720 2818 767 tuas
2836 716 3117 779 passionis
3141 719 3374 780 etresur

1790 781 2074 842 rectionis,
2104 783 2311 848 vitulos,
2338 785 2707 848 signiﬁcatos,
2734 786 2792 837 id
2816 788 2922 851 est,
2950 787 3190 853 seipsos,
3213 788 3383 841 inno-

1790 857 2005 916 centes,
2030 866 2232 915 novos,
2260 867 2294 907 θ.
2318 857 2460 920 jugo
2486 857 2654 920 Legis
2690 857 2917 910 liberos.

2151 979 2510 1044 TITULUS
2557 981 2880 1046 PSALMI
2918 983 3025 1047 LI.

1857 1126 1900 1172 1.
1926 1122 2101 1182 Agitur
2126 1123 2178 1169 in
2201 1124 2294 1173 hoc
2309 1125 2500 1183 psalmo
2524 1124 2584 1172 de
2609 1126 2804 1173 duobus
2817 1128 3084 1184 generibus
3097 1130 3389 1178 hominum:

1791 1198 1951 1232 unum
1993 1190 2264 1247 terrenum,
2308 1188 2690 1235 aliudcmleste:
2720 1202 2879 1235 unum
2898 1191 3390 1249 persequitur,aliud

1790 1249 1977 1307 patitur
2013 1258 2026 1300 :
2065 1263 2225 1296 unum
2257 1252 2500 1309 gloriatur
2532 1251 2586 1296 in
2611 1250 2821 1309 malitia,
2845 1252 2977 1309 quod
3003 1253 3336 1300 eradicabitur
3368 1264 3383 1306 :

1790 1311 1928 1356 aliud
1950 1311 2191 1368 gloriatur
2219 1312 2271 1357 in
2298 1316 2416 1373 Deo,
2442 1317 2488 1358 et
2508 1312 2840 1371 permanebit.
2861 1315 2925 1359 De
2946 1328 3178 1373 perverso
3207 1316 3411 1373 genere

1790 1374 1845 1420 in
1867 1374 2029 1431 prima
2066 1379 2204 1433 parte
2248 1376 2427 1434 psalmi
2454 1376 2638 1433 agitur,
2670 1379 2717 1421 et
2747 1376 2939 1422 malitia
2969 1378 3079 1433 ejus
3114 1391 3201 1435 per
3224 1384 3388 1436 partes

1790 1436 2107 1485 describitur.
2134 1438 2302 1485 Genus
2335 1451 2449 1484 vero
2484 1438 2753 1484 electorum
2790 1438 2843 1483 in
2870 1438 2967 1485 ﬁne
3002 1439 3385 1487 demonstratur.

1788 1498 1981 1544 Titulus
2029 1499 2139 1563 talis
2165 1506 2262 1563 est,
2290 1499 2549 1563 [affinem
2593 1498 3106 1563 intellectueravid,
3135 1499 3293 1563 [νοτε.
3320 1500 3390 1562 2.]

1788 1573 1914 1624 cum
1923 1557 2142 1624 venisset
2156 1560 2292 1624 Doeg
2305 1560 2372 1609 Id
2377 1557 2643 1624 amarumst
2654 1562 3009 1624 annuntiavit
3024 1557 3181 1611 ΒάαἸί
3193 1566 3237 1611 et
3249 1557 3392 1610 dixit

1787 1621 1850 1668 ei:
1870 1621 2278 1671 VenitDavidid
2291 1623 2879 1672 domumAchimetcch.
2898 1627 3099 1680 Legitur
3111 1627 3164 1672 in
3178 1627 3391 1673 historia

1787 1686 1919 1743 quod
1959 1699 2015 1730 eo
2042 1691 2257 1744 tempore
2281 1701 2381 1746 quo
2407 1688 2521 1733 Saul
2549 1688 2941 1746 persequebatur
2969 1688 3140 1747 David,
3167 1688 3275 1747 ipse
3302 1690 3387 1734 Da-

1788 1724 1869 1809 ξὶίί
1902 1747 2029 1793 fame
2054 1753 2097 1793 ct
2121 1724 2181 1794 δῖ)
2208 1724 2432 1796 hostibus
2452 1724 2761 1809 comlpulsuls,
2789 1763 2903 1795 cum
2927 1762 3028 1796 nou
3064 1724 3267 1796 haiie‘ret
3288 1764 3388 1808 quo

1787 1807 1999 1872 fugeret,
2036 1810 2241 1856 intravit
2289 1812 2343 1857 in
2402 1807 2602 1858 domum
2635 1807 2955 1858 Achimelech
3010 1807 3316 1868 sacerdotis,
3341 1817 3389 1858 et

1786 1872 1916 1929 apud
1944 1884 2058 1918 eum
2090 1873 2303 1918 comedit
2327 1874 2387 1919 de
2429 1874 2645 1933 panibus
2688 1874 3062 1931 Propositionis.
3099 1874 3237 1928 Quod
3271 1886 3387 1920 cum

1784 1933 1994 1980 vidisset
2010 1936 2139 1990 Doeg
2156 1936 2407 1982 Idummus
2432 1937 2638 1995 quidam
2660 1949 2836 1982 servus
2854 1935 3035 1987 Saulis,
3062 1936 3255 1983 invidia
3279 1949 3384 1982 nio-

1784 2000 1863 2041 tus
1889 1997 2142 2042 nuntiavit
2171 1997 2306 2043 Sauli
2338 1998 2537 2045 dicens:
2569 1998 2715 2044 Venit
2740 1997 2891 2043 David
2918 1997 2971 2043 in
3004 1998 3208 2044 domum
3233 1997 3383 2044 Achi-

1781 2058 1976 2104 melech
2025 2060 2088 2117 (1.
2134 2058 2257 2118 Reg.
2310 2063 2389 2110 21.
2436 2064 2483 2107 et
2518 2059 2636 2118 22.).
2684 2061 2800 2106 Htec
2844 2060 3125 2119 persecutio
3169 2065 3214 2106 et
3258 2061 3385 2118 Doeg

1782 2120 2032 2166 accusatio
2084 2121 2290 2180 impleta
2327 2127 2419 2178 est,
2463 2126 2510 2168 et
2542 2121 2768 2182 quotidie
2798 2121 3039 2181 impletur
3060 2122 3114 2168 in
3142 2121 3379 2169 Ecclesia.

1782 2183 1911 2239 Doeg
1941 2183 2296 2241 interpretatur
2329 2187 2521 2232 motus.
2555 2185 2805 2231 [demicus
2840 2185 3196 2242 interpretatur
3220 2188 3382 2231 terre-

1782 2257 1886 2318 r‘tus
1911 2258 1923 2291 :
1949 2244 2390 2318 ⁸ξιιιυξηαῃηιξιίιίο,
2417 2244 2743 2318 ΔΑιεῃὶᾳιεδξθιειι
2766 2243 2787 2272 ⁸³
2807 2245 2983 2318 patris
3005 2244 3111 2292 mei
3132 2258 3380 2318 regnum.

1781 2307 2034 2363 Expositio
2062 2308 2193 2354 tituli
2220 2309 2326 2354 haec
2356 2312 2429 2354 est
2455 2321 2467 2355 :
2497 2308 2786 2354 Intellectus
2806 2307 2919 2361 iste,
2938 2321 3084 2366 quem
3114 2321 3259 2354 voces
3284 2309 3379 2353 hu-

1773 2368 1858 2424 jus
1884 2368 2064 2425 psalmt
2086 2370 2309 2427 pariunt,
2336 2383 2437 2416 non
2462 2369 2512 2415 in
2530 2371 2620 2415 hac
2637 2370 2738 2415 vita
2765 2369 3093 2427 complendus
3109 2375 3200 2425 est,
3227 2370 3311 2416 sed
3327 2370 3380 2415 in

1780 2430 1950 2483 ﬁnem,
1986 2430 2037 2475 id
2063 2437 2154 2488 est,
2181 2432 2234 2477 in
2259 2432 2429 2477 futuro
2455 2445 2467 2480 :
2496 2432 2575 2477 vel
2603 2432 2656 2478 in
2683 2432 2850 2487 ﬁnem,
2876 2432 3147 2478 Christum.
3175 2432 3280 2485 Quo
3299 2431 3376 2477 in-

1778 2492 2132 2551 tellectuimpii
2151 2508 2240 2552 per
2256 2496 2386 2540 hanc
2409 2498 2706 2552 praesentem
2731 2493 3167 2551 licentiam,quam
3196 2493 3380 2539 habent

1778 2555 1965 2600 malum
2002 2555 2234 2613 faciendi,
2260 2556 2480 2603 subituri
2505 2557 2780 2602 creduntur
2805 2556 3175 2601 damnationem
3203 2555 3378 2601 aeterni

1777 2617 2035 2674 supplicii.
2051 2618 2302 2664 Bonivero
2326 2631 2414 2676 per
2440 2619 2549 2673 hoc,
2576 2618 2710 2677 quod
2734 2618 2795 2663 ab
2819 2618 2891 2664 eis
2923 2618 3012 2662 illa
3035 2618 3166 2663 mala
3181 2617 3379 2675 patiun-

1779 2683 1876 2738 tur,
1901 2678 1957 2724 in
2001 2679 2170 2725 futuro
2205 2681 2579 2728 remunerandi.
2618 2680 2903 2726 Intellectus
2927 2684 3091 2725 autem
3128 2680 3221 2725 iste
3246 2679 3383 2725 attri-

1775 2740 2008 2804 buendus
2033 2745 2106 2787 est
2136 2743 2307 2795 David,
2331 2742 2381 2788 id
2404 2742 2718 2803 est,cuilibet
2736 2742 2888 2791 ﬁdeli.
2916 2742 3219 2804 Intellectus,
3247 2742 3375 2798 dico,

1776 2802 1978 2848 habitus
1990 2804 2050 2849 de
2065 2817 2124 2849 eo
2138 2806 2356 2866 negotio,
2378 2804 2511 2863 quod
2530 2804 2869 2862 signiﬁcatum
2889 2802 2999 2863 fuit,
3017 2817 3130 2850 cum
3157 2803 3380 2850 venisset

1775 2866 1903 2923 Doeg
1930 2866 2198 2928 Idumzeus,
2235 2868 2286 2913 id
2313 2873 2404 2923 est,
2434 2872 2661 2913 terrenus
2685 2867 2875 2925 aliquis
2914 2867 3104 2912 malitia
3122 2872 3304 2922 motus,
3331 2868 3378 2911 et

1774 2928 2094 2974 annuntiavit
2125 2929 2282 2985 Sauli,
2317 2929 2404 2987 qui
2431 2929 2789 2987 interpretatur
2816 2929 3073 2987 appetitio,
3108 2941 3195 2986 per
3224 2940 3374 2986 quem

1774 2989 2090 3046 signiﬁcatur
2112 3004 2246 3037 mors
2275 3007 2286 3037 :
2315 2996 2359 3036 et
2384 2990 2511 3036 dixit
2537 2990 2602 3050 ei,
2625 2990 2912 3045 instigando
2924 3004 3038 3036 eum
3061 2989 3120 3035 ad
3148 3002 3376 3046 persecu-

1776 3051 1959 3113 tionem
1989 3068 1997 3096 :
2031 3053 2173 3098 Venit
2212 3054 2382 3113 David,
2412 3052 2462 3097 id
2495 3057 2584 3103 est,
2612 3052 2827 3111 quilibet
2865 3052 3047 3112 ﬁdelis,
3083 3052 3135 3096 in
3170 3050 3374 3096 domum

1773 3112 2110 3172 Achimelech,
2159 3114 2210 3159 id
2258 3117 2350 3171 est,
2374 3112 2443 3159 in
2482 3115 2787 3160 consortium
2816 3114 3066 3167 Ecclesiae,
3103 3125 3215 3171 quin
3245 3116 3375 3158 recte

1774 3175 2093 3221 Achimelech
2119 3176 2429 3233 designatur,
2465 3177 2554 3235 qui
2588 3176 2742 3234 patris
2766 3176 2865 3222 mei
2890 3188 3102 3233 regnum
3124 3174 3370 3233 interpre-

1777 3240 1934 3283 tatur:
1962 3239 2083 3295 quia
2116 3238 2168 3284 in
2205 3239 2315 3297 ipsa
2348 3242 2519 3293 regnat
2557 3240 2686 3285 Deus
2720 3243 2875 3296 pater.
2901 3238 3261 3284 Necimmerito
3286 3248 3374 3294 per

1775 3300 1889 3345 Saul
1904 3300 2239 3355 intelligimus
2264 3305 2470 3347 mortem
2492 3312 2503 3347 :
2524 3300 2643 3358 quia
2659 3303 2789 3347 sicut
2810 3301 2948 3346 hunc
2964 3305 3187 3358 peccator
3210 3312 3369 3357 popu-

1773 3361 1852 3407 lus
1875 3375 1905 3407 a
1942 3364 2037 3407 Deo
2072 3363 2216 3421 petiit
2239 3376 2426 3419 regem,
2463 3363 2532 3407 ita
2568 3376 2658 3409 nos
2702 3377 2791 3421 per
2839 3362 3072 3408 illicitum
3099 3361 3371 3420 appetitum

1770 3423 2132 3482 ucquisivimus
2157 3432 2383 3474 mortem.
2410 3425 2526 3472 Snul
2550 3425 2682 3470 enim
2712 3423 2783 3487 (ut
2806 3423 3051 3483 diximus)
3076 3425 3368 3479 interpreta-

1771 3490 1849 3531 tur
1881 3488 2135 3544 appetitio.
2173 3488 2435 3545 Appetitus
2471 3487 2634 3534 malus
2676 3488 2861 3534 animm
2886 3499 3020 3533 mors
3050 3491 3139 3533 est.
3168 3487 3263 3532 Iste
3286 3498 3371 3530 rex

1769 3549 2056 3595 dominatur
2080 3549 2133 3595 in
2157 3550 2276 3596 ﬁliis
2291 3550 2582 3596 ditiidentiaa
2606 3547 2821 3611 (Ephcs.
2837 3548 2924 3611 5.).
2940 3548 3256 3606 Persequitur
3280 3560 3370 3592 au-

1768 3616 1865 3656 tem
1891 3624 2001 3666 nos,
2028 3614 2075 3657 et
2096 3625 2185 3671 per
2214 3625 2284 3669 se,
2311 3618 2357 3658 et
2388 3626 2475 3672 per
2503 3610 2761 3658 ministros
2791 3610 2925 3658 suos.
2946 3611 3039 3658 Sed
3056 3610 3117 3655 ab
3143 3611 3235 3655 hoc
3256 3622 3370 3667 rege

1770 3673 2211 3731 triumphabimus,
2234 3675 2437 3733 quando
2460 3675 2666 3721 mortale
2684 3674 3011 3721 hocinduerit
3026 3672 3369 3719 immortalita-

1769 3740 1886 3789 tem,
1914 3737 2348 3799 cumﬁetscrmo,
2377 3737 2465 3796 qui
2490 3737 2708 3799 scriptus
2732 3742 2803 3783 est
2830 3749 2843 3784 :
2871 3736 2961 3799 tibi
2990 3741 3062 3782 est
3081 3747 3226 3799 mors
3250 3747 3368 3799 con-

1769 3799 1921 3845 tentio
1935 3802 2017 3843 tua
2032 3797 2058 3845 ‘P
2074 3797 2158 3843 ubi
2172 3796 2377 3845 aculeus
2404 3804 2519 3845 tuus
2535 3798 2574 3859 (ι
2589 3834 2600 3845 .
2617 3798 2840 3853 001315;
2861 3796 2978 3845 Osee
3002 3797 3370 3857 13.)?Interim,

1768 3864 1821 3905 ut
1846 3859 2089 3915 patientes
2112 3861 2274 3905 simus
2300 3874 2362 3907 ne
2387 3858 2680 3907 deﬁciamus
2714 3861 2766 3907 in
2791 3860 2891 3917 via,
2918 3860 3204 3906 reﬁciamur
3227 3858 3369 3916 pani-

1765 3921 1860 3968 bus
1894 3921 2170 3968 sanctitatis
2196 3922 2249 3967 in
2274 3922 2420 3967 domo
2455 3922 2796 3982 Achimelech,
2823 3922 2871 3967 id
2917 3926 3008 3976 est,
3034 3920 3184 3967 verbo
3214 3920 3297 3965 Dei
3325 3923 3371 3965 et

1766 3984 2051 4031 coelestibus
2082 3986 2406 4030 sacramentis
2444 3984 2497 4030 in
2523 3984 2670 4031 domo
2708 3984 2957 4030 Ecclesiae.
2991 3983 3191 4029 Materia
3216 3982 3369 4039 hujus

1766 4054 1945 4114 psalmi
1961 4060 2052 4116 est,
2073 4058 2345 4113 utrumque
2368 4067 2529 4112 genus
2552 4053 2838 4110 hominum,
3083 4056 3369 4111 persecuto-

1766 4140 1876 4173 rum
1913 4132 1959 4173 et
1993 4127 2308 4185 patientium.
2344 4126 2532 4173 Fidelis
2565 4125 2736 4172 anima
2768 4125 2959 4171 habens
2986 4127 3121 4171 hunc
3165 4121 3365 4185 intelle-

1765 4194 1918 4247 ctum,
1965 4184 2096 4254 quod
2131 4189 2185 4245 ii,
2233 4189 2333 4254 qui,
2366 4189 2512 4235 modo
2558 4189 2816 4254 patiuntur
2848 4190 3058 4254 propter
3073 4184 3365 4254 “justitiam,

1765 4245 1935 4318 postea
1956 4245 2165 4310 gloriam
2178 4245 2531 4318 sempiternam
2547 4245 2825 4318 percipient
2843 4247 3052 4309 (Matth.
3073 4245 3137 4309 5.)
3167 4258 3179 4294 :
3204 4245 3364 4318 loqui—
3400 4305 3406 4311 _

1766 4318 1845 4360 tur
1869 4315 1953 4361 hic
1985 4320 2153 4361 contra
2178 4314 2312 4372 ipsos
2348 4326 2626 4372 perversos,
2653 4312 2921 4358 intendens
2966 4324 3051 4358 eos
3075 4324 3104 4355 ει
3122 4312 3368 4369 perversi-

1765 4380 1860 4423 tate
1887 4390 2136 4438 revocare,
2170 4383 2213 4424 et
2239 4377 2370 4423 viam
2398 4375 2625 4422 veritatis
2655 4375 2935 4433 ostendere,
2963 4374 3031 4420 ita
3057 4373 3229 4419 dicens
3257 4384 3272 4417 :

2296 4505 2696 4571 PSALMUS
2729 4504 2835 4567 LI.

1825 4632 1876 4687 3.
1897 4632 2037 4690 Quid
2056 4632 2314 4696 gloriaris
2336 4632 2397 4680 in
2419 4630 2655 4694 malitia,
2674 4630 2770 4695 qui
2790 4632 2975 4694 potens
2994 4643 3044 4677 es
3066 4627 3130 4676 in
3153 4625 3368 4690 iniqui-

1763 4709 1866 4752 tate
1885 4707 1909 4755 ?
1926 4705 2011 4755 'l‘u
2035 4707 2439 4767 persecutoret
2453 4706 2674 4754 amator
2696 4700 2918 4764 mundi,
2943 4698 3036 4751 cui
3056 4698 3282 4750 licentia
3309 4701 3368 4749 et

1687 4764 1745 4836 D
1762 4775 2017 4837 potentia
2037 4764 2397 4837 iniquitatem
2417 4772 2692 4838 operandi
2705 4777 2795 4824 est
2813 4783 3109 4832 concessa,
3132 4782 3232 4835 pro
3250 4780 3366 4833 quo

1761 4846 1951 4897 fructu
1961 4848 1988 4896 εἲ
2001 4859 2099 4909 pro
2111 4857 2224 4908 qua
2240 4845 2484 4896 utilitate
2496 4844 2758 4908 gloriaris
2780 4845 2841 4895 in
2866 4843 3090 4896 malitia
3102 4845 3129 4893 ?
3150 4841 3253 4893 Vel
3276 4844 3369 4891 hoc

1761 4922 1911 4969 certe
1934 4919 1989 4968 te
2019 4928 2291 4968 revocare
2315 4915 2567 4977 deberet,
2589 4915 2743 4979 quod
2760 4915 2818 4966 in
2841 4915 2950 4968 hac
2974 4914 3153 4982 gloria
3175 4914 3367 4962 fructus

1760 4987 2231 5051 aliquisinvenire
2256 5000 2377 5038 non
2402 4986 2575 5040 valet.
2608 4987 2743 5038 Plus
2768 4987 3018 5051 profecto
3041 4987 3129 5038 es‘t
3140 4983 3369 5047 gloriari

1759 5057 2151 5122 ininiquitate,
2174 5070 2347 5122 quam
2380 5058 2744 5122 iniquitatem
2769 5070 2939 5121 opere
2951 5056 3367 5108 exercere.Nam

1762 5134 1901 5183 sunt
1933 5130 2214 5191 nonnulli,
2250 5130 2347 5193 qui
2382 5129 2579 5193 iniqua
2608 5129 2843 5193 quidem
2878 5128 3109 5189 faciunt,
3139 5124 3241 5177 sed
3274 5136 3367 5175 re-

1759 5201 1983 5255 mordet
2007 5214 2105 5253 eos
2127 5201 2480 5253 conscientia
2503 5201 2573 5252 de
2596 5204 2848 5265 peccato,
2873 5204 3046 5262 atque
3074 5198 3133 5248 in
3158 5200 3368 5248 semet-

1757 5274 1898 5339 ipsis
1940 5274 2409 5326 contremiscunt.
2450 5274 2519 5324 Et
2548 5272 2694 5323 solet
2739 5271 3091 5333 contingere,
3126 5267 3279 5332 quod
3318 5268 3367 5320 si

1758 5344 2019 5398 nondum
2046 5357 2117 5396 ex
2143 5344 2412 5396 omnibus
2438 5346 2703 5408 possunt,
2741 5355 2774 5394 a
2809 5340 3147 5405 quibusdam
3174 5344 3369 5392 tamen

1759 5417 2028 5483 operibus
2056 5415 2251 5480 pravis
2277 5416 2514 5467 student
2537 5413 2759 5477 seipsos
2782 5413 3104 5465 refrmnare.
3135 5412 3367 5464 Etsunt

1757 5490 1853 5554 qui
1876 5488 2154 5541 laetantur
2188 5500 2319 5539 cum
2343 5487 2492 5537 male
2519 5485 2772 5550 fecerint,
2786 5489 2845 5537 et
2860 5483 3192 5554 exultantin
3212 5484 3362 5554 rebus

1757 5553 2026 5626 pessimis
2067 5560 2243 5624 (Prov.
2282 5557 2374 5623 2.).
2410 5558 2483 5608 Hi
2518 5559 2658 5609 sunt
2693 5556 2794 5620 qui
2828 5555 3073 5610 habenis
3114 5553 3264 5607 laxis
3293 5553 3367 5606 ad

1819 5713 1840 5743 ’³
1873 5715 2243 5777 Compertum
2268 5715 2377 5769 est,
2405 5722 2504 5774 pro
2527 5708 2885 5771 Achimctech,
2914 5708 2979 5759 ut
3002 5706 3369 5771 etymologia

1754 5785 1900 5838 ratio
1925 5788 2172 5845 constet,
2196 5782 2498 5834 Abimetech
2522 5780 2833 5845 legendum
2859 5792 3005 5831 esse.
3029 5781 3112 5832 Ac
3138 5792 3200 5832 se
3232 5791 3370 5844 quo-

1755 5871 1868 5922 que
1891 5858 2134 5910 testatur
2150 5857 2203 5908 S.
2230 5854 2615 5921 Augustinus,
2643 5853 2703 5902 in
2728 5852 2995 5903 codicibus
3014 5852 3299 5903 Psalmoru
3316 5866 3370 5901 m

1754 5929 1932 5994 magis
1962 5928 2285 5992 Abimetech,
2310 5942 2480 5994 quam
2502 5924 2860 5986 Achimelech,
2886 5924 3200 5978 invenisse.
3226 5926 3366 5978 Eam

1753 6012 1923 6066 porro
1958 6001 2082 6066 ipse
2100 6000 2408 6055 lectionem
2444 5999 2688 6066 praefert.
2725 6000 2870 6051 Eum
2911 5997 3149 6052 videsis.
