3884 6392
514 418 621 476 855

1573 415 1842 469 RUFINO
1878 415 2343 469 PRESBYTERO
2376 418 2766 471 ASCRIPTUS

3714 420 3812 475 856

508 532 848 586 universum
863 544 925 582 se
937 529 1542 610 prtecipitantmalum,
1558 527 1731 610 'l‘ales
1739 530 2115 610 redarguuntur
2141 534 2201 603 Α
2218 530 2686 610 ορρᾳτυβν11ῌν1ιδ
2697 534 2915 610 nostra,
2940 536 2999 582 et
3013 542 3121 582 nos
3138 530 3539 610 apparebimus
3560 543 3693 610 cum
3710 536 3814 593 ipso

505 605 567 657 in
586 604 698 656 hoc
724 602 958 668 psalmo.
998 601 1281 664 Quoniam
1315 601 1375 651 in
1408 599 1642 659 malitia,
1679 599 2015 663 gloriantur,
2060 602 2119 649 et

506 679 773 739 potentes
796 679 933 725 sunt
957 673 1017 724 in
1041 672 1372 736 iniquitate:
1392 671 1831 735 reprehenditur
1851 670 1910 722 in
1936 670 2038 735 eis,
2057 676 2117 723 et

507 746 783 800 voluntas
812 757 1006 809 prava,
1040 747 1097 796 et
1125 745 1274 795 actio
1307 756 1595 809 perversa.
1625 742 1900 793 Malitiam
1921 744 2115 794 autem

508 817 825 881 exequitur
850 829 950 881 per
972 821 1183 881 partes,
1209 828 1342 867 cum
1372 815 1675 879 subjungit
1701 830 1713 865 :

572 890 624 943 4.
658 889 785 937 Tota
826 888 928 947 die,
967 888 1025 939 id
1051 892 1158 951 est,
1195 887 1450 951 assidue,
1488 887 1823 951 injustiliam
1866 885 2117 950 cogitavit

506 961 699 1023 lingua
722 965 834 1008 tua.
872 960 988 1010 Aut
1012 959 1185 1010 facies
1225 958 1462 1022 malum,
1498 964 1599 1011 aut
1638 958 1777 1009 dum
1809 970 1929 1009 non
1951 962 2115 1021 potes

503 1031 705 1091 facere,
733 1030 877 1082 dicis
897 1030 1141 1082 malum:
1177 1033 1278 1081 aut
1303 1030 1535 1093 quando
1566 1042 1673 1081 nec
1688 1030 1797 1081 hoc
1813 1034 1998 1093 potes,
2024 1028 2115 1079 vis

503 1102 790 1166 etcogitas
801 1102 1038 1154 malum.
1058 1102 1340 1165 Linguam
1354 1102 1540 1153 cordis
1565 1100 2003 1152 commendatin
2023 1104 2115 1148 hoc

500 1173 766 1234 loco,non
778 1174 909 1224 oris:
926 1173 1099 1224 habet
1112 1174 1265 1224 enim
1284 1186 1381 1224 cor
1394 1176 1658 1227 nostrum
1671 1173 1928 1237 linguam
1941 1186 2084 1220 suam
2098 1209 2110 1221 .

502 1244 680 1306 Quale
697 1245 953 1296 officium
983 1245 1123 1296 foris
1146 1245 1325 1296 habet
1346 1244 1543 1308 lingua
1577 1245 1639 1295 in
1661 1244 1969 1307 loquendo,
1996 1242 2112 1294 tale

505 1316 760 1368 officium
801 1315 1004 1379 lingua
1047 1316 1236 1368 cordis
1272 1315 1433 1367 intus
1480 1316 1658 1367 habet
1686 1316 1749 1366 in
1785 1313 2111 1378 cogitando.

510 1388 659 1438 Hinc
676 1388 778 1447 est,
806 1387 961 1452 quod
987 1388 1113 1438 sine
1146 1388 1457 1439 verborum
1494 1388 1740 1449 strepitu
1765 1400 1919 1451 saepe
1942 1385 2114 1437 nobis

501 1457 644 1522 ipsis
668 1457 961 1521 loquimur
982 1459 1041 1509 in
1058 1458 1244 1509 corde.
1265 1460 1382 1509 Nec
1397 1459 1584 1510 solum
1598 1459 1864 1523 cogitasti
1885 1456 2116 1522 injusti-

502 1529 660 1594 tiam,
700 1530 801 1580 sed
841 1535 898 1582 et
930 1530 1129 1582 dolum
1167 1529 1373 1582 fecisti.
1413 1532 1535 1582 Hoc
1560 1537 1666 1592 est,
1691 1531 1849 1595 quod
1875 1530 2109 1582 subdit:

502 1600 651 1650 Sicut
668 1602 931 1651 novacula
948 1609 1109 1652 acula
1125 1602 1295 1665 fecisti
1313 1603 1518 1654 dolum.
1538 1604 1723 1655 Dolus
1742 1608 1879 1654 tuus
1897 1605 2115 1651 ofﬁcium

501 1670 678 1723 habet
689 1673 1010 1726 novaculae.
1028 1674 1187 1726 Sicut
1202 1676 1487 1727 novacula
1500 1680 1669 1727 acuta
1689 1675 1889 1726 sordes
1905 1679 1962 1725 et
1978 1675 2110 1735 pilos

501 1743 725 1795 abradit
750 1744 1002 1808 pellium,
1029 1747 1111 1797 ita
1124 1745 1294 1797 dolus
1325 1751 1478 1808 tuus,
1506 1747 1739 1798 duando
1756 1746 1945 1797 aufers
1969 1745 2110 1796 [lde-

502 1814 655 1865 libus
678 1819 935 1867 terrenas
947 1817 1274 1881 facultates,
1301 1820 1403 1869 aut
1420 1830 1657 1881 corpora
1676 1818 1873 1879 caedis,
1888 1817 1978 1869 vel
2014 1829 2109 1867 oc-

2218 601 2277 651 in
2302 602 2479 660 gloria
2506 602 2717 666 (Coloss.
2746 601 2838 663 3.).
2854 605 3016 654 Tunc
3041 615 3214 666 super
3229 615 3363 653 eum
3378 602 3654 655 ridebunt
3672 608 3808 667 justi,

2217 672 2352 734 quia
2371 673 2491 735 jam
2516 687 2630 725 non
2654 675 2761 725 erit
2784 675 2944 726 locus
2961 673 3343 738 compatiendi
3367 676 3468 724 aut
3492 678 3809 728 condoleadi.

2217 744 2344 793 Non
2367 745 2659 806 quomodo
2675 759 2848 807 nunc,
2869 746 3099 809 quando
3116 745 3278 796 vides
3294 745 3583 797 hominem
3601 747 3812 811 injuste

2217 814 2532 877 viventem,
2550 818 2788 868 viscum
2804 818 2900 868 illo
2916 817 3188 880 laborare,
3207 821 3263 867 et
3284 816 3357 867 ad
3382 817 3535 868 viam
3558 818 3813 870 veritatis

2216 891 2502 937 errantem
2531 888 2822 939 reducere.
2850 889 3010 940 Unde
3037 889 3148 952 (Eae
3176 889 3343 951 Aug.)
3366 894 3422 939 et
3443 889 3604 940 doles
3630 890 3701 941 de
3720 890 3813 941 illo

2215 960 2271 1007 et
2305 970 2435 1008 oras
2462 970 2563 1022 pro
2586 958 2701 1010 illo.
2720 961 2867 1010 Tum
2893 972 3029 1011 vero
3046 972 3176 1010 cum
3208 961 3429 1011 venerit
3447 960 3653 1023 judicii
3671 966 3817 1012 tem-

2215 1042 2340 1091 pus,
2348 1030 2467 1091 jam
2484 1043 2602 1081 non
2614 1031 2720 1081 erit
2732 1031 3099 1082 correctionis
3120 1030 3299 1093 locus,
3320 1031 3419 1082 sed
3439 1036 3668 1083 tantum
3684 1036 3815 1082 dam-

2214 1101 2481 1153 nationis.
2500 1103 2619 1153 Erit
2632 1102 2709 1152 ibi
2727 1102 3084 1167 pmnitentia,
3104 1103 3205 1154 sed
3218 1103 3594 1163 infructuosa,
3609 1108 3730 1164 quia
3744 1120 3815 1153 se-

2213 1185 2293 1222 ra.
2309 1173 2701 1235 Tunciniqum
2715 1173 2993 1226 videbunt
2999 1175 3161 1237 justi,
3175 1179 3418 1238 etsuper
3431 1188 3567 1226 eum
3578 1175 3814 1225 ridebunt

2216 1244 2363 1307 (Sap.
2387 1243 2479 1308 5.),
2497 1245 2663 1301 idest,
2687 1247 3005 1309 superiores
3017 1251 3376 1310 apparentes,
3393 1260 3526 1297 cum
3551 1247 3813 1299 irrisione

2213 1314 2814 1379 dignumindicabunt.
2836 1318 2902 1366 Et
2919 1318 3109 1381 dicent,
3129 1318 3685 1370 interiorilocutione
3704 1334 3813 1371 sua.

2276 1386 2324 1439 9.
2348 1387 2476 1435 Ecce
2502 1388 2661 1437 homo
2686 1389 2910 1452 quinon
2929 1390 3104 1451 posuit
3121 1390 3293 1438 Deum
3311 1389 3619 1452 adjutorem
3631 1405 3812 1439 suum.

2215 1457 2531 1519 Vigilanter
2554 1459 2724 1509 nobis
2761 1459 3105 1510 intuendum
3153 1465 3259 1521 est,
3303 1460 3442 1523 quid
3485 1463 3542 1510 in
3568 1462 3677 1512 hoc
3703 1462 3815 1511 ini-

2214 1540 2326 1589 quo
2373 1528 2609 1580 damnet
2651 1530 2954 1593 Scriptura.
2997 1533 3124 1581 Non
3164 1530 3319 1582 enim
3351 1531 3515 1582 dixit.
3543 1534 3689 1584 Ecce
3713 1532 3813 1595 qui

2214 1599 2322 1649 fuit
2341 1598 2509 1651 dives
2535 1616 2547 1650 :
2575 1601 2675 1651 sed
2689 1602 2817 1651 Ecce
2843 1603 3002 1651 homo
3027 1603 3123 1665 qui
3148 1618 3259 1651 non
3305 1604 3486 1665 posuit
3516 1604 3691 1652 Deum
3714 1605 3811 1653 udo

2204 1670 2440 1734 jutorem
2464 1687 2644 1720 suum.
2666 1673 2767 1722 Sed
2789 1675 3022 1737 speravit
3046 1675 3107 1723 in
3122 1674 3471 1723 multitudine
3486 1675 3809 1724 divitiarum

2210 1757 2457 1805 suaram,
2474 1744 2715 1799 idest.in
2731 1745 2895 1809 copia
2913 1746 3033 1797 auri
3051 1745 3142 1797 vel
3164 1746 3402 1810 argenti.
3421 1750 3480 1797 et
3513 1748 3809 1811 potentiae,

2211 1818 2267 1865 et
2283 1814 2479 1878 gloria:
2498 1820 2555 1866 et
2570 1817 2808 1867 aliarum
2825 1830 3031 1868 rerum.
3058 1819 3185 1868 Non
3198 1818 3328 1881 quia
3350 1817 3555 1870 habuit
3574 1818 3810 1871 divitias

503 1885 645 1973 cidis
671 1903 682 1934 :
713 1888 1259 1973 superflua1tantum
1284 1888 1454 1952 tollis,
1482 1889 1697 1941 damna
1716 1888 2107 1973 nullaan'i‘maa
2132 1899 2186 1973 B
2214 1885 2314 1973 sed
2340 1886 2476 1949 quia
2518 1887 2580 1973 in
2608 1888 2747 1951 ipsis
2781 1889 3056 1973 speravit,
3079 1889 3207 1973 ideo
3238 1888 3564 1973 damnatur,
3589 1891 3718 1971 ideo
3740 1891 3807 1973 de

502 1956 665 2010 facis.
683 1960 805 2009 Imo
823 1958 1210 2012 candidiorem
1238 1966 1296 2012 et
1312 1961 1708 2026 perfectiorem
1736 1961 1945 2012 reddis.
1966 1961 2107 2011 Ecce

503 2029 642 2091 quid
661 2029 880 2081 faciunt
911 2032 1130 2083 sanctis
1162 2033 1325 2084 mali:
1346 2033 1493 2097 pilos
1524 2033 1751 2085 radunt.
1778 2036 1925 2096 Ergo
1943 2037 2112 2083 acuat

501 2101 843 2157 novaculam
862 2116 1027 2154 suam
1040 2103 1249 2169 malus,
1265 2104 1641 2157 acuatdolum
1656 2111 1900 2167 quantum
1920 2112 2075 2166 polest
2095 2122 2105 2154 :

503 2172 794 2235 superflua
818 2174 1153 2238 temporalia
1181 2176 1480 2227 ablaturus
1504 2181 1613 2240 est,
1638 2189 1757 2228 non
1784 2175 2110 2227 necessaria

501 2243 865 2306 sempiterna.
893 2245 1086 2296 Vitam
1114 2246 1486 2310 temporalem
1530 2246 1697 2311 tollit,
1718 2247 1790 2298 ad
1833 2253 2106 2299 aeternam

501 2313 693 2364 mittit.
715 2316 914 2366 Aufert
928 2317 1281 2381 temporalia,
1302 2319 1543 2383 impellit
1559 2319 1633 2370 ad
1654 2324 1889 2371 aeterna.
1920 2322 1987 2370 Et
2002 2332 2108 2371 no-

503 2385 765 2448 tandum,
784 2387 937 2450 quod
951 2388 1009 2439 in
1032 2389 1140 2440 hoc
1157 2403 1333 2442 versu
1359 2392 1650 2457 cogitatio,
1670 2396 1727 2443 et
1740 2395 1907 2443 actus
1925 2394 2107 2444 conti-

499 2460 670 2507 netur
692 2457 928 2511 malitia:
955 2474 968 2510 :
987 2461 1046 2511 in
1065 2462 1333 2525 sequenti
1349 2475 1484 2515 vero
1500 2463 1673 2515 etiam
1697 2464 1939 2515 affectus
1956 2465 2108 2517 desi-

505 2529 735 2592 gnatur,
761 2543 893 2581 cum
918 2531 1129 2583 dicitur
1156 2547 1168 2583 :

562 2597 613 2652 5.
632 2599 881 2650 Dilexisti
896 2603 1168 2653 malitiam
1180 2619 1342 2670 super
1357 2604 1757 2667 benignitatem.
1780 2608 1909 2657 Non
1939 2610 2103 2658 solum

506 2669 776 2733 cogitasti
799 2677 858 2722 et
881 2673 1082 2738 fecisti,
1109 2675 1210 2728 sed
1241 2669 1415 2727 etiam
1446 2678 1696 2729 dilexisti
1724 2678 1962 2730 malum.
1990 2680 2107 2732 Nec

502 2739 612 2791 hoc
639 2745 866 2794 tantum
891 2740 1143 2798 dilexisti
1166 2747 1240 2798 ad
1256 2748 1603 2811 faciendum,
1626 2749 1729 2801 sed
1748 2750 1919 2801 etiam
1935 2753 1997 2799 ad
2022 2753 2101 2799 lo-

502 2811 818 2886 quendum.
847 2816 917 2867 Et
944 2816 1073 2868 ideo
1099 2818 1319 2870 subdit:
1342 2820 1696 2883 Iniquitatem
1720 2822 1913 2885 magis,
1933 2838 2103 2886 quam

502 2882 653 2945 loqui
690 2885 1013 2949 aequitatem.
1048 2890 1335 2942 Subaudis
1379 2882 1651 2943 dilexisti.
1691 2882 2101 2957 Hoc'pro'fecto

427 2976 431 2986 ι
501 2965 729 3030 semper
751 2958 1025 3010 convenit
1052 2961 1327 3025 reprobis,
1368 2959 1515 3030 26|
1559 2968 1623 3014 ut
1646 2963 1835 3026 magis
1860 2963 2103 3027 diligant

500 3024 714 3098 malum
738 3030 1005 3095 cogitare,
1032 3024 1219 3097 agere,
1253 3024 1632 3098 loquifqham
1671 3024 1907 3087 bonum.
1950 3024 2018 3087 Et
2039 3036 2100 3088 in

498 3096 938 3171 hocestduplex
955 3096 1232 3169 iniquitas
1263 3096 1797 3171 etdamnatio,quia
1833 3108 1988 3170 quod
2022 3121 2100 3160 re-

499 3169 862 3231 probandum
882 3180 1020 3237 erat,
1038 3176 1292 3239 eligunt:
1318 3180 1373 3227 et
1389 3178 1542 3240 quod
1556 3169 1885 3242 eligendum
1898 3178 2101 3242 fuerat,

501 3245 898 3295 contemnunt.
916 3246 1019 3298 Vae
1046 3247 1243 3311 iniquo
1261 3248 1435 3299 cordi.
1463 3250 1689 3301 Avertit
1702 3262 1781 3311 se,
1801 3262 1874 3300 ne
1908 3251 2103 3302 videat

501 3311 656 3396 quod
676 3313 866 3396 videre
891 3315 1294 3396 debu_erat.‘De
1557 3321 1874 3396 Augustino)
1901 3321 2106 3372 dicitur
2129 3321 2178 3396 Ο

500 3382 561 3456 in
586 3383 718 3456 alio“
736 3386 995 3456 psalmo:
1038 3390 1230 3442 Noluit
1263 3390 1598 3455 intelligere,
1626 3382 1692 3441 ut
1739 3382 1886 3443 bene
1909 3399 2104 3456 ageret

505 3454 668 3524 (Psat.
695 3454 822 3521 35.).
850 3460 1084 3524 Propter
1106 3461 1217 3513 hoc
1250 3468 1402 3514 recte
1439 3463 1791 3514 subinfertur
1817 3478 1829 3513 :

566 3523 618 3600 ti.
654 3527 903 3578 Dilewisti
958 3523 1149 3581 omnia
1190 3534 1347 3582 verba
1396 3534 1861 3599 praecipitationis,
1910 3535 2103 3600 lingua

505 3594 706 3672 dolosa.
738 3600 865 3672 Jam
892 3615 1008 3653 non
1040 3609 1203 3654 curat
1233 3605 1369 3668 quid
1396 3594 1571 3669 dicat,
1595 3606 1734 3669 quid
1769 3594 2099 3672 mentiatur,

501 3667 750 3741 qualiter
772 3670 947 3723 fallat.
980 3674 1062 3724 Ad
1090 3667 1321 3727 omnem
1347 3667 1675 3738 falsitatem,
1715 3667 2099 3741 dolositatem,

502 3738 821 3813 vanitatem
841 3757 901 3794 se
914 3746 1263 3810 praecipitem
1283 3748 1643 3811 derelinquit.
1663 3750 1881 3813 Lingua
1903 3738 2102 3804 dolosa

500 3808 765 3886 ministra
780 3813 1018 3868 fallaciae
1043 3808 1147 3868 est.
1178 3818 1398 3882 Lingua
1413 3808 1611 3870 dolosa
1635 3821 1742 3882 (Ea:
1764 3808 1921 3886 Eod.)
1945 3822 2099 3875 aliud

497 3879 559 3962 in
584 3882 752 3935 corde
775 3888 1156 3962 gestantium,
1182 3879 1339 3942 aliud
1362 3904 1458 3943 ore
1481 3879 1882 3956 prom'entium.
1905 3879 2018 3946 Sed
2039 3896 2100 3947 in

498 3951 591 4002 his
612 3957 992 4022 praecipitatio
1016 3966 1074 4013 et
1108 3963 1432 4014 submersio
1462 3951 1569 4016 est.

564 4025 613 4098 ἶ.
641 4028 930 4093 Propterea
953 4033 1094 4082 Deus
1132 4035 1359 4085 destruet
1386 4042 1429 4085 te
1461 4037 1522 4084 in
1554 4037 1736 4098 ﬁnem.
1762 4039 1832 4088 Et
1857 4038 1905 4089 si
1930 4038 2099 4090 modo

502 4097 723 4174 videris
763 4104 935 4174 stare,
978 4110 1037 4156 et
1066 4106 1267 4157 florere
1310 4108 1477 4171 quasi
1513 4097 1731 4160 fmnum
1768 4108 1827 4160 in
1859 4123 2014 4174 agro,
2041 4111 2099 4161 in

497 4168 675 4220 finem
699 4172 903 4227 evellet
935 4180 989 4227 te
1014 4178 1188 4241 Deus,
1225 4168 1455 4241 quando
1494 4179 1682 4230 dicet:
1718 4182 1801 4232 Ite
1825 4168 2099 4245 inignem

501 4245 786 4294 aeternum
815 4247 1029 4307 (Matth.
1050 4246 1177 4310 ‘25.).
1204 4251 1270 4300 Et
1293 4250 1563 4312 quamvis
1592 4251 1788 4302 ﬂxeris
1822 4251 1883 4302 in
1906 4266 2098 4311 amore

496 4313 700 4390 mundi
724 4315 975 4390 radicem
1013 4320 1233 4371 cordis:
1269 4320 1461 4370 Evellet
1488 4327 1549 4382 te,
1573 4328 1619 4371 et
1652 4324 1934 4386 emigra-bit
1955 4332 2017 4390 te,
2040 4325 2098 4377 id

495 4388 605 4458 est,
631 4386 914 4451 emigrare
951 4389 1116 4442 faciet
1154 4392 1216 4440 de
1253 4392 1596 4443 tabernaculo
1631 4400 1738 4458 tuo,
1790 4395 1847 4446 id
1883 4386 2097 4458 est,'de

494 4453 605 4533 hoc
631 4459 870 4533 mundo,
898 4461 987 4513 vel
1013 4462 1085 4515 de
1101 4476 1352 4528 corpore,
1373 4464 1493 4516 sive
1516 4464 1588 4517 de
1611 4453 1881 4527 Ecclesia,
1900 4453 2097 4533 in'qua

495 4531 653 4580 stare
687 4530 955 4584 debuisti.
983 4535 1050 4583 Et
1075 4536 1311 4585 radicem
1336 4542 1488 4585 tuam
1522 4538 1583 4587 de
1612 4543 1753 4588 terra
1780 4530 2090 4593 viventium.

490 4597 720 4675 liabeut
757 4606 815 4653 et
852 4606 1081 4675 reprobi
1117 4606 1426 4671 aliquando
1458 4609 1706 4661 radicem
1739 4611 1891 4663 boni.
1932 4614 2095 4675 Quod

493 4668 847 4747 significatur
878 4674 943 4747 in
977 4690 1156 4739 grano
1203 4668 1358 4742 quod
1397 4680 1596 4731 cecidit
1642 4694 1818 4746 super
1855 4668 2089 4747 petram.

494 4739 621 4816 Misi
631 4744 649 4790 t
661 4743 815 4793 enim
834 4746 1106 4811 radicem,
1126 4739 1449 4802 sed—natum
1461 4752 1635 4804 aruit:
1650 4739 1913 4816 quianon
1928 4756 2095 4809 habe-

492 4809 592 4861 bat
606 4809 933 4888 humorem.
960 4818 1034 4868 Hi
1058 4809 1193 4870 sunt
1217 4821 1420 4884 (inquit
1432 4809 1730 4886 Dominus)
1745 4827 1845 4888 qui
1860 4827 1933 4878 ad
1959 4833 2096 4879 tem-

492 4893 603 4955 pus
645 4885 905 4955 credunt,
943 4888 1045 4939 sed
1078 4890 1137 4940 in
1168 4896 1424 4955 tempore
1464 4885 1795 4946 tentationis
1820 4899 2098 4952 recedunt

493 4952 635 5015 (Luc.
664 4952 762 5019 8.).
801 4957 1095 5011 Credendo
1120 4974 1256 5025 ergo
1280 4952 1521 5016 mittunt
1542 4966 1809 5029 radicem,
1843 4970 1943 5021 sed
1978 4985 2095 5023 non

490 5029 913 5087 perseverando
933 5030 1004 5082 de
1030 5036 1181 5084 terra
1196 5036 1538 5099 viventium,
1554 5036 1720 5101 idest,
1739 5040 1810 5093 de
1826 5042 2096 5095 societate

488 5101 825 5172 sanctorum
842 5102 1227 5170 eradicantur,
1246 5106 1382 5171 quia
1397 5109 1598 5172 gratiae
1615 5110 1671 5161 (11
1683 5111 1832 5165 vinaa
1852 5126 1970 5166 non
1993 5115 2095 5167 ha-

490 5168 739 5223 buerunt
754 5172 1078 5227 humorem.

552 5241 600 5296 8.
616 5243 904 5318 “Videbunt
912 5248 1051 5311 justi
1074 5254 1119 5299 et
1139 5250 1413 5314 timebunt,
1442 5258 1487 5302 et
1510 5268 1673 5318 super
1685 5270 1806 5304 eum
1824 5258 2089 5311 ridebunt.

487 5314 882 5390 Intelligamus
894 5325 953 5370 et
964 5320 1363 5375 discernamus
1375 5325 1488 5376 duo
1506 5314 1618 5377 ista
1632 5333 1868 5390 tempora,
1883 5333 2091 5381 timendi

487 5392 546 5461 et
580 5386 803 5461 ridendi
840 5390 1054 5453 (Ecctcs.
1098 5392 1186 5456 3.).
1228 5396 1500 5461 Legimus
1547 5398 1686 5461 quid
1723 5386 1986 5454 servetur
2031 5404 2092 5455 in

488 5457 666 5508 linem
689 5458 875 5510 malis.
896 5463 964 5512 Et
981 5457 1873 5529 quiaintelligimusetcredimus
1890 5489 1906 5522 :
1934 5474 2090 5525 vide-

492 5540 623 5579 mus
640 5534 697 5581 et
714 5531 1001 5584 timemus.
1021 5537 1333 5598 Apostolus
1347 5539 1502 5601 dicit,
1516 5542 1579 5591 In
1593 5542 1796 5594 timore
1814 5549 1867 5595 et
1884 5550 2091 5594 tremore

493 5603 746 5677 vestram
771 5602 1029 5677 ipsorum
1058 5605 1303 5659 salutem
1329 5612 1640 5674 operamini
1671 5612 1736 5673 (1.
1756 5614 1875 5663 Cor.
1903 5615 1991 5677 (2.).
2021 5619 2090 5667 Et

488 5671 820 5749 Psalmista:
845 5676 1064 5749 Servite
1082 5679 1329 5731 Domino
1346 5671 1403 5730 in
1431 5682 1630 5733 timore
1654 5671 1819 5745 (Psal.
1847 5684 1937 5749 2.).
1958 5671 2087 5746 ’111ςο

479 5741 632 5821 justi
649 5744 745 5821 qui
770 5749 909 5799 sunt
934 5748 1122 5821 modo,
1152 5752 1248 5813 qui
1277 5752 1483 5804 vivunt
1506 5767 1575 5805 ex
1602 5741 1732 5815 fide,
1758 5741 2088 5821 intelligunt

485 5814 641 5889 quod
668 5815 983 5889 damnandi
1000 5826 1137 5872 sunt
1160 5823 1314 5873 mali.
1334 5826 1635 5889 Propterea
1654 5828 1856 5879 timent
1878 5814 2083 5881 et‘sibi.

485 5883 646 5964 Quod
669 5886 821 5965 enim
840 5890 1177 5965 sunthodie,
1197 5895 1403 5946 sciunt.
1429 5883 1591 5958 Quod
1605 5912 1729 5949 cras
1747 5900 1921 5952 futuri
1949 5910 2080 5965 sunt,

481 5956 915 6007 nesciunt.Cum
929 5964 1122 6012 autem
1135 5966 1356 6017 venerit
1368 5956 1488 6019 dies
1500 5974 1696 6021 noster
1711 5984 1841 6023 eum
1856 5956 2082 6024 Christus

2122 4701 2179 4775 D

2213 1958 2579 2009 tabernaculo
2602 1964 2886 2023 movetur,
2912 1960 3041 2011 ideo
3072 1960 3386 2024 extirpatur
3406 1961 3569 2013 radix
3595 1963 3724 2025 ejus
3739 1962 3809 2014 de

2211 2032 2360 2080 terra
2592 2030 2916 2081 viventium
2940 2032 3007 2080 Et
3030 2031 3317 2097 praevaluit
3340 2032 3401 2080 in
3426 2034 3666 2083 vanitate
3687 2049 3806 2083 sua.

2210 2100 2356 2161 Quid
2383 2105 2538 2152 enim
2564 2102 2772 2153 vanius
2796 2115 2863 2153 eo
2887 2103 2984 2165 qui
3000 2102 3131 2167 plus
3154 2104 3520 2167 putatvalere
3538 2120 3806 2155 nummum

2211 2184 2385 2233 quam
2398 2173 2623 2223 Deum?
2644 2175 2791 2236 Ergo
2809 2173 2920 2224 isto
2950 2174 3243 2237 damnato,
3274 2174 3408 2237 quid
3430 2175 3573 2228 dicis
3586 2177 3657 2228 de
3678 2180 3752 2240 te,
3777 2191 3810 2227 o

2208 2243 2430 2293 David?
2467 2243 2612 2305 Quid
2648 2244 2790 2295 dicis
2816 2244 2887 2295 de
2914 2247 2986 2309 te,
3023 2258 3055 2296 o
3079 2258 3288 2309 corpus
3314 2246 3521 2297 Christi
3546 2252 3570 2297 ει

2238 2313 2357 2367 .10.
2384 2314 2497 2377 Ego
2534 2321 2713 2363 autem
2765 2316 2899 2364 sicut
2932 2316 3071 2365 oliva
3094 2315 3381 2380 fructifera
3404 2318 3463 2366 in
3509 2319 3668 2368 domo
3692 2320 3806 2368 Dei.

2207 2385 2325 2448 Ego
2348 2398 2594 2437 manens
2617 2386 2673 2436 in
2702 2386 2975 2449 Ecclesia,
3009 2398 3140 2450 quae
3166 2393 3256 2438 est
3283 2388 3492 2439 domus
3515 2390 3637 2452 Dei,
3662 2390 3811 2441 sicut

2207 2456 2357 2508 oliva
2381 2456 2672 2509 fructifera
2695 2458 2753 2508 in
2777 2458 3128 2523 pinguedine
3153 2460 3405 2511 caritatis
3423 2466 3480 2511 et
3502 2461 3811 2513 fructiﬁca-

2209 2528 2361 2579 tione
2374 2529 2659 2579 bonorum
2677 2542 2936 2593 operum,
2956 2529 3181 2593 Speraui
3202 2544 3319 2582 non
3342 2532 3399 2582 in
3423 2532 3658 2597 divitiis,
3687 2534 3809 2584 sive

2205 2597 2542 2662 honoribus,
2581 2600 2682 2651 sed
2708 2601 2767 2648 in
2790 2600 3165 2649 misericordia
3196 2601 3292 2650 Dei
3316 2616 3329 2652 :
3357 2604 3475 2666 Ego
3501 2604 3660 2666 (dico)
3690 2616 3808 2667 per-

2209 2668 2511 2722 ducendus
2535 2672 2596 2719 in
2621 2676 2899 2722 aeternum.
2920 2674 2989 2723 Et
3014 2672 3123 2723 hoc
3147 2673 3384 2737 exponit
3412 2687 3546 2725 cum
3574 2675 3805 2726 subdit:

2205 2748 2248 2790 et
2266 2744 2325 2790 in
2340 2742 2593 2791 swculum
2605 2744 3089 2806 subsequutivum
3103 2744 3278 2809 hujus
3292 2746 3489 2797 saeculi.
3509 2748 3645 2795 Sicut
3669 2748 3810 2795 oliva

2203 2815 2465 2876 nequein
2481 2814 2687 2877 hyeme
2714 2826 2823 2876 neq
2833 2827 2902 2865 ue
2916 2814 2973 2865 in
2991 2821 3187 2867 aestate
3206 2829 3372 2868 suam
3388 2817 3600 2868 amittit
3618 2817 3812 2869 viridi-

2206 2888 2401 2949 tatem,
2430 2885 2513 2935 sic
2544 2888 2729 2936 sancti
2754 2886 2859 2937 viri
2888 2899 3078 2949 neque
3115 2888 3175 2938 in
3200 2888 3487 2953 prosperis
3521 2902 3713 2954 neque
3746 2890 3809 2941 in

2201 2956 2462 3007 adversis
2486 2958 2763 3008 amittunt
2793 2961 3075 3009 virtutum
3114 2959 3393 3011 decorem.

2264 3026 2349 3081 11.
2395 3027 2693 3091 Conﬁtebor
2738 3028 2832 3077 tibi
2872 3030 2930 3077 in
2958 3030 3228 3091 saeculum,
3262 3031 3396 3095 quia
3424 3031 3614 3094 fecisti.
3654 3033 3806 3095 Ergo

2199 3098 2332 3161 quia
2348 3112 2440 3149 me
2468 3099 2641 3151 talem
2664 3099 2870 3162 fecisti,
2905 3100 3034 3151 ideo
3056 3101 3302 3154 laudabo
3336 3108 3389 3153 te
3417 3102 3473 3153 in
3493 3107 3801 3155 aeternum.

2204 3172 2410 3234 Magna
2443 3170 2746 3231 confessio,
2773 3184 2986 3235 magna
3014 3174 3217 3236 gratiae
3244 3174 3667 3226 commendatio
3693 3180 3802 3239 est,

2203 3241 2389 3293 dicere
2422 3243 2560 3303 Deo,
2604 3244 2741 3301 Quia
2756 3244 2943 3306 fecisti.
2966 3244 3113 3305 Quid
3139 3247 3229 3296 est
3251 3246 3407 3309 quod
3424 3247 3601 3298 fecisti
3625 3251 3651 3297 ‘l
3679 3248 3804 3299 Uti-

2207 3326 2316 3377 que
2333 3313 2441 3365 hoc
2457 3314 2611 3377 quod
2633 3327 2737 3377 ego
2751 3315 2900 3365 sicut
2922 3315 3075 3366 oliva
3098 3317 3460 3369 fructiferain
3482 3318 3652 3369 domo
3676 3319 3801 3379 Dei,

2209 3384 2432 3447 speravi
2456 3385 2515 3435 in
2538 3385 2929 3436 misericordia
2952 3387 3074 3437 Dei.
3097 3388 3241 3438 Nam
3266 3388 3405 3451 quid
3426 3401 3531 3453 ego
3546 3389 3671 3446 feci.
3688 3389 3803 3440 nisi

2207 3455 2421 3506 malum
2433 3458 2459 3505 ί)
2471 3458 2625 3507 Deus
2637 3461 2832 3508 autem
2846 3462 2935 3511 est
2951 3458 3051 3520 qui
3067 3463 3333 3522 operatur
3346 3460 3406 3511 in
3421 3461 3586 3511 nobis
3602 3463 3803 3512 etvelle

2205 3530 2264 3577 et
2287 3528 2507 3590 operari
2541 3541 2642 3591 pro
2677 3528 2829 3579 bona
2862 3530 3158 3581 voluntate
3183 3531 3406 3596 (Philip.
3451 3530 3541 3594 “2.).
3568 3532 3636 3581 Et
3669 3532 3802 3584 ideo

2206 3610 2339 3648 cum
2364 3599 2629 3661 patientia
2640 3599 2919 3662 expectabo
2946 3616 3141 3650 nomen
3166 3607 3338 3665 tuum,
3366 3603 3533 3664 idest,
3558 3603 3800 3667 gloriam

2205 3674 2263 3719 et
2277 3670 2693 3721 deificationem
2714 3672 2965 3724 nominis
2984 3673 3067 3723 tui
3081 3688 3093 3723 :
3109 3673 3200 3725 vel
3209 3686 3421 3727 nomen
3433 3680 3598 3727 tuum
3608 3680 3798 3740 Iesum,

2203 3740 2371 3802 idest,
2390 3741 2770 3793 Salvatorem:
2807 3744 3075 3807 quoniam
3109 3743 3309 3795 bonum
3338 3752 3408 3795 est
3432 3748 3493 3795 in
3521 3754 3798 3810 conspectu

2202 3819 2516 3862 sanctorum
2552 3819 2790 3863 tuorum.
2806 3817 2929 3866 Non
2952 3815 3159 3867 dicitin
3173 3821 3790 3881 conspectuimpiorum,

2205 3883 2305 3935 sed
2323 3884 2382 3932 in
2394 3892 2671 3950 conspectu
2686 3892 2998 3935 sanctorum
3013 3888 3227 3939 bonum
3242 3901 3403 3941 essse
3416 3902 3625 3941 nomen
3639 3893 3800 3938 Domi-

2203 3955 2424 4007 ni.Non
2437 3956 2590 4007 enim
2604 3957 2813 4009 habent
2834 3958 3067 4010 oculum
3099 3964 3200 4011 aut
3223 3961 3475 4024 palatum
3509 3961 3714 4025 cordis,
3733 3966 3800 4013 ut

2205 4026 2399 4079 videre
2414 4032 2514 4079 aut
2529 4032 2764 4094 gustare
2777 4029 3005 4083 valeant
3019 4043 3193 4093 quam
3212 4033 3400 4084 bonus
3411 4036 3464 4084 et
3478 4044 3652 4097 quam
3666 4045 3801 4085 sua-

2202 4098 2296 4148 vis
2311 4103 2402 4150 est
2432 4099 2728 4151 Dominus.
2759 4103 2945 4152 Homo
2973 4102 3241 4153 nesciens
3267 4102 3405 4166 quid
3432 4103 3651 4168 sitmel,
3685 4103 3802 4156 nisi

2202 4170 2541 4233 gustaverit,
2566 4172 2903 4230 nescitquid
2923 4172 3093 4224 dicat.
3111 4174 3245 4224 Ideo
3265 4174 3453 4238 magis
3476 4174 3549 4226 ad
3573 4176 3800 4238 experi-

2202 4246 2460 4292 mentum
2486 4242 2742 4294 invitans
2760 4244 3040 4307 Psalmus,
3060 4244 3317 4305 Gustate,
3336 4246 3539 4310 inquit,
3561 4250 3617 4297 et
3633 4248 3801 4296 videte

2202 4313 2474 4375 quoniam
2513 4318 2710 4364 suavis
2755 4319 2842 4365 est
2887 4316 3180 4367 Dominus.
3227 4318 3310 4367 Ac
3346 4318 3394 4368 si
3422 4317 3611 4369 dicat:
3638 4318 3799 4371 Tunc

2201 4383 2470 4435 videbitis
2501 4384 2548 4436 si
2572 4386 2963 4446 gustaveritis.
2986 4388 3042 4438 Si
3053 4386 3193 4438 nihil
3216 4387 3378 4440 dulce
3404 4394 3559 4440 esset
3576 4394 3799 4454 marty-

2201 4455 2761 4519 ribus,nequaquam
2781 4462 2965 4509 tantas
2979 4458 3412 4512 tribulationum
3435 4463 3798 4511 amaritudines

2202 4538 2371 4589 aequo
2394 4529 2588 4579 animo
2614 4528 2936 4581 tolerarent.
2963 4532 3186 4582 Bonum
3199 4536 3289 4583 est
3310 4544 3523 4584 nomen
3552 4537 3712 4584 tuum
3736 4533 3798 4581 in

2195 4606 2470 4662 conspectu
2481 4605 2792 4649 sanctorum
2806 4607 3041 4652 tuorum.
3057 4604 3279 4654 Bonum
3292 4604 3551 4664 estmihj,
3566 4604 3797 4667 quando

2204 4670 2375 4721 audio
2400 4673 2574 4722 Deus.
2602 4673 2822 4723 Bonum
2847 4678 2937 4724 est
2960 4674 3121 4734 mihi,
3148 4675 3380 4738 quando
3402 4676 3575 4727 audio
3601 4678 3793 4727 Jesus.

2203 4742 2325 4792 Hoc
2349 4755 2564 4794 nomen
2575 4743 2770 4795 audire
2790 4751 3103 4808 possuntet
3123 4746 3256 4797 boni
3286 4752 3345 4799 et
3363 4747 3525 4799 mall:
3551 4760 3668 4799 non
3689 4758 3796 4798 au-

2199 4816 2311 4863 tem
2337 4816 2571 4878 gustare
2594 4815 2707 4865 nisi
2733 4817 2937 4867 sancti.
2965 4819 3034 4868 Et
3050 4822 3263 4881 quanto
3277 4820 3523 4883 quisque
3548 4820 3798 4871 sanctior

2197 4890 2304 4947 est,
2324 4890 2483 4937 tanto
2499 4886 2727 4938 dulcius
2749 4892 2805 4939 et
2839 4889 3080 4940 suavius
3103 4893 3254 4954 sapit
3268 4904 3479 4942 nomen
3490 4892 3717 4943 Domini
3734 4893 3794 4943 in

2194 4956 2362 5007 corde
2387 4960 2434 5020 ej
2447 4970 2533 5008 us.
2558 4958 2740 5010 Tanto
2752 4959 2927 5011 etiam
2945 4961 3257 5024 patientius
3281 4965 3338 5014 et
3357 4962 3796 5014 desiderabilius

2195 5032 2478 5093 expectat,
2529 5033 2594 5081 ut
2627 5030 2857 5082 tandem
2896 5032 3090 5084 videre
3123 5039 3412 5086 mereatur
3454 5034 3608 5099 quod
3639 5037 3796 5087 amat

2541 5164 2906 5230 TITULUS
2942 5166 3266 5231 PSALMI
3297 5168 3436 5232 LII.

2257 5288 2377 5337 lJn
2399 5288 2563 5350 ﬁnem
2576 5303 2673 5350 pro
2691 5289 2980 5340 Mahalath
3008 5291 3501 5343 intellectusDavid.
3530 5296 3624 5342 Iste
3651 5297 3797 5343 intel-

2192 5353 2348 5399 lectus
2374 5354 2668 5399 attribuitur
2694 5355 2864 5407 David,
2903 5356 2954 5400 id
2986 5362 3077 5415 est,
3103 5358 3296 5405 Christo
3339 5358 3573 5405 invitanti
3601 5372 3712 5414 nos,
3738 5360 3787 5405 id

2191 5420 2281 5481 est,
2309 5416 2363 5460 in
2393 5415 2789 5481 conformitntem
2809 5418 2888 5464 sui
2913 5418 3075 5481 ipsius
3099 5421 3186 5478 qui
3206 5421 3407 5467 esttl'iis
3434 5421 3576 5477 legis.
3605 5423 3789 5481 Propo-

2192 5479 2329 5523 nilur
2345 5478 2492 5541 nobis
2510 5478 2640 5523 idem
2667 5480 2896 5526 Christus
2911 5480 2961 5525 in
2978 5482 3070 5529 hoc
3088 5483 3362 5530 Psalmo.ad
3380 5478 3763 5541 intelligendum
3776 5520 3786 5539 ,

2189 5546 2243 5585 ut
2269 5541 2323 5586 in
2356 5540 2523 5597 ipsum
2551 5541 2772 5599 quitinis
2799 5543 2925 5601 legis
2949 5549 3038 5600 est,
3070 5547 3482 5592 transformemur
3510 5563 3520 5593 :
3549 5540 3602 5593 ut
3625 5548 3790 5592 creda-

2190 5616 2302 5669 mus
2326 5615 2442 5669 eum
2469 5616 2575 5669 esse
2616 5605 2836 5669 salutare
2874 5607 3042 5655 Israel.
3071 5608 3315 5667 Christus,
3346 5610 3475 5669 dico,
3522 5623 3675 5664 agens
3700 5622 3788 5667 pro

2188 5664 2453 5720 Mahalath,
2492 5665 2541 5710 id
2578 5671 2668 5725 est,
2694 5668 2804 5713 vice
2828 5670 3152 5726 parturientis
3183 5673 3257 5716 vel
3283 5664 3512 5718 dolentis.
3546 5664 3784 5718 Malialatlt

2186 5728 2323 5772 enim
2350 5728 2703 5795 interpretatur
2716 5728 2898 5777 dolens
2920 5731 3025 5778 sive
3040 5732 3354 5795 parturiens
3382 5736 3493 5781 :sed
3521 5735 3788 5781 111111111οΠ0-

2185 5793 2316 5856 ctum
2349 5791 2561 5856 dolentis
2592 5792 2672 5837 vel
2717 5791 3058 5853 parturientis,
3099 5796 3288 5843 scilicet
3323 5798 3593 5856 arguendo,
3620 5796 3784 5844 incre-

2185 5853 2631 5917 pandoJudaicam,
2645 5856 2924 5918 perﬁdiam,
2939 5857 3001 5904 de
3015 5864 3249 5906 vetustate
3266 5859 3317 5905 in
3335 5853 3604 5907 ndvitatem
3625 5865 3785 5907 trans-

2188 5918 2717 5983 l'ormaresatagentis.
2739 5919 2902 5965 Filioli
2930 5920 3190 5980 mei,quos
3220 5924 3397 5969 iterum
3431 5924 3655 5983 parturio
3674 5924 3781 5981 (11(ιο

2183 5983 2251 6025 est
2290 5992 2378 6037 pro
2402 5980 2667 6042 Mahalalh)
2695 5982 2850 6028 donec
2876 5983 3115 6031 formetur
3139 5985 3372 6033 Christus
3401 5980 3453 6031 in
3489 5986 3628 6031 vobis
3653 5980 3781 6046 (Ga-
