3890 6370
86 406 240 545 ῗὸῚ

92 587 379 644 populus,
405 599 505 633 non
530 600 843 647 cognoscens
870 592 1275 641 Deum.Intendit
1297 587 1459 638 autem
1482 592 1651 650 ipsum
1665 605 1746 639 ca-

91 653 223 720 Eut
260 654 488 720 nostrum
526 650 580 696 in
628 652 733 720 hoc_
770 654 964 711 psalmo
990 654 1245 720 confutare
1269 668 1352 701 eos
1377 655 1465 714 qui
1491 656 1746 703 Christum

94 710 408 757 Dominum
431 725 538 758 esse
590 710 838 770 negabant
865 728 878 764 :
919 718 1190 764 ostendens
1228 731 1310 764 eos
1333 710 1680 764 consummare
1702 720 1749 761 et

97 793 246 827 esse
273 788 552 845 corruptos,
806 791 853 833 et
897 787 964 833 ita
1008 788 1101 834 abo
1125 788 1393 835 minabiles
1420 801 1527 835 esse
1551 790 1668 847 Deo,
1694 792 1749 833 ut

100 853 315 917 nullus
342 854 546 901 illorum
573 855 719 902 faciat
742 854 1121 917 l)onum,donec
1147 863 1500 907 convertantur
1517 860 1746 906 adunum

96 916 327 989 scilicet
362 917 422 962 ad
457 920 636 989 Deum.
661 919 886 989 Qstendit
912 916 1288 989 etia_m_propte_r
1309 923 1630 989 quorundam
1652 921 1749 966 ini-

93 982 372 1044 quitates,
396 982 612 1044 rationes
637 984 683 1026 et
706 995 879 1028 eorum
906 984 1173 1030 arbitrium
1205 998 1233 1031 a
1252 986 1348 1030 Deo
1373 984 1744 1044 dissipandum,

100 1046 174 1086 et.
204 1042 345 1097 ipsos
369 1041 514 1087 etiam
542 1045 593 1089 in
613 1048 849 1090 aeternum
874 1047 1181 1104 puniendos:
1202 1048 1365 1106 justos
1397 1041 1517 1094 vero
1537 1046 1746 1093 salutem

93 1108 508 1152 consecuturos.
536 1106 615 1152 Sic
647 1119 767 1164 ergo
784 1107 999 1166 incipit:

647 1229 1050 1295 PSALMUS
1096 1230 1234 1295 LII.

191 1351 245 1406 2.
283 1352 431 1406 Dimit
447 1353 711 1419 insipiens
724 1354 781 1403 in
796 1356 950 1405 corde
965 1371 1079 1419 suo,
1103 1356 1224 1406 Non
1243 1362 1314 1405 est
1330 1357 1487 1406 Deus.
1500 1355 1749 1407 IstePsal-

100 1435 293 1487 mus,
332 1426 468 1490 quia
498 1426 620 1487 jam
666 1427 931 1491 superius
965 1428 1263 1492 expositus
1296 1433 1386 1480 est
1430 1427 1591 1491 (Psat.
1618 1424 1745 1490 13.),

103 1497 498 1560 expositione
511 1510 627 1548 non
645 1498 883 1562 indiget,
902 1505 1112 1563 praeter
1122 1500 1277 1550 hunc
1294 1512 1476 1551 unum
1488 1510 1748 1557 versum,

105 1568 234 1629 qui
249 1581 368 1619 non
394 1573 483 1620 est
510 1570 571 1619 in
601 1570 881 1634 superiori
906 1572 1127 1634 psalmo
1154 1572 1340 1635 [Vers.
1368 1571 1443 1635 6.]
1476 1570 1749 1629 Quoniam

108 1638 276 1714 ecus
317 1640 602 1714 dissipavit
639 1656 758 1714 ossa
803 1657 991 1714 conum
1040 1643 1156 1714 qui.
1174 1641 1501 1714 hominibus
1519 1641 1748 1705 placent.

106 1702 468 1753 Voluerunt
505 1702 841 1755 hominibus
874 1702 1062 1756 Judaei
1104 1704 1327 1768 placere
1353 1702 1538 1768 magis
1574 1715 1750 1767 quam

99 1773 270 1837 Deo,
295 1774 532 1838 quando
543 1774 835 1835 dixerunt,
854 1777 982 1826 Non
994 1776 1274 1828 habemus
1291 1788 1486 1839 regem
1500 1775 1613 1826 nisi
1629 1775 1750 1826 Cae-

103 1856 344 1920 s_arem._
363 1847 462 1920 .E_t_
485 1845 694 1920 iterum
713 1862 732 1920 _:
759 1847 815 1898 Si
841 1847 1084 1920 dimittis
1109 1860 1260 1920 eum,
1286 1860 1412 1920 non
1427 1859 1488 1898 es
1518 1846 1742 1920 amicus
1771 1848 1824 1920 Β

106 1916 382 1968 Caesaris
409 1916 587 1979 (Joan.
620 1917 746 1981 19.).
773 1918 1085 1982 Apostolus
1111 1918 1249 1969 dicit
1282 1919 1378 1970 :Si
1399 1917 1733 1968 hominibus

106 1988 441 2052 placerem,
468 1988 675 2040 Christi
702 2002 907 2041 servus
930 2002 1047 2041 non
1073 2003 1262 2042 essem
1292 1990 1483 2054 (Gatat.
1513 1989 1604 2051 1.).
1627 1989 1734 2050 Qui

107 2072 269 2125 ergo
294 2060 628 2112 hominibus
653 2061 873 2124 placere
893 2064 1246 2126 appetentes,
1272 2061 1581 2112 noluerunt
1603 2073 1734 2112 esse

108 2131 290 2181 servi
319 2130 527 2182 Christi
545 2145 557 2180 :
579 2136 876 2196 propterea
891 2134 1045 2184 Deus
1062 2145 1197 2183 ossa
1213 2144 1413 2183 eorum
1431 2131 1737 2195 dissipavit

107 2198 304 2262 idest,
344 2203 586 2253 virtutes
622 2202 832 2255 animm
869 2221 879 2251 :
922 2208 979 2255 et
1003 2203 1302 2254 interiores
1328 2215 1555 2265 sensus,
1582 2201 1735 2252 scili—

111 2277 224 2322 cet
247 2274 528 2327 rationem
560 2278 618 2325 et
641 2273 1018 2339 intellectum,
1044 2274 1384 2325 memoriam
1408 2278 1466 2324 et
1485 2272 1596 2323 alia
1624 2272 1734 2323 hu-

108 2344 391 2407 jusmodi
414 2345 475 2396 in
498 2345 584 2396 eis
608 2346 896 2397 destruxit
921 2361 933 2397 :
961 2358 1094 2409 quae
1118 2346 1245 2397 ideo
1281 2357 1417 2397 ossa
1446 2344 1734 2406 dicuntur,

117 2415 273 2479 quia
291 2416 441 2468 sicut
463 2417 695 2468 ossibus
709 2428 857 2471 caro.
877 2416 957 2469 ita
971 2417 1291 2469 virtutibus
1304 2416 1495 2467 anima
1512 2420 1738 2469 susten-

116 2491 312 2539 tatur.
342 2488 447 2538 Con
455 2489 567 2551 fusi
589 2493 715 2537 sunt
735 2493 929 2540 autem
947 2489 1162 2540 amisso
1179 2487 1301 2539 loco
1314 2492 1368 2538 et
1384 2492 1576 2551 gente,
1593 2492 1739 2547 atque

118 2571 239 2621 per
277 2571 480 2610 omnes
518 2564 698 2611 terras
726 2561 786 2611 in
826 2560 1227 2624 captivitatem
1253 2558 1513 2621 dispersi.
1539 2560 1608 2609 Et
1629 2557 1742 2610 hoc

111 2630 265 2682 ideo
289 2631 685 2696 contingiteis,
705 2631 977 2689 Quoniam
996 2632 1135 2681 Deus
1150 2630 1343 2695 sprevit
1356 2645 1455 2680 eos.
1470 2628 1585 2693 Ipsi
1609 2629 1740 2677 enim

118 2701 301 2766 prius
347 2714 479 2752 eum
528 2708 882 2767 spreverant,
932 2703 1080 2754 sicut
1122 2703 1245 2766 ipse
1276 2714 1373 2765 per
1398 2700 1742 2765 Prophetam

118 2785 314 2826 suum
335 2772 516 2825 dixit:
548 2774 717 2825 Filios
746 2774 997 2825 enutrivi
1034 2779 1092 2826 et
1111 2773 1381 2836 exaltavi,
1419 2772 1529 2836 ipsi
1549 2776 1746 2823 autem

115 2849 477 2909 spreverunt
498 2858 592 2897 me
611 2846 750 2910 (Isai.
773 2846 865 2909 1.).
898 2845 1043 2908 Quia
1054 2859 1186 2910 ergo
1204 2847 1545 2909 spreverunt
1559 2845 1745 2894 Deum

112 2916 297 2979 justo
319 2916 736 2982 omnipotentis
761 2916 1096 2982 Deijudicio
1122 2916 1290 2980 spreti
1315 2920 1471 2966 sunt.

457 3031 831 3096 TlTULUS
873 3032 1031 3096 PSA
1049 3031 1204 3095 LMI
1251 3030 1422 3095 LIII.

205 3169 251 3216 1.
266 3168 313 3212 et
325 3161 374 3217 ἓ,
390 3164 452 3213 In
465 3165 648 3227 ﬁnem,
663 3164 724 3212 in
740 3163 1073 3213 carminibus
1084 3161 1557 3227 intellectusDauid
1573 3161 1715 3227 [Ve‘rs
1729 3192 1741 3203 .

1141 416 1215 467 IN
1252 415 1581 467 PSALMOS
1615 412 1824 466 LXXV
1859 413 2451 465 COMMENTARIUS.

3332 415 3438 471 858

121 522 616 601 9844:),‘liocestin
634 525 802 573 tinem.
838 529 1291 601 Materlsestbujus
1313 529 1495 601 psalmi
1506 528 1753 587 insipiens
1773 528 1828 601 Α
1851 525 1977 601 lica,
2001 525 2330 601 Salvumme
2359 526 2467 591 fac,
2497 524 2912 601 res_uscitando_.
2944 525 3013 576 Et
3034 526 3101 601 in
3123 528 3317 577 virtute
3346 534 3441 578 tua

1841 597 2035 661 judica
2058 613 2158 660 me,
2183 597 2349 659 idest,
2378 597 2694 649 secundum
2713 601 2831 650 tum
2847 597 3081 650 virtutis
3094 600 3439 649 excellentiam

1847 673 2066 721 crescat
2082 668 2364 729 judicium
2382 681 2578 721 meum
2605 686 2615 719 :
2642 673 2707 720 ut
2721 681 2923 721 omnes
2942 668 3275 722 discernant
3285 672 3342 722 et
3356 684 3444 723 co-

1847 745 2148 805 gnoscant,
2198 740 2336 803 quia
2367 745 2432 792 tu
2474 754 2568 792 me
2611 741 2825 793 misisti
2874 740 3052 805 (Joan.
3089 740 3216 805 11.).
3247 744 3316 793 Et
3336 743 3444 795 erit

1844 812 2055 874 (inquit
2066 810 2360 875 Propheta)
2376 812 2723 876 quicumque
2733 812 3089 864 invocaverit
3104 824 3321 865 nomen
3336 816 3442 866 Do-

1846 883 2006 945 mini,
2057 881 2254 934 salvus
2297 883 2404 933 erit
2436 884 2604 944 (Rom.
2640 883 2732 946 10;
2783 882 2954 934 Johel.
2980 882 3070 945 “2.).
3097 885 3440 936 Invocemus

1847 966 1980 1018 ergo
2004 965 2216 1005 nomen
2240 953 2486 1012 Domini,
2510 958 2576 1005 ut
2606 953 2897 1005 salvemur
2923 954 3051 1017 (Act.
3079 952 3169 1016 2.).
3197 954 3352 1014 Deus,
3379 955 3440 1004 in

1848 1025 2067 1073 nomine
2094 1029 2202 1088 tuo,
2227 1024 2393 1085 idest,
2418 1037 2519 1088 per
2542 1025 2967 1078 invocationem
2992 1025 3176 1076 sancti
3193 1025 3443 1077 nominis

1848 1096 1951 1157 tui,
1993 1095 2218 1147 salvum
2256 1108 2349 1147 me
2373 1095 2459 1146 fac
2482 1108 2517 1147 a
2538 1096 2786 1160 peccatis
2813 1111 2826 1146 :
2862 1097 2929 1145 Et
2954 1096 3011 1144 in
3036 1096 3248 1155 virtute,
3269 1096 3443 1161 idest,

1846 1167 1908 1218 in
1931 1166 2183 1230 potentia
2205 1171 2316 1227 tua,
2343 1179 2459 1230 qua
2476 1167 2842 1231 judicaturus
2867 1180 2928 1218 es
2953 1167 3118 1218 vivos
3134 1172 3443 1229 etmortuos,

1838 1238 2035 1302 judica
2062 1253 2162 1301 me,
2188 1238 2358 1302 idest,
2383 1238 2644 1291 discerne
2665 1251 2699 1290 a
2721 1239 2908 1289 malis.
2928 1238 3257 1290 Notandum
3288 1239 3443 1302 quod

1845 1310 2006 1374 prius
2035 1310 2178 1373 petit
2202 1309 2411 1363 salvari
2427 1310 2487 1362 in
2508 1310 2761 1372 nomine,
2783 1309 2989 1362 deinde
3002 1310 3264 1374 judicare
3278 1311 3335 1361 in
3348 1313 3446 1359 vir-

1848 1385 1990 1433 tute.
2016 1382 2162 1432 Nam
2195 1394 2365 1444 quem
2390 1381 2450 1433 in
2480 1382 2714 1433 nomine
2739 1382 3080 1446 precedente
3111 1380 3443 1445 salvaverit,

1847 1455 1907 1504 in
1931 1453 2146 1505 virtute
2162 1453 2551 1516 subsequente
2562 1453 2868 1505 salubriter
2884 1453 3185 1517 judicabit.
3200 1453 3442 1504 Securus

1848 1530 1974 1577 esto
1989 1541 2000 1576 :
2010 1524 2297 1589 judicium
2318 1525 2458 1576 illud
2474 1537 2592 1577 non
2616 1525 2719 1577 tibi
2734 1525 2842 1576 erit
2865 1525 3104 1589 punitio,
3120 1524 3222 1576 sed
3239 1524 3446 1579 discre-

1847 1596 1943 1647 tio.
1996 1598 2066 1648 Et
2109 1597 2258 1647 hanc
2301 1596 2617 1648 orationem
2664 1609 2841 1659 quam
2874 1596 2947 1647 ad
2980 1597 3206 1648 Patrem
3243 1596 3439 1659 mittit,

1847 1668 2105 1720 exaudiri
2126 1669 2383 1733 postulat
2399 1681 2552 1731 ,cum
2578 1669 2705 1733 subj
2715 1669 2881 1731 ungit
2906 1682 2919 1718 :

1911 1739 1962 1793 4.
2004 1740 2144 1789 Deus
2186 1741 2391 1790 exaudi
2438 1741 2739 1789 orationem
2773 1754 2966 1789 meam.
2995 1741 3158 1790 Hanc
3179 1739 3444 1791 videlicet

1850 1822 2023 1873 quam
2040 1810 2318 1874 prmmisit
2340 1810 2411 1862 de
2436 1812 2622 1862 salute
2645 1815 2703 1862 et
2717 1811 2952 1875 judicio.
2976 1809 3216 1859 Auribus
3232 1811 3443 1874 percipe

1848 1882 2006 1931 verba
2016 1883 2126 1931 oris
2157 1884 2278 1946 mei,
2302 1882 2467 1942 idest,
2478 1883 2662 1947 ipsam
2678 1883 2996 1934 orationem
3010 1882 3266 1933 habitam
3277 1884 3441 1943 corde,

1831 1955 1888 2005 et
1912 1953 2198 2017 prolatam
2222 1966 2380 2005 voce.
2411 1953 2693 2006 Dominus
2736 1966 2856 2005 non
2876 1952 3053 2004 habet
3091 1953 3232 2004 alias
3255 1964 3443 2016 aures,

1832 2024 1945 2076 nisi
1968 2025 2213 2087 gratiam
2235 2029 2292 2075 et
2314 2024 2765 2076 misericordiam
2792 2037 2979 2075 suam.
3001 2025 3070 2076 Et
3089 2036 3221 2075 cum
3233 2023 3445 2075 dicitur

1833 2096 2076 2146 Auribus
2103 2098 2334 2162 percipe,
2368 2110 2487 2148 non
2510 2097 2851 2160 intelligitur
2872 2096 3025 2148 aliud
3040 2096 3172 2155 nisi,
3198 2095 3444 2147 Attende

1833 2172 1892 2221 et
1915 2170 2252 2221 memoriter
2283 2181 2350 2220 ac
2387 2168 2837 2220 misericorditer
2859 2167 3010 2219 audi.
3040 2167 3097 2219 Si
3121 2167 3270 2218 enim
3300 2179 3437 2219 aure

1832 2241 2124 2305 percipiat,
2164 2245 2228 2292 ut
2276 2239 2725 2292 misericorditer
2756 2239 2973 2302 audiat,
3010 2239 3195 2290 securi
3234 2251 3442 2290 sumus

1834 2312 1991 2375 quod
2008 2311 2322 2363 orationem
2338 2315 2595 2363 nostram
2610 2311 2884 2363 exaudiet
2896 2311 3261 2362 Dominus.ln
3278 2311 3440 2370 primo

1834 2396 1971 2447 ergo
2017 2396 2192 2435 versu
2242 2383 2307 2433 fit
2345 2383 2525 2434 oratio
2569 2395 2671 2447 pro
2713 2381 2917 2442 salute,
2941 2382 2999 2433 in
3023 2380 3277 2433 secundo
3303 2393 3441 2432 vero

1839 2467 2015 2506 versu
2045 2454 2110 2505 tit
2135 2454 2316 2505 oratio
2339 2454 2412 2505 ad
2436 2453 2960 2505 commendandam
2983 2452 3297 2505 orationem
3325 2452 3440 2503 fac-

1839 2530 1977 2586 tam,
2004 2527 2061 2577 et
2083 2524 2157 2578 ad
2181 2525 2527 2589 captandam
2561 2525 3022 2577 benevolentiam
3058 2523 3177 2575 Dei.
3222 2522 3442 2575 Deinde

1838 2597 2000 2662 ponit
2021 2609 2290 2648 caussam
2313 2609 2488 2660 quare
2517 2596 2593 2648 sit
2614 2595 2919 2658 orandum,
2933 2594 3158 2647 dicens:

1901 2667 1951 2722 5.
1991 2668 2265 2727 Quoniam
2289 2667 2458 2717 alieni
2488 2667 3208 2717 insurrexeruntadversum
3230 2677 3334 2716 me.
3359 2666 3443 2715 In-

1841 2743 2228 2791 surrexerunt
2257 2739 2411 2791 enim
2429 2739 2637 2803 Judmi,
2663 2742 2729 2791 ut
2750 2738 3199 2790 adversarentur
3217 2736 3442 2788 Christo

1841 2811 2022 2875 (Joan.
2052 2810 2181 2873 10.).
2218 2810 2405 2863 Alieni
2430 2810 2681 2874 quidem,
2696 2810 2745 2861 si
2767 2822 2885 2861 non
2908 2821 3116 2873 genere
3139 2813 3195 2860 et
3214 2812 3438 2867 natura,

1842 2882 2099 2933 moribus
2117 2886 2313 2934 tamen
2324 2884 2380 2934 et
2392 2881 2530 2934 vita.
2549 2883 2620 2933 Et
2634 2893 2750 2933 non
2768 2886 2994 2933 tantum
3005 2879 3194 2933 minor
3203 2881 3440 2940 populus,

1843 2952 1946 3005 sed
1978 2958 2023 3002 et
2058 2953 2221 3015 fortes
2258 2954 2586 3018 quaesierunt
2618 2954 2870 3002 animam
2890 2968 3086 3002 meam.
3116 2952 3274 3004 Sicut
3296 2950 3441 3001 scri-

1844 3029 2007 3089 ptum
2031 3030 2121 3076 est
2147 3039 2160 3075 :
2184 3026 2368 3089 Reges
2390 3029 2557 3076 terrae
2577 3028 2635 3074 et
2657 3024 2942 3087 principes
2964 3026 3360 3074 convenerunt
3381 3020 3440 3072 in

1851 3108 2030 3147 unum
2055 3100 2111 3147 et
2134 3096 2417 3147 adversus
2449 3096 2759 3146 Dominum
2784 3100 2843 3146 et
2859 3093 3136 3145 adversus
3150 3092 3442 3144 Christum

1848 3169 1973 3232 ejus
2000 3168 2160 3230 (Psal.
2186 3166 2275 3231 (2.).
2303 3169 2499 3219 Fortes
2527 3179 2662 3230 ergo
2688 3166 3008 3218 secundum
3033 3165 3360 3230 superbiam
3383 3168 3443 3215 et

122 3226 348 3303 2ε]ριιξπ
360 3221 882 3303 υεηξεξεηίίρὴαεέι
906 3232 952 3276 εί
973 3221 1622 3303 ιὲῥετξξεεηέβξιξιμείγρηῖῖε
1640 3224 1738 3303 ‘09-
1765 3221 1814 3296 C
1841 3221 2154 3303 potentiam
2197 3221 2411 3289 saeculi.
2457 3237 2525 3287 Et
2554 3221 2667 3287 non
2691 3242 3091 3302 proposuerunt
3107 3221 3287 3284 .Deum
3316 3239 3441 3283 ante

121 3289 228 3340 vid
250 3289 592 3349 absconditus
616 3296 686 3339 est
699 3289 851 3353 apud
862 3289 960 3339 nos
984 3291 1046 3352 (t.
1067 3290 1190 3352 Reg.
1207 3289 1743 3353 23.)?1ntellectushu7

119 3357 220 3413 jus
247 3354 430 3412 psalmi
453 3350 804 3401 attribuend‘us
828 3360 901 3401 est
926 3350 1098 3416 David,
1125 3350 1175 3399 id
1202 3357 1291 3407 est,
1313 3350 1740 3416 Cliristoitendenti

122 3412 189 3463 in
208 3416 381 3474 ﬁnem,
401 3416 450 3463 id
480 3422 569 3479 est,
594 3418 647 3463 in
664 3416 1019 3475 perfectionem
1047 3412 1151 3463 sum
1166 3414 1659 3479 obedientiaa._E_thoc
1683 3412 1738 3479 in

122 3480 472 3536 carminibus,
495 3475 661 3540 id'est,
675 3480 727 3525 in
744 3480 1062 3537 jucunditate
1082 3494 1092 3527 :
1111 3479 1231 3538 quia
1243 3478 1344 3523 vita
1358 3477 1554 3524 Domini
1572 3475 1737 3540 nostri

126 3541 416 3599 disciplina
448 3543 542 3588 fuit
569 3539 764 3589 morum
787 3557 797 3589 :
841 3543 961 3602 quia
991 3542 1126 3601 quod
1166 3542 1271 3600 ipse
1298 3541 1498 3599 intellit,
1523 3543 1569 3585 et
1592 3539 1739 3584 nobis

128 3605 531 3661 intelligendum
569 3606 847 3664 proposuit.
884 3605 1015 3659 Quid
1060 3609 1223 3650 autem
1260 3603 1544 3649 intellexit?
1570 3602 1740 3664 Perse-

126 3667 418 3713 vorandum
448 3668 502 3713 in
528 3663 962 3728 la’udibus,usque
983 3668 1035 3714 in
1063 3668 1231 3714 ﬁnem.
1262 3667 1470 3719 Quando
1492 3664 1586 3710 hoc
1602 3663 1747 3710 intel-

127 3729 264 3777 lexit
288 3732 312 3776 ?
358 3730 569 3783 Quando
591 3730 753 3777 Judaei
774 3730 826 3776 in
844 3732 935 3776 hoc
968 3730 1153 3776 smculo
1170 3732 1358 3774 tantum
1376 3729 1605 3775 ﬂorentes
1634 3739 1744 3785 pro-

132 3792 518 3840 diderunteum
549 3793 717 3850 morti,
736 3797 782 3837 et
808 3793 958 3839 Deum
985 3792 1038 3837 in
1065 3791 1269 3837 homine
1289 3790 1521 3836 latentem
1547 3789 1745 3835 credere

128 3855 435 3903 noluerunt.
470 3856 589 3908 Quae
622 3855 840 3914 proditio
873 3855 965 3900 fuit
988 3854 1322 3913 praefigurata,
1349 3866 1463 3898 cum
1491 3850 1740 3914 venissent

128 3918 351 3978 Ziphtei,
390 3922 436 3963 et
472 3912 718 3963 dixissent
759 3918 915 3972 Sauli,
952 3912 1300 3978 NanneDavid
1324 3912 1649 3978 absconditus
1667 3916 1744 3978 est

127 3980 275 4039 apud
322 3975 414 4027 nos
444 3978 510 4039 (1.
548 3979 670 4041 Reg.
711 3978 849 4039 23,)?
882 3980 1032 4025 Vicus
1053 3977 1261 4037 quidam
1286 3981 1389 4022 erat
1409 3975 1532 4041 Ziph
1559 3975 1745 4041 :cujus

131 4037 458 4089 habitatores
473 4043 520 4089 Zi
531 4037 660 4101 pha'ai
682 4056 693 4090 :
720 4037 785 4087 in
798 4037 946 4099 Cujus
962 4041 1166 4100 regione
1182 4054 1234 4085 se
1257 4039 1577 4086 absconderat
1590 4037 1743 4101 David

132 4119 257 4153 cum
284 4118 398 4151 eum
424 4098 571 4151 vellet
596 4105 712 4151 Saul
730 4098 960 4151 invenire
980 4098 1034 4150 et
1049 4103 1289 4149 occidere.
1318 4101 1403 4148 Isti
1418 4113 1534 4159 ergo
1552 4098 1744 4159 Ziphzei

131 4181 258 4215 cum
286 4168 384 4217 hoc
401 4167 771 4225 cognovissent,
797 4167 1125 4224 prodiderunt
1146 4177 1257 4211 eum
1284 4166 1389 4223 regi
1416 4162 1740 4222 persecutori,

133 4232 366 4278 dicentes
391 4246 404 4279 :
433 4230 605 4276 Nonne
647 4243 758 4276 ecce
802 4230 957 4276 David
1000 4227 1326 4275 absconditus
1350 4233 1421 4273 est
1444 4226 1575 4285 apud
1602 4238 1693 4270 nos
1720 4226 1742 4269 ?

130 4291 280 4342 Nihil
321 4292 525 4350 quidem
570 4292 756 4351 profuit
789 4292 895 4338 illis
929 4291 1143 4351 proditio
1166 4302 1333 4336 eorum
1362 4302 1373 4338 :
1403 4295 1449 4335 et
1472 4288 1571 4347 ipsi
1591 4286 1744 4333 David

136 4354 280 4403 nihil
303 4354 477 4402 obfuit.
504 4356 723 4412 Namque
749 4355 954 4400 animus
979 4366 1147 4399 eorum
1168 4352 1424 4410 malignus
1442 4352 1747 4412 demonstra-

136 4426 224 4466 tus
249 4422 341 4463 est.
368 4417 490 4475 Ziph
516 4411 867 4475 interpretatur
904 4415 1015 4477 ﬂos.
1044 4416 1160 4462 Inde
1185 4415 1424 4460 dicuntur
1448 4412 1654 4477 Ziphaai,
1690 4411 1743 4457 id

132 4486 234 4536 est,
259 4477 499 4539 ﬂorentes
526 4495 535 4526 :
565 4492 653 4537 per
681 4493 807 4538 quos
831 4476 1160 4537 designantur
1181 4476 1360 4533 Judrei,
1396 4477 1486 4534 qui
1507 4476 1747 4539 ﬂorebant

137 4536 503 4600 temporalibus
554 4536 717 4588 bonis.
768 4544 857 4588 Per
891 4536 1009 4587 Saul
1033 4540 1340 4597 intelligitur
1370 4552 1519 4584 mors.
1557 4536 1744 4595 Ζίριιωὶ

133 4599 258 4663 ergo
296 4605 627 4663 prodiderunt
673 4605 823 4650 David
860 4604 1016 4662 Sauli,
1066 4603 1185 4661 quia
1229 4600 1391 4647 διιᾱωὶ
1433 4599 1747 4663 tradiderunt

1842 3317 2178 3375 conspectum
2194 3310 2439 3362 suum.Si
2455 3310 2610 3361 enim
2627 3311 3340 3373 cognovissentmumquam
3354 3310 3444 3355 Do-

1842 3383 2066 3434 minum
2092 3381 2292 3445 glorim
2320 3380 2744 3432 cruciﬁxissent
2761 3379 2828 3442 (1.
2859 3380 2978 3430 Cor.
2996 3378 3084 3441 2.).
3104 3377 3236 3429 Fuit
3251 3377 3445 3439 itaque

1842 3464 2049 3505 caussa
2074 3452 2220 3504 tanti
2244 3451 2465 3516 peccati
2479 3451 2712 3504 caecitas
2725 3450 2915 3502 cordis
2927 3455 2982 3501 et
2996 3449 3323 3501 inﬁdelitas.
3344 3450 3447 3497 Cae-

1843 3524 2033 3576 citatis
2056 3537 2192 3576 vero
2220 3535 2431 3574 caussa
2454 3522 2565 3574 fuit
2584 3521 2867 3586 superbia.
2891 3522 2994 3574 Vae
3006 3520 3226 3573 homini
3246 3518 3447 3580 illi,qui

1841 3609 1958 3648 non
1991 3596 2154 3660 ponit
2186 3597 2373 3647 Deum
2393 3601 2527 3646 ante
2552 3598 2923 3657 conspectum
2949 3605 3137 3644 suum.
3168 3592 3313 3642 Nam
3338 3592 3444 3640 Do-

1843 3668 2037 3718 minus
2074 3670 2166 3718 est
2208 3665 2549 3718 illuminatio
2582 3670 2798 3717 nostra.
2830 3661 3003 3731 265
3030 3662 3267 3726 Quando
3297 3662 3447 3712 enim

1843 3740 2016 3790 homo
2040 3737 2330 3801 intelligit,
2355 3736 2727 3788 illuminatur.
2750 3737 2990 3797 Quando
3008 3732 3326 3797 intelligere
3347 3744 3447 3783 ne-

1843 3810 2024 3874 gligit,
2050 3808 2390 3859 tenebratur
2417 3825 2428 3856 :
2455 3811 2511 3859 et
2534 3808 2616 3858 sic
2639 3807 2841 3858 incidit
2862 3808 2923 3857 in
2946 3817 3196 3858 errorem
3213 3815 3446 3856 omnem

1844 3886 1901 3933 et
1937 3880 2321 3943 iniquitatem.
2365 3879 2467 3929 Isti
2506 3882 2645 3929 sunt
2674 3877 2861 3938 alieni,
2886 3877 2987 3940 qui
3022 3878 3446 3940 persequuntur

1843 3964 2050 4016 corpus
2097 3949 2325 4001 Christi.
2360 3951 2485 4000 Non
2517 3950 2669 4001 enim
2697 3953 2837 4000 sunt
2863 3960 2897 3999 a
2921 3950 3059 4011 Deo,
3086 3946 3188 3998 sed
3216 3958 3252 3997 a
3281 3947 3446 3997 Patre

1843 4022 2067 4076 diabolo
2085 4022 2265 4082 (Joan.
2296 4020 2389 4084 8.).
2414 4020 2529 4083 Ipsi
2551 4034 2643 4071 me
2666 4032 2786 4071 non
2806 4019 3218 4071 intellexerunt
3239 4018 3445 4080 Deum;

1845 4095 1946 4148 sed
1988 4106 2122 4147 ecce
2155 4093 2216 4143 in
2266 4091 2575 4144 manifesto
2611 4094 2864 4156 apparet,
2901 4089 3038 4153 quia
3072 4100 3277 4141 revera
3314 4100 3445 4139 sum

1844 4170 2017 4220 Deus.

1907 4238 1958 4293 6.
2005 4238 2136 4287 Ecce
2176 4235 2323 4285 enim
2366 4234 2524 4298 Deus,
2563 4234 2726 4286 Pater
2776 4230 3096 4285 secundum
3141 4230 3297 4294 quod
3339 4242 3447 4294 ego

1842 4311 2017 4363 homo
2043 4319 2195 4367 sum,
2219 4306 2444 4370 adjuvat
2463 4320 2564 4369 me,
2590 4305 2651 4356 in
2672 4305 2961 4369 passione,
2977 4315 3049 4354 ne
3073 4302 3336 4355 deﬂciam
3362 4317 3374 4353 :
3402 4305 3448 4349 et

1842 4381 2128 4442 Dominus,
2159 4378 2343 4430 Filius
2370 4377 2515 4442 ejus,
2546 4382 2813 4441 susceptor
2832 4382 2900 4426 est
2919 4376 3117 4425 anime
3135 4388 3278 4424 meae.
3308 4374 3447 4423 Sus-

1845 4453 2063 4517 cipiens
2087 4463 2214 4502 eam
2245 4450 2357 4502 sibi
2380 4451 2438 4501 in
2461 4450 2681 4501 unitate
2698 4459 2980 4513 personae.
3010 4446 3113 4497 Vel
3139 4446 3448 4517 susceptor

1845 4516 2057 4576 animai
2082 4534 2250 4582 mem,
2278 4522 2413 4585 quia
2433 4526 2566 4585 post
2579 4520 2909 4585 passionem
2928 4518 3115 4579 inqua
3128 4528 3220 4567 me
3231 4516 3447 4573 audivit,

1846 4595 2098 4647 animam
2134 4606 2326 4644 meam
2360 4593 2420 4645 in
2441 4591 2623 4657 gloria
2646 4591 2921 4655 suscepit.
2954 4590 3074 4640 Hoc
3095 4587 3447 4651 adjutorium

132 4659 395 4716 Christum
435 4666 581 4713 morti
615 4665 825 4732 (Matth.
857 4659 1096 4732 25.).U'Per'
1115 4664 1338 4732 Ziphtnos
1371 4664 1518 4709 etiam
1544 4662 1737 4732 intelli-
1764 4659 1821 4732 D
1847 4666 2127 4732 promittit
2142 4664 2487 4717 etmembris
2512 4665 2654 4723 suis,
2673 4663 2888 4714 ubiait:
2915 4661 3174 4732 Ecceego
3189 4660 3445 4732 vobiscum

136 4735 336 4792 guntur
371 4732 619 4778 amatores
656 4730 812 4787 hujus
834 4728 1034 4790 mundi,
1060 4728 1147 4787 qui
1172 4727 1337 4792 adhuc
1371 4731 1738 4784 persequuntur

137 4789 327 4852 corpus
352 4792 555 4840 Christi.
598 4792 796 4839 Materia
820 4791 975 4848 hujus
1005 4789 1185 4847 psalmi
1209 4793 1281 4834 est
1303 4792 1449 4846 caput
1472 4793 1516 4834 et
1539 4799 1739 4852 corpus,

137 4849 277 4903 inter
302 4854 505 4913 iniquos
533 4856 858 4902 constitutum
885 4858 931 4899 et
957 4853 1213 4900 afﬂictum.
1231 4854 1280 4898 In
1296 4851 1455 4909 prima
1468 4854 1602 4909 parte
1617 4849 1744 4907 psal-

149 4928 224 4975 mi
271 4931 377 4973 orat
402 4939 454 4973 se
477 4928 536 4973 ab
560 4927 760 4985 alienis,
785 4925 1016 4985 aquibus
1037 4923 1294 4982 aﬂligitur,
1322 4921 1539 4969 liberari.

139 5002 200 5047 In
228 4997 413 5044 ultima
436 5004 572 5057 parte
596 4998 810 5044 ostendit
835 5010 918 5043 eos
942 4995 1208 5053 disnersos,
1240 5006 1291 5040 se
1314 4998 1476 5040 autem
1498 5005 1572 5057 ex
1590 4991 1745 5057 omni

143 5055 476 5109 tribulatione
499 5061 648 5121 eripi,
673 5064 720 5107 et
740 5073 890 5120 super
912 5058 1146 5121 inimicos
1171 5070 1287 5102 suos
1304 5055 1528 5121 exaltari.
1557 5056 1747 5100 Hocer-

145 5138 211 5184 go
236 5123 384 5170 nobis
403 5122 457 5169 in
485 5119 590 5170 hoc
603 5119 795 5182 psalmo
809 5119 1211 5184 intelligendum,
1231 5119 1600 5184 proponitur,ut
1621 5129 1747 5184 que-

138 5177 465 5234 madmodum
499 5177 660 5232 Filius
696 5183 978 5232 voluntarie
996 5177 1063 5229 se
1084 5181 1216 5229 Patri
1247 5181 1430 5227 obtulit
1451 5177 1625 5239 (Hebr.
1655 5179 1743 5240 9.),

139 5255 189 5295 et
214 5262 315 5294 non
341 5262 429 5307 pro
454 5249 615 5295 salute
640 5248 895 5307 praesenti,
920 5246 1001 5293 sed
1030 5258 1119 5304 pro
1145 5243 1311 5290 futura
1326 5244 1515 5290 Patrem
1532 5242 1747 5307 postula-

139 5312 214 5357 vit
239 5304 416 5370 (Jofm.
445 5311 542 5372 17.)
567 5326 578 5359 :
608 5304 674 5357 ita
696 5311 739 5357 si
766 5312 993 5356 ﬂorentes
1016 5308 1069 5372 in
1099 5307 1288 5353 mundo
1304 5312 1474 5352 contra
1485 5318 1638 5351 nosse
1649 5304 1745 5350 eri-

139 5378 282 5433 gant,
315 5374 456 5420 illata
479 5371 797 5421 incommoda
826 5374 936 5419 laeto
961 5371 1127 5417 animo
1143 5373 1569 5433 percurramus,et
1586 5381 1640 5413 ea
1653 5380 1746 5433 no-

138 5430 219 5482 bis
248 5430 307 5481 ad
335 5436 555 5482 futuram
586 5436 736 5482 vitam
765 5436 998 5494 prodesse
1030 5433 1356 5494 postulamus.
1382 5430 1673 5494 Oratitaque
1692 5430 1741 5475 in

141 5501 236 5545 hoc
263 5499 454 5556 psalmo
478 5500 646 5557 ipsum
670 5492 834 5555 caput,
863 5503 906 5543 et
932 5509 983 5542 se
998 5494 1172 5541 orandi
1200 5492 1273 5554 (ut
1295 5492 1536 5553 diximus)
1560 5498 1605 5538 et
1635 5505 1744 5550 per-

138 5562 409 5607 severandi
434 5562 691 5619 exemplar
708 5560 966 5619 proponit:
993 5557 1278 5616 przevidens
1301 5568 1353 5603 se
1378 5568 1640 5619 passurum
1656 5567 1744 5612 pro

137 5624 483 5682 redemptione
529 5618 739 5670 humani
766 5622 982 5683 generis,
1014 5625 1063 5665 ut
1091 5634 1120 5665 a
1153 5624 1308 5665 morte
1328 5618 1664 5676 resuscitatur,
1700 5621 1746 5664 et

140 5695 417 5741 secundum
455 5695 689 5743 virtutem
720 5699 766 5740 et
797 5691 1210 5751 omnipotentiam
1252 5689 1337 5737 Dei
1363 5690 1517 5748 digne
1546 5688 1743 5735 tandem

140 5757 406 5807 exaltetur.
433 5758 513 5805 Sic
540 5771 656 5817 ergo
672 5756 829 5803 dixit:

624 5837 1028 5907 PLALMUS
1086 5836 1255 5901 LIII.

214 5960 246 6015 3
278 5961 419 6010 Deus
456 5960 513 6008 in
541 5959 760 6009 nomine
785 5964 874 6006 tuo
897 5954 1107 6006 salvum
1132 5969 1213 6002 me
1234 5953 1339 6017 fac.
1378 5953 1505 6004 Vox
1534 5952 1741 6005 Christi

152 6033 224 6085 ad
256 6033 481 6085 Patrem
509 6048 518 6081 :
547 6043 613 6083 ac
649 6030 698 6083 si
719 6031 912 6093 aperte
938 6026 1106 6089 dicat,
1133 6027 1199 6078 In
1220 6024 1453 6077 nomine
1470 6028 1566 6078 tuo
1582 6024 1747 6088 glori-

1844 4726 1976 4790 sum
2000 4749 2186 4800 usque
2207 4735 2281 4787 ad
2306 4734 2862 4787 consummationem
2888 4730 3063 4784 seculi
3080 4730 3292 4800 (Matth.
3318 4726 3448 4800 28.).

1843 4810 1911 4859 Et
1934 4808 1993 4858 in
2020 4798 2242 4871 psalmo
2267 4806 2402 4858 alibi
2427 4806 2534 4859 ait:
2555 4807 2699 4858 Cum
2727 4805 2997 4870 ipsosum
3013 4803 3069 4853 in
3082 4798 3450 4871 tribulatione

1844 4869 2083 4943 eripiam
2128 4891 2281 4942 eum,
2332 4882 2391 4930 et
2443 4869 2775 4942 gloriﬂcabo
2820 4888 2954 4929 eum
2980 4874 3142 4939 (Psat.
3170 4871 3297 4933 90.).
3325 4869 3451 4923 Noli

1845 4963 1980 5013 ergo
2004 4950 2203 5001 timere
2221 4955 2623 5013 persecutores
2649 4953 2798 5014 tuos,
2826 4949 2955 5012 quia
2984 4948 3137 4998 Deus
3151 4949 3343 4996 tecum
3360 4946 3452 4993 est

1842 5024 1904 5075 in
1924 5021 2306 5074 tribulatione.
2340 5020 2464 5072 Noli
2492 5021 2686 5072 timere
2703 5033 2822 5083 eos,
2846 5019 2943 5083 qui
2958 5016 3226 5071 occidunt
3241 5025 3447 5077 corpus

1844 5093 2056 5156 (Matth.
2083 5091 2213 5155 10.),
2241 5092 2376 5155 quia
2387 5091 2666 5143 Dominus
2685 5095 2988 5154 susceptor
3002 5088 3310 5141 estanimm
3330 5092 3444 5133 tum.

1845 5163 2133 5216 Fortassis
2162 5163 2293 5215 ideo
2322 5163 2607 5215 convertit
2629 5162 2701 5213 ad
2725 5175 2834 5214 nos
2863 5174 3061 5213 vocem
3087 5171 3271 5212 suam.
3302 5158 3449 5208 Nam

1843 5235 1957 5286 huc
1982 5245 2171 5296 usque
2194 5233 2268 5285 ad
2294 5234 2522 5285 Patrem
2543 5231 2999 5285 orandolocutus
3021 5234 3129 5282 est.
3154 5231 3321 5280 Nunc
3344 5240 3449 5279 au-

1848 5312 1963 5359 tem
1990 5303 2193 5356 volens
2216 5304 2518 5356 ostendere
2530 5302 2698 5354 nobis
2713 5315 2775 5353 se
2796 5315 2921 5353 esse
2936 5300 3277 5352 exauditum
3293 5303 3351 5350 et
3366 5299 3451 5346 ad-

1839 5380 2034 5444 jutum
2060 5389 2095 5427 a
2116 5377 2298 5438 Patre,
2322 5375 2572 5439 nonjam
2594 5373 2666 5424 ad
2692 5376 2934 5432 Patrem,
2948 5372 3049 5423 sed
3066 5371 3139 5422 ad
3155 5382 3261 5444 nos
3278 5368 3442 5444 dicit:

1846 5440 1991 5503 Ecce
2028 5448 2181 5500 enim
2231 5449 2388 5498 Deus
2412 5448 2653 5509 adjuvat
2676 5458 2769 5496 me
2798 5448 2857 5496 et
2878 5447 3101 5495 caetera.
3137 5443 3263 5492 Non
3290 5440 3449 5491 enim

1846 5535 1992 5588 opus
2020 5523 2159 5583 erat,
2172 5523 2237 5570 ut
2253 5518 2463 5569 diceret
2478 5516 2646 5579 Patri,
2663 5515 2821 5579 quod
2846 5515 3082 5588 sciebat,
3100 5510 3324 5588 etquod
3342 5511 3448 5570 ipse

1846 5584 2160 5660 praestabat
2187 5606 2198 5642 :
2229 5591 2328 5642 sed
2352 5590 2520 5640 nobis
2537 5588 2749 5660 utique,
2762 5590 2882 5640 erat
2901 5586 3010 5638 hoc
3032 5584 3231 5637 audire
3242 5593 3447 5660 neces-

1846 5653 2084 5728 sarium,
2111 5668 2175 5715 ut
2192 5660 2478 5727 patientiae
2492 5659 2694 5710 Christi
2720 5659 3069 5711 disceremus
3093 5653 3445 5728 exemplum.

1845 5742 1931 5790 Ex
1965 5736 2056 5788 his
2074 5723 2230 5788 enim
2257 5732 2449 5786 verbis
2472 5730 2830 5795 instruimur,
2856 5730 2993 5795 quia
3015 5741 3145 5781 cum
3169 5723 3445 5780 abinimi-

1844 5810 1928 5860 cis
1956 5806 2109 5860 mala
2142 5806 2309 5859 nobis
2332 5804 2669 5867 irrogantar,
2689 5814 2807 5853 non
2831 5801 3111 5853 debemus
3135 5798 3322 5860 irasci,
3346 5799 3447 5848 aut

1842 5880 2204 5940 maledicere,
2230 5882 2333 5931 aut
2354 5876 2667 5930 vindictam
2703 5874 3028 5938 exquirere:
3057 5873 3159 5924 sed
3183 5882 3364 5931 orare,
3389 5871 3446 5919 et

1844 5953 1945 6004 Dei
1970 5951 2323 6017 adjutorium
2360 5952 2677 6014 expectare.
2706 5946 2843 5999 Mihi
2864 5945 3443 6017 vindictamnetergo

1845 6010 2178 6086 retribuam,
2199 6023 2337 6077 dicit
2355 6010 2641 6076 Dominus
2657 6021 2828 6085 (Deut.
2857 6016 2956 6081 3‘2;
2978 6017 3131 6068 Rom.
3152 6012 3251 6077 1‘2;
3281 6010 3439 6063 Ilebr.
