  <div class='ocr_page' id='page_1' title='image "/cluster/home/n/w/nwhite01/storage/ocr_20150623/21/umn.319510024773153/431.png"; bbox 0 0 3884 6452; ppageno 0'>
   <div class='ocr_carea' id='block_1_1' title="bbox 446 429 551 487">
    <p class='ocr_par' dir='ltr' id='par_1_1' title="bbox 446 429 551 487">
     <span class='ocr_line' id='line_1_1' title="bbox 446 429 551 487; baseline 0.019 -2"><span class='ocrx_word' id='word_1_1' title='bbox 446 429 551 487; x_wconf 83' lang='grc'><strong>859</strong></span> 
     </span>
    </p>
   </div>
   <div class='ocr_carea' id='block_1_2' title="bbox 1512 427 2706 483">
    <p class='ocr_par' dir='ltr' id='par_1_2' title="bbox 1512 427 2706 483">
     <span class='ocr_line' id='line_1_2' title="bbox 1512 427 2706 483; baseline -0.003 -1"><span class='ocrx_word' id='word_1_2' title='bbox 1512 428 1781 482; x_wconf 87' lang='lat' dir='ltr'><strong>RUFINO</strong></span> <span class='ocrx_word' id='word_1_3' title='bbox 1828 427 2288 483; x_wconf 83' lang='lat' dir='ltr'><strong>PRESBYTERO</strong></span> <span class='ocrx_word' id='word_1_4' title='bbox 2320 429 2706 482; x_wconf 83' lang='lat' dir='ltr'><strong>ASCBIPTUS</strong></span> 
     </span>
    </p>
   </div>
   <div class='ocr_carea' id='block_1_3' title="bbox 3635 426 3767 483">
    <p class='ocr_par' dir='ltr' id='par_1_3' title="bbox 3635 426 3767 483">
     <span class='ocr_line' id='line_1_3' title="bbox 3635 426 3767 483; baseline 0 0"><span class='ocrx_word' id='word_1_5' title='bbox 3635 426 3767 483; x_wconf 87' lang='lat'><strong>860</strong></span> 
     </span>
    </p>
   </div>
   <div class='ocr_carea' id='block_1_4' title="bbox 444 542 3765 618">
    <p class='ocr_par' dir='ltr' id='par_1_4' title="bbox 444 542 3765 618">
     <span class='ocr_line' id='line_1_4' title="bbox 444 542 3765 618; baseline -0.003 -18"><span class='ocrx_word' id='word_1_6' title='bbox 444 544 570 608; x_wconf 71' lang='lat'><strong>18.).</strong></span> <span class='ocrx_word' id='word_1_7' title='bbox 609 544 767 618; x_wconf 90' lang='lat' dir='ltr'><strong>Unde</strong></span> <span class='ocrx_word' id='word_1_8' title='bbox 815 558 933 597; x_wconf 89' lang='lat' dir='ltr'><strong>non</strong></span> <span class='ocrx_word' id='word_1_9' title='bbox 985 550 1103 597; x_wconf 89' lang='lat' dir='ltr'><strong>tam</strong></span> <span class='ocrx_word' id='word_1_10' title='bbox 1146 544 1379 609; x_wconf 86' lang='lat' dir='ltr'><strong>orando,</strong></span> <span class='ocrx_word' id='word_1_11' title='bbox 1428 555 1603 608; x_wconf 91' lang='lat' dir='ltr'><strong>quam</strong></span> <span class='ocrx_word' id='word_1_12' title='bbox 1639 542 2033 608; x_wconf 91' lang='lat' dir='ltr'><strong>prophetando</strong></span> <span class='ocrx_word' id='word_1_13' title='bbox 2062 547 2122 618; x_wconf 86' lang='grc' dir='ltr'><strong>Α</strong></span> <span class='ocrx_word' id='word_1_14' title='bbox 2151 544 2204 591; x_wconf 92' lang='lat' dir='ltr'><strong>in</strong></span> <span class='ocrx_word' id='word_1_15' title='bbox 2235 547 2459 618; x_wconf 33' lang='lat' dir='ltr'><strong>tepens...</strong></span> <span class='ocrx_word' id='word_1_16' title='bbox 2476 546 2607 592; x_wconf 85' lang='lat' dir='ltr'><strong>Inter</strong></span> <span class='ocrx_word' id='word_1_17' title='bbox 2631 558 2747 618; x_wconf 75' lang='lat' dir='ltr'><strong>qum</strong></span> <span class='ocrx_word' id='word_1_18' title='bbox 2770 548 2936 618; x_wconf 76' lang='lat' dir='ltr'><strong>autem</strong></span> <span class='ocrx_word' id='word_1_19' title='bbox 2960 544 3425 618; x_wconf 42' lang='lat' dir='ltr'><strong>adversa‘speravit,</strong></span> <span class='ocrx_word' id='word_1_20' title='bbox 3453 548 3502 590; x_wconf 89' lang='lat' dir='ltr'><strong>et</strong></span> <span class='ocrx_word' id='word_1_21' title='bbox 3533 544 3653 602; x_wconf 89' lang='lat' dir='ltr'><strong>quid</strong></span> <span class='ocrx_word' id='word_1_22' title='bbox 3686 544 3765 618; x_wconf 71' lang='lat' dir='ltr'><strong>de</strong></span> 
     </span>
    </p>
   </div>
   <div class='ocr_carea' id='block_1_5' title="bbox 446 617 791 681">
    <p class='ocr_par' dir='ltr' id='par_1_5' title="bbox 446 617 791 681">
     <span class='ocr_line' id='line_1_5' title="bbox 446 617 791 681; baseline 0 -12"><span class='ocrx_word' id='word_1_23' title='bbox 446 617 751 681; x_wconf 87' lang='lat' dir='ltr'><strong>subjungit</strong></span> <span class='ocrx_word' id='word_1_24' title='bbox 778 632 791 669; x_wconf 88' lang='lat'><strong>:</strong></span> 
     </span>
    </p>
   </div>
   <div class='ocr_carea' id='block_1_6' title="bbox 506 685 2039 750">
    <p class='ocr_par' dir='ltr' id='par_1_6' title="bbox 506 685 2039 750">
     <span class='ocr_line' id='line_1_6' title="bbox 506 685 2039 750; baseline -0.005 -10"><span class='ocrx_word' id='word_1_25' title='bbox 506 688 557 742; x_wconf 91' lang='lat'><strong>7.</strong></span> <span class='ocrx_word' id='word_1_26' title='bbox 570 689 611 738; x_wconf 81' lang='grc' dir='ltr'><em>Α</em></span> <span class='ocrx_word' id='word_1_27' title='bbox 624 694 756 737; x_wconf 84' lang='lat' dir='ltr'><strong>verte</strong></span> <span class='ocrx_word' id='word_1_28' title='bbox 780 686 927 736; x_wconf 87' lang='lat' dir='ltr'><strong>mala</strong></span> <span class='ocrx_word' id='word_1_29' title='bbox 942 686 1183 736; x_wconf 84' lang='lat' dir='ltr'><strong>inimicis</strong></span> <span class='ocrx_word' id='word_1_30' title='bbox 1198 687 1346 736; x_wconf 85' lang='lat' dir='ltr'><strong>meis.</strong></span> <span class='ocrx_word' id='word_1_31' title='bbox 1368 688 1511 738; x_wconf 88' lang='lat' dir='ltr'>Ecce</span> <span class='ocrx_word' id='word_1_32' title='bbox 1526 685 1755 750; x_wconf 91' lang='lat' dir='ltr'><strong>qualem</strong></span> <span class='ocrx_word' id='word_1_33' title='bbox 1768 687 2039 734; x_wconf 85' lang='lat' dir='ltr'><strong>vindictam</strong></span> 
     </span>
    </p>
   </div>
   <div class='ocr_carea' id='block_1_7' title="bbox 444 757 2042 822">
    <p class='ocr_par' dir='ltr' id='par_1_7' title="bbox 444 757 2042 822">
     <span class='ocr_line' id='line_1_7' title="bbox 444 757 2042 822; baseline -0.002 -11"><span class='ocrx_word' id='word_1_34' title='bbox 444 760 579 812; x_wconf 88' lang='lat' dir='ltr'><strong>facit</strong></span> <span class='ocrx_word' id='word_1_35' title='bbox 602 761 773 810; x_wconf 83' lang='lat' dir='ltr'>Deus.</span> <span class='ocrx_word' id='word_1_36' title='bbox 812 757 955 809; x_wconf 88' lang='lat' dir='ltr'><strong>Mala</strong></span> <span class='ocrx_word' id='word_1_37' title='bbox 975 771 1105 822; x_wconf 69' lang='lat' dir='ltr'><strong>quae</strong></span> <span class='ocrx_word' id='word_1_38' title='bbox 1122 758 1255 810; x_wconf 88' lang='lat' dir='ltr'><strong>mali</strong></span> <span class='ocrx_word' id='word_1_39' title='bbox 1280 759 1536 822; x_wconf 85' lang='lat' dir='ltr'><strong>irrogant</strong></span> <span class='ocrx_word' id='word_1_40' title='bbox 1556 757 1746 815; x_wconf 84' lang='lat' dir='ltr'><strong>bonis.</strong></span> <span class='ocrx_word' id='word_1_41' title='bbox 1770 757 1979 809; x_wconf 77' lang='lat' dir='ltr'><strong>avertit.</strong></span> <span class='ocrx_word' id='word_1_42' title='bbox 2011 769 2042 808; x_wconf 90' lang='lat' dir='ltr'><strong>a</strong></span> 
     </span>
    </p>
   </div>
   <div class='ocr_carea' id='block_1_8' title="bbox 442 829 2047 893">
    <p class='ocr_par' dir='ltr' id='par_1_8' title="bbox 442 829 2047 893">
     <span class='ocr_line' id='line_1_8' title="bbox 442 829 2047 893; baseline -0.002 -11"><span class='ocrx_word' id='word_1_43' title='bbox 442 831 606 882; x_wconf 91' lang='lat' dir='ltr'><strong>nobis</strong></span> <span class='ocrx_word' id='word_1_44' title='bbox 632 832 872 889; x_wconf 79' lang='lat' dir='ltr'><strong>Iieus,et</strong></span> <span class='ocrx_word' id='word_1_45' title='bbox 896 836 1187 893; x_wconf 74' lang='lat' dir='ltr'><strong>retorquet</strong></span> <span class='ocrx_word' id='word_1_46' title='bbox 1211 830 1271 881; x_wconf 91' lang='lat' dir='ltr'><strong>in</strong></span> <span class='ocrx_word' id='word_1_47' title='bbox 1295 830 1495 881; x_wconf 92' lang='lat' dir='ltr'><strong>malos.</strong></span> <span class='ocrx_word' id='word_1_48' title='bbox 1513 829 1656 891; x_wconf 83' lang='lat' dir='ltr'><strong>Quid</strong></span> <span class='ocrx_word' id='word_1_49' title='bbox 1671 829 1821 880; x_wconf 91' lang='lat' dir='ltr'><strong>enim</strong></span> <span class='ocrx_word' id='word_1_50' title='bbox 1854 841 2047 893; x_wconf 88' lang='lat' dir='ltr'><strong>perse-</strong></span> 
     </span>
    </p>
   </div>
   <div class='ocr_carea' id='block_1_9' title="bbox 441 901 2046 965">
    <p class='ocr_par' dir='ltr' id='par_1_9' title="bbox 441 901 2046 965">
     <span class='ocr_line' id='line_1_9' title="bbox 441 901 2046 965; baseline -0.001 -11"><span class='ocrx_word' id='word_1_51' title='bbox 441 902 594 954; x_wconf 91' lang='lat' dir='ltr'><strong>cutio</strong></span> <span class='ocrx_word' id='word_1_52' title='bbox 620 907 676 953; x_wconf 91' lang='lat' dir='ltr'><strong>et</strong></span> <span class='ocrx_word' id='word_1_53' title='bbox 698 902 991 953; x_wconf 71' lang='lat' dir='ltr'><strong>tribulatio</strong></span> <span class='ocrx_word' id='word_1_54' title='bbox 1007 901 1532 965; x_wconf 87' lang='lat' dir='ltr'><strong>nocetmartyribus</strong></span> <span class='ocrx_word' id='word_1_55' title='bbox 1551 903 1704 952; x_wconf 76' lang='grc' dir='ltr'><strong>ΡΙωο</strong></span> <span class='ocrx_word' id='word_1_56' title='bbox 1720 901 1954 965; x_wconf 80' lang='lat' dir='ltr'><strong>prodest</strong></span> <span class='ocrx_word' id='word_1_57' title='bbox 1973 901 2046 952; x_wconf 93' lang='lat' dir='ltr'><strong>ad</strong></span> 
     </span>
    </p>
   </div>
   <div class='ocr_carea' id='block_1_10' title="bbox 441 971 2043 1025">
    <p class='ocr_par' dir='ltr' id='par_1_10' title="bbox 441 971 2043 1025">
     <span class='ocr_line' id='line_1_10' title="bbox 441 971 2043 1025; baseline -0.003 -1"><span class='ocrx_word' id='word_1_58' title='bbox 441 974 701 1024; x_wconf 76' lang='lat' dir='ltr'><strong>salutem.</strong></span> <span class='ocrx_word' id='word_1_59' title='bbox 718 973 834 1024; x_wconf 91' lang='lat' dir='ltr'><strong>Illis</strong></span> <span class='ocrx_word' id='word_1_60' title='bbox 849 986 983 1024; x_wconf 88' lang='lat' dir='ltr'><strong>vero</strong></span> <span class='ocrx_word' id='word_1_61' title='bbox 999 978 1168 1025; x_wconf 91' lang='lat' dir='ltr'><strong>nocet</strong></span> <span class='ocrx_word' id='word_1_62' title='bbox 1180 972 1253 1024; x_wconf 89' lang='lat' dir='ltr'><strong>ad</strong></span> <span class='ocrx_word' id='word_1_63' title='bbox 1270 972 1721 1023; x_wconf 73' lang='lat' dir='ltr'><strong>damnationem.</strong></span> <span class='ocrx_word' id='word_1_64' title='bbox 1741 971 1904 1023; x_wconf 89' lang='lat' dir='ltr'><strong>Unde</strong></span> <span class='ocrx_word' id='word_1_65' title='bbox 1921 974 2043 1020; x_wconf 80' lang='lat' dir='ltr'>alibi</span> 
     </span>
    </p>
   </div>
   <div class='ocr_carea' id='block_1_11' title="bbox 440 1043 2044 1108">
    <p class='ocr_par' dir='ltr' id='par_1_11' title="bbox 440 1043 2044 1108">
     <span class='ocr_line' id='line_1_11' title="bbox 440 1043 2044 1108; baseline -0.001 -13"><span class='ocrx_word' id='word_1_66' title='bbox 440 1044 644 1095; x_wconf 89' lang='lat' dir='ltr'><strong>dicitur</strong></span> <span class='ocrx_word' id='word_1_67' title='bbox 669 1061 680 1095; x_wconf 92' lang='lat'><strong>:</strong></span> <span class='ocrx_word' id='word_1_68' title='bbox 710 1046 1087 1096; x_wconf 87' lang='lat' dir='ltr'><strong>Converletur</strong></span> <span class='ocrx_word' id='word_1_69' title='bbox 1109 1045 1271 1095; x_wconf 92' lang='lat' dir='ltr'><strong>dolor</strong></span> <span class='ocrx_word' id='word_1_70' title='bbox 1296 1057 1422 1107; x_wconf 85' lang='lat' dir='ltr'><strong>ejus</strong></span> <span class='ocrx_word' id='word_1_71' title='bbox 1446 1044 1504 1095; x_wconf 89' lang='lat' dir='ltr'><strong>in</strong></span> <span class='ocrx_word' id='word_1_72' title='bbox 1530 1048 1703 1108; x_wconf 89' lang='lat' dir='ltr'><strong>caput</strong></span> <span class='ocrx_word' id='word_1_73' title='bbox 1731 1044 1880 1107; x_wconf 88' lang='lat' dir='ltr'><strong>ejus,</strong></span> <span class='ocrx_word' id='word_1_74' title='bbox 1912 1043 2044 1095; x_wconf 88' lang='lat' dir='ltr'><strong>etin</strong></span> 
     </span>
    </p>
   </div>
   <div class='ocr_carea' id='block_1_12' title="bbox 440 1114 2041 1180">
    <p class='ocr_par' dir='ltr' id='par_1_12' title="bbox 440 1114 2041 1180">
     <span class='ocr_line' id='line_1_12' title="bbox 440 1114 2041 1180; baseline -0.001 -14"><span class='ocrx_word' id='word_1_75' title='bbox 440 1116 710 1167; x_wconf 85' lang='lat' dir='ltr'><strong>verticem</strong></span> <span class='ocrx_word' id='word_1_76' title='bbox 740 1117 922 1180; x_wconf 87' lang='lat' dir='ltr'>ipsius</span> <span class='ocrx_word' id='word_1_77' title='bbox 945 1116 1218 1179; x_wconf 71' lang='lat' dir='ltr'><strong>iniquitas</strong></span> <span class='ocrx_word' id='word_1_78' title='bbox 1243 1116 1370 1180; x_wconf 87' lang='lat' dir='ltr'><strong>ejus</strong></span> <span class='ocrx_word' id='word_1_79' title='bbox 1394 1115 1709 1166; x_wconf 84' lang='lat' dir='ltr'><strong>descendet</strong></span> <span class='ocrx_word' id='word_1_80' title='bbox 1740 1116 1906 1175; x_wconf 83' lang='lat' dir='ltr'><strong>(Psat.</strong></span> <span class='ocrx_word' id='word_1_81' title='bbox 1940 1114 2041 1177; x_wconf 88' lang='lat'><strong>7.).</strong></span> 
     </span>
    </p>
   </div>
   <div class='ocr_carea' id='block_1_13' title="bbox 438 1186 2043 1251">
    <p class='ocr_par' dir='ltr' id='par_1_13' title="bbox 438 1186 2043 1251">
     <span class='ocr_line' id='line_1_13' title="bbox 438 1186 2043 1251; baseline -0.001 -13"><span class='ocrx_word' id='word_1_82' title='bbox 438 1188 607 1239; x_wconf 85' lang='lat' dir='ltr'><strong>Recte</strong></span> <span class='ocrx_word' id='word_1_83' title='bbox 648 1201 786 1251; x_wconf 86' lang='lat' dir='ltr'><strong>ergo</strong></span> <span class='ocrx_word' id='word_1_84' title='bbox 822 1188 1129 1239; x_wconf 85' lang='lat' dir='ltr'><strong>subditur:</strong></span> <span class='ocrx_word' id='word_1_85' title='bbox 1166 1189 1231 1236; x_wconf 83' lang='lat' dir='ltr'><strong>In</strong></span> <span class='ocrx_word' id='word_1_86' title='bbox 1276 1188 1473 1236; x_wconf 82' lang='lat' dir='ltr'><strong>virtute</strong></span> <span class='ocrx_word' id='word_1_87' title='bbox 1511 1193 1625 1247; x_wconf 86' lang='lat' dir='ltr'><strong>tua,</strong></span> <span class='ocrx_word' id='word_1_88' title='bbox 1653 1186 1712 1236; x_wconf 92' lang='lat' dir='ltr'><strong>Id</strong></span> <span class='ocrx_word' id='word_1_89' title='bbox 1754 1192 1861 1249; x_wconf 89' lang='lat' dir='ltr'><strong>est,</strong></span> <span class='ocrx_word' id='word_1_90' title='bbox 1886 1190 2043 1249; x_wconf 84' lang='lat' dir='ltr'><strong>justo</strong></span> 
     </span>
    </p>
   </div>
   <div class='ocr_carea' id='block_1_14' title="bbox 435 1258 2040 1323">
    <p class='ocr_par' dir='ltr' id='par_1_14' title="bbox 435 1258 2040 1323">
     <span class='ocr_line' id='line_1_14' title="bbox 435 1258 2040 1323; baseline -0.002 -14"><span class='ocrx_word' id='word_1_91' title='bbox 435 1258 651 1322; x_wconf 89' lang='lat' dir='ltr'><strong>judicio</strong></span> <span class='ocrx_word' id='word_1_92' title='bbox 676 1264 795 1321; x_wconf 86' lang='lat' dir='ltr'><strong>tuo,</strong></span> <span class='ocrx_word' id='word_1_93' title='bbox 814 1260 1061 1323; x_wconf 72' lang='lat' dir='ltr'><strong>disperde</strong></span> <span class='ocrx_word' id='word_1_94' title='bbox 1078 1259 1214 1308; x_wconf 87' lang='lat' dir='ltr'><strong>ittos.</strong></span> <span class='ocrx_word' id='word_1_95' title='bbox 1242 1260 1398 1311; x_wconf 88' lang='lat' dir='ltr'><strong>Bene</strong></span> <span class='ocrx_word' id='word_1_96' title='bbox 1410 1263 1604 1310; x_wconf 89' lang='lat' dir='ltr'><strong>autem</strong></span> <span class='ocrx_word' id='word_1_97' title='bbox 1620 1271 1737 1309; x_wconf 91' lang='lat' dir='ltr'><strong>non</strong></span> <span class='ocrx_word' id='word_1_98' title='bbox 1754 1258 1857 1309; x_wconf 90' lang='lat' dir='ltr'><strong>ait:</strong></span> <span class='ocrx_word' id='word_1_99' title='bbox 1873 1260 2040 1319; x_wconf 88' lang='lat' dir='ltr'><strong>Perde,</strong></span> 
     </span>
    </p>
   </div>
   <div class='ocr_carea' id='block_1_15' title="bbox 438 1330 2042 1395">
    <p class='ocr_par' dir='ltr' id='par_1_15' title="bbox 438 1330 2042 1395">
     <span class='ocr_line' id='line_1_15' title="bbox 438 1330 2042 1395; baseline -0.003 -15"><span class='ocrx_word' id='word_1_100' title='bbox 438 1330 542 1383; x_wconf 90' lang='lat' dir='ltr'><strong>sed</strong></span> <span class='ocrx_word' id='word_1_101' title='bbox 554 1330 846 1394; x_wconf 85' lang='lat' dir='ltr'><strong>disperde:</strong></span> <span class='ocrx_word' id='word_1_102' title='bbox 874 1331 1009 1395; x_wconf 89' lang='lat' dir='ltr'><strong>quia</strong></span> <span class='ocrx_word' id='word_1_103' title='bbox 1024 1331 1215 1383; x_wconf 80' lang='lat' dir='ltr'><strong>Judaei</strong></span> <span class='ocrx_word' id='word_1_104' title='bbox 1237 1331 1294 1382; x_wconf 92' lang='lat' dir='ltr'><strong>in</strong></span> <span class='ocrx_word' id='word_1_105' title='bbox 1310 1331 1554 1382; x_wconf 85' lang='lat' dir='ltr'><strong>diversis</strong></span> <span class='ocrx_word' id='word_1_106' title='bbox 1567 1330 1827 1394; x_wconf 90' lang='lat' dir='ltr'><strong>partibus</strong></span> <span class='ocrx_word' id='word_1_107' title='bbox 1840 1331 2042 1392; x_wconf 79' lang='lat' dir='ltr'><strong>perditi,</strong></span> 
     </span>
    </p>
   </div>
   <div class='ocr_carea' id='block_1_16' title="bbox 437 1400 2042 1466">
    <p class='ocr_par' dir='ltr' id='par_1_16' title="bbox 437 1400 2042 1466">
     <span class='ocr_line' id='line_1_16' title="bbox 437 1400 2042 1466; baseline 0 -13"><span class='ocrx_word' id='word_1_108' title='bbox 437 1403 495 1453; x_wconf 92' lang='lat' dir='ltr'><strong>et</strong></span> <span class='ocrx_word' id='word_1_109' title='bbox 517 1401 763 1465; x_wconf 84' lang='lat' dir='ltr'><strong>dispersi</strong></span> <span class='ocrx_word' id='word_1_110' title='bbox 790 1406 929 1453; x_wconf 89' lang='lat' dir='ltr'><strong>sunt</strong></span> <span class='ocrx_word' id='word_1_111' title='bbox 952 1415 1052 1466; x_wconf 90' lang='lat' dir='ltr'><strong>per</strong></span> <span class='ocrx_word' id='word_1_112' title='bbox 1074 1403 1339 1465; x_wconf 81' lang='lat' dir='ltr'><strong>regiones</strong></span> <span class='ocrx_word' id='word_1_113' title='bbox 1360 1405 1590 1466; x_wconf 83' lang='lat' dir='ltr'><strong>propter</strong></span> <span class='ocrx_word' id='word_1_114' title='bbox 1621 1400 1857 1459; x_wconf 88' lang='lat' dir='ltr'><strong>malum,</strong></span> <span class='ocrx_word' id='word_1_115' title='bbox 1888 1400 2042 1465; x_wconf 91' lang='lat' dir='ltr'><strong>quod</strong></span> 
     </span>
    </p>
   </div>
   <div class='ocr_carea' id='block_1_17' title="bbox 436 1472 2041 1538">
    <p class='ocr_par' dir='ltr' id='par_1_17' title="bbox 436 1472 2041 1538">
     <span class='ocr_line' id='line_1_17' title="bbox 436 1472 2041 1538; baseline 0 -15"><span class='ocrx_word' id='word_1_116' title='bbox 436 1473 700 1525; x_wconf 82' lang='lat' dir='ltr'><strong>fecerunt</strong></span> <span class='ocrx_word' id='word_1_117' title='bbox 722 1474 1013 1524; x_wconf 86' lang='lat' dir='ltr'><strong>inJesum.</strong></span> <span class='ocrx_word' id='word_1_118' title='bbox 1038 1474 1337 1538; x_wconf 87' lang='lat' dir='ltr'><strong>Disperdet</strong></span> <span class='ocrx_word' id='word_1_119' title='bbox 1361 1474 1533 1525; x_wconf 90' lang='lat' dir='ltr'><strong>etiam</strong></span> <span class='ocrx_word' id='word_1_120' title='bbox 1560 1475 1713 1526; x_wconf 91' lang='lat' dir='ltr'><strong>Deus</strong></span> <span class='ocrx_word' id='word_1_121' title='bbox 1728 1472 1785 1524; x_wconf 91' lang='lat' dir='ltr'><strong>in</strong></span> <span class='ocrx_word' id='word_1_122' title='bbox 1799 1472 2041 1523; x_wconf 85' lang='lat' dir='ltr'><strong>veritate</strong></span> 
     </span>
    </p>
   </div>
   <div class='ocr_carea' id='block_1_18' title="bbox 439 1544 2047 1608">
    <p class='ocr_par' dir='ltr' id='par_1_18' title="bbox 439 1544 2047 1608">
     <span class='ocr_line' id='line_1_18' title="bbox 439 1544 2047 1608; baseline 0 -13"><span class='ocrx_word' id='word_1_123' title='bbox 439 1558 545 1597; x_wconf 86' lang='lat' dir='ltr'><strong>sua</strong></span> <span class='ocrx_word' id='word_1_124' title='bbox 569 1545 767 1606; x_wconf 86' lang='lat' dir='ltr'><strong>malos,</strong></span> <span class='ocrx_word' id='word_1_125' title='bbox 795 1545 1023 1608; x_wconf 84' lang='lat' dir='ltr'><strong>quando</strong></span> <span class='ocrx_word' id='word_1_126' title='bbox 1047 1546 1103 1596; x_wconf 91' lang='lat' dir='ltr'><strong>in</strong></span> <span class='ocrx_word' id='word_1_127' title='bbox 1129 1547 1389 1597; x_wconf 79' lang='lat' dir='ltr'><strong>extremo</strong></span> <span class='ocrx_word' id='word_1_128' title='bbox 1414 1544 1630 1608; x_wconf 88' lang='lat' dir='ltr'><strong>judicio</strong></span> <span class='ocrx_word' id='word_1_129' title='bbox 1656 1544 1906 1597; x_wconf 88' lang='lat' dir='ltr'><strong>diversis</strong></span> <span class='ocrx_word' id='word_1_130' title='bbox 1930 1556 2047 1607; x_wconf 69' lang='lat' dir='ltr'><strong>pm-</strong></span> 
     </span>
    </p>
   </div>
   <div class='ocr_carea' id='block_1_19' title="bbox 434 1615 1791 1681">
    <p class='ocr_par' dir='ltr' id='par_1_19' title="bbox 434 1615 1791 1681">
     <span class='ocr_line' id='line_1_19' title="bbox 434 1615 1791 1681; baseline -0.001 -13"><span class='ocrx_word' id='word_1_131' title='bbox 434 1617 522 1668; x_wconf 91' lang='lat' dir='ltr'><strong>nis</strong></span> <span class='ocrx_word' id='word_1_132' title='bbox 554 1621 610 1667; x_wconf 89' lang='lat' dir='ltr'><strong>et</strong></span> <span class='ocrx_word' id='word_1_133' title='bbox 640 1617 938 1669; x_wconf 90' lang='lat' dir='ltr'><strong>tormentis</strong></span> <span class='ocrx_word' id='word_1_134' title='bbox 970 1617 1154 1670; x_wconf 87' lang='lat' dir='ltr'><strong>tradet</strong></span> <span class='ocrx_word' id='word_1_135' title='bbox 1183 1617 1545 1681; x_wconf 90' lang='lat' dir='ltr'><strong>cruciandos,</strong></span> <span class='ocrx_word' id='word_1_136' title='bbox 1571 1615 1791 1678; x_wconf 89' lang='lat' dir='ltr'><strong>dicens,</strong></span> 
     </span>
    </p>
   </div>
   <div class='ocr_carea' id='block_1_20' title="bbox 496 1687 2045 1753">
    <p class='ocr_par' dir='ltr' id='par_1_20' title="bbox 496 1687 2045 1753">
     <span class='ocr_line' id='line_1_20' title="bbox 496 1687 2045 1753; baseline -0.003 -12"><span class='ocrx_word' id='word_1_137' title='bbox 496 1688 546 1742; x_wconf 87' lang='grc'><strong>8.</strong></span> <span class='ocrx_word' id='word_1_138' title='bbox 581 1688 896 1737; x_wconf 73' lang='lat' dir='ltr'><strong>Voluntaria</strong></span> <span class='ocrx_word' id='word_1_139' title='bbox 940 1689 1254 1753; x_wconf 80' lang='lat' dir='ltr'><strong>sacriﬁcabo</strong></span> <span class='ocrx_word' id='word_1_140' title='bbox 1300 1690 1408 1738; x_wconf 84' lang='lat' dir='ltr'><strong>tibi.</strong></span> <span class='ocrx_word' id='word_1_141' title='bbox 1438 1688 1620 1747; x_wconf 85' lang='lat' dir='ltr'><strong>Omne</strong></span> <span class='ocrx_word' id='word_1_142' title='bbox 1656 1700 1805 1751; x_wconf 84' lang='lat' dir='ltr'><strong>opus</strong></span> <span class='ocrx_word' id='word_1_143' title='bbox 1830 1687 2045 1737; x_wconf 90' lang='lat' dir='ltr'><strong>bonum</strong></span> 
     </span>
    </p>
   </div>
   <div class='ocr_carea' id='block_1_21' title="bbox 432 1756 2045 1825">
    <p class='ocr_par' dir='ltr' id='par_1_21' title="bbox 432 1756 2045 1825">
     <span class='ocr_line' id='line_1_21' title="bbox 432 1756 2045 1825; baseline -0.002 -14"><span class='ocrx_word' id='word_1_144' title='bbox 432 1759 688 1811; x_wconf 88' lang='lat' dir='ltr'><strong>oblatum</strong></span> <span class='ocrx_word' id='word_1_145' title='bbox 707 1762 844 1817; x_wconf 88' lang='lat' dir='ltr'><strong>Deo,</strong></span> <span class='ocrx_word' id='word_1_146' title='bbox 864 1761 1206 1812; x_wconf 75' lang='lat' dir='ltr'><strong>sacrificium</strong></span> <span class='ocrx_word' id='word_1_147' title='bbox 1223 1760 1334 1811; x_wconf 91' lang='lat' dir='ltr'><strong>dici</strong></span> <span class='ocrx_word' id='word_1_148' title='bbox 1353 1762 1559 1825; x_wconf 85' lang='lat' dir='ltr'><strong>potest.</strong></span> <span class='ocrx_word' id='word_1_149' title='bbox 1574 1760 1644 1809; x_wconf 90' lang='lat' dir='ltr'><strong>Et</strong></span> <span class='ocrx_word' id='word_1_150' title='bbox 1660 1760 1811 1810; x_wconf 88' lang='lat' dir='ltr'><strong>Bene</strong></span> <span class='ocrx_word' id='word_1_151' title='bbox 1823 1756 2045 1822; x_wconf 67' lang='lat' dir='ltr'><strong>praemi-</strong></span> 
     </span>
    </p>
   </div>
   <div class='ocr_carea' id='block_1_22' title="bbox 434 1829 2044 1893">
    <p class='ocr_par' dir='ltr' id='par_1_22' title="bbox 434 1829 2044 1893">
     <span class='ocr_line' id='line_1_22' title="bbox 434 1829 2044 1893; baseline 0 -13"><span class='ocrx_word' id='word_1_152' title='bbox 434 1830 509 1881; x_wconf 90' lang='lat' dir='ltr'><strong>sit</strong></span> <span class='ocrx_word' id='word_1_153' title='bbox 541 1829 871 1881; x_wconf 81' lang='lat' dir='ltr'><strong>Votuntarie.</strong></span> <span class='ocrx_word' id='word_1_154' title='bbox 896 1832 1256 1883; x_wconf 83' lang='lat' dir='ltr'><strong>Voluntatem</strong></span> <span class='ocrx_word' id='word_1_155' title='bbox 1280 1832 1434 1882; x_wconf 91' lang='lat' dir='ltr'><strong>enim</strong></span> <span class='ocrx_word' id='word_1_156' title='bbox 1464 1836 1521 1882; x_wconf 82' lang='lat' dir='ltr'><strong>et</strong></span> <span class='ocrx_word' id='word_1_157' title='bbox 1542 1830 1809 1881; x_wconf 70' lang='lat' dir='ltr'><strong>allectum</strong></span> <span class='ocrx_word' id='word_1_158' title='bbox 1838 1833 2044 1893; x_wconf 87' lang='lat' dir='ltr'><strong>pensat</strong></span> 
     </span>
    </p>
   </div>
   <div class='ocr_carea' id='block_1_23' title="bbox 2148 606 3763 670">
    <p class='ocr_par' dir='ltr' id='par_1_23' title="bbox 2148 606 3763 670">
     <span class='ocr_line' id='line_1_23' title="bbox 2148 606 3763 670; baseline -0.001 -17"><span class='ocrx_word' id='word_1_159' title='bbox 2148 621 2240 653; x_wconf 89' lang='lat' dir='ltr'><strong>sua</strong></span> <span class='ocrx_word' id='word_1_160' title='bbox 2266 607 2578 670; x_wconf 81' lang='lat' dir='ltr'><strong>liberatione,</strong></span> <span class='ocrx_word' id='word_1_161' title='bbox 2599 613 2643 653; x_wconf 90' lang='lat' dir='ltr'><strong>et</strong></span> <span class='ocrx_word' id='word_1_162' title='bbox 2660 609 2721 653; x_wconf 85' lang='lat' dir='ltr'><strong>de</strong></span> <span class='ocrx_word' id='word_1_163' title='bbox 2743 606 3141 654; x_wconf 86' lang='lat' dir='ltr'><strong>adversariorum</strong></span> <span class='ocrx_word' id='word_1_164' title='bbox 3158 607 3474 670; x_wconf 73' lang='lat' dir='ltr'><strong>damnatione</strong></span> <span class='ocrx_word' id='word_1_165' title='bbox 3495 606 3763 670; x_wconf 82' lang='lat' dir='ltr'><strong>sperando</strong></span> 
     </span>
    </p>
   </div>
   <div class='ocr_carea' id='block_1_24' title="bbox 2143 666 3760 729">
    <p class='ocr_par' dir='ltr' id='par_1_24' title="bbox 2143 666 3760 729">
     <span class='ocr_line' id='line_1_24' title="bbox 2143 666 3760 729; baseline -0.001 -14"><span class='ocrx_word' id='word_1_166' title='bbox 2143 670 2432 726; x_wconf 88' lang='lat' dir='ltr'><strong>obtinuerit,</strong></span> <span class='ocrx_word' id='word_1_167' title='bbox 2461 671 2513 715; x_wconf 88' lang='lat' dir='ltr'><strong>in</strong></span> <span class='ocrx_word' id='word_1_168' title='bbox 2539 666 2795 729; x_wconf 74' lang='lat' dir='ltr'><strong>prioribus</strong></span> <span class='ocrx_word' id='word_1_169' title='bbox 2830 671 3055 727; x_wconf 84' lang='lat' dir='ltr'><strong>partibus</strong></span> <span class='ocrx_word' id='word_1_170' title='bbox 3093 666 3595 727; x_wconf 74' lang='lat' dir='ltr'><strong>psalmimanifeste&quot;</strong></span> <span class='ocrx_word' id='word_1_171' title='bbox 3626 683 3760 727; x_wconf 82' lang='lat' dir='ltr'><strong>pro-</strong></span> 
     </span>
    </p>
   </div>
   <div class='ocr_carea' id='block_1_25' title="bbox 2146 732 3764 791">
    <p class='ocr_par' dir='ltr' id='par_1_25' title="bbox 2146 732 3764 791">
     <span class='ocr_line' id='line_1_25' title="bbox 2146 732 3764 791; baseline -0.001 -14"><span class='ocrx_word' id='word_1_172' title='bbox 2146 734 2310 778; x_wconf 86' lang='lat' dir='ltr'><strong>mittit.</strong></span> <span class='ocrx_word' id='word_1_173' title='bbox 2337 735 2391 778; x_wconf 80' lang='lat' dir='ltr'><strong>Et</strong></span> <span class='ocrx_word' id='word_1_174' title='bbox 2422 739 2525 777; x_wconf 87' lang='lat' dir='ltr'><strong>orat</strong></span> <span class='ocrx_word' id='word_1_175' title='bbox 2551 747 2639 791; x_wconf 87' lang='lat' dir='ltr'><strong>pro</strong></span> <span class='ocrx_word' id='word_1_176' title='bbox 2673 747 2745 787; x_wconf 92' lang='lat' dir='ltr'><strong>se,</strong></span> <span class='ocrx_word' id='word_1_177' title='bbox 2782 746 2842 778; x_wconf 90' lang='lat' dir='ltr'><strong>ne</strong></span> <span class='ocrx_word' id='word_1_178' title='bbox 2866 733 3063 778; x_wconf 78' lang='lat' dir='ltr'><strong>deﬁciat</strong></span> <span class='ocrx_word' id='word_1_179' title='bbox 3088 732 3142 778; x_wconf 90' lang='lat' dir='ltr'><strong>in</strong></span> <span class='ocrx_word' id='word_1_180' title='bbox 3177 732 3406 789; x_wconf 76' lang='lat' dir='ltr'><strong>passione</strong></span> <span class='ocrx_word' id='word_1_181' title='bbox 3432 747 3445 779; x_wconf 87' lang='lat'><strong>:</strong></span> <span class='ocrx_word' id='word_1_182' title='bbox 3468 737 3516 777; x_wconf 87' lang='lat' dir='ltr'><strong>et</strong></span> <span class='ocrx_word' id='word_1_183' title='bbox 3550 744 3639 789; x_wconf 92' lang='lat' dir='ltr'><strong>pro</strong></span> <span class='ocrx_word' id='word_1_184' title='bbox 3666 744 3764 777; x_wconf 82' lang='lat' dir='ltr'><strong>re-</strong></span> 
     </span>
    </p>
   </div>
   <div class='ocr_carea' id='block_1_26' title="bbox 2146 794 3766 855">
    <p class='ocr_par' dir='ltr' id='par_1_26' title="bbox 2146 794 3766 855">
     <span class='ocr_line' id='line_1_26' title="bbox 2146 794 3766 855; baseline -0.001 -16"><span class='ocrx_word' id='word_1_185' title='bbox 2146 796 2453 840; x_wconf 73' lang='lat' dir='ltr'><strong>surrectione</strong></span> <span class='ocrx_word' id='word_1_186' title='bbox 2498 809 2607 855; x_wconf 84' lang='lat' dir='ltr'><strong>sua,</strong></span> <span class='ocrx_word' id='word_1_187' title='bbox 2654 802 2699 840; x_wconf 86' lang='lat' dir='ltr'><strong>et</strong></span> <span class='ocrx_word' id='word_1_188' title='bbox 2732 796 3107 852; x_wconf 77' lang='lat' dir='ltr'><strong>gloriticatione.</strong></span> <span class='ocrx_word' id='word_1_189' title='bbox 3151 794 3272 847; x_wconf 69' lang='lat' dir='ltr'><strong>Agit</strong></span> <span class='ocrx_word' id='word_1_190' title='bbox 3303 794 3449 840; x_wconf 86' lang='lat' dir='ltr'><strong>etiam</strong></span> <span class='ocrx_word' id='word_1_191' title='bbox 3498 795 3559 840; x_wconf 87' lang='lat' dir='ltr'><strong>de</strong></span> <span class='ocrx_word' id='word_1_192' title='bbox 3585 794 3766 852; x_wconf 88' lang='lat' dir='ltr'><strong>repul-</strong></span> 
     </span>
    </p>
   </div>
   <div class='ocr_carea' id='block_1_27' title="bbox 2146 856 3761 919">
    <p class='ocr_par' dir='ltr' id='par_1_27' title="bbox 2146 856 3761 919">
     <span class='ocr_line' id='line_1_27' title="bbox 2146 856 3761 919; baseline -0.002 -16"><span class='ocrx_word' id='word_1_193' title='bbox 2146 858 2287 903; x_wconf 91' lang='lat' dir='ltr'><strong>sione</strong></span> <span class='ocrx_word' id='word_1_194' title='bbox 2310 857 2594 903; x_wconf 69' lang='lat' dir='ltr'><strong>.ludmorum</strong></span> <span class='ocrx_word' id='word_1_195' title='bbox 2622 859 2874 919; x_wconf 73' lang='lat' dir='ltr'><strong>praesenti,</strong></span> <span class='ocrx_word' id='word_1_196' title='bbox 2894 859 3017 904; x_wconf 89' lang='lat' dir='ltr'><strong>etde</strong></span> <span class='ocrx_word' id='word_1_197' title='bbox 3042 858 3357 903; x_wconf 63' lang='lat' dir='ltr'><strong>damnatione</strong></span> <span class='ocrx_word' id='word_1_198' title='bbox 3383 860 3585 914; x_wconf 63' lang='lat' dir='ltr'><strong>aeterna,</strong></span> <span class='ocrx_word' id='word_1_199' title='bbox 3613 861 3659 901; x_wconf 87' lang='lat' dir='ltr'><strong>et</strong></span> <span class='ocrx_word' id='word_1_200' title='bbox 3686 856 3761 919; x_wconf 82' lang='lat' dir='ltr'><strong>de</strong></span> 
     </span>
    </p>
   </div>
   <div class='ocr_carea' id='block_1_28' title="bbox 2144 918 3759 981">
    <p class='ocr_par' dir='ltr' id='par_1_28' title="bbox 2144 918 3759 981">
     <span class='ocr_line' id='line_1_28' title="bbox 2144 918 3759 981; baseline -0.001 -17"><span class='ocrx_word' id='word_1_201' title='bbox 2144 921 2452 965; x_wconf 85' lang='lat' dir='ltr'><strong>assumtione</strong></span> <span class='ocrx_word' id='word_1_202' title='bbox 2497 922 2749 977; x_wconf 88' lang='lat' dir='ltr'><strong>Gentium,</strong></span> <span class='ocrx_word' id='word_1_203' title='bbox 2800 918 2956 968; x_wconf 81' lang='lat' dir='ltr'><strong>etde</strong></span> <span class='ocrx_word' id='word_1_204' title='bbox 3010 920 3370 981; x_wconf 80' lang='lat' dir='ltr'><strong>gloriﬁcalione</strong></span> <span class='ocrx_word' id='word_1_205' title='bbox 3412 919 3639 965; x_wconf 81' lang='lat' dir='ltr'><strong>ﬁdelium</strong></span> <span class='ocrx_word' id='word_1_206' title='bbox 3694 918 3759 962; x_wconf 86' lang='lat' dir='ltr'><strong>in</strong></span> 
     </span>
    </p>
   </div>
   <div class='ocr_carea' id='block_1_29' title="bbox 2146 982 2779 1032">
    <p class='ocr_par' dir='ltr' id='par_1_29' title="bbox 2146 982 2779 1032">
     <span class='ocr_line' id='line_1_29' title="bbox 2146 982 2779 1032; baseline 0.008 -5"><span class='ocrx_word' id='word_1_207' title='bbox 2146 987 2419 1031; x_wconf 76' lang='lat' dir='ltr'><strong>teternum:</strong></span> <span class='ocrx_word' id='word_1_208' title='bbox 2457 982 2530 1029; x_wconf 87' lang='lat' dir='ltr'><strong>sic</strong></span> <span class='ocrx_word' id='word_1_209' title='bbox 2552 983 2725 1029; x_wconf 77' lang='lat' dir='ltr'><strong>dicens</strong></span> <span class='ocrx_word' id='word_1_210' title='bbox 2766 995 2779 1032; x_wconf 89' lang='lat'><strong>:</strong></span> 
     </span>
    </p>
   </div>
   <div class='ocr_carea' id='block_1_30' title="bbox 2631 1077 3239 1143">
    <p class='ocr_par' dir='ltr' id='par_1_30' title="bbox 2631 1077 3239 1143">
     <span class='ocr_line' id='line_1_30' title="bbox 2631 1077 3239 1143; baseline 0 -4"><span class='ocrx_word' id='word_1_211' title='bbox 2631 1077 3025 1143; x_wconf 86' lang='lat' dir='ltr'><strong>PSALMUS</strong></span> <span class='ocrx_word' id='word_1_212' title='bbox 3070 1078 3239 1142; x_wconf 88' lang='lat' dir='ltr'><strong>LIV.</strong></span> 
     </span>
    </p>
   </div>
   <div class='ocr_carea' id='block_1_31' title="bbox 2227 1198 3765 1269">
    <p class='ocr_par' dir='ltr' id='par_1_31' title="bbox 2227 1198 3765 1269">
     <span class='ocr_line' id='line_1_31' title="bbox 2227 1198 3765 1269; baseline -0.001 -17"><span class='ocrx_word' id='word_1_213' title='bbox 2428 1200 2480 1255; x_wconf 67' lang='grc'><strong>2.</strong></span> <span class='ocrx_word' id='word_1_214' title='bbox 2512 1202 2737 1251; x_wconf 68' lang='lat' dir='ltr'><strong>Exaudi</strong></span> <span class='ocrx_word' id='word_1_215' title='bbox 2760 1202 2899 1251; x_wconf 84' lang='lat' dir='ltr'><strong>Deus</strong></span> <span class='ocrx_word' id='word_1_216' title='bbox 2936 1203 3236 1252; x_wconf 83' lang='lat' dir='ltr'><strong>orationem</strong></span> <span class='ocrx_word' id='word_1_217' title='bbox 3260 1217 3455 1261; x_wconf 86' lang='lat' dir='ltr'><strong>meam,</strong></span> <span class='ocrx_word' id='word_1_218' title='bbox 3481 1208 3526 1250; x_wconf 85' lang='lat' dir='ltr'><strong>et</strong></span> <span class='ocrx_word' id='word_1_219' title='bbox 3553 1218 3618 1250; x_wconf 90' lang='lat' dir='ltr'><strong>ne</strong></span> <span class='ocrx_word' id='word_1_220' title='bbox 3654 1203 3765 1251; x_wconf 87' lang='lat' dir='ltr'><strong>de-</strong></span> 
     </span>
    </p>
   </div>
   <div class='ocr_carea' id='block_1_32' title="bbox 2142 1273 3763 1339">
    <p class='ocr_par' dir='ltr' id='par_1_32' title="bbox 2142 1273 3763 1339">
     <span class='ocr_line' id='line_1_32' title="bbox 2142 1273 3763 1339; baseline -0.001 -18"><span class='ocrx_word' id='word_1_221' title='bbox 2142 1274 2378 1337; x_wconf 72' lang='lat' dir='ltr'><strong>spexeris</strong></span> <span class='ocrx_word' id='word_1_222' title='bbox 2394 1274 2819 1337; x_wconf 77' lang='lat' dir='ltr'><strong>deprecationem</strong></span> <span class='ocrx_word' id='word_1_223' title='bbox 2839 1290 3036 1323; x_wconf 84' lang='lat' dir='ltr'><strong>meam:</strong></span> <span class='ocrx_word' id='word_1_224' title='bbox 3056 1276 3239 1339; x_wconf 80' lang='lat' dir='ltr'><strong>[Vers.</strong></span> <span class='ocrx_word' id='word_1_225' title='bbox 3255 1274 3326 1338; x_wconf 88' lang='lat'><strong>3.]</strong></span> <span class='ocrx_word' id='word_1_226' title='bbox 3351 1274 3565 1322; x_wconf 87' lang='lat' dir='ltr'><strong>Intende</strong></span> <span class='ocrx_word' id='word_1_227' title='bbox 3581 1273 3763 1333; x_wconf 77' lang='lat' dir='ltr'><strong>mihi,</strong></span> 
     </span>
    </p>
   </div>
   <div class='ocr_carea' id='block_1_33' title="bbox 2144 1344 3767 1408">
    <p class='ocr_par' dir='ltr' id='par_1_33' title="bbox 2144 1344 3767 1408">
     <span class='ocr_line' id='line_1_33' title="bbox 2144 1344 3767 1408; baseline 0.002 -16"><span class='ocrx_word' id='word_1_228' title='bbox 2144 1350 2189 1393; x_wconf 86' lang='lat' dir='ltr'><strong>et</strong></span> <span class='ocrx_word' id='word_1_229' title='bbox 2209 1345 2411 1394; x_wconf 69' lang='lat' dir='ltr'><strong>exaudi</strong></span> <span class='ocrx_word' id='word_1_230' title='bbox 2440 1360 2540 1397; x_wconf 86' lang='lat' dir='ltr'><strong>me.</strong></span> <span class='ocrx_word' id='word_1_231' title='bbox 2576 1346 2751 1408; x_wconf 90' lang='lat' dir='ltr'><strong>Quasi</strong></span> <span class='ocrx_word' id='word_1_232' title='bbox 2785 1346 2969 1397; x_wconf 90' lang='lat' dir='ltr'><strong>dicat:</strong></span> <span class='ocrx_word' id='word_1_233' title='bbox 2998 1347 3042 1397; x_wconf 94' lang='grc' dir='ltr'>Ο</span> <span class='ocrx_word' id='word_1_234' title='bbox 3078 1359 3184 1397; x_wconf 91' lang='lat' dir='ltr'><strong>vos</strong></span> <span class='ocrx_word' id='word_1_235' title='bbox 3209 1344 3405 1397; x_wconf 79' lang='lat' dir='ltr'><strong>ﬁdeles</strong></span> <span class='ocrx_word' id='word_1_236' title='bbox 3427 1345 3540 1397; x_wconf 90' lang='lat' dir='ltr'><strong>mei</strong></span> <span class='ocrx_word' id='word_1_237' title='bbox 3564 1344 3624 1395; x_wconf 91' lang='lat' dir='ltr'><strong>in</strong></span> <span class='ocrx_word' id='word_1_238' title='bbox 3648 1344 3767 1396; x_wconf 90' lang='lat' dir='ltr'><strong>tri-</strong></span> 
     </span>
    </p>
   </div>
   <div class='ocr_carea' id='block_1_34' title="bbox 2145 1415 3766 1483">
    <p class='ocr_par' dir='ltr' id='par_1_34' title="bbox 2145 1415 3766 1483">
     <span class='ocr_line' id='line_1_34' title="bbox 2145 1415 3766 1483; baseline 0.001 -17"><span class='ocrx_word' id='word_1_239' title='bbox 2145 1415 2533 1468; x_wconf 91' lang='lat' dir='ltr'><strong>bulationibus</strong></span> <span class='ocrx_word' id='word_1_240' title='bbox 2563 1417 2752 1483; x_wconf 88' lang='lat' dir='ltr'><strong>positi,</strong></span> <span class='ocrx_word' id='word_1_241' title='bbox 2779 1418 2954 1470; x_wconf 85' lang='lat' dir='ltr'><strong>nolite</strong></span> <span class='ocrx_word' id='word_1_242' title='bbox 2977 1417 3220 1469; x_wconf 76' lang='lat' dir='ltr'><strong>deiicere</strong></span> <span class='ocrx_word' id='word_1_243' title='bbox 3246 1434 3256 1467; x_wconf 93' lang='lat'><strong>:</strong></span> <span class='ocrx_word' id='word_1_244' title='bbox 3283 1416 3384 1469; x_wconf 89' lang='lat' dir='ltr'><strong>sed</strong></span> <span class='ocrx_word' id='word_1_245' title='bbox 3409 1416 3465 1467; x_wconf 91' lang='lat' dir='ltr'><strong>in</strong></span> <span class='ocrx_word' id='word_1_246' title='bbox 3498 1415 3766 1467; x_wconf 88' lang='lat' dir='ltr'><strong>Domino</strong></span> 
     </span>
    </p>
   </div>
   <div class='ocr_carea' id='block_1_35' title="bbox 2147 1491 3765 1553">
    <p class='ocr_par' dir='ltr' id='par_1_35' title="bbox 2147 1491 3765 1553">
     <span class='ocr_line' id='line_1_35' title="bbox 2147 1491 3765 1553; baseline -0.003 -14"><span class='ocrx_word' id='word_1_247' title='bbox 2147 1493 2460 1553; x_wconf 86' lang='lat' dir='ltr'><strong>sperantes,</strong></span> <span class='ocrx_word' id='word_1_248' title='bbox 2478 1494 2534 1541; x_wconf 87' lang='lat' dir='ltr'><strong>et</strong></span> <span class='ocrx_word' id='word_1_249' title='bbox 2553 1491 3071 1541; x_wconf 88' lang='lat' dir='ltr'><strong>remunerationem</strong></span> <span class='ocrx_word' id='word_1_250' title='bbox 3096 1491 3169 1540; x_wconf 91' lang='lat' dir='ltr'><strong>ab</strong></span> <span class='ocrx_word' id='word_1_251' title='bbox 3199 1506 3255 1537; x_wconf 84' lang='lat' dir='ltr'><strong>eo</strong></span> <span class='ocrx_word' id='word_1_252' title='bbox 3272 1496 3608 1549; x_wconf 76' lang='lat' dir='ltr'><strong>expectantes,</strong></span> <span class='ocrx_word' id='word_1_253' title='bbox 3633 1503 3765 1535; x_wconf 81' lang='lat' dir='ltr'><strong>meo</strong></span> 
     </span>
    </p>
   </div>
   <div class='ocr_carea' id='block_1_36' title="bbox 2146 1558 3762 1627">
    <p class='ocr_par' dir='ltr' id='par_1_36' title="bbox 2146 1558 3762 1627">
     <span class='ocr_line' id='line_1_36' title="bbox 2146 1558 3762 1627; baseline -0.001 -17"><span class='ocrx_word' id='word_1_254' title='bbox 2146 1561 2407 1623; x_wconf 78' lang='lat' dir='ltr'><strong>exemplo</strong></span> <span class='ocrx_word' id='word_1_255' title='bbox 2453 1565 2608 1612; x_wconf 89' lang='lat' dir='ltr'><strong>orate</strong></span> <span class='ocrx_word' id='word_1_256' title='bbox 2641 1577 2654 1613; x_wconf 90' lang='lat'><strong>:</strong></span> <span class='ocrx_word' id='word_1_257' title='bbox 2690 1562 2825 1627; x_wconf 88' lang='lat' dir='ltr'><strong>quia</strong></span> <span class='ocrx_word' id='word_1_258' title='bbox 2862 1574 2968 1627; x_wconf 84' lang='lat' dir='ltr'><strong>ego</strong></span> <span class='ocrx_word' id='word_1_259' title='bbox 3005 1562 3066 1612; x_wconf 93' lang='lat' dir='ltr'><strong>in</strong></span> <span class='ocrx_word' id='word_1_260' title='bbox 3090 1559 3354 1625; x_wconf 87' lang='lat' dir='ltr'><strong>passione</strong></span> <span class='ocrx_word' id='word_1_261' title='bbox 3383 1559 3627 1622; x_wconf 86' lang='lat' dir='ltr'><strong>positus.</strong></span> <span class='ocrx_word' id='word_1_262' title='bbox 3661 1558 3762 1609; x_wconf 89' lang='lat' dir='ltr'><strong>sic</strong></span> 
     </span>
    </p>
   </div>
   <div class='ocr_carea' id='block_1_37' title="bbox 2146 1630 3765 1695">
    <p class='ocr_par' dir='ltr' id='par_1_37' title="bbox 2146 1630 3765 1695">
     <span class='ocr_line' id='line_1_37' title="bbox 2146 1630 3765 1695; baseline 0 -14"><span class='ocrx_word' id='word_1_263' title='bbox 2146 1631 2305 1682; x_wconf 85' lang='lat' dir='ltr'><strong>oravi</strong></span> <span class='ocrx_word' id='word_1_264' title='bbox 2327 1631 2399 1682; x_wconf 90' lang='lat' dir='ltr'><strong>ad</strong></span> <span class='ocrx_word' id='word_1_265' title='bbox 2416 1632 2733 1684; x_wconf 86' lang='lat' dir='ltr'><strong>Dominum</strong></span> <span class='ocrx_word' id='word_1_266' title='bbox 2764 1644 2778 1686; x_wconf 86' lang='lat'><strong>:</strong></span> <span class='ocrx_word' id='word_1_267' title='bbox 2815 1633 2860 1685; x_wconf 93' lang='grc' dir='ltr'>Ο</span> <span class='ocrx_word' id='word_1_268' title='bbox 2888 1634 3036 1685; x_wconf 88' lang='lat' dir='ltr'><strong>Deus</strong></span> <span class='ocrx_word' id='word_1_269' title='bbox 3070 1634 3250 1690; x_wconf 89' lang='lat' dir='ltr'><strong>Pater,</strong></span> <span class='ocrx_word' id='word_1_270' title='bbox 3277 1630 3485 1682; x_wconf 79' lang='lat' dir='ltr'><strong>exaudi</strong></span> <span class='ocrx_word' id='word_1_271' title='bbox 3514 1634 3765 1695; x_wconf 82' lang='lat' dir='ltr'><strong>propter</strong></span> 
     </span>
    </p>
   </div>
   <div class='ocr_carea' id='block_1_38' title="bbox 2146 1700 3763 1765">
    <p class='ocr_par' dir='ltr' id='par_1_38' title="bbox 2146 1700 3763 1765">
     <span class='ocr_line' id='line_1_38' title="bbox 2146 1700 3763 1765; baseline -0.001 -12"><span class='ocrx_word' id='word_1_272' title='bbox 2146 1702 2487 1765; x_wconf 86' lang='lat' dir='ltr'><strong>dignitatem</strong></span> <span class='ocrx_word' id='word_1_273' title='bbox 2511 1703 2635 1755; x_wconf 88' lang='lat' dir='ltr'><strong>Filii</strong></span> <span class='ocrx_word' id='word_1_274' title='bbox 2659 1704 2742 1756; x_wconf 91' lang='lat' dir='ltr'><strong>tui</strong></span> <span class='ocrx_word' id='word_1_275' title='bbox 2760 1705 3076 1755; x_wconf 89' lang='lat' dir='ltr'><strong>orationem</strong></span> <span class='ocrx_word' id='word_1_276' title='bbox 3103 1715 3312 1765; x_wconf 89' lang='lat' dir='ltr'><strong>meam,</strong></span> <span class='ocrx_word' id='word_1_277' title='bbox 3345 1700 3763 1753; x_wconf 90' lang='lat' dir='ltr'><strong>resuscitando</strong></span> 
     </span>
    </p>
   </div>
   <div class='ocr_carea' id='block_1_39' title="bbox 2147 1772 3762 1837">
    <p class='ocr_par' dir='ltr' id='par_1_39' title="bbox 2147 1772 3762 1837">
     <span class='ocr_line' id='line_1_39' title="bbox 2147 1772 3762 1837; baseline -0.001 -12"><span class='ocrx_word' id='word_1_278' title='bbox 2147 1788 2236 1825; x_wconf 90' lang='lat' dir='ltr'><strong>me</strong></span> <span class='ocrx_word' id='word_1_279' title='bbox 2258 1788 2293 1826; x_wconf 89' lang='lat' dir='ltr'><strong>a</strong></span> <span class='ocrx_word' id='word_1_280' title='bbox 2323 1779 2526 1837; x_wconf 90' lang='lat' dir='ltr'><strong>morte,</strong></span> <span class='ocrx_word' id='word_1_281' title='bbox 2552 1780 2609 1827; x_wconf 88' lang='lat' dir='ltr'><strong>et</strong></span> <span class='ocrx_word' id='word_1_282' title='bbox 2628 1775 2991 1827; x_wconf 79' lang='lat' dir='ltr'><strong>clariﬁcando</strong></span> <span class='ocrx_word' id='word_1_283' title='bbox 3020 1775 3082 1826; x_wconf 92' lang='lat' dir='ltr'><strong>in</strong></span> <span class='ocrx_word' id='word_1_284' title='bbox 3108 1774 3386 1837; x_wconf 87' lang='lat' dir='ltr'><strong>passione.</strong></span> <span class='ocrx_word' id='word_1_285' title='bbox 3415 1776 3497 1824; x_wconf 89' lang='lat' dir='ltr'><strong>Ac</strong></span> <span class='ocrx_word' id='word_1_286' title='bbox 3522 1772 3569 1823; x_wconf 88' lang='lat' dir='ltr'><strong>si</strong></span> <span class='ocrx_word' id='word_1_287' title='bbox 3597 1772 3762 1823; x_wconf 87' lang='lat' dir='ltr'><strong>dice-</strong></span> 
     </span>
    </p>
   </div>
   <div class='ocr_carea' id='block_1_40' title="bbox 2146 1844 3758 1910">
    <p class='ocr_par' dir='ltr' id='par_1_40' title="bbox 2146 1844 3758 1910">
     <span class='ocr_line' id='line_1_40' title="bbox 2146 1844 3758 1910; baseline -0.002 -14"><span class='ocrx_word' id='word_1_288' title='bbox 2146 1848 2265 1897; x_wconf 89' lang='lat' dir='ltr'><strong>ret:</strong></span> <span class='ocrx_word' id='word_1_289' title='bbox 2313 1848 2477 1897; x_wconf 91' lang='lat' dir='ltr'><strong>Pater</strong></span> <span class='ocrx_word' id='word_1_290' title='bbox 2526 1845 2773 1899; x_wconf 86' lang='lat' dir='ltr'><strong>claritlca</strong></span> <span class='ocrx_word' id='word_1_291' title='bbox 2819 1847 3024 1898; x_wconf 86' lang='lat' dir='ltr'><strong>Filium</strong></span> <span class='ocrx_word' id='word_1_292' title='bbox 3069 1851 3256 1910; x_wconf 88' lang='lat' dir='ltr'><strong>tuum,</strong></span> <span class='ocrx_word' id='word_1_293' title='bbox 3294 1849 3360 1897; x_wconf 89' lang='lat' dir='ltr'><strong>ut</strong></span> <span class='ocrx_word' id='word_1_294' title='bbox 3402 1844 3577 1895; x_wconf 88' lang='lat' dir='ltr'><strong>Filius</strong></span> <span class='ocrx_word' id='word_1_295' title='bbox 3606 1848 3758 1894; x_wconf 88' lang='lat' dir='ltr'><strong>tuus</strong></span> 
     </span>
    </p>
   </div>
   <div class='ocr_carea' id='block_1_41' title="bbox 433 1902 3761 1981">
    <p class='ocr_par' dir='ltr' id='par_1_41' title="bbox 433 1902 3761 1981">
     <span class='ocr_line' id='line_1_41' title="bbox 433 1902 3761 1981; baseline 0 -16"><span class='ocrx_word' id='word_1_296' title='bbox 433 1902 700 1981; x_wconf 34' lang='grc' dir='ltr'><strong>ἔκαε-,ΠΙ</strong></span> <span class='ocrx_word' id='word_1_297' title='bbox 732 1902 899 1981; x_wconf 46' lang='lat' dir='ltr'><strong>omni</strong></span> <span class='ocrx_word' id='word_1_298' title='bbox 931 1903 1229 1981; x_wconf 63' lang='grc' dir='ltr'><strong>δᾶστὶξὶοἱῼ,</strong></span> <span class='ocrx_word' id='word_1_299' title='bbox 1281 1908 1452 1981; x_wconf 44' lang='lat' dir='ltr'><strong>auiti?</strong></span> <span class='ocrx_word' id='word_1_300' title='bbox 1501 1902 1789 1981; x_wconf 63' lang='grc' dir='ltr'><strong>ρίῑθτθιιιίε</strong></span> <span class='ocrx_word' id='word_1_301' title='bbox 1826 1902 2032 1981; x_wconf 50' lang='lat' dir='ltr'><strong>P911311?</strong></span> <span class='ocrx_word' id='word_1_302' title='bbox 2062 1902 2115 1976; x_wconf 89' lang='lat' dir='ltr'><strong>B</strong></span> <span class='ocrx_word' id='word_1_303' title='bbox 2145 1918 2416 1969; x_wconf 82' lang='lat' dir='ltr'><strong>clariﬂcet</strong></span> <span class='ocrx_word' id='word_1_304' title='bbox 2450 1922 2504 1969; x_wconf 91' lang='lat' dir='ltr'><strong>te</strong></span> <span class='ocrx_word' id='word_1_305' title='bbox 2554 1918 2729 1980; x_wconf 86' lang='lat' dir='ltr'><strong>(Joan.</strong></span> <span class='ocrx_word' id='word_1_306' title='bbox 2774 1918 2899 1981; x_wconf 77' lang='lat'><strong>17.).</strong></span> <span class='ocrx_word' id='word_1_307' title='bbox 2943 1920 3014 1971; x_wconf 88' lang='lat' dir='ltr'><strong>Et</strong></span> <span class='ocrx_word' id='word_1_308' title='bbox 3057 1931 3131 1970; x_wconf 91' lang='lat' dir='ltr'><strong>ne</strong></span> <span class='ocrx_word' id='word_1_309' title='bbox 3176 1902 3507 1981; x_wconf 79' lang='lat' dir='ltr'><strong>despexeris</strong></span> <span class='ocrx_word' id='word_1_310' title='bbox 3542 1916 3761 1979; x_wconf 85' lang='lat' dir='ltr'><strong>depre-</strong></span> 
     </span>
    </p>
   </div>
   <div class='ocr_carea' id='block_1_42' title="bbox 436 1972 2033 2038">
    <p class='ocr_par' dir='ltr' id='par_1_42' title="bbox 436 1972 2033 2038">
     <span class='ocr_line' id='line_1_42' title="bbox 436 1972 2033 2038; baseline -0.001 -13"><span class='ocrx_word' id='word_1_311' title='bbox 436 1972 826 2036; x_wconf 88' lang='lat' dir='ltr'><strong>intentionem,</strong></span> <span class='ocrx_word' id='word_1_312' title='bbox 851 1978 909 2024; x_wconf 92' lang='lat' dir='ltr'><strong>et</strong></span> <span class='ocrx_word' id='word_1_313' title='bbox 931 1986 1048 2025; x_wconf 91' lang='lat' dir='ltr'><strong>non</strong></span> <span class='ocrx_word' id='word_1_314' title='bbox 1072 1973 1206 2025; x_wconf 92' lang='lat' dir='ltr'><strong>doni</strong></span> <span class='ocrx_word' id='word_1_315' title='bbox 1223 1974 1677 2038; x_wconf 86' lang='lat' dir='ltr'><strong>magnitudinem</strong></span> <span class='ocrx_word' id='word_1_316' title='bbox 1695 1973 2033 2024; x_wconf 72' lang='lat' dir='ltr'><strong>considerat.</strong></span> 
     </span>
    </p>
   </div>
   <div class='ocr_carea' id='block_1_43' title="bbox 437 2044 2037 2106">
    <p class='ocr_par' dir='ltr' id='par_1_43' title="bbox 437 2044 2037 2106">
     <span class='ocr_line' id='line_1_43' title="bbox 437 2044 2037 2106; baseline 0 -12"><span class='ocrx_word' id='word_1_317' title='bbox 437 2045 506 2095; x_wconf 90' lang='lat' dir='ltr'><strong>Et</strong></span> <span class='ocrx_word' id='word_1_318' title='bbox 535 2048 753 2106; x_wconf 89' lang='lat' dir='ltr'><strong>quanta</strong></span> <span class='ocrx_word' id='word_1_319' title='bbox 770 2048 861 2095; x_wconf 91' lang='lat' dir='ltr'><strong>est</strong></span> <span class='ocrx_word' id='word_1_320' title='bbox 874 2044 1123 2105; x_wconf 87' lang='lat' dir='ltr'><strong>devotio,</strong></span> <span class='ocrx_word' id='word_1_321' title='bbox 1147 2050 1202 2096; x_wconf 84' lang='lat' dir='ltr'><strong>et</strong></span> <span class='ocrx_word' id='word_1_322' title='bbox 1219 2044 1489 2097; x_wconf 86' lang='lat' dir='ltr'><strong>voluntas</strong></span> <span class='ocrx_word' id='word_1_323' title='bbox 1506 2044 1795 2095; x_wconf 86' lang='lat' dir='ltr'><strong>ot‘l‘erentis</strong></span> <span class='ocrx_word' id='word_1_324' title='bbox 1814 2048 2037 2096; x_wconf 86' lang='lat' dir='ltr'><strong>tantum</strong></span> 
     </span>
    </p>
   </div>
   <div class='ocr_carea' id='block_1_44' title="bbox 432 2115 2040 2181">
    <p class='ocr_par' dir='ltr' id='par_1_44' title="bbox 432 2115 2040 2181">
     <span class='ocr_line' id='line_1_44' title="bbox 432 2115 2040 2181; baseline 0 -15"><span class='ocrx_word' id='word_1_325' title='bbox 432 2119 523 2167; x_wconf 90' lang='lat' dir='ltr'><strong>est</strong></span> <span class='ocrx_word' id='word_1_326' title='bbox 546 2115 698 2179; x_wconf 91' lang='lat' dir='ltr'><strong>apud</strong></span> <span class='ocrx_word' id='word_1_327' title='bbox 720 2118 903 2167; x_wconf 91' lang='lat' dir='ltr'><strong>Deum</strong></span> <span class='ocrx_word' id='word_1_328' title='bbox 921 2115 1102 2181; x_wconf 90' lang='lat' dir='ltr'><strong>ipsius</strong></span> <span class='ocrx_word' id='word_1_329' title='bbox 1136 2116 1498 2168; x_wconf 84' lang='lat' dir='ltr'><strong>sacrificium.</strong></span> <span class='ocrx_word' id='word_1_330' title='bbox 1527 2116 1675 2167; x_wconf 90' lang='lat' dir='ltr'><strong>Hinc</strong></span> <span class='ocrx_word' id='word_1_331' title='bbox 1689 2117 1916 2180; x_wconf 87' lang='lat' dir='ltr'><strong>Moyses</strong></span> <span class='ocrx_word' id='word_1_332' title='bbox 1929 2116 2040 2166; x_wconf 85' lang='lat' dir='ltr'><strong>ait:</strong></span> 
     </span>
    </p>
   </div>
   <div class='ocr_carea' id='block_1_45' title="bbox 435 2186 2039 2251">
    <p class='ocr_par' dir='ltr' id='par_1_45' title="bbox 435 2186 2039 2251">
     <span class='ocr_line' id='line_1_45' title="bbox 435 2186 2039 2251; baseline -0.002 -13"><span class='ocrx_word' id='word_1_333' title='bbox 435 2186 709 2251; x_wconf 84' lang='lat' dir='ltr'><strong>Respexit</strong></span> <span class='ocrx_word' id='word_1_334' title='bbox 741 2188 1021 2239; x_wconf 89' lang='lat' dir='ltr'><strong>Dominus</strong></span> <span class='ocrx_word' id='word_1_335' title='bbox 1034 2188 1106 2240; x_wconf 91' lang='lat' dir='ltr'><strong>ad</strong></span> <span class='ocrx_word' id='word_1_336' title='bbox 1120 2188 1262 2240; x_wconf 87' lang='lat' dir='ltr'><strong>Abel</strong></span> <span class='ocrx_word' id='word_1_337' title='bbox 1288 2189 1426 2240; x_wconf 91' lang='lat' dir='ltr'><strong>etad</strong></span> <span class='ocrx_word' id='word_1_338' title='bbox 1444 2201 1685 2240; x_wconf 89' lang='lat' dir='ltr'><strong>munera</strong></span> <span class='ocrx_word' id='word_1_339' title='bbox 1701 2189 1825 2251; x_wconf 87' lang='lat' dir='ltr'><strong>ejus</strong></span> <span class='ocrx_word' id='word_1_340' title='bbox 1842 2188 2039 2248; x_wconf 84' lang='lat' dir='ltr'><strong>(Genes-</strong></span> 
     </span>
    </p>
   </div>
   <div class='ocr_carea' id='block_1_46' title="bbox 436 2257 2042 2324">
    <p class='ocr_par' dir='ltr' id='par_1_46' title="bbox 436 2257 2042 2324">
     <span class='ocr_line' id='line_1_46' title="bbox 436 2257 2042 2324; baseline -0.002 -12"><span class='ocrx_word' id='word_1_341' title='bbox 436 2257 530 2319; x_wconf 82' lang='grc'><strong>4.).</strong></span> <span class='ocrx_word' id='word_1_342' title='bbox 586 2260 712 2309; x_wconf 91' lang='lat' dir='ltr'><strong>Non</strong></span> <span class='ocrx_word' id='word_1_343' title='bbox 735 2260 896 2324; x_wconf 87' lang='lat' dir='ltr'><strong>prius</strong></span> <span class='ocrx_word' id='word_1_344' title='bbox 942 2259 1013 2311; x_wconf 89' lang='lat' dir='ltr'><strong>ad</strong></span> <span class='ocrx_word' id='word_1_345' title='bbox 1056 2273 1316 2323; x_wconf 89' lang='lat' dir='ltr'><strong>munera,</strong></span> <span class='ocrx_word' id='word_1_346' title='bbox 1366 2262 1464 2313; x_wconf 90' lang='lat' dir='ltr'><strong>sed</strong></span> <span class='ocrx_word' id='word_1_347' title='bbox 1502 2261 1575 2312; x_wconf 91' lang='lat' dir='ltr'><strong>ad</strong></span> <span class='ocrx_word' id='word_1_348' title='bbox 1602 2261 1746 2312; x_wconf 87' lang='lat' dir='ltr'><strong>Abel</strong></span> <span class='ocrx_word' id='word_1_349' title='bbox 1772 2260 1927 2323; x_wconf 89' lang='lat' dir='ltr'><strong>prius</strong></span> <span class='ocrx_word' id='word_1_350' title='bbox 1954 2272 2042 2310; x_wconf 91' lang='lat' dir='ltr'><strong>re-</strong></span> 
     </span>
    </p>
   </div>
   <div class='ocr_carea' id='block_1_47' title="bbox 436 2330 2039 2396">
    <p class='ocr_par' dir='ltr' id='par_1_47' title="bbox 436 2330 2039 2396">
     <span class='ocr_line' id='line_1_47' title="bbox 436 2330 2039 2396; baseline 0.001 -16"><span class='ocrx_word' id='word_1_351' title='bbox 436 2330 991 2393; x_wconf 86' lang='lat' dir='ltr'><strong>spexisseDominus</strong></span> <span class='ocrx_word' id='word_1_352' title='bbox 1018 2332 1347 2396; x_wconf 80' lang='lat' dir='ltr'><strong>perhibetur</strong></span> <span class='ocrx_word' id='word_1_353' title='bbox 1372 2348 1384 2383; x_wconf 90' lang='lat'><strong>:</strong></span> <span class='ocrx_word' id='word_1_354' title='bbox 1418 2332 1555 2395; x_wconf 90' lang='lat' dir='ltr'><strong>quia</strong></span> <span class='ocrx_word' id='word_1_355' title='bbox 1574 2345 1695 2383; x_wconf 91' lang='lat' dir='ltr'><strong>non</strong></span> <span class='ocrx_word' id='word_1_356' title='bbox 1718 2334 1921 2394; x_wconf 88' lang='lat' dir='ltr'><strong>pensat</strong></span> <span class='ocrx_word' id='word_1_357' title='bbox 1942 2344 2039 2382; x_wconf 87' lang='lat' dir='ltr'><strong>vo-</strong></span> 
     </span>
    </p>
   </div>
   <div class='ocr_carea' id='block_1_48' title="bbox 431 2399 2040 2463">
    <p class='ocr_par' dir='ltr' id='par_1_48' title="bbox 431 2399 2040 2463">
     <span class='ocr_line' id='line_1_48' title="bbox 431 2399 2040 2463; baseline 0.001 -12"><span class='ocrx_word' id='word_1_358' title='bbox 431 2399 711 2454; x_wconf 90' lang='lat' dir='ltr'><strong>luntatem</strong></span> <span class='ocrx_word' id='word_1_359' title='bbox 736 2415 806 2454; x_wconf 87' lang='lat' dir='ltr'><strong>ex</strong></span> <span class='ocrx_word' id='word_1_360' title='bbox 837 2416 1092 2463; x_wconf 87' lang='lat' dir='ltr'><strong>munere,</strong></span> <span class='ocrx_word' id='word_1_361' title='bbox 1122 2404 1220 2455; x_wconf 91' lang='lat' dir='ltr'><strong>sed</strong></span> <span class='ocrx_word' id='word_1_362' title='bbox 1256 2418 1472 2455; x_wconf 90' lang='lat' dir='ltr'><strong>munus</strong></span> <span class='ocrx_word' id='word_1_363' title='bbox 1498 2417 1571 2456; x_wconf 85' lang='lat' dir='ltr'><strong>ex</strong></span> <span class='ocrx_word' id='word_1_364' title='bbox 1596 2404 1916 2456; x_wconf 86' lang='lat' dir='ltr'><strong>voluntate.</strong></span> <span class='ocrx_word' id='word_1_365' title='bbox 1953 2402 2040 2453; x_wconf 86' lang='lat' dir='ltr'><strong>Ad</strong></span> 
     </span>
    </p>
   </div>
   <div class='ocr_carea' id='block_1_49' title="bbox 432 2472 2040 2540">
    <p class='ocr_par' dir='ltr' id='par_1_49' title="bbox 432 2472 2040 2540">
     <span class='ocr_line' id='line_1_49' title="bbox 432 2472 2040 2540; baseline 0.002 -18"><span class='ocrx_word' id='word_1_366' title='bbox 432 2472 572 2524; x_wconf 90' lang='lat' dir='ltr'><strong>Cain</strong></span> <span class='ocrx_word' id='word_1_367' title='bbox 595 2487 730 2526; x_wconf 90' lang='lat' dir='ltr'><strong>vero</strong></span> <span class='ocrx_word' id='word_1_368' title='bbox 755 2480 814 2526; x_wconf 90' lang='lat' dir='ltr'><strong>et</strong></span> <span class='ocrx_word' id='word_1_369' title='bbox 838 2488 1079 2527; x_wconf 88' lang='lat' dir='ltr'><strong>munera</strong></span> <span class='ocrx_word' id='word_1_370' title='bbox 1110 2477 1238 2540; x_wconf 88' lang='lat' dir='ltr'><strong>ejus</strong></span> <span class='ocrx_word' id='word_1_371' title='bbox 1276 2488 1394 2527; x_wconf 89' lang='lat' dir='ltr'><strong>non</strong></span> <span class='ocrx_word' id='word_1_372' title='bbox 1417 2475 1671 2540; x_wconf 86' lang='lat' dir='ltr'><strong>respexit</strong></span> <span class='ocrx_word' id='word_1_373' title='bbox 1691 2474 1878 2539; x_wconf 63' lang='lat' dir='ltr'><strong>(Ibid),</strong></span> <span class='ocrx_word' id='word_1_374' title='bbox 1907 2475 2040 2538; x_wconf 90' lang='lat' dir='ltr'><strong>quia</strong></span> 
     </span>
    </p>
   </div>
   <div class='ocr_carea' id='block_1_50' title="bbox 432 2542 2033 2614">
    <p class='ocr_par' dir='ltr' id='par_1_50' title="bbox 432 2542 2033 2614">
     <span class='ocr_line' id='line_1_50' title="bbox 432 2542 2033 2614; baseline 0 -19"><span class='ocrx_word' id='word_1_375' title='bbox 432 2544 695 2596; x_wconf 89' lang='lat' dir='ltr'><strong>videlicet</strong></span> <span class='ocrx_word' id='word_1_376' title='bbox 729 2542 902 2614; x_wconf 78' lang='lat'><strong>266</strong></span> <span class='ocrx_word' id='word_1_377' title='bbox 932 2548 1143 2599; x_wconf 89' lang='lat' dir='ltr'><strong>bonam</strong></span> <span class='ocrx_word' id='word_1_378' title='bbox 1168 2548 1227 2599; x_wconf 91' lang='lat' dir='ltr'><strong>in</strong></span> <span class='ocrx_word' id='word_1_379' title='bbox 1252 2561 1318 2600; x_wconf 91' lang='lat' dir='ltr'><strong>eo</strong></span> <span class='ocrx_word' id='word_1_380' title='bbox 1344 2547 1703 2599; x_wconf 85' lang='lat' dir='ltr'><strong>voluntatem</strong></span> <span class='ocrx_word' id='word_1_381' title='bbox 1728 2558 1845 2597; x_wconf 90' lang='lat' dir='ltr'><strong>non</strong></span> <span class='ocrx_word' id='word_1_382' title='bbox 1871 2545 2033 2597; x_wconf 90' lang='lat' dir='ltr'><strong>vidit.</strong></span> 
     </span>
    </p>
   </div>
   <div class='ocr_carea' id='block_1_51' title="bbox 434 2616 2037 2681">
    <p class='ocr_par' dir='ltr' id='par_1_51' title="bbox 434 2616 2037 2681">
     <span class='ocr_line' id='line_1_51' title="bbox 434 2616 2037 2681; baseline -0.002 -14"><span class='ocrx_word' id='word_1_383' title='bbox 434 2616 697 2679; x_wconf 90' lang='lat' dir='ltr'><strong>Seipsum</strong></span> <span class='ocrx_word' id='word_1_384' title='bbox 724 2618 931 2669; x_wconf 89' lang='lat' dir='ltr'><strong>obtulit</strong></span> <span class='ocrx_word' id='word_1_385' title='bbox 948 2619 1096 2669; x_wconf 81' lang='lat' dir='ltr'><strong>Patri</strong></span> <span class='ocrx_word' id='word_1_386' title='bbox 1124 2619 1299 2670; x_wconf 87' lang='lat' dir='ltr'><strong>Filius</strong></span> <span class='ocrx_word' id='word_1_387' title='bbox 1325 2619 1383 2669; x_wconf 92' lang='lat' dir='ltr'><strong>in</strong></span> <span class='ocrx_word' id='word_1_388' title='bbox 1406 2619 1746 2669; x_wconf 86' lang='lat' dir='ltr'><strong>sacriiicium</strong></span> <span class='ocrx_word' id='word_1_389' title='bbox 1765 2630 1866 2681; x_wconf 90' lang='lat' dir='ltr'><strong>pro</strong></span> <span class='ocrx_word' id='word_1_390' title='bbox 1892 2618 2037 2664; x_wconf 88' lang='lat' dir='ltr'><strong>nobis</strong></span> 
     </span>
    </p>
   </div>
   <div class='ocr_carea' id='block_1_52' title="bbox 431 2686 2034 2755">
    <p class='ocr_par' dir='ltr' id='par_1_52' title="bbox 431 2686 2034 2755">
     <span class='ocr_line' id='line_1_52' title="bbox 431 2686 2034 2755; baseline 0.001 -18"><span class='ocrx_word' id='word_1_391' title='bbox 431 2686 755 2739; x_wconf 86' lang='lat' dir='ltr'><strong>voluntarie</strong></span> <span class='ocrx_word' id='word_1_392' title='bbox 779 2690 1031 2755; x_wconf 85' lang='lat' dir='ltr'><strong>quidem,</strong></span> <span class='ocrx_word' id='word_1_393' title='bbox 1058 2690 1194 2753; x_wconf 90' lang='lat' dir='ltr'><strong>quia</strong></span> <span class='ocrx_word' id='word_1_394' title='bbox 1215 2702 1334 2741; x_wconf 89' lang='lat' dir='ltr'><strong>non</strong></span> <span class='ocrx_word' id='word_1_395' title='bbox 1359 2704 1428 2741; x_wconf 83' lang='lat' dir='ltr'><strong>ex</strong></span> <span class='ocrx_word' id='word_1_396' title='bbox 1455 2690 1815 2751; x_wconf 88' lang='lat' dir='ltr'><strong>necessitate,</strong></span> <span class='ocrx_word' id='word_1_397' title='bbox 1836 2688 1935 2739; x_wconf 90' lang='lat' dir='ltr'><strong>sed</strong></span> <span class='ocrx_word' id='word_1_398' title='bbox 1961 2700 2034 2738; x_wconf 81' lang='lat' dir='ltr'><strong>ex</strong></span> 
     </span>
    </p>
   </div>
   <div class='ocr_carea' id='block_1_53' title="bbox 430 2758 2035 2825">
    <p class='ocr_par' dir='ltr' id='par_1_53' title="bbox 430 2758 2035 2825">
     <span class='ocr_line' id='line_1_53' title="bbox 430 2758 2035 2825; baseline 0 -16"><span class='ocrx_word' id='word_1_399' title='bbox 430 2758 683 2811; x_wconf 88' lang='lat' dir='ltr'><strong>caritate.</strong></span> <span class='ocrx_word' id='word_1_400' title='bbox 716 2762 839 2812; x_wconf 84' lang='lat' dir='ltr'><strong>Non</strong></span> <span class='ocrx_word' id='word_1_401' title='bbox 867 2761 1019 2812; x_wconf 90' lang='lat' dir='ltr'><strong>enim</strong></span> <span class='ocrx_word' id='word_1_402' title='bbox 1055 2766 1250 2814; x_wconf 87' lang='lat' dir='ltr'><strong>coacta</strong></span> <span class='ocrx_word' id='word_1_403' title='bbox 1280 2761 1451 2825; x_wconf 90' lang='lat' dir='ltr'><strong>dona,</strong></span> <span class='ocrx_word' id='word_1_404' title='bbox 1485 2768 1542 2814; x_wconf 90' lang='lat' dir='ltr'><strong>et</strong></span> <span class='ocrx_word' id='word_1_405' title='bbox 1578 2765 1775 2813; x_wconf 89' lang='lat' dir='ltr'><strong>coacla</strong></span> <span class='ocrx_word' id='word_1_406' title='bbox 1801 2759 2035 2811; x_wconf 90' lang='lat' dir='ltr'><strong>servitia</strong></span> 
     </span>
    </p>
   </div>
   <div class='ocr_carea' id='block_1_54' title="bbox 430 2828 2032 2897">
    <p class='ocr_par' dir='ltr' id='par_1_54' title="bbox 430 2828 2032 2897">
     <span class='ocr_line' id='line_1_54' title="bbox 430 2828 2032 2897; baseline -0.001 -17"><span class='ocrx_word' id='word_1_407' title='bbox 430 2828 614 2893; x_wconf 84' lang='lat' dir='ltr'><strong>diligit</strong></span> <span class='ocrx_word' id='word_1_408' title='bbox 636 2833 891 2883; x_wconf 82' lang='lat' dir='ltr'><strong>Deus.Et</strong></span> <span class='ocrx_word' id='word_1_409' title='bbox 917 2833 1427 2895; x_wconf 80' lang='lat' dir='ltr'><strong>eonﬁtebornomini</strong></span> <span class='ocrx_word' id='word_1_410' title='bbox 1451 2839 1561 2897; x_wconf 83' lang='lat' dir='ltr'><strong>tuo,</strong></span> <span class='ocrx_word' id='word_1_411' title='bbox 1586 2834 1746 2895; x_wconf 81' lang='lat' dir='ltr'><strong>Deus,</strong></span> <span class='ocrx_word' id='word_1_412' title='bbox 1765 2831 2032 2897; x_wconf 85' lang='lat' dir='ltr'><strong>quoniam</strong></span> 
     </span>
    </p>
   </div>
   <div class='ocr_carea' id='block_1_55' title="bbox 430 2899 2031 2965">
    <p class='ocr_par' dir='ltr' id='par_1_55' title="bbox 430 2899 2031 2965">
     <span class='ocr_line' id='line_1_55' title="bbox 430 2899 2031 2965; baseline 0.002 -16"><span class='ocrx_word' id='word_1_413' title='bbox 430 2899 629 2950; x_wconf 88' lang='lat' dir='ltr'><strong>bonum</strong></span> <span class='ocrx_word' id='word_1_414' title='bbox 662 2909 753 2952; x_wconf 84' lang='lat' dir='ltr'><strong>est.</strong></span> <span class='ocrx_word' id='word_1_415' title='bbox 788 2905 927 2956; x_wconf 83' lang='lat' dir='ltr'><strong>Vere</strong></span> <span class='ocrx_word' id='word_1_416' title='bbox 962 2905 1178 2957; x_wconf 84' lang='lat' dir='ltr'><strong>bonum</strong></span> <span class='ocrx_word' id='word_1_417' title='bbox 1226 2912 1332 2965; x_wconf 90' lang='lat' dir='ltr'><strong>est,</strong></span> <span class='ocrx_word' id='word_1_418' title='bbox 1379 2908 1434 2958; x_wconf 86' lang='lat' dir='ltr'><strong>et</strong></span> <span class='ocrx_word' id='word_1_419' title='bbox 1468 2907 1694 2957; x_wconf 83' lang='lat' dir='ltr'><strong>salubre</strong></span> <span class='ocrx_word' id='word_1_420' title='bbox 1726 2904 2031 2955; x_wconf 86' lang='lat' dir='ltr'><strong>animabus</strong></span> 
     </span>
    </p>
   </div>
   <div class='ocr_carea' id='block_1_56' title="bbox 427 2975 2028 3041">
    <p class='ocr_par' dir='ltr' id='par_1_56' title="bbox 427 2975 2028 3041">
     <span class='ocr_line' id='line_1_56' title="bbox 427 2975 2028 3041; baseline 0 -16"><span class='ocrx_word' id='word_1_421' title='bbox 427 2975 657 3033; x_wconf 89' lang='lat' dir='ltr'><strong>nostris,</strong></span> <span class='ocrx_word' id='word_1_422' title='bbox 685 2980 987 3036; x_wconf 86' lang='lat' dir='ltr'><strong>utcuncta,</strong></span> <span class='ocrx_word' id='word_1_423' title='bbox 1010 2990 1140 3040; x_wconf 62' lang='lat' dir='ltr'><strong>quae</strong></span> <span class='ocrx_word' id='word_1_424' title='bbox 1164 2978 1392 3041; x_wconf 83' lang='lat' dir='ltr'><strong>agimus</strong></span> <span class='ocrx_word' id='word_1_425' title='bbox 1416 2978 1489 3030; x_wconf 91' lang='lat' dir='ltr'><strong>ad</strong></span> <span class='ocrx_word' id='word_1_426' title='bbox 1507 2977 1736 3030; x_wconf 90' lang='lat' dir='ltr'><strong>laudem</strong></span> <span class='ocrx_word' id='word_1_427' title='bbox 1752 2977 2028 3035; x_wconf 80' lang='lat' dir='ltr'><strong>etgloriam</strong></span> 
     </span>
    </p>
   </div>
   <div class='ocr_carea' id='block_1_57' title="bbox 427 3045 2028 3110">
    <p class='ocr_par' dir='ltr' id='par_1_57' title="bbox 427 3045 2028 3110">
     <span class='ocr_line' id='line_1_57' title="bbox 427 3045 2028 3110; baseline 0.002 -16"><span class='ocrx_word' id='word_1_428' title='bbox 427 3045 674 3099; x_wconf 86' lang='lat' dir='ltr'><strong>nominis</strong></span> <span class='ocrx_word' id='word_1_429' title='bbox 693 3047 1078 3110; x_wconf 79' lang='lat' dir='ltr'><strong>tuifaciamus,</strong></span> <span class='ocrx_word' id='word_1_430' title='bbox 1106 3054 1170 3101; x_wconf 88' lang='lat' dir='ltr'><strong>ut</strong></span> <span class='ocrx_word' id='word_1_431' title='bbox 1187 3052 1302 3101; x_wconf 88' lang='lat' dir='ltr'><strong>tota</strong></span> <span class='ocrx_word' id='word_1_432' title='bbox 1327 3049 1625 3102; x_wconf 88' lang='lat' dir='ltr'><strong>voluntate</strong></span> <span class='ocrx_word' id='word_1_433' title='bbox 1639 3048 2028 3099; x_wconf 77' lang='lat' dir='ltr'><strong>sacriﬁcemus</strong></span> 
     </span>
    </p>
   </div>
   <div class='ocr_carea' id='block_1_58' title="bbox 420 3116 2028 3176">
    <p class='ocr_par' dir='ltr' id='par_1_58' title="bbox 420 3116 2028 3176">
     <span class='ocr_line' id='line_1_58' title="bbox 420 3116 2028 3176; baseline 0 -10"><span class='ocrx_word' id='word_1_434' title='bbox 420 3116 582 3176; x_wconf 51' lang='lat' dir='ltr'><strong>Deo;</strong></span> <span class='ocrx_word' id='word_1_435' title='bbox 606 3122 723 3170; x_wconf 92' lang='lat' dir='ltr'><strong>toto</strong></span> <span class='ocrx_word' id='word_1_436' title='bbox 756 3120 922 3171; x_wconf 88' lang='lat' dir='ltr'><strong>corde</strong></span> <span class='ocrx_word' id='word_1_437' title='bbox 973 3121 1347 3173; x_wconf 80' lang='lat' dir='ltr'><strong>conﬂteamur</strong></span> <span class='ocrx_word' id='word_1_438' title='bbox 1385 3121 1605 3173; x_wconf 87' lang='lat' dir='ltr'><strong>nomini</strong></span> <span class='ocrx_word' id='word_1_439' title='bbox 1637 3118 1879 3173; x_wconf 87' lang='lat' dir='ltr'><strong>Domini.</strong></span> <span class='ocrx_word' id='word_1_440' title='bbox 1907 3118 2028 3167; x_wconf 81' lang='lat' dir='ltr'><strong>Hoc</strong></span> 
     </span>
    </p>
   </div>
   <div class='ocr_carea' id='block_1_59' title="bbox 418 3186 2026 3257">
    <p class='ocr_par' dir='ltr' id='par_1_59' title="bbox 418 3186 2026 3257">
     <span class='ocr_line' id='line_1_59' title="bbox 418 3186 2026 3257; baseline 0 -18"><span class='ocrx_word' id='word_1_441' title='bbox 418 3186 727 3247; x_wconf 88' lang='lat' dir='ltr'><strong>dulce,hoc</strong></span> <span class='ocrx_word' id='word_1_442' title='bbox 753 3192 986 3253; x_wconf 89' lang='lat' dir='ltr'><strong>bonum,</strong></span> <span class='ocrx_word' id='word_1_443' title='bbox 1014 3193 1122 3244; x_wconf 92' lang='lat' dir='ltr'><strong>hoc</strong></span> <span class='ocrx_word' id='word_1_444' title='bbox 1146 3206 1327 3245; x_wconf 89' lang='lat' dir='ltr'><strong>suave</strong></span> <span class='ocrx_word' id='word_1_445' title='bbox 1352 3198 1458 3245; x_wconf 89' lang='lat' dir='ltr'><strong>est.</strong></span> <span class='ocrx_word' id='word_1_446' title='bbox 1476 3193 1718 3257; x_wconf 82' lang='lat' dir='ltr'><strong>Etponit</strong></span> <span class='ocrx_word' id='word_1_447' title='bbox 1740 3202 2026 3257; x_wconf 81' lang='lat' dir='ltr'><strong>caussam,</strong></span> 
     </span>
    </p>
   </div>
   <div class='ocr_carea' id='block_1_60' title="bbox 418 3262 1632 3326">
    <p class='ocr_par' dir='ltr' id='par_1_60' title="bbox 418 3262 1632 3326">
     <span class='ocr_line' id='line_1_60' title="bbox 418 3262 1632 3326; baseline 0.002 -15"><span class='ocrx_word' id='word_1_448' title='bbox 418 3272 593 3324; x_wconf 88' lang='lat' dir='ltr'><strong>quare</strong></span> <span class='ocrx_word' id='word_1_449' title='bbox 617 3262 726 3313; x_wconf 87' lang='lat' dir='ltr'><strong>hoc</strong></span> <span class='ocrx_word' id='word_1_450' title='bbox 752 3264 1075 3315; x_wconf 81' lang='lat' dir='ltr'><strong>faciendum</strong></span> <span class='ocrx_word' id='word_1_451' title='bbox 1100 3266 1191 3326; x_wconf 89' lang='lat' dir='ltr'><strong>sit,</strong></span> <span class='ocrx_word' id='word_1_452' title='bbox 1224 3278 1357 3316; x_wconf 91' lang='lat' dir='ltr'><strong>cum</strong></span> <span class='ocrx_word' id='word_1_453' title='bbox 1393 3264 1592 3316; x_wconf 88' lang='lat' dir='ltr'><strong>subdit</strong></span> <span class='ocrx_word' id='word_1_454' title='bbox 1619 3278 1632 3314; x_wconf 90' lang='lat'><strong>:</strong></span> 
     </span>
    </p>
   </div>
   <div class='ocr_carea' id='block_1_61' title="bbox 2143 1987 3760 2054">
    <p class='ocr_par' dir='ltr' id='par_1_61' title="bbox 2143 1987 3760 2054">
     <span class='ocr_line' id='line_1_61' title="bbox 2143 1987 3760 2054; baseline -0.001 -15"><span class='ocrx_word' id='word_1_455' title='bbox 2143 1990 2426 2041; x_wconf 87' lang='lat' dir='ltr'><strong>cationem</strong></span> <span class='ocrx_word' id='word_1_456' title='bbox 2500 2003 2708 2052; x_wconf 90' lang='lat' dir='ltr'><strong>meam,</strong></span> <span class='ocrx_word' id='word_1_457' title='bbox 2772 1990 2829 2041; x_wconf 92' lang='lat' dir='ltr'><strong>id</strong></span> <span class='ocrx_word' id='word_1_458' title='bbox 2884 1996 2991 2052; x_wconf 89' lang='lat' dir='ltr'><strong>est,</strong></span> <span class='ocrx_word' id='word_1_459' title='bbox 3052 1994 3281 2054; x_wconf 87' lang='lat' dir='ltr'><strong>propter</strong></span> <span class='ocrx_word' id='word_1_460' title='bbox 3325 1987 3760 2039; x_wconf 78' lang='lat' dir='ltr'><strong>humanitatem</strong></span> 
     </span>
    </p>
   </div>
   <div class='ocr_carea' id='block_1_62' title="bbox 2140 2059 3761 2123">
    <p class='ocr_par' dir='ltr' id='par_1_62' title="bbox 2140 2059 3761 2123">
     <span class='ocr_line' id='line_1_62' title="bbox 2140 2059 3761 2123; baseline -0.002 -11"><span class='ocrx_word' id='word_1_461' title='bbox 2140 2065 2467 2112; x_wconf 86' lang='lat' dir='ltr'><strong>assumtam</strong></span> <span class='ocrx_word' id='word_1_462' title='bbox 2506 2073 2580 2113; x_wconf 90' lang='lat' dir='ltr'><strong>ne</strong></span> <span class='ocrx_word' id='word_1_463' title='bbox 2612 2060 2829 2112; x_wconf 84' lang='lat' dir='ltr'><strong>habeas</strong></span> <span class='ocrx_word' id='word_1_464' title='bbox 2854 2060 3026 2113; x_wconf 91' lang='lat' dir='ltr'><strong>vilem</strong></span> <span class='ocrx_word' id='word_1_465' title='bbox 3051 2059 3509 2123; x_wconf 89' lang='lat' dir='ltr'><strong>deprecationem</strong></span> <span class='ocrx_word' id='word_1_466' title='bbox 3535 2070 3761 2120; x_wconf 84' lang='lat' dir='ltr'><strong>meam,</strong></span> 
     </span>
    </p>
   </div>
   <div class='ocr_carea' id='block_1_63' title="bbox 2141 2129 3760 2196">
    <p class='ocr_par' dir='ltr' id='par_1_63' title="bbox 2141 2129 3760 2196">
     <span class='ocr_line' id='line_1_63' title="bbox 2141 2129 3760 2196; baseline -0.002 -14"><span class='ocrx_word' id='word_1_467' title='bbox 2141 2146 2312 2195; x_wconf 90' lang='lat' dir='ltr'><strong>quam</strong></span> <span class='ocrx_word' id='word_1_468' title='bbox 2358 2132 2504 2184; x_wconf 87' lang='lat' dir='ltr'><strong>facio</strong></span> <span class='ocrx_word' id='word_1_469' title='bbox 2552 2145 2652 2196; x_wconf 90' lang='lat' dir='ltr'><strong>pro</strong></span> <span class='ocrx_word' id='word_1_470' title='bbox 2684 2132 2973 2184; x_wconf 87' lang='lat' dir='ltr'><strong>evitandis</strong></span> <span class='ocrx_word' id='word_1_471' title='bbox 3010 2131 3220 2185; x_wconf 83' lang='lat' dir='ltr'><strong>malis:</strong></span> <span class='ocrx_word' id='word_1_472' title='bbox 3268 2130 3370 2181; x_wconf 89' lang='lat' dir='ltr'><strong>sed</strong></span> <span class='ocrx_word' id='word_1_473' title='bbox 3415 2130 3609 2193; x_wconf 87' lang='lat' dir='ltr'><strong>potius</strong></span> <span class='ocrx_word' id='word_1_474' title='bbox 3657 2129 3760 2180; x_wconf 85' lang='lat' dir='ltr'><strong>in-</strong></span> 
     </span>
    </p>
   </div>
   <div class='ocr_carea' id='block_1_64' title="bbox 2141 2201 3759 2267">
    <p class='ocr_par' dir='ltr' id='par_1_64' title="bbox 2141 2201 3759 2267">
     <span class='ocr_line' id='line_1_64' title="bbox 2141 2201 3759 2267; baseline -0.003 -12"><span class='ocrx_word' id='word_1_475' title='bbox 2141 2205 2314 2255; x_wconf 91' lang='lat' dir='ltr'><strong>tende</strong></span> <span class='ocrx_word' id='word_1_476' title='bbox 2342 2204 2501 2267; x_wconf 90' lang='lat' dir='ltr'><strong>mihi,</strong></span> <span class='ocrx_word' id='word_1_477' title='bbox 2525 2203 2583 2255; x_wconf 91' lang='lat' dir='ltr'><strong>id</strong></span> <span class='ocrx_word' id='word_1_478' title='bbox 2628 2209 2736 2267; x_wconf 88' lang='lat' dir='ltr'><strong>est,</strong></span> <span class='ocrx_word' id='word_1_479' title='bbox 2780 2204 2965 2267; x_wconf 89' lang='lat' dir='ltr'><strong>ipsam</strong></span> <span class='ocrx_word' id='word_1_480' title='bbox 3008 2202 3422 2254; x_wconf 86' lang='lat' dir='ltr'><strong>humanitatem</strong></span> <span class='ocrx_word' id='word_1_481' title='bbox 3460 2204 3543 2251; x_wconf 83' lang='lat' dir='ltr'><strong>iac</strong></span> <span class='ocrx_word' id='word_1_482' title='bbox 3568 2201 3759 2251; x_wconf 87' lang='lat' dir='ltr'><strong>inten-</strong></span> 
     </span>
    </p>
   </div>
   <div class='ocr_carea' id='block_1_65' title="bbox 2141 2272 3758 2338">
    <p class='ocr_par' dir='ltr' id='par_1_65' title="bbox 2141 2272 3758 2338">
     <span class='ocr_line' id='line_1_65' title="bbox 2141 2272 3758 2338; baseline -0.003 -12"><span class='ocrx_word' id='word_1_483' title='bbox 2141 2288 2283 2335; x_wconf 91' lang='lat' dir='ltr'><strong>sam,</strong></span> <span class='ocrx_word' id='word_1_484' title='bbox 2311 2274 2367 2327; x_wconf 94' lang='lat' dir='ltr'><strong>id</strong></span> <span class='ocrx_word' id='word_1_485' title='bbox 2385 2280 2494 2338; x_wconf 89' lang='lat' dir='ltr'><strong>est,</strong></span> <span class='ocrx_word' id='word_1_486' title='bbox 2510 2278 2971 2338; x_wconf 85' lang='lat' dir='ltr'><strong>perseverantem</strong></span> <span class='ocrx_word' id='word_1_487' title='bbox 2996 2275 3058 2326; x_wconf 89' lang='lat' dir='ltr'><strong>in</strong></span> <span class='ocrx_word' id='word_1_488' title='bbox 3080 2274 3352 2332; x_wconf 89' lang='lat' dir='ltr'><strong>oratione,</strong></span> <span class='ocrx_word' id='word_1_489' title='bbox 3374 2272 3465 2323; x_wconf 88' lang='lat' dir='ltr'><strong>vel</strong></span> <span class='ocrx_word' id='word_1_490' title='bbox 3487 2272 3547 2322; x_wconf 89' lang='lat' dir='ltr'><strong>in</strong></span> <span class='ocrx_word' id='word_1_491' title='bbox 3571 2272 3758 2322; x_wconf 86' lang='lat' dir='ltr'><strong>virtu-</strong></span> 
     </span>
    </p>
   </div>
   <div class='ocr_carea' id='block_1_66' title="bbox 2140 2343 3755 2411">
    <p class='ocr_par' dir='ltr' id='par_1_66' title="bbox 2140 2343 3755 2411">
     <span class='ocr_line' id='line_1_66' title="bbox 2140 2343 3755 2411; baseline -0.004 -14"><span class='ocrx_word' id='word_1_492' title='bbox 2140 2348 2313 2410; x_wconf 88' lang='lat' dir='ltr'><strong>tibus,</strong></span> <span class='ocrx_word' id='word_1_493' title='bbox 2334 2346 2468 2397; x_wconf 92' lang='lat' dir='ltr'><strong>etin</strong></span> <span class='ocrx_word' id='word_1_494' title='bbox 2480 2350 2792 2411; x_wconf 90' lang='lat' dir='ltr'><strong>augmento</strong></span> <span class='ocrx_word' id='word_1_495' title='bbox 2807 2347 3086 2397; x_wconf 89' lang='lat' dir='ltr'><strong>bonorum</strong></span> <span class='ocrx_word' id='word_1_496' title='bbox 3104 2358 3359 2409; x_wconf 90' lang='lat' dir='ltr'><strong>operum.</strong></span> <span class='ocrx_word' id='word_1_497' title='bbox 3372 2344 3439 2392; x_wconf 86' lang='lat' dir='ltr'><strong>Et</strong></span> <span class='ocrx_word' id='word_1_498' title='bbox 3455 2344 3529 2392; x_wconf 82' lang='lat' dir='ltr'><strong>sic</strong></span> <span class='ocrx_word' id='word_1_499' title='bbox 3540 2343 3755 2391; x_wconf 65' lang='lat' dir='ltr'><strong>exaudi</strong></span> 
     </span>
    </p>
   </div>
   <div class='ocr_carea' id='block_1_67' title="bbox 2138 2415 3753 2482">
    <p class='ocr_par' dir='ltr' id='par_1_67' title="bbox 2138 2415 3753 2482">
     <span class='ocr_line' id='line_1_67' title="bbox 2138 2415 3753 2482; baseline 0.001 -17"><span class='ocrx_word' id='word_1_500' title='bbox 2138 2434 2240 2482; x_wconf 87' lang='lat' dir='ltr'><strong>me,</strong></span> <span class='ocrx_word' id='word_1_501' title='bbox 2281 2417 2520 2480; x_wconf 88' lang='lat' dir='ltr'><strong>Quando</strong></span> <span class='ocrx_word' id='word_1_502' title='bbox 2551 2420 2612 2469; x_wconf 91' lang='lat' dir='ltr'><strong>in</strong></span> <span class='ocrx_word' id='word_1_503' title='bbox 2649 2418 2844 2469; x_wconf 88' lang='lat' dir='ltr'><strong>divina</strong></span> <span class='ocrx_word' id='word_1_504' title='bbox 2882 2418 3092 2482; x_wconf 86' lang='lat' dir='ltr'><strong>pagina</strong></span> <span class='ocrx_word' id='word_1_505' title='bbox 3120 2418 3316 2479; x_wconf 91' lang='lat' dir='ltr'><strong>oratio,</strong></span> <span class='ocrx_word' id='word_1_506' title='bbox 3342 2421 3400 2467; x_wconf 91' lang='lat' dir='ltr'><strong>et</strong></span> <span class='ocrx_word' id='word_1_507' title='bbox 3422 2415 3753 2480; x_wconf 78' lang='lat' dir='ltr'><strong>deprecatio</strong></span> 
     </span>
    </p>
   </div>
   <div class='ocr_carea' id='block_1_68' title="bbox 2139 2488 3752 2555">
    <p class='ocr_par' dir='ltr' id='par_1_68' title="bbox 2139 2488 3752 2555">
     <span class='ocr_line' id='line_1_68' title="bbox 2139 2488 3752 2555; baseline -0.002 -15"><span class='ocrx_word' id='word_1_508' title='bbox 2139 2490 2314 2542; x_wconf 88' lang='lat' dir='ltr'><strong>simul</strong></span> <span class='ocrx_word' id='word_1_509' title='bbox 2338 2490 2589 2555; x_wconf 89' lang='lat' dir='ltr'><strong>ponitur,</strong></span> <span class='ocrx_word' id='word_1_510' title='bbox 2623 2503 2658 2541; x_wconf 90' lang='lat' dir='ltr'><strong>a</strong></span> <span class='ocrx_word' id='word_1_511' title='bbox 2691 2504 2753 2541; x_wconf 90' lang='lat' dir='ltr'><strong>se</strong></span> <span class='ocrx_word' id='word_1_512' title='bbox 2778 2489 3025 2541; x_wconf 85' lang='lat' dir='ltr'><strong>invicem</strong></span> <span class='ocrx_word' id='word_1_513' title='bbox 3071 2489 3373 2540; x_wconf 75' lang='lat' dir='ltr'><strong>differunt:</strong></span> <span class='ocrx_word' id='word_1_514' title='bbox 3402 2488 3538 2550; x_wconf 84' lang='lat' dir='ltr'><strong>quia</strong></span> <span class='ocrx_word' id='word_1_515' title='bbox 3560 2488 3752 2537; x_wconf 90' lang='lat' dir='ltr'><strong>oratio</strong></span> 
     </span>
    </p>
   </div>
   <div class='ocr_carea' id='block_1_69' title="bbox 2136 2558 3748 2625">
    <p class='ocr_par' dir='ltr' id='par_1_69' title="bbox 2136 2558 3748 2625">
     <span class='ocr_line' id='line_1_69' title="bbox 2136 2558 3748 2625; baseline -0.001 -13"><span class='ocrx_word' id='word_1_516' title='bbox 2136 2569 2244 2625; x_wconf 88' lang='lat' dir='ltr'><strong>est,</strong></span> <span class='ocrx_word' id='word_1_517' title='bbox 2286 2561 2517 2625; x_wconf 89' lang='lat' dir='ltr'><strong>quando</strong></span> <span class='ocrx_word' id='word_1_518' title='bbox 2538 2561 2755 2624; x_wconf 89' lang='lat' dir='ltr'><strong>aliquid</strong></span> <span class='ocrx_word' id='word_1_519' title='bbox 2788 2561 3099 2612; x_wconf 88' lang='lat' dir='ltr'><strong>honestum</strong></span> <span class='ocrx_word' id='word_1_520' title='bbox 3125 2560 3393 2623; x_wconf 90' lang='lat' dir='ltr'><strong>petimus,</strong></span> <span class='ocrx_word' id='word_1_521' title='bbox 3420 2558 3638 2610; x_wconf 87' lang='lat' dir='ltr'><strong>scilicet</strong></span> <span class='ocrx_word' id='word_1_522' title='bbox 3671 2558 3748 2610; x_wconf 87' lang='lat' dir='ltr'><strong>de</strong></span> 
     </span>
    </p>
   </div>
   <div class='ocr_carea' id='block_1_70' title="bbox 2134 2630 3752 2697">
    <p class='ocr_par' dir='ltr' id='par_1_70' title="bbox 2134 2630 3752 2697">
     <span class='ocr_line' id='line_1_70' title="bbox 2134 2630 3752 2697; baseline -0.002 -13"><span class='ocrx_word' id='word_1_523' title='bbox 2134 2634 2244 2695; x_wconf 89' lang='lat' dir='ltr'><strong>his,</strong></span> <span class='ocrx_word' id='word_1_524' title='bbox 2271 2646 2403 2696; x_wconf 74' lang='lat' dir='ltr'><strong>quae</strong></span> <span class='ocrx_word' id='word_1_525' title='bbox 2429 2633 2698 2685; x_wconf 91' lang='lat' dir='ltr'><strong>volumus</strong></span> <span class='ocrx_word' id='word_1_526' title='bbox 2724 2632 2973 2695; x_wconf 87' lang='lat' dir='ltr'><strong>assequi.</strong></span> <span class='ocrx_word' id='word_1_527' title='bbox 3006 2631 3335 2697; x_wconf 85' lang='lat' dir='ltr'><strong>Deprecatio</strong></span> <span class='ocrx_word' id='word_1_528' title='bbox 3352 2644 3482 2682; x_wconf 88' lang='lat' dir='ltr'><strong>vero</strong></span> <span class='ocrx_word' id='word_1_529' title='bbox 3507 2643 3607 2694; x_wconf 90' lang='lat' dir='ltr'><strong>pro</strong></span> <span class='ocrx_word' id='word_1_530' title='bbox 3623 2630 3752 2682; x_wconf 88' lang='lat' dir='ltr'><strong>evi-</strong></span> 
     </span>
    </p>
   </div>
   <div class='ocr_carea' id='block_1_71' title="bbox 2135 2700 3750 2768">
    <p class='ocr_par' dir='ltr' id='par_1_71' title="bbox 2135 2700 3750 2768">
     <span class='ocr_line' id='line_1_71' title="bbox 2135 2700 3750 2768; baseline -0.003 -12"><span class='ocrx_word' id='word_1_531' title='bbox 2135 2705 2325 2756; x_wconf 88' lang='lat' dir='ltr'><strong>tandis</strong></span> <span class='ocrx_word' id='word_1_532' title='bbox 2350 2704 2537 2768; x_wconf 91' lang='lat' dir='ltr'><strong>malis,</strong></span> <span class='ocrx_word' id='word_1_533' title='bbox 2580 2703 2650 2755; x_wconf 91' lang='lat' dir='ltr'><strong>de</strong></span> <span class='ocrx_word' id='word_1_534' title='bbox 2674 2703 2765 2755; x_wconf 89' lang='lat' dir='ltr'><strong>his</strong></span> <span class='ocrx_word' id='word_1_535' title='bbox 2792 2705 3025 2761; x_wconf 88' lang='lat' dir='ltr'><strong>scilicet,</strong></span> <span class='ocrx_word' id='word_1_536' title='bbox 3054 2715 3186 2767; x_wconf 65' lang='lat' dir='ltr'><strong>quae</strong></span> <span class='ocrx_word' id='word_1_537' title='bbox 3210 2715 3244 2753; x_wconf 91' lang='lat' dir='ltr'><strong>a</strong></span> <span class='ocrx_word' id='word_1_538' title='bbox 3278 2701 3443 2753; x_wconf 91' lang='lat' dir='ltr'><strong>nobis</strong></span> <span class='ocrx_word' id='word_1_539' title='bbox 3468 2700 3750 2752; x_wconf 90' lang='lat' dir='ltr'><strong>volumus</strong></span> 
     </span>
    </p>
   </div>
   <div class='ocr_carea' id='block_1_72' title="bbox 2133 2772 3748 2841">
    <p class='ocr_par' dir='ltr' id='par_1_72' title="bbox 2133 2772 3748 2841">
     <span class='ocr_line' id='line_1_72' title="bbox 2133 2772 3748 2841; baseline -0.002 -14"><span class='ocrx_word' id='word_1_540' title='bbox 2133 2776 2346 2841; x_wconf 88' lang='lat' dir='ltr'><strong>repelli.</strong></span> <span class='ocrx_word' id='word_1_541' title='bbox 2366 2776 2673 2827; x_wconf 90' lang='lat' dir='ltr'><strong>Sciendum</strong></span> <span class='ocrx_word' id='word_1_542' title='bbox 2699 2789 2929 2839; x_wconf 91' lang='lat' dir='ltr'><strong>quoque</strong></span> <span class='ocrx_word' id='word_1_543' title='bbox 2956 2781 3062 2839; x_wconf 89' lang='lat' dir='ltr'><strong>est,</strong></span> <span class='ocrx_word' id='word_1_544' title='bbox 3090 2775 3244 2839; x_wconf 90' lang='lat' dir='ltr'><strong>quod</strong></span> <span class='ocrx_word' id='word_1_545' title='bbox 3264 2772 3577 2837; x_wconf 88' lang='lat' dir='ltr'><strong>plerunque</strong></span> <span class='ocrx_word' id='word_1_546' title='bbox 3603 2785 3748 2836; x_wconf 90' lang='lat' dir='ltr'><strong>quo-</strong></span> 
     </span>
    </p>
   </div>
   <div class='ocr_carea' id='block_1_73' title="bbox 2131 2844 3751 2911">
    <p class='ocr_par' dir='ltr' id='par_1_73' title="bbox 2131 2844 3751 2911">
     <span class='ocr_line' id='line_1_73' title="bbox 2131 2844 3751 2911; baseline -0.002 -12"><span class='ocrx_word' id='word_1_547' title='bbox 2131 2848 2374 2899; x_wconf 90' lang='lat' dir='ltr'><strong>rundam</strong></span> <span class='ocrx_word' id='word_1_548' title='bbox 2407 2848 2863 2911; x_wconf 85' lang='lat' dir='ltr'><strong>deprecationem</strong></span> <span class='ocrx_word' id='word_1_549' title='bbox 2877 2848 3237 2910; x_wconf 84' lang='lat' dir='ltr'><strong>omnipotens</strong></span> <span class='ocrx_word' id='word_1_550' title='bbox 3258 2846 3408 2896; x_wconf 86' lang='lat' dir='ltr'><strong>Deus</strong></span> <span class='ocrx_word' id='word_1_551' title='bbox 3434 2848 3491 2895; x_wconf 91' lang='lat' dir='ltr'><strong>et</strong></span> <span class='ocrx_word' id='word_1_552' title='bbox 3507 2844 3751 2895; x_wconf 77' lang='lat' dir='ltr'><strong>exaudit</strong></span> 
     </span>
    </p>
   </div>
   <div class='ocr_carea' id='block_1_74' title="bbox 2132 2918 3747 2983">
    <p class='ocr_par' dir='ltr' id='par_1_74' title="bbox 2132 2918 3747 2983">
     <span class='ocr_line' id='line_1_74' title="bbox 2132 2918 3747 2983; baseline -0.001 -14"><span class='ocrx_word' id='word_1_553' title='bbox 2132 2925 2189 2971; x_wconf 90' lang='lat' dir='ltr'><strong>et</strong></span> <span class='ocrx_word' id='word_1_554' title='bbox 2212 2919 2469 2983; x_wconf 87' lang='lat' dir='ltr'><strong>despicit.</strong></span> <span class='ocrx_word' id='word_1_555' title='bbox 2510 2919 2657 2969; x_wconf 85' lang='lat' dir='ltr'><strong>Hinc</strong></span> <span class='ocrx_word' id='word_1_556' title='bbox 2680 2922 2784 2981; x_wconf 89' lang='lat' dir='ltr'><strong>est,</strong></span> <span class='ocrx_word' id='word_1_557' title='bbox 2817 2919 2970 2982; x_wconf 90' lang='lat' dir='ltr'><strong>quod</strong></span> <span class='ocrx_word' id='word_1_558' title='bbox 3000 2918 3322 2969; x_wconf 88' lang='lat' dir='ltr'><strong>Israeliticis</strong></span> <span class='ocrx_word' id='word_1_559' title='bbox 3346 2929 3566 2981; x_wconf 89' lang='lat' dir='ltr'><strong>carnes,</strong></span> <span class='ocrx_word' id='word_1_560' title='bbox 3593 2928 3747 2979; x_wconf 87' lang='lat' dir='ltr'><strong>quas</strong></span> 
     </span>
    </p>
   </div>
   <div class='ocr_carea' id='block_1_75' title="bbox 2129 2987 3745 3054">
    <p class='ocr_par' dir='ltr' id='par_1_75' title="bbox 2129 2987 3745 3054">
     <span class='ocr_line' id='line_1_75' title="bbox 2129 2987 3745 3054; baseline -0.002 -13"><span class='ocrx_word' id='word_1_561' title='bbox 2129 2991 2278 3042; x_wconf 89' lang='lat' dir='ltr'><strong>male</strong></span> <span class='ocrx_word' id='word_1_562' title='bbox 2296 2991 2603 3054; x_wconf 88' lang='lat' dir='ltr'><strong>petierunt,</strong></span> <span class='ocrx_word' id='word_1_563' title='bbox 2628 2990 2810 3041; x_wconf 89' lang='lat' dir='ltr'><strong>iratus</strong></span> <span class='ocrx_word' id='word_1_564' title='bbox 2829 2990 3027 3042; x_wconf 90' lang='lat' dir='ltr'><strong>tribuit</strong></span> <span class='ocrx_word' id='word_1_565' title='bbox 3054 2988 3365 3052; x_wconf 65' lang='lat' dir='ltr'><strong>(Emod.16.)</strong></span> <span class='ocrx_word' id='word_1_566' title='bbox 3395 2987 3525 3038; x_wconf 91' lang='lat' dir='ltr'><strong>:sed</strong></span> <span class='ocrx_word' id='word_1_567' title='bbox 3552 3000 3745 3050; x_wconf 88' lang='lat' dir='ltr'><strong>quan-</strong></span> 
     </span>
    </p>
   </div>
   <div class='ocr_carea' id='block_1_76' title="bbox 2129 3059 3741 3126">
    <p class='ocr_par' dir='ltr' id='par_1_76' title="bbox 2129 3059 3741 3126">
     <span class='ocr_line' id='line_1_76' title="bbox 2129 3059 3741 3126; baseline -0.003 -12"><span class='ocrx_word' id='word_1_568' title='bbox 2129 3068 2251 3115; x_wconf 91' lang='lat' dir='ltr'><strong>tum</strong></span> <span class='ocrx_word' id='word_1_569' title='bbox 2277 3075 2474 3113; x_wconf 90' lang='lat' dir='ltr'><strong>eorum</strong></span> <span class='ocrx_word' id='word_1_570' title='bbox 2521 3061 2832 3126; x_wconf 89' lang='lat' dir='ltr'><strong>postulatio</strong></span> <span class='ocrx_word' id='word_1_571' title='bbox 2882 3062 2992 3112; x_wconf 89' lang='lat' dir='ltr'><strong>sibi</strong></span> <span class='ocrx_word' id='word_1_572' title='bbox 3031 3060 3404 3125; x_wconf 88' lang='lat' dir='ltr'><strong>displicuerit,</strong></span> <span class='ocrx_word' id='word_1_573' title='bbox 3430 3059 3599 3110; x_wconf 87' lang='lat' dir='ltr'><strong>etiam</strong></span> <span class='ocrx_word' id='word_1_574' title='bbox 3626 3072 3741 3122; x_wconf 88' lang='lat' dir='ltr'><strong>pn-</strong></span> 
     </span>
    </p>
   </div>
   <div class='ocr_carea' id='block_1_77' title="bbox 2129 3130 3735 3197">
    <p class='ocr_par' dir='ltr' id='par_1_77' title="bbox 2129 3130 3735 3197">
     <span class='ocr_line' id='line_1_77' title="bbox 2129 3130 3735 3197; baseline -0.006 -11"><span class='ocrx_word' id='word_1_575' title='bbox 2129 3134 2340 3186; x_wconf 89' lang='lat' dir='ltr'><strong>niendo</strong></span> <span class='ocrx_word' id='word_1_576' title='bbox 2372 3134 2733 3185; x_wconf 89' lang='lat' dir='ltr'><strong>monstravit.</strong></span> <span class='ocrx_word' id='word_1_577' title='bbox 2754 3133 2916 3184; x_wconf 91' lang='lat' dir='ltr'><strong>Unde</strong></span> <span class='ocrx_word' id='word_1_578' title='bbox 2933 3134 3210 3197; x_wconf 88' lang='lat' dir='ltr'><strong>scriptum</strong></span> <span class='ocrx_word' id='word_1_579' title='bbox 3235 3136 3347 3183; x_wconf 88' lang='lat' dir='ltr'><strong>est:</strong></span> <span class='ocrx_word' id='word_1_580' title='bbox 3376 3130 3579 3181; x_wconf 86' lang='lat' dir='ltr'><strong>Adhuc</strong></span> <span class='ocrx_word' id='word_1_581' title='bbox 3604 3146 3735 3178; x_wconf 67' lang='lat' dir='ltr'><strong>escze</strong></span> 
     </span>
    </p>
   </div>
   <div class='ocr_carea' id='block_1_78' title="bbox 2131 3201 3735 3269">
    <p class='ocr_par' dir='ltr' id='par_1_78' title="bbox 2131 3201 3735 3269">
     <span class='ocr_line' id='line_1_78' title="bbox 2131 3201 3735 3269; baseline -0.005 -12"><span class='ocrx_word' id='word_1_582' title='bbox 2131 3219 2327 3257; x_wconf 89' lang='lat' dir='ltr'><strong>eorum</strong></span> <span class='ocrx_word' id='word_1_583' title='bbox 2352 3211 2517 3257; x_wconf 89' lang='lat' dir='ltr'><strong>erant</strong></span> <span class='ocrx_word' id='word_1_584' title='bbox 2531 3205 2591 3256; x_wconf 91' lang='lat' dir='ltr'><strong>in</strong></span> <span class='ocrx_word' id='word_1_585' title='bbox 2603 3218 2698 3256; x_wconf 90' lang='lat' dir='ltr'><strong>ore</strong></span> <span class='ocrx_word' id='word_1_586' title='bbox 2715 3205 2991 3269; x_wconf 89' lang='lat' dir='ltr'><strong>ipsorum,</strong></span> <span class='ocrx_word' id='word_1_587' title='bbox 3009 3210 3068 3256; x_wconf 90' lang='lat' dir='ltr'><strong>et</strong></span> <span class='ocrx_word' id='word_1_588' title='bbox 3084 3206 3167 3255; x_wconf 90' lang='lat' dir='ltr'><strong>ira</strong></span> <span class='ocrx_word' id='word_1_589' title='bbox 3186 3203 3284 3255; x_wconf 90' lang='lat' dir='ltr'><strong>Dei</strong></span> <span class='ocrx_word' id='word_1_590' title='bbox 3303 3201 3561 3253; x_wconf 87' lang='lat' dir='ltr'><strong>ascendit</strong></span> <span class='ocrx_word' id='word_1_591' title='bbox 3577 3217 3735 3262; x_wconf 80' lang='lat' dir='ltr'><strong>super</strong></span> 
     </span>
    </p>
   </div>
   <div class='ocr_carea' id='block_1_79' title="bbox 2132 3272 3735 3340">
    <p class='ocr_par' dir='ltr' id='par_1_79' title="bbox 2132 3272 3735 3340">
     <span class='ocr_line' id='line_1_79' title="bbox 2132 3272 3735 3340; baseline -0.002 -11"><span class='ocrx_word' id='word_1_592' title='bbox 2132 3292 2229 3331; x_wconf 90' lang='lat' dir='ltr'><strong>eos</strong></span> <span class='ocrx_word' id='word_1_593' title='bbox 2255 3279 2441 3340; x_wconf 79' lang='lat' dir='ltr'><strong>(Num.</strong></span> <span class='ocrx_word' id='word_1_594' title='bbox 2487 3276 2546 3332; x_wconf 89' lang='grc'><strong>11</strong></span> <span class='ocrx_word' id='word_1_595' title='bbox 2579 3294 2591 3333; x_wconf 87' lang='grc'>;</span> <span class='ocrx_word' id='word_1_596' title='bbox 2619 3276 2762 3326; x_wconf 84' lang='lat' dir='ltr'><strong>Psut.</strong></span> <span class='ocrx_word' id='word_1_597' title='bbox 2809 3276 2935 3337; x_wconf 76' lang='lat'><strong>77.).</strong></span> <span class='ocrx_word' id='word_1_598' title='bbox 2966 3278 3056 3328; x_wconf 86' lang='lat' dir='ltr'><strong>Sic</strong></span> <span class='ocrx_word' id='word_1_599' title='bbox 3079 3278 3270 3339; x_wconf 87' lang='lat' dir='ltr'><strong>etiam,</strong></span> <span class='ocrx_word' id='word_1_600' title='bbox 3316 3272 3547 3338; x_wconf 91' lang='lat' dir='ltr'><strong>quando</strong></span> <span class='ocrx_word' id='word_1_601' title='bbox 3572 3284 3735 3325; x_wconf 87' lang='lat' dir='ltr'><strong>more</strong></span> 
     </span>
    </p>
   </div>
   <div class='ocr_carea' id='block_1_80' title="bbox 477 3323 3735 3413">
    <p class='ocr_par' dir='ltr' id='par_1_80' title="bbox 477 3323 3735 3413">
     <span class='ocr_line' id='line_1_80' title="bbox 477 3323 3735 3413; baseline 0.004 -30"><span class='ocrx_word' id='word_1_602' title='bbox 477 3333 527 3413; x_wconf 64' lang='grc' dir='ltr'><strong>9τ</strong></span> <span class='ocrx_word' id='word_1_603' title='bbox 560 3335 834 3413; x_wconf 44' lang='grc' dir='ltr'>ῼᾙιιοιιίαπι</span> <span class='ocrx_word' id='word_1_604' title='bbox 852 3351 919 3413; x_wconf 59' lang='lat' dir='ltr'><strong>ea:</strong></span> <span class='ocrx_word' id='word_1_605' title='bbox 941 3323 1449 3413; x_wconf 53' lang='grc' dir='ltr'><strong>ονῃηίιῂὶἶξιιιαιίσηϐ</strong></span> <span class='ocrx_word' id='word_1_606' title='bbox 1472 3336 1720 3413; x_wconf 54' lang='grc' dir='ltr'><strong>ενὶριιίξιί</strong></span> <span class='ocrx_word' id='word_1_607' title='bbox 1753 3349 1853 3384; x_wconf 60' lang='grc' dir='ltr'><strong>⁷⁷η·</strong></span> <span class='ocrx_word' id='word_1_608' title='bbox 1878 3333 2021 3413; x_wconf 48' lang='grc' dir='ltr'><strong>,Ιβθο</strong></span> <span class='ocrx_word' id='word_1_609' title='bbox 2052 3323 2100 3398; x_wconf 79' lang='lat' dir='ltr'><strong><em>C</em></strong></span> <span class='ocrx_word' id='word_1_610' title='bbox 2791 3323 3735 3413; x_wconf 53' lang='lat' dir='ltr'><strong>ciant</strong></span> 
     </span>
    </p>
   </div>
   <div class='ocr_carea' id='block_1_81' title="bbox 413 3404 2021 3470">
    <p class='ocr_par' dir='ltr' id='par_1_81' title="bbox 413 3404 2021 3470">
     <span class='ocr_line' id='line_1_81' title="bbox 413 3404 2021 3470; baseline 0.001 -16"><span class='ocrx_word' id='word_1_611' title='bbox 413 3404 532 3455; x_wconf 82' lang='lat' dir='ltr'><strong>dixi</strong></span> <span class='ocrx_word' id='word_1_612' title='bbox 559 3406 664 3468; x_wconf 74' lang='lat' dir='ltr'><strong>(Ea:</strong></span> <span class='ocrx_word' id='word_1_613' title='bbox 685 3408 1027 3470; x_wconf 83' lang='lat' dir='ltr'><strong>Augustino),</strong></span> <span class='ocrx_word' id='word_1_614' title='bbox 1048 3408 1185 3470; x_wconf 88' lang='lat' dir='ltr'><strong>quia</strong></span> <span class='ocrx_word' id='word_1_615' title='bbox 1201 3409 1418 3458; x_wconf 90' lang='lat' dir='ltr'><strong>bonum</strong></span> <span class='ocrx_word' id='word_1_616' title='bbox 1438 3420 1651 3459; x_wconf 89' lang='lat' dir='ltr'><strong>nomen</strong></span> <span class='ocrx_word' id='word_1_617' title='bbox 1669 3410 1853 3457; x_wconf 90' lang='lat' dir='ltr'><strong>tuum.</strong></span> <span class='ocrx_word' id='word_1_618' title='bbox 1878 3407 2021 3455; x_wconf 86' lang='lat' dir='ltr'><strong>Nam</strong></span> 
     </span>
    </p>
   </div>
   <div class='ocr_carea' id='block_1_82' title="bbox 414 3475 2021 3547">
    <p class='ocr_par' dir='ltr' id='par_1_82' title="bbox 414 3475 2021 3547">
     <span class='ocr_line' id='line_1_82' title="bbox 414 3475 2021 3547; baseline 0 -21"><span class='ocrx_word' id='word_1_619' title='bbox 414 3476 463 3526; x_wconf 93' lang='lat' dir='ltr'><strong>si</strong></span> <span class='ocrx_word' id='word_1_620' title='bbox 505 3476 614 3527; x_wconf 90' lang='lat' dir='ltr'><strong>hoc</strong></span> <span class='ocrx_word' id='word_1_621' title='bbox 641 3490 872 3540; x_wconf 90' lang='lat' dir='ltr'><strong>possem</strong></span> <span class='ocrx_word' id='word_1_622' title='bbox 894 3483 1029 3529; x_wconf 88' lang='lat' dir='ltr'><strong>ante</strong></span> <span class='ocrx_word' id='word_1_623' title='bbox 1075 3478 1473 3529; x_wconf 79' lang='lat' dir='ltr'><strong>tribulationes</strong></span> <span class='ocrx_word' id='word_1_624' title='bbox 1519 3489 1851 3541; x_wconf 86' lang='lat' dir='ltr'><strong>agnoscere,</strong></span> <span class='ocrx_word' id='word_1_625' title='bbox 1879 3475 2021 3547; x_wconf 79' lang='lat' dir='ltr'><strong>forte</strong></span> 
     </span>
    </p>
   </div>
   <div class='ocr_carea' id='block_1_83' title="bbox 412 3546 2022 3601">
    <p class='ocr_par' dir='ltr' id='par_1_83' title="bbox 412 3546 2022 3601">
     <span class='ocr_line' id='line_1_83' title="bbox 412 3546 2022 3601; baseline -0.001 -3"><span class='ocrx_word' id='word_1_626' title='bbox 412 3546 553 3598; x_wconf 89' lang='lat' dir='ltr'><strong>mihi</strong></span> <span class='ocrx_word' id='word_1_627' title='bbox 575 3549 918 3600; x_wconf 70' lang='lat' dir='ltr'><strong>necessariae</strong></span> <span class='ocrx_word' id='word_1_628' title='bbox 957 3561 1075 3600; x_wconf 91' lang='lat' dir='ltr'><strong>non</strong></span> <span class='ocrx_word' id='word_1_629' title='bbox 1098 3548 1367 3601; x_wconf 82' lang='lat' dir='ltr'><strong>fuissent.</strong></span> <span class='ocrx_word' id='word_1_630' title='bbox 1396 3548 1505 3600; x_wconf 90' lang='lat' dir='ltr'><strong>Sed</strong></span> <span class='ocrx_word' id='word_1_631' title='bbox 1531 3548 1788 3600; x_wconf 86' lang='lat' dir='ltr'><strong>adhibita</strong></span> <span class='ocrx_word' id='word_1_632' title='bbox 1812 3553 1901 3599; x_wconf 90' lang='lat' dir='ltr'><strong>est</strong></span> <span class='ocrx_word' id='word_1_633' title='bbox 1923 3546 2022 3598; x_wconf 82' lang='lat' dir='ltr'><strong>tri-</strong></span> 
     </span>
    </p>
   </div>
   <div class='ocr_carea' id='block_1_84' title="bbox 413 3618 2020 3682">
    <p class='ocr_par' dir='ltr' id='par_1_84' title="bbox 413 3618 2020 3682">
     <span class='ocr_line' id='line_1_84' title="bbox 413 3618 2020 3682; baseline 0.002 -14"><span class='ocrx_word' id='word_1_634' title='bbox 413 3618 630 3670; x_wconf 89' lang='lat' dir='ltr'><strong>bulatio</strong></span> <span class='ocrx_word' id='word_1_635' title='bbox 673 3619 747 3670; x_wconf 91' lang='lat' dir='ltr'><strong>ad</strong></span> <span class='ocrx_word' id='word_1_636' title='bbox 791 3620 1265 3682; x_wconf 90' lang='lat' dir='ltr'><strong>admonitionem,</strong></span> <span class='ocrx_word' id='word_1_637' title='bbox 1311 3620 1630 3672; x_wconf 88' lang='lat' dir='ltr'><strong>admonitio</strong></span> <span class='ocrx_word' id='word_1_638' title='bbox 1668 3620 1816 3671; x_wconf 76' lang='lat' dir='ltr'><strong>facta</strong></span> <span class='ocrx_word' id='word_1_639' title='bbox 1838 3618 2020 3671; x_wconf 90' lang='lat' dir='ltr'><strong>estad</strong></span> 
     </span>
    </p>
   </div>
   <div class='ocr_carea' id='block_1_85' title="bbox 417 3690 2021 3756">
    <p class='ocr_par' dir='ltr' id='par_1_85' title="bbox 417 3690 2021 3756">
     <span class='ocr_line' id='line_1_85' title="bbox 417 3690 2021 3756; baseline 0.001 -16"><span class='ocrx_word' id='word_1_640' title='bbox 417 3693 577 3740; x_wconf 90' lang='lat' dir='ltr'><strong>tuam</strong></span> <span class='ocrx_word' id='word_1_641' title='bbox 620 3690 1027 3743; x_wconf 88' lang='lat' dir='ltr'><strong>laudationem.</strong></span> <span class='ocrx_word' id='word_1_642' title='bbox 1055 3694 1180 3744; x_wconf 89' lang='lat' dir='ltr'><strong>Non</strong></span> <span class='ocrx_word' id='word_1_643' title='bbox 1205 3693 1361 3745; x_wconf 91' lang='lat' dir='ltr'><strong>enim</strong></span> <span class='ocrx_word' id='word_1_644' title='bbox 1384 3693 1780 3756; x_wconf 83' lang='lat' dir='ltr'><strong>intelligerem,</strong></span> <span class='ocrx_word' id='word_1_645' title='bbox 1807 3693 1904 3744; x_wconf 90' lang='lat' dir='ltr'><strong>ubi</strong></span> <span class='ocrx_word' id='word_1_646' title='bbox 1928 3705 2021 3743; x_wconf 92' lang='lat' dir='ltr'><strong>es-</strong></span> 
     </span>
    </p>
   </div>
   <div class='ocr_carea' id='block_1_86' title="bbox 417 3762 2020 3819">
    <p class='ocr_par' dir='ltr' id='par_1_86' title="bbox 417 3762 2020 3819">
     <span class='ocr_line' id='line_1_86' title="bbox 417 3762 2020 3819; baseline 0.002 -9"><span class='ocrx_word' id='word_1_647' title='bbox 417 3773 557 3819; x_wconf 89' lang='lat' dir='ltr'><strong>sem,</strong></span> <span class='ocrx_word' id='word_1_648' title='bbox 588 3762 699 3811; x_wconf 92' lang='lat' dir='ltr'><strong>nisi</strong></span> <span class='ocrx_word' id='word_1_649' title='bbox 728 3762 800 3814; x_wconf 90' lang='lat' dir='ltr'><strong>de</strong></span> <span class='ocrx_word' id='word_1_650' title='bbox 832 3762 1165 3816; x_wconf 78' lang='lat' dir='ltr'><strong>infirmitate</strong></span> <span class='ocrx_word' id='word_1_651' title='bbox 1190 3776 1318 3816; x_wconf 90' lang='lat' dir='ltr'><strong>mea</strong></span> <span class='ocrx_word' id='word_1_652' title='bbox 1344 3765 1677 3816; x_wconf 89' lang='lat' dir='ltr'><strong>admonitus</strong></span> <span class='ocrx_word' id='word_1_653' title='bbox 1704 3778 1908 3815; x_wconf 91' lang='lat' dir='ltr'><strong>essem.</strong></span> <span class='ocrx_word' id='word_1_654' title='bbox 1936 3767 2020 3816; x_wconf 79' lang='lat' dir='ltr'><strong>Ex</strong></span> 
     </span>
    </p>
   </div>
   <div class='ocr_carea' id='block_1_87' title="bbox 417 3832 2021 3901">
    <p class='ocr_par' dir='ltr' id='par_1_87' title="bbox 417 3832 2021 3901">
     <span class='ocr_line' id='line_1_87' title="bbox 417 3832 2021 3901; baseline 0 -18"><span class='ocrx_word' id='word_1_655' title='bbox 417 3832 688 3885; x_wconf 88' lang='lat' dir='ltr'><strong>omnibus</strong></span> <span class='ocrx_word' id='word_1_656' title='bbox 712 3847 848 3898; x_wconf 89' lang='lat' dir='ltr'><strong>ergo</strong></span> <span class='ocrx_word' id='word_1_657' title='bbox 876 3836 1337 3887; x_wconf 88' lang='lat' dir='ltr'><strong>tribulationibus</strong></span> <span class='ocrx_word' id='word_1_658' title='bbox 1358 3838 1615 3901; x_wconf 86' lang='lat' dir='ltr'><strong>eripuisti</strong></span> <span class='ocrx_word' id='word_1_659' title='bbox 1638 3850 1749 3888; x_wconf 90' lang='lat' dir='ltr'><strong>me.</strong></span> <span class='ocrx_word' id='word_1_660' title='bbox 1770 3837 1839 3885; x_wconf 86' lang='lat' dir='ltr'><strong>Et</strong></span> <span class='ocrx_word' id='word_1_661' title='bbox 1861 3852 2021 3899; x_wconf 87' lang='lat' dir='ltr'><strong>super</strong></span> 
     </span>
    </p>
   </div>
   <div class='ocr_carea' id='block_1_88' title="bbox 417 3904 2017 3972">
    <p class='ocr_par' dir='ltr' id='par_1_88' title="bbox 417 3904 2017 3972">
     <span class='ocr_line' id='line_1_88' title="bbox 417 3904 2017 3972; baseline 0.004 -20"><span class='ocrx_word' id='word_1_662' title='bbox 417 3904 670 3955; x_wconf 83' lang='lat' dir='ltr'><strong>inimicos</strong></span> <span class='ocrx_word' id='word_1_663' title='bbox 700 3922 842 3956; x_wconf 83' lang='lat' dir='ltr'><strong>meos</strong></span> <span class='ocrx_word' id='word_1_664' title='bbox 873 3917 891 3936; x_wconf 80' lang='grc'><strong>⁸</strong></span> <span class='ocrx_word' id='word_1_665' title='bbox 908 3907 1144 3972; x_wconf 69' lang='lat' dir='ltr'><strong>despexit</strong></span> <span class='ocrx_word' id='word_1_666' title='bbox 1167 3908 1351 3957; x_wconf 81' lang='lat' dir='ltr'><strong>oculus</strong></span> <span class='ocrx_word' id='word_1_667' title='bbox 1376 3924 1539 3959; x_wconf 85' lang='lat' dir='ltr'><strong>meus.</strong></span> <span class='ocrx_word' id='word_1_668' title='bbox 1572 3911 1751 3972; x_wconf 81' lang='lat' dir='ltr'><strong>Super</strong></span> <span class='ocrx_word' id='word_1_669' title='bbox 1775 3909 1901 3960; x_wconf 85' lang='lat' dir='ltr'><strong>illos</strong></span> <span class='ocrx_word' id='word_1_670' title='bbox 1927 3909 2017 3959; x_wconf 86' lang='lat' dir='ltr'><strong>Zi-</strong></span> 
     </span>
    </p>
   </div>
   <div class='ocr_carea' id='block_1_89' title="bbox 418 3976 2020 4045">
    <p class='ocr_par' dir='ltr' id='par_1_89' title="bbox 418 3976 2020 4045">
     <span class='ocr_line' id='line_1_89' title="bbox 418 3976 2020 4045; baseline 0.002 -17"><span class='ocrx_word' id='word_1_671' title='bbox 418 3976 618 4041; x_wconf 68' lang='lat' dir='ltr'><strong>phaaos</strong></span> <span class='ocrx_word' id='word_1_672' title='bbox 644 3978 907 4044; x_wconf 76' lang='lat' dir='ltr'><strong>despexit</strong></span> <span class='ocrx_word' id='word_1_673' title='bbox 929 3978 1127 4031; x_wconf 89' lang='lat' dir='ltr'><strong>oculus</strong></span> <span class='ocrx_word' id='word_1_674' title='bbox 1152 3993 1335 4031; x_wconf 90' lang='lat' dir='ltr'><strong>meus.</strong></span> <span class='ocrx_word' id='word_1_675' title='bbox 1354 3979 1575 4031; x_wconf 85' lang='lat' dir='ltr'><strong>Florem</strong></span> <span class='ocrx_word' id='word_1_676' title='bbox 1594 3980 1805 4045; x_wconf 87' lang='lat' dir='ltr'><strong>quippe</strong></span> <span class='ocrx_word' id='word_1_677' title='bbox 1822 3992 2020 4031; x_wconf 87' lang='lat' dir='ltr'><strong>eorum</strong></span> 
     </span>
    </p>
   </div>
   <div class='ocr_carea' id='block_1_90' title="bbox 421 4049 2018 4116">
    <p class='ocr_par' dir='ltr' id='par_1_90' title="bbox 421 4049 2018 4116">
     <span class='ocr_line' id='line_1_90' title="bbox 421 4049 2018 4116; baseline 0.003 -17"><span class='ocrx_word' id='word_1_678' title='bbox 421 4049 641 4113; x_wconf 90' lang='lat' dir='ltr'><strong>transii,</strong></span> <span class='ocrx_word' id='word_1_679' title='bbox 673 4050 1040 4103; x_wconf 89' lang='lat' dir='ltr'><strong>altitudinem</strong></span> <span class='ocrx_word' id='word_1_680' title='bbox 1070 4053 1258 4104; x_wconf 89' lang='lat' dir='ltr'><strong>cordis</strong></span> <span class='ocrx_word' id='word_1_681' title='bbox 1280 4052 1352 4103; x_wconf 90' lang='lat' dir='ltr'><strong>ad</strong></span> <span class='ocrx_word' id='word_1_682' title='bbox 1398 4057 1453 4103; x_wconf 87' lang='lat' dir='ltr'><strong>te</strong></span> <span class='ocrx_word' id='word_1_683' title='bbox 1497 4052 1707 4111; x_wconf 87' lang='lat' dir='ltr'><strong>levavi,</strong></span> <span class='ocrx_word' id='word_1_684' title='bbox 1733 4055 1790 4103; x_wconf 90' lang='lat' dir='ltr'><strong>et</strong></span> <span class='ocrx_word' id='word_1_685' title='bbox 1815 4064 2018 4116; x_wconf 89' lang='lat' dir='ltr'><strong>perve-</strong></span> 
     </span>
    </p>
   </div>
   <div class='ocr_carea' id='block_1_91' title="bbox 416 4120 2019 4187">
    <p class='ocr_par' dir='ltr' id='par_1_91' title="bbox 416 4120 2019 4187">
     <span class='ocr_line' id='line_1_91' title="bbox 416 4120 2019 4187; baseline 0.002 -17"><span class='ocrx_word' id='word_1_686' title='bbox 416 4120 580 4172; x_wconf 91' lang='lat' dir='ltr'><strong>niens</strong></span> <span class='ocrx_word' id='word_1_687' title='bbox 604 4122 738 4174; x_wconf 90' lang='lat' dir='ltr'><strong>inde</strong></span> <span class='ocrx_word' id='word_1_688' title='bbox 768 4123 1007 4187; x_wconf 86' lang='lat' dir='ltr'><strong>despexi</strong></span> <span class='ocrx_word' id='word_1_689' title='bbox 1043 4137 1217 4187; x_wconf 88' lang='lat' dir='ltr'><strong>super</strong></span> <span class='ocrx_word' id='word_1_690' title='bbox 1240 4124 1384 4175; x_wconf 91' lang='lat' dir='ltr'><strong>illos.</strong></span> <span class='ocrx_word' id='word_1_691' title='bbox 1411 4126 1481 4175; x_wconf 88' lang='lat' dir='ltr'><strong>Et</strong></span> <span class='ocrx_word' id='word_1_692' title='bbox 1509 4124 1641 4187; x_wconf 88' lang='lat' dir='ltr'><strong>vidi,</strong></span> <span class='ocrx_word' id='word_1_693' title='bbox 1670 4126 1807 4186; x_wconf 87' lang='lat' dir='ltr'><strong>quia</strong></span> <span class='ocrx_word' id='word_1_694' title='bbox 1830 4124 2019 4175; x_wconf 93' lang='lat' dir='ltr'><strong>omnis</strong></span> 
     </span>
    </p>
   </div>
   <div class='ocr_carea' id='block_1_92' title="bbox 416 4193 2017 4259">
    <p class='ocr_par' dir='ltr' id='par_1_92' title="bbox 416 4193 2017 4259">
     <span class='ocr_line' id='line_1_92' title="bbox 416 4193 2017 4259; baseline 0 -16"><span class='ocrx_word' id='word_1_695' title='bbox 416 4205 548 4244; x_wconf 92' lang='lat' dir='ltr'><strong>caro</strong></span> <span class='ocrx_word' id='word_1_696' title='bbox 573 4193 813 4250; x_wconf 69' lang='lat' dir='ltr'><strong>faenum.</strong></span> <span class='ocrx_word' id='word_1_697' title='bbox 840 4199 898 4246; x_wconf 92' lang='lat' dir='ltr'><strong>et</strong></span> <span class='ocrx_word' id='word_1_698' title='bbox 934 4194 1161 4247; x_wconf 89' lang='lat' dir='ltr'><strong>claritas</strong></span> <span class='ocrx_word' id='word_1_699' title='bbox 1188 4195 1455 4259; x_wconf 85' lang='lat' dir='ltr'><strong>hominis,</strong></span> <span class='ocrx_word' id='word_1_700' title='bbox 1493 4199 1554 4246; x_wconf 92' lang='lat' dir='ltr'><strong>ut</strong></span> <span class='ocrx_word' id='word_1_701' title='bbox 1584 4197 1691 4246; x_wconf 83' lang='lat' dir='ltr'><strong>ﬂos</strong></span> <span class='ocrx_word' id='word_1_702' title='bbox 1711 4196 1847 4246; x_wconf 71' lang='grc' dir='ltr'><strong>[ωιιὶ</strong></span> <span class='ocrx_word' id='word_1_703' title='bbox 1876 4195 2017 4258; x_wconf 88' lang='lat' dir='ltr'><strong>(Isai.</strong></span> 
     </span>
    </p>
   </div>
   <div class='ocr_carea' id='block_1_93' title="bbox 418 4263 2017 4329">
    <p class='ocr_par' dir='ltr' id='par_1_93' title="bbox 418 4263 2017 4329">
     <span class='ocr_line' id='line_1_93' title="bbox 418 4263 2017 4329; baseline -0.001 -11"><span class='ocrx_word' id='word_1_704' title='bbox 418 4263 547 4325; x_wconf 66' lang='lat'><strong>40.).</strong></span> <span class='ocrx_word' id='word_1_705' title='bbox 576 4266 697 4316; x_wconf 85' lang='lat' dir='ltr'><strong>Hoc</strong></span> <span class='ocrx_word' id='word_1_706' title='bbox 740 4265 894 4328; x_wconf 83' lang='lat' dir='ltr'><strong>agite</strong></span> <span class='ocrx_word' id='word_1_707' title='bbox 936 4279 1095 4329; x_wconf 81' lang='lat' dir='ltr'><strong>ergo,</strong></span> <span class='ocrx_word' id='word_1_708' title='bbox 1144 4266 1366 4326; x_wconf 86' lang='lat' dir='ltr'><strong>fratres,</strong></span> <span class='ocrx_word' id='word_1_709' title='bbox 1402 4279 1534 4317; x_wconf 90' lang='lat' dir='ltr'><strong>cum</strong></span> <span class='ocrx_word' id='word_1_710' title='bbox 1557 4266 1766 4317; x_wconf 88' lang='lat' dir='ltr'><strong>animis</strong></span> <span class='ocrx_word' id='word_1_711' title='bbox 1791 4267 2017 4319; x_wconf 89' lang='lat' dir='ltr'><strong>vestris.</strong></span> 
     </span>
    </p>
   </div>
   <div class='ocr_carea' id='block_1_94' title="bbox 423 4333 2017 4402">
    <p class='ocr_par' dir='ltr' id='par_1_94' title="bbox 423 4333 2017 4402">
     <span class='ocr_line' id='line_1_94' title="bbox 423 4333 2017 4402; baseline 0.005 -19"><span class='ocrx_word' id='word_1_712' title='bbox 423 4333 635 4394; x_wconf 78' lang='lat' dir='ltr'><strong>Erigite</strong></span> <span class='ocrx_word' id='word_1_713' title='bbox 664 4335 836 4387; x_wconf 89' lang='lat' dir='ltr'><strong>corda</strong></span> <span class='ocrx_word' id='word_1_714' title='bbox 860 4340 1074 4386; x_wconf 89' lang='lat' dir='ltr'><strong>vestra.</strong></span> <span class='ocrx_word' id='word_1_715' title='bbox 1093 4336 1355 4402; x_wconf 85' lang='lat' dir='ltr'><strong>Expolite</strong></span> <span class='ocrx_word' id='word_1_716' title='bbox 1367 4336 1548 4388; x_wconf 90' lang='lat' dir='ltr'><strong>aciem</strong></span> <span class='ocrx_word' id='word_1_717' title='bbox 1566 4336 1773 4388; x_wconf 89' lang='lat' dir='ltr'><strong>mentis</strong></span> <span class='ocrx_word' id='word_1_718' title='bbox 1791 4340 2017 4390; x_wconf 64' lang='lat' dir='ltr'><strong>vestrae.</strong></span> 
     </span>
    </p>
   </div>
   <div class='ocr_carea' id='block_1_95' title="bbox 416 4404 2023 4472">
    <p class='ocr_par' dir='ltr' id='par_1_95' title="bbox 416 4404 2023 4472">
     <span class='ocr_line' id='line_1_95' title="bbox 416 4404 2023 4472; baseline 0.004 -17"><span class='ocrx_word' id='word_1_719' title='bbox 416 4404 629 4457; x_wconf 89' lang='lat' dir='ltr'><strong>Discite</strong></span> <span class='ocrx_word' id='word_1_720' title='bbox 665 4408 844 4469; x_wconf 84' lang='lat' dir='ltr'><strong>gratis</strong></span> <span class='ocrx_word' id='word_1_721' title='bbox 881 4406 1115 4470; x_wconf 76' lang='lat' dir='ltr'><strong>diligere</strong></span> <span class='ocrx_word' id='word_1_722' title='bbox 1138 4409 1339 4459; x_wconf 89' lang='lat' dir='ltr'><strong>Deum.</strong></span> <span class='ocrx_word' id='word_1_723' title='bbox 1368 4408 1579 4460; x_wconf 91' lang='lat' dir='ltr'><strong>Discite</strong></span> <span class='ocrx_word' id='word_1_724' title='bbox 1603 4421 1860 4472; x_wconf 59' lang='lat' dir='ltr'><strong>praesens</strong></span> <span class='ocrx_word' id='word_1_725' title='bbox 1884 4423 2023 4460; x_wconf 88' lang='lat' dir='ltr'><strong>con-</strong></span> 
     </span>
    </p>
   </div>
   <div class='ocr_carea' id='block_1_96' title="bbox 418 4478 2022 4533">
    <p class='ocr_par' dir='ltr' id='par_1_96' title="bbox 418 4478 2022 4533">
     <span class='ocr_line' id='line_1_96' title="bbox 418 4478 2022 4533; baseline 0.004 -6"><span class='ocrx_word' id='word_1_726' title='bbox 418 4480 670 4529; x_wconf 89' lang='lat' dir='ltr'><strong>temnere</strong></span> <span class='ocrx_word' id='word_1_727' title='bbox 687 4478 965 4531; x_wconf 86' lang='lat' dir='ltr'><strong>secutum.</strong></span> <span class='ocrx_word' id='word_1_728' title='bbox 998 4479 1207 4531; x_wconf 90' lang='lat' dir='ltr'><strong>Discite</strong></span> <span class='ocrx_word' id='word_1_729' title='bbox 1233 4480 1553 4532; x_wconf 89' lang='lat' dir='ltr'><strong>voluntarie</strong></span> <span class='ocrx_word' id='word_1_730' title='bbox 1576 4481 1894 4532; x_wconf 72' lang='lat' dir='ltr'><strong>sacrificare</strong></span> <span class='ocrx_word' id='word_1_731' title='bbox 1916 4482 2022 4533; x_wconf 91' lang='lat' dir='ltr'><strong>ho-</strong></span> 
     </span>
    </p>
   </div>
   <div class='ocr_carea' id='block_1_97' title="bbox 416 4548 2021 4604">
    <p class='ocr_par' dir='ltr' id='par_1_97' title="bbox 416 4548 2021 4604">
     <span class='ocr_line' id='line_1_97' title="bbox 416 4548 2021 4604; baseline 0.003 -7"><span class='ocrx_word' id='word_1_732' title='bbox 416 4548 588 4600; x_wconf 83' lang='lat' dir='ltr'><strong>stiam</strong></span> <span class='ocrx_word' id='word_1_733' title='bbox 601 4549 808 4600; x_wconf 89' lang='lat' dir='ltr'><strong>laudis.</strong></span> <span class='ocrx_word' id='word_1_734' title='bbox 826 4551 1041 4603; x_wconf 91' lang='lat' dir='ltr'><strong>Discite</strong></span> <span class='ocrx_word' id='word_1_735' title='bbox 1066 4551 1235 4602; x_wconf 88' lang='lat' dir='ltr'><strong>etiam</strong></span> <span class='ocrx_word' id='word_1_736' title='bbox 1253 4564 1462 4604; x_wconf 90' lang='lat' dir='ltr'><strong>nomen</strong></span> <span class='ocrx_word' id='word_1_737' title='bbox 1480 4552 1707 4604; x_wconf 90' lang='lat' dir='ltr'><strong>Domini</strong></span> <span class='ocrx_word' id='word_1_738' title='bbox 1724 4555 2021 4603; x_wconf 79' lang='lat' dir='ltr'><strong>admirabile</strong></span> 
     </span>
    </p>
   </div>
   <div class='ocr_carea' id='block_1_98' title="bbox 413 4622 2023 4683">
    <p class='ocr_par' dir='ltr' id='par_1_98' title="bbox 413 4622 2023 4683">
     <span class='ocr_line' id='line_1_98' title="bbox 413 4622 2023 4683; baseline 0.004 -14"><span class='ocrx_word' id='word_1_739' title='bbox 413 4630 481 4669; x_wconf 92' lang='lat' dir='ltr'><strong>ac</strong></span> <span class='ocrx_word' id='word_1_740' title='bbox 507 4632 782 4683; x_wconf 89' lang='lat' dir='ltr'><strong>magnum</strong></span> <span class='ocrx_word' id='word_1_741' title='bbox 806 4622 1041 4675; x_wconf 88' lang='lat' dir='ltr'><strong>laudare</strong></span> <span class='ocrx_word' id='word_1_742' title='bbox 1057 4629 1115 4675; x_wconf 91' lang='lat' dir='ltr'><strong>et</strong></span> <span class='ocrx_word' id='word_1_743' title='bbox 1142 4623 1428 4683; x_wconf 85' lang='lat' dir='ltr'><strong>invocare,</strong></span> <span class='ocrx_word' id='word_1_744' title='bbox 1456 4628 1522 4675; x_wconf 89' lang='lat' dir='ltr'><strong>ut</strong></span> <span class='ocrx_word' id='word_1_745' title='bbox 1548 4624 2023 4677; x_wconf 88' lang='lat' dir='ltr'><strong>transcendentes</strong></span> 
     </span>
    </p>
   </div>
   <div class='ocr_carea' id='block_1_99' title="bbox 414 4691 1955 4759">
    <p class='ocr_par' dir='ltr' id='par_1_99' title="bbox 414 4691 1955 4759">
     <span class='ocr_line' id='line_1_99' title="bbox 414 4691 1955 4759; baseline -0.001 -13"><span class='ocrx_word' id='word_1_746' title='bbox 414 4691 622 4746; x_wconf 79' lang='lat' dir='ltr'><strong>ﬂorum</strong></span> <span class='ocrx_word' id='word_1_747' title='bbox 657 4693 814 4754; x_wconf 77' lang='lat' dir='ltr'><strong>fami,</strong></span> <span class='ocrx_word' id='word_1_748' title='bbox 841 4694 1159 4757; x_wconf 58' lang='lat' dir='ltr'><strong>restiiciatis</strong></span> <span class='ocrx_word' id='word_1_749' title='bbox 1191 4708 1365 4759; x_wconf 89' lang='lat' dir='ltr'><strong>super</strong></span> <span class='ocrx_word' id='word_1_750' title='bbox 1407 4696 1674 4748; x_wconf 91' lang='lat' dir='ltr'><strong>inimicos</strong></span> <span class='ocrx_word' id='word_1_751' title='bbox 1710 4701 1955 4749; x_wconf 88' lang='lat' dir='ltr'><strong>vestros.</strong></span> 
     </span>
    </p>
   </div>
   <div class='ocr_carea' id='block_1_100' title="bbox 747 4799 1695 4868">
    <p class='ocr_par' dir='ltr' id='par_1_100' title="bbox 747 4799 1695 4868">
     <span class='ocr_line' id='line_1_100' title="bbox 747 4799 1695 4868; baseline 0.004 -7"><span class='ocrx_word' id='word_1_752' title='bbox 747 4799 936 4864; x_wconf 91' lang='lat' dir='ltr'><strong>TITU</strong></span> <span class='ocrx_word' id='word_1_753' title='bbox 948 4799 1105 4865; x_wconf 91' lang='lat' dir='ltr'><strong>LUS</strong></span> <span class='ocrx_word' id='word_1_754' title='bbox 1157 4801 1481 4866; x_wconf 86' lang='lat' dir='ltr'><strong>PSALMI</strong></span> <span class='ocrx_word' id='word_1_755' title='bbox 1527 4803 1695 4868; x_wconf 88' lang='lat' dir='ltr'><strong>LIV.</strong></span> 
     </span>
    </p>
   </div>
   <div class='ocr_carea' id='block_1_101' title="bbox 477 4898 2017 4960">
    <p class='ocr_par' dir='ltr' id='par_1_101' title="bbox 477 4898 2017 4960">
     <span class='ocr_line' id='line_1_101' title="bbox 477 4898 2017 4960; baseline 0.003 -11"><span class='ocrx_word' id='word_1_756' title='bbox 477 4898 591 4949; x_wconf 82' lang='lat' dir='ltr'><strong>1.In</strong></span> <span class='ocrx_word' id='word_1_757' title='bbox 603 4899 852 4960; x_wconf 80' lang='lat' dir='ltr'><strong>ﬁncm,in</strong></span> <span class='ocrx_word' id='word_1_758' title='bbox 866 4900 1200 4949; x_wconf 75' lang='lat' dir='ltr'><strong>carminibus</strong></span> <span class='ocrx_word' id='word_1_759' title='bbox 1216 4901 1505 4950; x_wconf 83' lang='lat' dir='ltr'><strong>intellectus</strong></span> <span class='ocrx_word' id='word_1_760' title='bbox 1516 4902 1710 4951; x_wconf 81' lang='lat' dir='ltr'><strong>David:</strong></span> <span class='ocrx_word' id='word_1_761' title='bbox 1726 4904 2017 4953; x_wconf 88' lang='lat' dir='ltr'><strong>Intellectus</strong></span> 
     </span>
    </p>
   </div>
   <div class='ocr_carea' id='block_1_102' title="bbox 415 4963 2015 5026">
    <p class='ocr_par' dir='ltr' id='par_1_102' title="bbox 415 4963 2015 5026">
     <span class='ocr_line' id='line_1_102' title="bbox 415 4963 2015 5026; baseline 0.002 -16"><span class='ocrx_word' id='word_1_762' title='bbox 415 4963 770 5021; x_wconf 85' lang='lat' dir='ltr'><strong>ltujuSpsalmi</strong></span> <span class='ocrx_word' id='word_1_763' title='bbox 794 4964 1146 5013; x_wconf 85' lang='lat' dir='ltr'><strong>attribuendns</strong></span> <span class='ocrx_word' id='word_1_764' title='bbox 1172 4973 1243 5012; x_wconf 88' lang='lat' dir='ltr'><strong>est</strong></span> <span class='ocrx_word' id='word_1_765' title='bbox 1278 4967 1453 5024; x_wconf 84' lang='lat' dir='ltr'><strong>David,</strong></span> <span class='ocrx_word' id='word_1_766' title='bbox 1478 4967 1528 5013; x_wconf 89' lang='lat' dir='ltr'><strong>id</strong></span> <span class='ocrx_word' id='word_1_767' title='bbox 1553 4971 1644 5026; x_wconf 86' lang='lat' dir='ltr'><strong>est,</strong></span> <span class='ocrx_word' id='word_1_768' title='bbox 1673 4966 1867 5013; x_wconf 83' lang='lat' dir='ltr'><strong>Cltristo</strong></span> <span class='ocrx_word' id='word_1_769' title='bbox 1902 4981 2015 5025; x_wconf 84' lang='lat' dir='ltr'><strong>per-</strong></span> 
     </span>
    </p>
   </div>
   <div class='ocr_carea' id='block_1_103' title="bbox 415 5026 2018 5087">
    <p class='ocr_par' dir='ltr' id='par_1_103' title="bbox 415 5026 2018 5087">
     <span class='ocr_line' id='line_1_103' title="bbox 415 5026 2018 5087; baseline 0.002 -12"><span class='ocrx_word' id='word_1_770' title='bbox 415 5027 663 5075; x_wconf 80' lang='lat' dir='ltr'><strong>severanti</strong></span> <span class='ocrx_word' id='word_1_771' title='bbox 695 5026 749 5071; x_wconf 89' lang='lat' dir='ltr'><strong>in</strong></span> <span class='ocrx_word' id='word_1_772' title='bbox 780 5026 952 5087; x_wconf 82' lang='lat' dir='ltr'><strong>finem,</strong></span> <span class='ocrx_word' id='word_1_773' title='bbox 986 5026 1036 5073; x_wconf 89' lang='lat' dir='ltr'><strong>id</strong></span> <span class='ocrx_word' id='word_1_774' title='bbox 1060 5034 1148 5083; x_wconf 90' lang='lat' dir='ltr'><strong>est,</strong></span> <span class='ocrx_word' id='word_1_775' title='bbox 1178 5029 1229 5075; x_wconf 89' lang='lat' dir='ltr'><strong>in</strong></span> <span class='ocrx_word' id='word_1_776' title='bbox 1262 5029 1745 5075; x_wconf 85' lang='lat' dir='ltr'><strong>consummationem</strong></span> <span class='ocrx_word' id='word_1_777' title='bbox 1771 5042 1875 5075; x_wconf 74' lang='lat' dir='ltr'><strong>sum</strong></span> <span class='ocrx_word' id='word_1_778' title='bbox 1908 5032 2018 5078; x_wconf 89' lang='lat' dir='ltr'><strong>obe-</strong></span> 
     </span>
    </p>
   </div>
   <div class='ocr_carea' id='block_1_104' title="bbox 413 5088 2014 5153">
    <p class='ocr_par' dir='ltr' id='par_1_104' title="bbox 413 5088 2014 5153">
     <span class='ocr_line' id='line_1_104' title="bbox 413 5088 2014 5153; baseline 0.005 -20"><span class='ocrx_word' id='word_1_779' title='bbox 413 5089 638 5153; x_wconf 64' lang='lat' dir='ltr'><strong>dientim.</strong></span> <span class='ocrx_word' id='word_1_780' title='bbox 669 5089 724 5134; x_wconf 88' lang='lat' dir='ltr'><strong>Et</strong></span> <span class='ocrx_word' id='word_1_781' title='bbox 749 5089 840 5135; x_wconf 84' lang='lat' dir='ltr'><strong>hoc</strong></span> <span class='ocrx_word' id='word_1_782' title='bbox 866 5088 924 5137; x_wconf 88' lang='lat' dir='ltr'><strong>in</strong></span> <span class='ocrx_word' id='word_1_783' title='bbox 950 5088 1307 5152; x_wconf 81' lang='lat' dir='ltr'><strong>carminibus,</strong></span> <span class='ocrx_word' id='word_1_784' title='bbox 1332 5091 1382 5137; x_wconf 90' lang='lat' dir='ltr'><strong>id</strong></span> <span class='ocrx_word' id='word_1_785' title='bbox 1408 5094 1498 5153; x_wconf 86' lang='lat' dir='ltr'><strong>est,</strong></span> <span class='ocrx_word' id='word_1_786' title='bbox 1538 5091 1722 5137; x_wconf 89' lang='lat' dir='ltr'><strong>mentis</strong></span> <span class='ocrx_word' id='word_1_787' title='bbox 1746 5091 2014 5141; x_wconf 88' lang='lat' dir='ltr'><strong>hilaritate.</strong></span> 
     </span>
    </p>
   </div>
   <div class='ocr_carea' id='block_1_105' title="bbox 414 5151 2015 5211">
    <p class='ocr_par' dir='ltr' id='par_1_105' title="bbox 414 5151 2015 5211">
     <span class='ocr_line' id='line_1_105' title="bbox 414 5151 2015 5211; baseline 0.004 -15"><span class='ocrx_word' id='word_1_788' title='bbox 414 5151 611 5201; x_wconf 78' lang='lat' dir='ltr'><strong>Materia</strong></span> <span class='ocrx_word' id='word_1_789' title='bbox 628 5151 781 5209; x_wconf 88' lang='lat' dir='ltr'><strong>hujus</strong></span> <span class='ocrx_word' id='word_1_790' title='bbox 801 5153 978 5210; x_wconf 89' lang='lat' dir='ltr'><strong>psalmi</strong></span> <span class='ocrx_word' id='word_1_791' title='bbox 996 5160 1068 5199; x_wconf 87' lang='lat' dir='ltr'><strong>est</strong></span> <span class='ocrx_word' id='word_1_792' title='bbox 1094 5154 1321 5200; x_wconf 83' lang='lat' dir='ltr'><strong>Christus</strong></span> <span class='ocrx_word' id='word_1_793' title='bbox 1346 5151 1493 5211; x_wconf 84' lang='lat' dir='ltr'><strong>totus,</strong></span> <span class='ocrx_word' id='word_1_794' title='bbox 1527 5153 1715 5199; x_wconf 86' lang='lat' dir='ltr'><strong>scilicet</strong></span> <span class='ocrx_word' id='word_1_795' title='bbox 1739 5157 2015 5202; x_wconf 86' lang='lat' dir='ltr'><strong>secundum</strong></span> 
     </span>
    </p>
   </div>
   <div class='ocr_carea' id='block_1_106' title="bbox 414 5215 2018 5276">
    <p class='ocr_par' dir='ltr' id='par_1_106' title="bbox 414 5215 2018 5276">
     <span class='ocr_line' id='line_1_106' title="bbox 414 5215 2018 5276; baseline 0.002 -16"><span class='ocrx_word' id='word_1_796' title='bbox 414 5219 618 5271; x_wconf 85' lang='lat' dir='ltr'><strong>caputet</strong></span> <span class='ocrx_word' id='word_1_797' title='bbox 635 5228 815 5273; x_wconf 87' lang='lat' dir='ltr'><strong>corpus</strong></span> <span class='ocrx_word' id='word_1_798' title='bbox 850 5216 910 5261; x_wconf 86' lang='lat' dir='ltr'><strong>ab</strong></span> <span class='ocrx_word' id='word_1_799' title='bbox 935 5217 1130 5273; x_wconf 87' lang='lat' dir='ltr'><strong>iniquis</strong></span> <span class='ocrx_word' id='word_1_800' title='bbox 1150 5216 1406 5261; x_wconf 80' lang='lat' dir='ltr'><strong>afﬂictum.</strong></span> <span class='ocrx_word' id='word_1_801' title='bbox 1423 5215 1514 5261; x_wconf 88' lang='lat' dir='ltr'><strong>Sed</strong></span> <span class='ocrx_word' id='word_1_802' title='bbox 1533 5215 2018 5276; x_wconf 88' lang='lat' dir='ltr'><strong>liberatum.Propo-</strong></span> 
     </span>
    </p>
   </div>
   <div class='ocr_carea' id='block_1_107' title="bbox 414 5276 2021 5337">
    <p class='ocr_par' dir='ltr' id='par_1_107' title="bbox 414 5276 2021 5337">
     <span class='ocr_line' id='line_1_107' title="bbox 414 5276 2021 5337; baseline 0.004 -16"><span class='ocrx_word' id='word_1_803' title='bbox 414 5276 665 5327; x_wconf 85' lang='lat' dir='ltr'><strong>nitautem</strong></span> <span class='ocrx_word' id='word_1_804' title='bbox 690 5278 834 5324; x_wconf 86' lang='lat' dir='ltr'><strong>nobis</strong></span> <span class='ocrx_word' id='word_1_805' title='bbox 856 5278 1092 5325; x_wconf 87' lang='lat' dir='ltr'><strong>membris</strong></span> <span class='ocrx_word' id='word_1_806' title='bbox 1114 5278 1224 5324; x_wconf 88' lang='lat' dir='ltr'><strong>suis</strong></span> <span class='ocrx_word' id='word_1_807' title='bbox 1236 5277 1465 5326; x_wconf 87' lang='lat' dir='ltr'><strong>Christus</strong></span> <span class='ocrx_word' id='word_1_808' title='bbox 1486 5278 1539 5323; x_wconf 90' lang='lat' dir='ltr'><strong>in</strong></span> <span class='ocrx_word' id='word_1_809' title='bbox 1558 5278 1650 5324; x_wconf 88' lang='lat' dir='ltr'><strong>hoc</strong></span> <span class='ocrx_word' id='word_1_810' title='bbox 1661 5280 2021 5337; x_wconf 86' lang='lat' dir='ltr'><strong>psalmointel-</strong></span> 
     </span>
    </p>
   </div>
   <div class='ocr_carea' id='block_1_108' title="bbox 413 5338 2017 5403">
    <p class='ocr_par' dir='ltr' id='par_1_108' title="bbox 413 5338 2017 5403">
     <span class='ocr_line' id='line_1_108' title="bbox 413 5338 2017 5403; baseline 0.002 -16"><span class='ocrx_word' id='word_1_811' title='bbox 413 5338 695 5399; x_wconf 84' lang='lat' dir='ltr'><strong>ligendum,</strong></span> <span class='ocrx_word' id='word_1_812' title='bbox 711 5339 760 5385; x_wconf 88' lang='lat' dir='ltr'><strong>id</strong></span> <span class='ocrx_word' id='word_1_813' title='bbox 784 5345 873 5403; x_wconf 85' lang='lat' dir='ltr'><strong>est,</strong></span> <span class='ocrx_word' id='word_1_814' title='bbox 907 5354 1009 5387; x_wconf 88' lang='lat' dir='ltr'><strong>non</strong></span> <span class='ocrx_word' id='word_1_815' title='bbox 1024 5341 1244 5399; x_wconf 78' lang='lat' dir='ltr'><strong>segniter</strong></span> <span class='ocrx_word' id='word_1_816' title='bbox 1260 5341 1516 5388; x_wconf 67' lang='lat' dir='ltr'><strong>memoriae</strong></span> <span class='ocrx_word' id='word_1_817' title='bbox 1541 5344 2017 5403; x_wconf 87' lang='lat' dir='ltr'><strong>commendandum,</strong></span> 
     </span>
    </p>
   </div>
   <div class='ocr_carea' id='block_1_109' title="bbox 413 5402 2017 5464">
    <p class='ocr_par' dir='ltr' id='par_1_109' title="bbox 413 5402 2017 5464">
     <span class='ocr_line' id='line_1_109' title="bbox 413 5402 2017 5464; baseline 0.002 -13"><span class='ocrx_word' id='word_1_818' title='bbox 413 5402 710 5461; x_wconf 71' lang='lat' dir='ltr'><strong>utentemplo</strong></span> <span class='ocrx_word' id='word_1_819' title='bbox 733 5416 826 5449; x_wconf 91' lang='lat' dir='ltr'><strong>suo</strong></span> <span class='ocrx_word' id='word_1_820' title='bbox 853 5402 981 5449; x_wconf 88' lang='lat' dir='ltr'><strong>inter</strong></span> <span class='ocrx_word' id='word_1_821' title='bbox 998 5404 1204 5449; x_wconf 88' lang='lat' dir='ltr'><strong>adversa</strong></span> <span class='ocrx_word' id='word_1_822' title='bbox 1224 5405 1393 5462; x_wconf 85' lang='lat' dir='ltr'><strong>positi,</strong></span> <span class='ocrx_word' id='word_1_823' title='bbox 1428 5418 1456 5449; x_wconf 88' lang='lat' dir='ltr'><strong>a</strong></span> <span class='ocrx_word' id='word_1_824' title='bbox 1499 5418 1585 5463; x_wconf 87' lang='lat' dir='ltr'><strong>spe</strong></span> <span class='ocrx_word' id='word_1_825' title='bbox 1610 5418 1871 5464; x_wconf 87' lang='lat' dir='ltr'><strong>nunquam</strong></span> <span class='ocrx_word' id='word_1_826' title='bbox 1895 5408 2017 5454; x_wconf 81' lang='lat' dir='ltr'><strong>deﬂ-</strong></span> 
     </span>
    </p>
   </div>
   <div class='ocr_carea' id='block_1_110' title="bbox 411 5465 2019 5526">
    <p class='ocr_par' dir='ltr' id='par_1_110' title="bbox 411 5465 2019 5526">
     <span class='ocr_line' id='line_1_110' title="bbox 411 5465 2019 5526; baseline 0.002 -15"><span class='ocrx_word' id='word_1_827' title='bbox 411 5465 637 5513; x_wconf 86' lang='lat' dir='ltr'><strong>ciamus:</strong></span> <span class='ocrx_word' id='word_1_828' title='bbox 678 5465 763 5511; x_wconf 87' lang='lat' dir='ltr'><strong>sed</strong></span> <span class='ocrx_word' id='word_1_829' title='bbox 790 5465 1092 5512; x_wconf 81' lang='lat' dir='ltr'><strong>ﬁducialiter</strong></span> <span class='ocrx_word' id='word_1_830' title='bbox 1119 5471 1360 5513; x_wconf 84' lang='lat' dir='ltr'><strong>tormenta</strong></span> <span class='ocrx_word' id='word_1_831' title='bbox 1384 5472 1746 5526; x_wconf 86' lang='lat' dir='ltr'><strong>percurrentes,</strong></span> <span class='ocrx_word' id='word_1_832' title='bbox 1782 5474 2019 5517; x_wconf 80' lang='lat' dir='ltr'><strong>teternam</strong></span> 
     </span>
    </p>
   </div>
   <div class='ocr_carea' id='block_1_111' title="bbox 412 5528 2017 5592">
    <p class='ocr_par' dir='ltr' id='par_1_111' title="bbox 412 5528 2017 5592">
     <span class='ocr_line' id='line_1_111' title="bbox 412 5528 2017 5592; baseline 0.004 -20"><span class='ocrx_word' id='word_1_833' title='bbox 412 5541 443 5577; x_wconf 84' lang='lat' dir='ltr'><strong>a</strong></span> <span class='ocrx_word' id='word_1_834' title='bbox 467 5528 561 5573; x_wconf 89' lang='lat' dir='ltr'><strong>Deo</strong></span> <span class='ocrx_word' id='word_1_835' title='bbox 599 5541 861 5592; x_wconf 84' lang='lat' dir='ltr'><strong>speremus</strong></span> <span class='ocrx_word' id='word_1_836' title='bbox 895 5530 1372 5592; x_wconf 84' lang='lat' dir='ltr'><strong>remunerationem,</strong></span> <span class='ocrx_word' id='word_1_837' title='bbox 1410 5536 1455 5577; x_wconf 84' lang='lat' dir='ltr'><strong>et</strong></span> <span class='ocrx_word' id='word_1_838' title='bbox 1484 5531 1863 5577; x_wconf 79' lang='lat' dir='ltr'><strong>irrevocabilem</strong></span> <span class='ocrx_word' id='word_1_839' title='bbox 1904 5547 2017 5591; x_wconf 87' lang='lat' dir='ltr'><strong>per-</strong></span> 
     </span>
    </p>
   </div>
   <div class='ocr_carea' id='block_1_112' title="bbox 413 5590 2021 5653">
    <p class='ocr_par' dir='ltr' id='par_1_112' title="bbox 413 5590 2021 5653">
     <span class='ocr_line' id='line_1_112' title="bbox 413 5590 2021 5653; baseline 0.004 -18"><span class='ocrx_word' id='word_1_840' title='bbox 413 5590 734 5653; x_wconf 84' lang='lat' dir='ltr'><strong>sequentium</strong></span> <span class='ocrx_word' id='word_1_841' title='bbox 761 5591 1134 5639; x_wconf 87' lang='lat' dir='ltr'><strong>damnationem</strong></span> <span class='ocrx_word' id='word_1_842' title='bbox 1160 5590 1444 5641; x_wconf 81' lang='lat' dir='ltr'><strong>credamns.</strong></span> <span class='ocrx_word' id='word_1_843' title='bbox 1471 5594 1570 5640; x_wconf 82' lang='lat' dir='ltr'><strong>Hoc</strong></span> <span class='ocrx_word' id='word_1_844' title='bbox 1595 5599 1689 5648; x_wconf 88' lang='lat' dir='ltr'><strong>est,</strong></span> <span class='ocrx_word' id='word_1_845' title='bbox 1725 5595 1857 5653; x_wconf 87' lang='lat' dir='ltr'><strong>quod</strong></span> <span class='ocrx_word' id='word_1_846' title='bbox 1889 5590 2021 5641; x_wconf 82' lang='lat' dir='ltr'><strong>circa</strong></span> 
     </span>
    </p>
   </div>
   <div class='ocr_carea' id='block_1_113' title="bbox 415 5652 2022 5714">
    <p class='ocr_par' dir='ltr' id='par_1_113' title="bbox 415 5652 2022 5714">
     <span class='ocr_line' id='line_1_113' title="bbox 415 5652 2022 5714; baseline 0.004 -17"><span class='ocrx_word' id='word_1_847' title='bbox 415 5652 566 5698; x_wconf 84' lang='lat' dir='ltr'><strong>ﬁnem</strong></span> <span class='ocrx_word' id='word_1_848' title='bbox 590 5653 773 5711; x_wconf 88' lang='lat' dir='ltr'><strong>psalmi</strong></span> <span class='ocrx_word' id='word_1_849' title='bbox 800 5653 1017 5701; x_wconf 82' lang='lat' dir='ltr'><strong>breviter</strong></span> <span class='ocrx_word' id='word_1_850' title='bbox 1042 5656 1342 5714; x_wconf 87' lang='lat' dir='ltr'><strong>continetur,</strong></span> <span class='ocrx_word' id='word_1_851' title='bbox 1372 5656 1459 5702; x_wconf 85' lang='lat' dir='ltr'><strong>ubi</strong></span> <span class='ocrx_word' id='word_1_852' title='bbox 1476 5656 1662 5703; x_wconf 88' lang='lat' dir='ltr'><strong>dicitur</strong></span> <span class='ocrx_word' id='word_1_853' title='bbox 1687 5652 1850 5705; x_wconf 85' lang='lat' dir='ltr'><strong>:Jacta</strong></span> <span class='ocrx_word' id='word_1_854' title='bbox 1872 5670 2022 5713; x_wconf 87' lang='lat' dir='ltr'><strong>super</strong></span> 
     </span>
    </p>
   </div>
   <div class='ocr_carea' id='block_1_114' title="bbox 410 5714 2024 5779">
    <p class='ocr_par' dir='ltr' id='par_1_114' title="bbox 410 5714 2024 5779">
     <span class='ocr_line' id='line_1_114' title="bbox 410 5714 2024 5779; baseline 0.002 -17"><span class='ocrx_word' id='word_1_855' title='bbox 410 5714 675 5762; x_wconf 76' lang='lat' dir='ltr'><strong>dominum</strong></span> <span class='ocrx_word' id='word_1_856' title='bbox 701 5729 871 5762; x_wconf 86' lang='lat' dir='ltr'><strong>curam</strong></span> <span class='ocrx_word' id='word_1_857' title='bbox 896 5722 1047 5766; x_wconf 87' lang='lat' dir='ltr'><strong>tuam.</strong></span> <span class='ocrx_word' id='word_1_858' title='bbox 1071 5718 1126 5764; x_wconf 90' lang='lat' dir='ltr'><strong>Et</strong></span> <span class='ocrx_word' id='word_1_859' title='bbox 1154 5724 1263 5778; x_wconf 87' lang='lat' dir='ltr'><strong>post</strong></span> <span class='ocrx_word' id='word_1_860' title='bbox 1295 5731 1479 5778; x_wconf 88' lang='lat' dir='ltr'><strong>pauca:</strong></span> <span class='ocrx_word' id='word_1_861' title='bbox 1515 5719 1614 5779; x_wconf 80' lang='lat' dir='ltr'><strong>Ego</strong></span> <span class='ocrx_word' id='word_1_862' title='bbox 1637 5724 1801 5765; x_wconf 87' lang='lat' dir='ltr'><strong>autem</strong></span> <span class='ocrx_word' id='word_1_863' title='bbox 1827 5720 2024 5778; x_wconf 86' lang='lat' dir='ltr'><strong>speravi</strong></span> 
     </span>
    </p>
   </div>
   <div class='ocr_carea' id='block_1_115' title="bbox 476 5855 2024 5924">
    <p class='ocr_par' dir='ltr' id='par_1_115' title="bbox 476 5855 2024 5924">
     <span class='ocr_line' id='line_1_115' title="bbox 476 5855 2024 5924; baseline 0.005 -20"><span class='ocrx_word' id='word_1_864' title='bbox 476 5863 493 5882; x_wconf 90' lang='grc'>·</span> <span class='ocrx_word' id='word_1_865' title='bbox 520 5855 908 5917; x_wconf 80' lang='lat' dir='ltr'><strong>Augustinus,</strong></span> <span class='ocrx_word' id='word_1_866' title='bbox 926 5859 1179 5921; x_wconf 68' lang='lat' dir='ltr'><strong>respexit,</strong></span> <span class='ocrx_word' id='word_1_867' title='bbox 1196 5872 1328 5910; x_wconf 91' lang='lat' dir='ltr'><strong>cum</strong></span> <span class='ocrx_word' id='word_1_868' title='bbox 1346 5859 1602 5924; x_wconf 87' lang='lat' dir='ltr'><strong>antiquis</strong></span> <span class='ocrx_word' id='word_1_869' title='bbox 1618 5859 1746 5911; x_wconf 91' lang='lat' dir='ltr'><strong>aliis</strong></span> <span class='ocrx_word' id='word_1_870' title='bbox 1763 5860 2024 5912; x_wconf 88' lang='lat' dir='ltr'><strong>Psalterii</strong></span> 
     </span>
    </p>
   </div>
   <div class='ocr_carea' id='block_1_116' title="bbox 413 5923 2023 5994">
    <p class='ocr_par' dir='ltr' id='par_1_116' title="bbox 413 5923 2023 5994">
     <span class='ocr_line' id='line_1_116' title="bbox 413 5923 2023 5994; baseline 0.006 -20"><span class='ocrx_word' id='word_1_871' title='bbox 413 5924 711 5975; x_wconf 83' lang='lat' dir='ltr'><strong>codicibus</strong></span> <span class='ocrx_word' id='word_1_872' title='bbox 736 5923 892 5994; x_wconf 84' lang='lat' dir='ltr'><strong>legit.</strong></span> <span class='ocrx_word' id='word_1_873' title='bbox 920 5928 1142 5987; x_wconf 87' lang='lat' dir='ltr'><strong>Noster,</strong></span> <span class='ocrx_word' id='word_1_874' title='bbox 1170 5931 1261 5981; x_wconf 90' lang='lat' dir='ltr'><strong>cui</strong></span> <span class='ocrx_word' id='word_1_875' title='bbox 1286 5923 1553 5989; x_wconf 55' lang='lat' dir='ltr'><strong>Vulgata</strong></span> <span class='ocrx_word' id='word_1_876' title='bbox 1574 5930 1871 5993; x_wconf 88' lang='lat' dir='ltr'><strong>versionis,</strong></span> <span class='ocrx_word' id='word_1_877' title='bbox 1890 5943 2023 5994; x_wconf 70' lang='lat' dir='ltr'><strong>quae</strong></span> 
     </span>
    </p>
   </div>
   <div class='ocr_carea' id='block_1_117' title="bbox 411 5993 2026 6063">
    <p class='ocr_par' dir='ltr' id='par_1_117' title="bbox 411 5993 2026 6063">
     <span class='ocr_line' id='line_1_117' title="bbox 411 5993 2026 6063; baseline 0.006 -18"><span class='ocrx_word' id='word_1_878' title='bbox 411 5994 706 6046; x_wconf 77' lang='lat' dir='ltr'><strong>Gallicana</strong></span> <span class='ocrx_word' id='word_1_879' title='bbox 733 5993 912 6059; x_wconf 88' lang='lat' dir='ltr'><strong>audit,</strong></span> <span class='ocrx_word' id='word_1_880' title='bbox 937 5996 1102 6049; x_wconf 88' lang='lat' dir='ltr'><strong>lectio</strong></span> <span class='ocrx_word' id='word_1_881' title='bbox 1132 5999 1365 6063; x_wconf 88' lang='lat' dir='ltr'><strong>placuit,</strong></span> <span class='ocrx_word' id='word_1_882' title='bbox 1386 6001 1559 6052; x_wconf 90' lang='lat' dir='ltr'><strong>etiam</strong></span> <span class='ocrx_word' id='word_1_883' title='bbox 1582 6001 1644 6053; x_wconf 90' lang='lat' dir='ltr'><strong>in</strong></span> <span class='ocrx_word' id='word_1_884' title='bbox 1666 5993 2026 6054; x_wconf 88' lang='lat' dir='ltr'><strong>enarratione</strong></span> 
     </span>
    </p>
   </div>
   <div class='ocr_carea' id='block_1_118' title="bbox 2122 3416 3729 3486">
    <p class='ocr_par' dir='ltr' id='par_1_118' title="bbox 2122 3416 3729 3486">
     <span class='ocr_line' id='line_1_118' title="bbox 2122 3416 3729 3486; baseline -0.004 -13"><span class='ocrx_word' id='word_1_885' title='bbox 2122 3423 2236 3473; x_wconf 89' lang='lat' dir='ltr'><strong>Deo</strong></span> <span class='ocrx_word' id='word_1_886' title='bbox 2262 3422 2547 3486; x_wconf 87' lang='lat' dir='ltr'><strong>petierunt</strong></span> <span class='ocrx_word' id='word_1_887' title='bbox 2570 3421 2683 3473; x_wconf 90' lang='lat' dir='ltr'><strong>:eis</strong></span> <span class='ocrx_word' id='word_1_888' title='bbox 2712 3434 2904 3484; x_wconf 87' lang='lat' dir='ltr'><strong>regem</strong></span> <span class='ocrx_word' id='word_1_889' title='bbox 2931 3420 3140 3472; x_wconf 84' lang='lat' dir='ltr'><strong>habere</strong></span> <span class='ocrx_word' id='word_1_890' title='bbox 3165 3419 3425 3483; x_wconf 89' lang='lat' dir='ltr'><strong>permisit</strong></span> <span class='ocrx_word' id='word_1_891' title='bbox 3455 3416 3690 3480; x_wconf 85' lang='lat' dir='ltr'><strong>quidem</strong></span> <span class='ocrx_word' id='word_1_892' title='bbox 3716 3431 3729 3467; x_wconf 91' lang='lat'><strong>:</strong></span> 
     </span>
    </p>
   </div>
   <div class='ocr_carea' id='block_1_119' title="bbox 2123 3489 3727 3556">
    <p class='ocr_par' dir='ltr' id='par_1_119' title="bbox 2123 3489 3727 3556">
     <span class='ocr_line' id='line_1_119' title="bbox 2123 3489 3727 3556; baseline -0.005 -12"><span class='ocrx_word' id='word_1_893' title='bbox 2123 3493 2222 3544; x_wconf 89' lang='lat' dir='ltr'><strong>sed</strong></span> <span class='ocrx_word' id='word_1_894' title='bbox 2240 3498 2524 3556; x_wconf 89' lang='lat' dir='ltr'><strong>quantum</strong></span> <span class='ocrx_word' id='word_1_895' title='bbox 2542 3505 2739 3543; x_wconf 89' lang='lat' dir='ltr'><strong>eorum</strong></span> <span class='ocrx_word' id='word_1_896' title='bbox 2775 3492 2973 3556; x_wconf 87' lang='lat' dir='ltr'><strong>petitio</strong></span> <span class='ocrx_word' id='word_1_897' title='bbox 3003 3491 3112 3542; x_wconf 91' lang='lat' dir='ltr'><strong>sibi</strong></span> <span class='ocrx_word' id='word_1_898' title='bbox 3137 3489 3478 3553; x_wconf 90' lang='lat' dir='ltr'><strong>displiceret,</strong></span> <span class='ocrx_word' id='word_1_899' title='bbox 3505 3492 3727 3537; x_wconf 84' lang='lat' dir='ltr'><strong>Samneli</strong></span> 
     </span>
    </p>
   </div>
   <div class='ocr_carea' id='block_1_120' title="bbox 2121 3560 3731 3629">
    <p class='ocr_par' dir='ltr' id='par_1_120' title="bbox 2121 3560 3731 3629">
     <span class='ocr_line' id='line_1_120' title="bbox 2121 3560 3731 3629; baseline -0.004 -14"><span class='ocrx_word' id='word_1_900' title='bbox 2121 3564 2465 3629; x_wconf 79' lang='lat' dir='ltr'><strong>signiﬁcavit</strong></span> <span class='ocrx_word' id='word_1_901' title='bbox 2490 3564 2715 3615; x_wconf 89' lang='lat' dir='ltr'><strong>dicens:</strong></span> <span class='ocrx_word' id='word_1_902' title='bbox 2745 3563 2896 3615; x_wconf 90' lang='lat' dir='ltr'><strong>Audi</strong></span> <span class='ocrx_word' id='word_1_903' title='bbox 2922 3575 3124 3613; x_wconf 89' lang='lat' dir='ltr'><strong>vocem</strong></span> <span class='ocrx_word' id='word_1_904' title='bbox 3147 3562 3343 3627; x_wconf 91' lang='lat' dir='ltr'><strong>populi</strong></span> <span class='ocrx_word' id='word_1_905' title='bbox 3355 3561 3413 3612; x_wconf 89' lang='lat' dir='ltr'><strong>in</strong></span> <span class='ocrx_word' id='word_1_906' title='bbox 3438 3560 3731 3622; x_wconf 87' lang='lat' dir='ltr'><strong>omnibus,</strong></span> 
     </span>
    </p>
   </div>
   <div class='ocr_carea' id='block_1_121' title="bbox 2119 3630 3728 3699">
    <p class='ocr_par' dir='ltr' id='par_1_121' title="bbox 2119 3630 3728 3699">
     <span class='ocr_line' id='line_1_121' title="bbox 2119 3630 3728 3699; baseline -0.005 -11"><span class='ocrx_word' id='word_1_907' title='bbox 2119 3649 2251 3699; x_wconf 68' lang='lat' dir='ltr'><strong>quas</strong></span> <span class='ocrx_word' id='word_1_908' title='bbox 2275 3635 2592 3699; x_wconf 88' lang='lat' dir='ltr'><strong>loquuntur</strong></span> <span class='ocrx_word' id='word_1_909' title='bbox 2607 3635 2728 3685; x_wconf 90' lang='lat' dir='ltr'><strong>tibi.</strong></span> <span class='ocrx_word' id='word_1_910' title='bbox 2753 3636 2873 3685; x_wconf 84' lang='lat' dir='ltr'><strong>Non</strong></span> <span class='ocrx_word' id='word_1_911' title='bbox 2891 3635 3044 3686; x_wconf 90' lang='lat' dir='ltr'><strong>enim</strong></span> <span class='ocrx_word' id='word_1_912' title='bbox 3062 3640 3115 3685; x_wconf 91' lang='lat' dir='ltr'><strong>te</strong></span> <span class='ocrx_word' id='word_1_913' title='bbox 3137 3635 3481 3697; x_wconf 88' lang='lat' dir='ltr'><strong>abjecerunt,</strong></span> <span class='ocrx_word' id='word_1_914' title='bbox 3502 3630 3601 3682; x_wconf 88' lang='lat' dir='ltr'><strong>sed</strong></span> <span class='ocrx_word' id='word_1_915' title='bbox 3628 3647 3728 3694; x_wconf 85' lang='lat' dir='ltr'><strong>me,</strong></span> 
     </span>
    </p>
   </div>
   <div class='ocr_carea' id='block_1_122' title="bbox 2118 3704 3728 3771">
    <p class='ocr_par' dir='ltr' id='par_1_122' title="bbox 2118 3704 3728 3771">
     <span class='ocr_line' id='line_1_122' title="bbox 2118 3704 3728 3771; baseline -0.004 -12"><span class='ocrx_word' id='word_1_916' title='bbox 2118 3722 2191 3759; x_wconf 92' lang='lat' dir='ltr'><strong>ne</strong></span> <span class='ocrx_word' id='word_1_917' title='bbox 2215 3720 2449 3771; x_wconf 87' lang='lat' dir='ltr'><strong>regnem</strong></span> <span class='ocrx_word' id='word_1_918' title='bbox 2470 3719 2640 3771; x_wconf 91' lang='lat' dir='ltr'><strong>super</strong></span> <span class='ocrx_word' id='word_1_919' title='bbox 2670 3719 2770 3757; x_wconf 90' lang='lat' dir='ltr'><strong>eos</strong></span> <span class='ocrx_word' id='word_1_920' title='bbox 2798 3706 2864 3771; x_wconf 89' lang='grc'>(1.</span> <span class='ocrx_word' id='word_1_921' title='bbox 2900 3707 3023 3769; x_wconf 84' lang='lat' dir='ltr'><strong>Reg.</strong></span> <span class='ocrx_word' id='word_1_922' title='bbox 3055 3704 3145 3768; x_wconf 89' lang='lat'><strong>8.).</strong></span> <span class='ocrx_word' id='word_1_923' title='bbox 3168 3705 3329 3768; x_wconf 87' lang='lat' dir='ltr'><strong>Quod</strong></span> <span class='ocrx_word' id='word_1_924' title='bbox 3357 3705 3528 3755; x_wconf 89' lang='lat' dir='ltr'><strong>etiam</strong></span> <span class='ocrx_word' id='word_1_925' title='bbox 3554 3707 3728 3754; x_wconf 84' lang='lat' dir='ltr'><strong>testa-</strong></span> 
     </span>
    </p>
   </div>
   <div class='ocr_carea' id='block_1_123' title="bbox 2120 3775 3724 3841">
    <p class='ocr_par' dir='ltr' id='par_1_123' title="bbox 2120 3775 3724 3841">
     <span class='ocr_line' id='line_1_123' title="bbox 2120 3775 3724 3841; baseline -0.004 -10"><span class='ocrx_word' id='word_1_926' title='bbox 2120 3785 2213 3831; x_wconf 90' lang='lat' dir='ltr'><strong>tus</strong></span> <span class='ocrx_word' id='word_1_927' title='bbox 2239 3784 2329 3830; x_wconf 87' lang='lat' dir='ltr'><strong>est</strong></span> <span class='ocrx_word' id='word_1_928' title='bbox 2353 3778 2581 3830; x_wconf 89' lang='lat' dir='ltr'><strong>Samuel</strong></span> <span class='ocrx_word' id='word_1_929' title='bbox 2605 3777 2835 3828; x_wconf 89' lang='lat' dir='ltr'><strong>dicens:</strong></span> <span class='ocrx_word' id='word_1_930' title='bbox 2855 3778 2968 3828; x_wconf 91' lang='lat' dir='ltr'><strong>Vos</strong></span> <span class='ocrx_word' id='word_1_931' title='bbox 2993 3781 3186 3828; x_wconf 89' lang='lat' dir='ltr'><strong>autem</strong></span> <span class='ocrx_word' id='word_1_932' title='bbox 3211 3775 3530 3841; x_wconf 88' lang='lat' dir='ltr'><strong>projecistis</strong></span> <span class='ocrx_word' id='word_1_933' title='bbox 3558 3778 3724 3824; x_wconf 86' lang='lat' dir='ltr'><strong>Domi-</strong></span> 
     </span>
    </p>
   </div>
   <div class='ocr_carea' id='block_1_124' title="bbox 2117 3847 3728 3911">
    <p class='ocr_par' dir='ltr' id='par_1_124' title="bbox 2117 3847 3728 3911">
     <span class='ocr_line' id='line_1_124' title="bbox 2117 3847 3728 3911; baseline -0.004 -9"><span class='ocrx_word' id='word_1_934' title='bbox 2117 3863 2261 3902; x_wconf 91' lang='lat' dir='ltr'><strong>num</strong></span> <span class='ocrx_word' id='word_1_935' title='bbox 2284 3851 2468 3903; x_wconf 87' lang='lat' dir='ltr'><strong>Deum</strong></span> <span class='ocrx_word' id='word_1_936' title='bbox 2486 3854 2743 3900; x_wconf 86' lang='lat' dir='ltr'><strong>vestrum</strong></span> <span class='ocrx_word' id='word_1_937' title='bbox 2760 3849 2858 3911; x_wconf 89' lang='lat' dir='ltr'><strong>qui</strong></span> <span class='ocrx_word' id='word_1_938' title='bbox 2873 3852 3028 3899; x_wconf 86' lang='lat' dir='ltr'><strong>solus</strong></span> <span class='ocrx_word' id='word_1_939' title='bbox 3047 3848 3295 3899; x_wconf 88' lang='lat' dir='ltr'><strong>salvavit</strong></span> <span class='ocrx_word' id='word_1_940' title='bbox 3310 3861 3414 3899; x_wconf 84' lang='lat' dir='ltr'><strong>vos</strong></span> <span class='ocrx_word' id='word_1_941' title='bbox 3429 3847 3502 3897; x_wconf 90' lang='lat' dir='ltr'><strong>de</strong></span> <span class='ocrx_word' id='word_1_942' title='bbox 3519 3848 3728 3895; x_wconf 83' lang='lat' dir='ltr'><strong>univer-</strong></span> 
     </span>
    </p>
   </div>
   <div class='ocr_carea' id='block_1_125' title="bbox 2118 3917 3729 3984">
    <p class='ocr_par' dir='ltr' id='par_1_125' title="bbox 2118 3917 3729 3984">
     <span class='ocr_line' id='line_1_125' title="bbox 2118 3917 3729 3984; baseline -0.003 -10"><span class='ocrx_word' id='word_1_943' title='bbox 2118 3923 2198 3974; x_wconf 88' lang='lat' dir='ltr'><strong>sis</strong></span> <span class='ocrx_word' id='word_1_944' title='bbox 2222 3922 2409 3984; x_wconf 90' lang='lat' dir='ltr'><strong>malis,</strong></span> <span class='ocrx_word' id='word_1_945' title='bbox 2430 3926 2488 3973; x_wconf 89' lang='lat' dir='ltr'><strong>et</strong></span> <span class='ocrx_word' id='word_1_946' title='bbox 2514 3920 2984 3972; x_wconf 88' lang='lat' dir='ltr'><strong>tribulationibus</strong></span> <span class='ocrx_word' id='word_1_947' title='bbox 3013 3919 3218 3971; x_wconf 87' lang='lat' dir='ltr'><strong>vestris</strong></span> <span class='ocrx_word' id='word_1_948' title='bbox 3241 3919 3305 3981; x_wconf 77' lang='grc'><strong>(1.</strong></span> <span class='ocrx_word' id='word_1_949' title='bbox 3329 3920 3452 3982; x_wconf 84' lang='lat' dir='ltr'><strong>Reg.</strong></span> <span class='ocrx_word' id='word_1_950' title='bbox 3477 3917 3601 3982; x_wconf 77' lang='lat'><strong>10.).</strong></span> <span class='ocrx_word' id='word_1_951' title='bbox 3638 3919 3729 3970; x_wconf 90' lang='lat' dir='ltr'><strong>Sic</strong></span> 
     </span>
    </p>
   </div>
   <div class='ocr_carea' id='block_1_126' title="bbox 2118 3990 3731 4058">
    <p class='ocr_par' dir='ltr' id='par_1_126' title="bbox 2118 3990 3731 4058">
     <span class='ocr_line' id='line_1_126' title="bbox 2118 3990 3731 4058; baseline -0.002 -13"><span class='ocrx_word' id='word_1_952' title='bbox 2118 4007 2253 4058; x_wconf 89' lang='lat' dir='ltr'><strong>ergo</strong></span> <span class='ocrx_word' id='word_1_953' title='bbox 2278 4006 2446 4045; x_wconf 90' lang='lat' dir='ltr'><strong>suam</strong></span> <span class='ocrx_word' id='word_1_954' title='bbox 2469 3992 2785 4044; x_wconf 88' lang='lat' dir='ltr'><strong>orationem</strong></span> <span class='ocrx_word' id='word_1_955' title='bbox 2811 3992 3071 4043; x_wconf 80' lang='lat' dir='ltr'><strong>exaudiri</strong></span> <span class='ocrx_word' id='word_1_956' title='bbox 3097 3991 3369 4055; x_wconf 91' lang='lat' dir='ltr'><strong>postulat,</strong></span> <span class='ocrx_word' id='word_1_957' title='bbox 3392 3996 3459 4042; x_wconf 88' lang='lat' dir='ltr'><strong>ut</strong></span> <span class='ocrx_word' id='word_1_958' title='bbox 3476 3992 3606 4053; x_wconf 90' lang='lat' dir='ltr'><strong>ejus</strong></span> <span class='ocrx_word' id='word_1_959' title='bbox 3630 3990 3731 4041; x_wconf 89' lang='lat' dir='ltr'><strong>de-</strong></span> 
     </span>
    </p>
   </div>
   <div class='ocr_carea' id='block_1_127' title="bbox 2118 4061 3728 4130">
    <p class='ocr_par' dir='ltr' id='par_1_127' title="bbox 2118 4061 3728 4130">
     <span class='ocr_line' id='line_1_127' title="bbox 2118 4061 3728 4130; baseline -0.004 -14"><span class='ocrx_word' id='word_1_960' title='bbox 2118 4065 2500 4130; x_wconf 88' lang='lat' dir='ltr'><strong>precationem</strong></span> <span class='ocrx_word' id='word_1_961' title='bbox 2519 4066 2671 4115; x_wconf 91' lang='lat' dir='ltr'><strong>Deus</strong></span> <span class='ocrx_word' id='word_1_962' title='bbox 2688 4077 2804 4117; x_wconf 90' lang='lat' dir='ltr'><strong>non</strong></span> <span class='ocrx_word' id='word_1_963' title='bbox 2816 4063 3094 4127; x_wconf 85' lang='lat' dir='ltr'><strong>despiciat</strong></span> <span class='ocrx_word' id='word_1_964' title='bbox 3112 4078 3123 4113; x_wconf 91' lang='lat'><strong>:</strong></span> <span class='ocrx_word' id='word_1_965' title='bbox 3143 4063 3243 4114; x_wconf 84' lang='lat' dir='ltr'><strong>sed</strong></span> <span class='ocrx_word' id='word_1_966' title='bbox 3256 4061 3544 4114; x_wconf 85' lang='lat' dir='ltr'><strong>exauditio</strong></span> <span class='ocrx_word' id='word_1_967' title='bbox 3561 4065 3728 4123; x_wconf 85' lang='lat' dir='ltr'><strong>ipsius</strong></span> 
     </span>
    </p>
   </div>
   <div class='ocr_carea' id='block_1_128' title="bbox 2117 4133 3727 4202">
    <p class='ocr_par' dir='ltr' id='par_1_128' title="bbox 2117 4133 3727 4202">
     <span class='ocr_line' id='line_1_128' title="bbox 2117 4133 3727 4202; baseline -0.003 -13"><span class='ocrx_word' id='word_1_968' title='bbox 2117 4137 2361 4202; x_wconf 88' lang='lat' dir='ltr'><strong>gratiam</strong></span> <span class='ocrx_word' id='word_1_969' title='bbox 2389 4135 2562 4187; x_wconf 89' lang='lat' dir='ltr'><strong>simul</strong></span> <span class='ocrx_word' id='word_1_970' title='bbox 2593 4136 2903 4196; x_wconf 89' lang='lat' dir='ltr'><strong>contineat,</strong></span> <span class='ocrx_word' id='word_1_971' title='bbox 2931 4140 2990 4186; x_wconf 91' lang='lat' dir='ltr'><strong>et</strong></span> <span class='ocrx_word' id='word_1_972' title='bbox 3013 4133 3338 4185; x_wconf 87' lang='lat' dir='ltr'><strong>utilitatem.</strong></span> <span class='ocrx_word' id='word_1_973' title='bbox 3366 4134 3467 4185; x_wconf 88' lang='lat' dir='ltr'><strong>Cui</strong></span> <span class='ocrx_word' id='word_1_974' title='bbox 3492 4138 3727 4185; x_wconf 89' lang='lat' dir='ltr'><strong>senten-</strong></span> 
     </span>
    </p>
   </div>
   <div class='ocr_carea' id='block_1_129' title="bbox 2125 4207 3633 4269">
    <p class='ocr_par' dir='ltr' id='par_1_129' title="bbox 2125 4207 3633 4269">
     <span class='ocr_line' id='line_1_129' title="bbox 2125 4207 3633 4269; baseline -0.005 -8"><span class='ocrx_word' id='word_1_975' title='bbox 2125 4210 2220 4261; x_wconf 64' lang='lat' dir='ltr'><strong>tias</strong></span> <span class='ocrx_word' id='word_1_976' title='bbox 2254 4210 2431 4260; x_wconf 89' lang='lat' dir='ltr'><strong>verba</strong></span> <span class='ocrx_word' id='word_1_977' title='bbox 2463 4207 2732 4258; x_wconf 87' lang='lat' dir='ltr'><strong>videntur</strong></span> <span class='ocrx_word' id='word_1_978' title='bbox 2755 4220 3091 4269; x_wconf 74' lang='lat' dir='ltr'><strong>congruere,</strong></span> <span class='ocrx_word' id='word_1_979' title='bbox 3126 4218 3259 4269; x_wconf 73' lang='lat' dir='ltr'><strong>quae</strong></span> <span class='ocrx_word' id='word_1_980' title='bbox 3294 4210 3633 4268; x_wconf 86' lang='lat' dir='ltr'><strong>sequuntur.</strong></span> 
     </span>
    </p>
   </div>
   <div class='ocr_carea' id='block_1_130' title="bbox 2180 4275 3732 4338">
    <p class='ocr_par' dir='ltr' id='par_1_130' title="bbox 2180 4275 3732 4338">
     <span class='ocr_line' id='line_1_130' title="bbox 2180 4275 3732 4338; baseline -0.001 -10"><span class='ocrx_word' id='word_1_981' title='bbox 2180 4280 2230 4334; x_wconf 90' lang='lat'><strong>3.</strong></span> <span class='ocrx_word' id='word_1_982' title='bbox 2260 4279 2476 4328; x_wconf 83' lang='lat' dir='ltr'><strong>Intende</strong></span> <span class='ocrx_word' id='word_1_983' title='bbox 2499 4279 2660 4338; x_wconf 85' lang='lat' dir='ltr'><strong>mihi,</strong></span> <span class='ocrx_word' id='word_1_984' title='bbox 2692 4284 2736 4327; x_wconf 89' lang='lat' dir='ltr'><strong>et</strong></span> <span class='ocrx_word' id='word_1_985' title='bbox 2761 4278 2965 4327; x_wconf 69' lang='lat' dir='ltr'><strong>exaudi</strong></span> <span class='ocrx_word' id='word_1_986' title='bbox 2990 4292 3090 4329; x_wconf 88' lang='lat' dir='ltr'><strong>me.</strong></span> <span class='ocrx_word' id='word_1_987' title='bbox 3116 4278 3274 4328; x_wconf 84' lang='lat' dir='ltr'><strong>Tunc</strong></span> <span class='ocrx_word' id='word_1_988' title='bbox 3299 4278 3453 4328; x_wconf 90' lang='lat' dir='ltr'><strong>enim</strong></span> <span class='ocrx_word' id='word_1_989' title='bbox 3477 4275 3618 4327; x_wconf 86' lang='lat' dir='ltr'><strong>mihi</strong></span> <span class='ocrx_word' id='word_1_990' title='bbox 3644 4276 3732 4326; x_wconf 83' lang='lat' dir='ltr'><strong>in-</strong></span> 
     </span>
    </p>
   </div>
   <div class='ocr_carea' id='block_1_131' title="bbox 2121 4346 3729 4411">
    <p class='ocr_par' dir='ltr' id='par_1_131' title="bbox 2121 4346 3729 4411">
     <span class='ocr_line' id='line_1_131' title="bbox 2121 4346 3729 4411; baseline -0.004 -7"><span class='ocrx_word' id='word_1_991' title='bbox 2121 4351 2307 4404; x_wconf 88' lang='lat' dir='ltr'><strong>tendit</strong></span> <span class='ocrx_word' id='word_1_992' title='bbox 2330 4350 2633 4411; x_wconf 89' lang='lat' dir='ltr'><strong>Dominus,</strong></span> <span class='ocrx_word' id='word_1_993' title='bbox 2650 4355 2707 4401; x_wconf 89' lang='lat' dir='ltr'><strong>et</strong></span> <span class='ocrx_word' id='word_1_994' title='bbox 2730 4362 2847 4401; x_wconf 91' lang='lat' dir='ltr'><strong>non</strong></span> <span class='ocrx_word' id='word_1_995' title='bbox 2863 4349 3048 4400; x_wconf 89' lang='lat' dir='ltr'><strong>solum</strong></span> <span class='ocrx_word' id='word_1_996' title='bbox 3064 4349 3377 4400; x_wconf 90' lang='lat' dir='ltr'><strong>orationem</strong></span> <span class='ocrx_word' id='word_1_997' title='bbox 3400 4360 3605 4407; x_wconf 88' lang='lat' dir='ltr'><strong>meam,</strong></span> <span class='ocrx_word' id='word_1_998' title='bbox 3626 4346 3729 4398; x_wconf 91' lang='lat' dir='ltr'><strong>sed</strong></span> 
     </span>
    </p>
   </div>
   <div class='ocr_carea' id='block_1_132' title="bbox 2122 4419 3731 4485">
    <p class='ocr_par' dir='ltr' id='par_1_132' title="bbox 2122 4419 3731 4485">
     <span class='ocr_line' id='line_1_132' title="bbox 2122 4419 3731 4485; baseline -0.003 -10"><span class='ocrx_word' id='word_1_999' title='bbox 2122 4437 2214 4475; x_wconf 92' lang='lat' dir='ltr'><strong>me</strong></span> <span class='ocrx_word' id='word_1_1000' title='bbox 2240 4422 2504 4474; x_wconf 80' lang='lat' dir='ltr'><strong>exaudit:</strong></span> <span class='ocrx_word' id='word_1_1001' title='bbox 2532 4420 2835 4485; x_wconf 91' lang='lat' dir='ltr'><strong>quandoid</strong></span> <span class='ocrx_word' id='word_1_1002' title='bbox 2859 4421 3011 4485; x_wconf 90' lang='lat' dir='ltr'><strong>quod</strong></span> <span class='ocrx_word' id='word_1_1003' title='bbox 3024 4433 3130 4484; x_wconf 89' lang='lat' dir='ltr'><strong>ego</strong></span> <span class='ocrx_word' id='word_1_1004' title='bbox 3144 4422 3393 4484; x_wconf 89' lang='lat' dir='ltr'><strong>postulo,</strong></span> <span class='ocrx_word' id='word_1_1005' title='bbox 3424 4419 3498 4471; x_wconf 92' lang='lat' dir='ltr'><strong>ad</strong></span> <span class='ocrx_word' id='word_1_1006' title='bbox 3520 4420 3731 4470; x_wconf 90' lang='lat' dir='ltr'><strong>utilita-</strong></span> 
     </span>
    </p>
   </div>
   <div class='ocr_carea' id='block_1_133' title="bbox 2120 4492 3730 4555">
    <p class='ocr_par' dir='ltr' id='par_1_133' title="bbox 2120 4492 3730 4555">
     <span class='ocr_line' id='line_1_133' title="bbox 2120 4492 3730 4555; baseline -0.006 -8"><span class='ocrx_word' id='word_1_1007' title='bbox 2120 4501 2240 4547; x_wconf 90' lang='lat' dir='ltr'><strong>tem</strong></span> <span class='ocrx_word' id='word_1_1008' title='bbox 2265 4495 2478 4546; x_wconf 65' lang='lat' dir='ltr'><strong>animaa</strong></span> <span class='ocrx_word' id='word_1_1009' title='bbox 2514 4506 2662 4545; x_wconf 72' lang='lat' dir='ltr'><strong>meae</strong></span> <span class='ocrx_word' id='word_1_1010' title='bbox 2687 4494 2901 4544; x_wconf 90' lang='lat' dir='ltr'><strong>tribuit.</strong></span> <span class='ocrx_word' id='word_1_1011' title='bbox 2925 4496 2994 4546; x_wconf 88' lang='lat' dir='ltr'><strong>Et</strong></span> <span class='ocrx_word' id='word_1_1012' title='bbox 3018 4492 3579 4555; x_wconf 67' lang='lat' dir='ltr'><strong>quasiqutereretur:</strong></span> <span class='ocrx_word' id='word_1_1013' title='bbox 3606 4494 3730 4547; x_wconf 73' lang='lat' dir='ltr'><strong>Quae</strong></span> 
     </span>
    </p>
   </div>
   <div class='ocr_carea' id='block_1_134' title="bbox 2126 4562 3730 4628">
    <p class='ocr_par' dir='ltr' id='par_1_134' title="bbox 2126 4562 3730 4628">
     <span class='ocr_line' id='line_1_134' title="bbox 2126 4562 3730 4628; baseline -0.006 -10"><span class='ocrx_word' id='word_1_1014' title='bbox 2126 4567 2227 4618; x_wconf 90' lang='lat' dir='ltr'><strong>tibi</strong></span> <span class='ocrx_word' id='word_1_1015' title='bbox 2251 4566 2585 4627; x_wconf 90' lang='lat' dir='ltr'><strong>necessitas,</strong></span> <span class='ocrx_word' id='word_1_1016' title='bbox 2604 4564 2767 4616; x_wconf 88' lang='lat' dir='ltr'><strong>utsic</strong></span> <span class='ocrx_word' id='word_1_1017' title='bbox 2784 4568 2837 4616; x_wconf 90' lang='lat' dir='ltr'><strong>te</strong></span> <span class='ocrx_word' id='word_1_1018' title='bbox 2852 4565 3110 4628; x_wconf 88' lang='lat' dir='ltr'><strong>postules</strong></span> <span class='ocrx_word' id='word_1_1019' title='bbox 3124 4562 3415 4615; x_wconf 84' lang='lat' dir='ltr'><strong>exaudiri?</strong></span> <span class='ocrx_word' id='word_1_1020' title='bbox 3432 4562 3730 4613; x_wconf 76' lang='lat' dir='ltr'><strong>Contrista-</strong></span> 
     </span>
    </p>
   </div>
   <div class='ocr_carea' id='block_1_135' title="bbox 2125 4636 3730 4704">
    <p class='ocr_par' dir='ltr' id='par_1_135' title="bbox 2125 4636 3730 4704">
     <span class='ocr_line' id='line_1_135' title="bbox 2125 4636 3730 4704; baseline -0.004 -12"><span class='ocrx_word' id='word_1_1021' title='bbox 2125 4649 2209 4692; x_wconf 83' lang='lat' dir='ltr'><strong>tus</strong></span> <span class='ocrx_word' id='word_1_1022' title='bbox 2232 4656 2351 4691; x_wconf 85' lang='lat' dir='ltr'><strong>sum</strong></span> <span class='ocrx_word' id='word_1_1023' title='bbox 2375 4642 2600 4704; x_wconf 85' lang='lat' dir='ltr'><strong>(inquit)</strong></span> <span class='ocrx_word' id='word_1_1024' title='bbox 2645 4640 2706 4688; x_wconf 86' lang='lat' dir='ltr'><strong>in</strong></span> <span class='ocrx_word' id='word_1_1025' title='bbox 2731 4640 3111 4689; x_wconf 68' lang='lat' dir='ltr'><strong>exercitatione</strong></span> <span class='ocrx_word' id='word_1_1026' title='bbox 3137 4653 3274 4697; x_wconf 79' lang='lat' dir='ltr'><strong>mea,</strong></span> <span class='ocrx_word' id='word_1_1027' title='bbox 3315 4643 3361 4687; x_wconf 88' lang='lat' dir='ltr'><strong>et</strong></span> <span class='ocrx_word' id='word_1_1028' title='bbox 3383 4636 3730 4688; x_wconf 81' lang='lat' dir='ltr'><strong>conturbatus</strong></span> 
     </span>
    </p>
   </div>
   <div class='ocr_carea' id='block_1_136' title="bbox 2123 4710 3731 4777">
    <p class='ocr_par' dir='ltr' id='par_1_136' title="bbox 2123 4710 3731 4777">
     <span class='ocr_line' id='line_1_136' title="bbox 2123 4710 3731 4777; baseline -0.004 -14"><span class='ocrx_word' id='word_1_1029' title='bbox 2123 4729 2244 4763; x_wconf 85' lang='lat' dir='ltr'><strong>sum</strong></span> <span class='ocrx_word' id='word_1_1030' title='bbox 2265 4714 2448 4777; x_wconf 86' lang='lat' dir='ltr'><strong>[Vers.</strong></span> <span class='ocrx_word' id='word_1_1031' title='bbox 2468 4712 2539 4775; x_wconf 76' lang='grc'><strong>4.]</strong></span> <span class='ocrx_word' id='word_1_1032' title='bbox 2564 4728 2598 4760; x_wconf 90' lang='lat' dir='ltr'><strong>a</strong></span> <span class='ocrx_word' id='word_1_1033' title='bbox 2618 4725 2740 4762; x_wconf 75' lang='lat' dir='ltr'><strong>voce</strong></span> <span class='ocrx_word' id='word_1_1034' title='bbox 2761 4711 2997 4771; x_wconf 88' lang='lat' dir='ltr'><strong>inimici,</strong></span> <span class='ocrx_word' id='word_1_1035' title='bbox 3014 4715 3062 4760; x_wconf 88' lang='lat' dir='ltr'><strong>et</strong></span> <span class='ocrx_word' id='word_1_1036' title='bbox 3083 4727 3117 4760; x_wconf 89' lang='lat' dir='ltr'><strong>a</strong></span> <span class='ocrx_word' id='word_1_1037' title='bbox 3135 4710 3731 4773; x_wconf 84' lang='lat' dir='ltr'><strong>tributationepeccato-</strong></span> 
     </span>
    </p>
   </div>
   <div class='ocr_carea' id='block_1_137' title="bbox 2120 4782 3726 4837">
    <p class='ocr_par' dir='ltr' id='par_1_137' title="bbox 2120 4782 3726 4837">
     <span class='ocr_line' id='line_1_137' title="bbox 2120 4782 3726 4837; baseline -0.004 -3"><span class='ocrx_word' id='word_1_1038' title='bbox 2120 4787 2215 4834; x_wconf 80' lang='lat' dir='ltr'><strong>ris.</strong></span> <span class='ocrx_word' id='word_1_1039' title='bbox 2242 4786 2553 4837; x_wconf 88' lang='lat' dir='ltr'><strong>Dominum</strong></span> <span class='ocrx_word' id='word_1_1040' title='bbox 2577 4789 2843 4834; x_wconf 89' lang='lat' dir='ltr'><strong>nostrum</strong></span> <span class='ocrx_word' id='word_1_1041' title='bbox 2859 4785 3063 4834; x_wconf 89' lang='lat' dir='ltr'><strong>Jesum</strong></span> <span class='ocrx_word' id='word_1_1042' title='bbox 3091 4783 3382 4834; x_wconf 82' lang='lat' dir='ltr'><strong>Christum</strong></span> <span class='ocrx_word' id='word_1_1043' title='bbox 3403 4782 3461 4832; x_wconf 90' lang='lat' dir='ltr'><strong>in</strong></span> <span class='ocrx_word' id='word_1_1044' title='bbox 3485 4783 3726 4829; x_wconf 83' lang='lat' dir='ltr'><strong>exercita-</strong></span> 
     </span>
    </p>
   </div>
   <div class='ocr_carea' id='block_1_138' title="bbox 2119 4852 3727 4920">
    <p class='ocr_par' dir='ltr' id='par_1_138' title="bbox 2119 4852 3727 4920">
     <span class='ocr_line' id='line_1_138' title="bbox 2119 4852 3727 4920; baseline -0.004 -11"><span class='ocrx_word' id='word_1_1045' title='bbox 2119 4858 2274 4910; x_wconf 89' lang='lat' dir='ltr'><strong>tione</strong></span> <span class='ocrx_word' id='word_1_1046' title='bbox 2299 4856 2586 4920; x_wconf 90' lang='lat' dir='ltr'><strong>passionis</strong></span> <span class='ocrx_word' id='word_1_1047' title='bbox 2624 4867 2746 4906; x_wconf 69' lang='lat' dir='ltr'><strong>suaa</strong></span> <span class='ocrx_word' id='word_1_1048' title='bbox 2771 4854 2990 4905; x_wconf 90' lang='lat' dir='ltr'><strong>inimici</strong></span> <span class='ocrx_word' id='word_1_1049' title='bbox 3014 4854 3203 4906; x_wconf 63' lang='lat' dir='ltr'><strong>Judaei</strong></span> <span class='ocrx_word' id='word_1_1050' title='bbox 3250 4852 3645 4904; x_wconf 87' lang='lat' dir='ltr'><strong>maledicendo</strong></span> <span class='ocrx_word' id='word_1_1051' title='bbox 3670 4857 3727 4903; x_wconf 89' lang='lat' dir='ltr'><strong>et</strong></span> 
     </span>
    </p>
   </div>
   <div class='ocr_carea' id='block_1_139' title="bbox 2118 4920 3724 4990">
    <p class='ocr_par' dir='ltr' id='par_1_139' title="bbox 2118 4920 3724 4990">
     <span class='ocr_line' id='line_1_139' title="bbox 2118 4920 3724 4990; baseline -0.006 -10"><span class='ocrx_word' id='word_1_1052' title='bbox 2118 4927 2450 4980; x_wconf 89' lang='lat' dir='ltr'><strong>tribulando</strong></span> <span class='ocrx_word' id='word_1_1053' title='bbox 2468 4920 2973 4990; x_wconf 81' lang='lat' dir='ltr'><strong>contristaveruht,</strong></span> <span class='ocrx_word' id='word_1_1054' title='bbox 2988 4930 3044 4977; x_wconf 92' lang='lat' dir='ltr'><strong>et</strong></span> <span class='ocrx_word' id='word_1_1055' title='bbox 3057 4926 3572 4978; x_wconf 90' lang='lat' dir='ltr'><strong>conturbaverunt.</strong></span> <span class='ocrx_word' id='word_1_1056' title='bbox 3588 4926 3724 4972; x_wconf 85' lang='lat' dir='ltr'><strong>Unde</strong></span> 
     </span>
    </p>
   </div>
   <div class='ocr_carea' id='block_1_140' title="bbox 2118 4996 3724 5065">
    <p class='ocr_par' dir='ltr' id='par_1_140' title="bbox 2118 4996 3724 5065">
     <span class='ocr_line' id='line_1_140' title="bbox 2118 4996 3724 5065; baseline -0.003 -14"><span class='ocrx_word' id='word_1_1057' title='bbox 2118 5000 2241 5065; x_wconf 89' lang='lat' dir='ltr'><strong>ipse</strong></span> <span class='ocrx_word' id='word_1_1058' title='bbox 2265 5001 2372 5051; x_wconf 90' lang='lat' dir='ltr'><strong>ait:</strong></span> <span class='ocrx_word' id='word_1_1059' title='bbox 2408 4998 2611 5049; x_wconf 63' lang='lat' dir='ltr'><strong>Tristis</strong></span> <span class='ocrx_word' id='word_1_1060' title='bbox 2657 5000 2745 5049; x_wconf 89' lang='lat' dir='ltr'><strong>est</strong></span> <span class='ocrx_word' id='word_1_1061' title='bbox 2787 4998 2986 5049; x_wconf 90' lang='lat' dir='ltr'><strong>anima</strong></span> <span class='ocrx_word' id='word_1_1062' title='bbox 3025 5011 3151 5049; x_wconf 90' lang='lat' dir='ltr'><strong>mea</strong></span> <span class='ocrx_word' id='word_1_1063' title='bbox 3174 5010 3358 5061; x_wconf 90' lang='lat' dir='ltr'><strong>usque</strong></span> <span class='ocrx_word' id='word_1_1064' title='bbox 3387 4996 3459 5047; x_wconf 86' lang='lat' dir='ltr'><strong>ad</strong></span> <span class='ocrx_word' id='word_1_1065' title='bbox 3482 5001 3724 5047; x_wconf 89' lang='lat' dir='ltr'><strong>mortem</strong></span> 
     </span>
    </p>
   </div>
   <div class='ocr_carea' id='block_1_141' title="bbox 2121 5068 3726 5138">
    <p class='ocr_par' dir='ltr' id='par_1_141' title="bbox 2121 5068 3726 5138">
     <span class='ocr_line' id='line_1_141' title="bbox 2121 5068 3726 5138; baseline -0.001 -18"><span class='ocrx_word' id='word_1_1066' title='bbox 2121 5073 2329 5138; x_wconf 87' lang='lat' dir='ltr'><strong>(Matth.</strong></span> <span class='ocrx_word' id='word_1_1067' title='bbox 2372 5068 2500 5133; x_wconf 67' lang='lat'><strong>96.).</strong></span> <span class='ocrx_word' id='word_1_1068' title='bbox 2550 5068 2756 5121; x_wconf 88' lang='lat' dir='ltr'><strong>Adhuc</strong></span> <span class='ocrx_word' id='word_1_1069' title='bbox 2785 5069 3058 5122; x_wconf 75' lang='lat' dir='ltr'><strong>Ecclesiae</strong></span> <span class='ocrx_word' id='word_1_1070' title='bbox 3098 5068 3313 5121; x_wconf 90' lang='lat' dir='ltr'><strong>inimici</strong></span> <span class='ocrx_word' id='word_1_1071' title='bbox 3350 5081 3462 5119; x_wconf 91' lang='lat' dir='ltr'><strong>non</strong></span> <span class='ocrx_word' id='word_1_1072' title='bbox 3493 5072 3726 5119; x_wconf 90' lang='lat' dir='ltr'><strong>cessant</strong></span> 
     </span>
    </p>
   </div>
   <div class='ocr_carea' id='block_1_142' title="bbox 2121 5140 3725 5205">
    <p class='ocr_par' dir='ltr' id='par_1_142' title="bbox 2121 5140 3725 5205">
     <span class='ocr_line' id='line_1_142' title="bbox 2121 5140 3725 5205; baseline -0.003 -11"><span class='ocrx_word' id='word_1_1073' title='bbox 2121 5142 2413 5203; x_wconf 89' lang='lat' dir='ltr'><strong>membris,</strong></span> <span class='ocrx_word' id='word_1_1074' title='bbox 2458 5146 2559 5192; x_wconf 87' lang='lat' dir='ltr'><strong>aut</strong></span> <span class='ocrx_word' id='word_1_1075' title='bbox 2590 5141 2739 5192; x_wconf 88' lang='lat' dir='ltr'><strong>mala</strong></span> <span class='ocrx_word' id='word_1_1076' title='bbox 2769 5142 2969 5201; x_wconf 85' lang='lat' dir='ltr'><strong>facere,</strong></span> <span class='ocrx_word' id='word_1_1077' title='bbox 3007 5142 3056 5192; x_wconf 90' lang='lat' dir='ltr'><strong>si</strong></span> <span class='ocrx_word' id='word_1_1078' title='bbox 3102 5145 3362 5205; x_wconf 90' lang='lat' dir='ltr'><strong>possunt,</strong></span> <span class='ocrx_word' id='word_1_1079' title='bbox 3413 5144 3515 5191; x_wconf 89' lang='lat' dir='ltr'><strong>aut</strong></span> <span class='ocrx_word' id='word_1_1080' title='bbox 3539 5140 3586 5190; x_wconf 88' lang='lat' dir='ltr'><strong>si</strong></span> <span class='ocrx_word' id='word_1_1081' title='bbox 3609 5152 3725 5190; x_wconf 90' lang='lat' dir='ltr'><strong>non</strong></span> 
     </span>
    </p>
   </div>
   <div class='ocr_carea' id='block_1_143' title="bbox 2123 5210 3724 5278">
    <p class='ocr_par' dir='ltr' id='par_1_143' title="bbox 2123 5210 3724 5278">
     <span class='ocr_line' id='line_1_143' title="bbox 2123 5210 3724 5278; baseline -0.002 -13"><span class='ocrx_word' id='word_1_1082' title='bbox 2123 5218 2390 5278; x_wconf 80' lang='lat' dir='ltr'><strong>possunt.</strong></span> <span class='ocrx_word' id='word_1_1083' title='bbox 2424 5213 2514 5263; x_wconf 84' lang='lat' dir='ltr'><strong>vel</strong></span> <span class='ocrx_word' id='word_1_1084' title='bbox 2560 5212 2861 5264; x_wconf 89' lang='lat' dir='ltr'><strong>detrahere</strong></span> <span class='ocrx_word' id='word_1_1085' title='bbox 2905 5217 2962 5263; x_wconf 91' lang='lat' dir='ltr'><strong>et</strong></span> <span class='ocrx_word' id='word_1_1086' title='bbox 3005 5213 3297 5275; x_wconf 84' lang='lat' dir='ltr'><strong>derogare.</strong></span> <span class='ocrx_word' id='word_1_1087' title='bbox 3346 5212 3495 5262; x_wconf 85' lang='lat' dir='ltr'><strong>Hinc</strong></span> <span class='ocrx_word' id='word_1_1088' title='bbox 3538 5211 3596 5261; x_wconf 92' lang='lat' dir='ltr'><strong>in</strong></span> <span class='ocrx_word' id='word_1_1089' title='bbox 3615 5210 3724 5262; x_wconf 89' lang='lat' dir='ltr'><strong>alio</strong></span> 
     </span>
    </p>
   </div>
   <div class='ocr_carea' id='block_1_144' title="bbox 2120 5282 3720 5351">
    <p class='ocr_par' dir='ltr' id='par_1_144' title="bbox 2120 5282 3720 5351">
     <span class='ocr_line' id='line_1_144' title="bbox 2120 5282 3720 5351; baseline -0.004 -15"><span class='ocrx_word' id='word_1_1090' title='bbox 2120 5286 2342 5351; x_wconf 86' lang='lat' dir='ltr'><strong>psalmo</strong></span> <span class='ocrx_word' id='word_1_1091' title='bbox 2367 5285 2592 5347; x_wconf 90' lang='lat' dir='ltr'><strong>dicitur,</strong></span> <span class='ocrx_word' id='word_1_1092' title='bbox 2614 5284 2721 5346; x_wconf 91' lang='lat' dir='ltr'><strong>Qui</strong></span> <span class='ocrx_word' id='word_1_1093' title='bbox 2746 5284 3071 5335; x_wconf 90' lang='lat' dir='ltr'><strong>retribuunt</strong></span> <span class='ocrx_word' id='word_1_1094' title='bbox 3093 5283 3244 5335; x_wconf 90' lang='lat' dir='ltr'><strong>malo</strong></span> <span class='ocrx_word' id='word_1_1095' title='bbox 3260 5296 3361 5348; x_wconf 89' lang='lat' dir='ltr'><strong>pro</strong></span> <span class='ocrx_word' id='word_1_1096' title='bbox 3377 5282 3542 5334; x_wconf 91' lang='lat' dir='ltr'><strong>bonis</strong></span> <span class='ocrx_word' id='word_1_1097' title='bbox 3555 5285 3720 5331; x_wconf 85' lang='lat' dir='ltr'><strong>detra-</strong></span> 
     </span>
    </p>
   </div>
   <div class='ocr_carea' id='block_1_145' title="bbox 2125 5354 3721 5419">
    <p class='ocr_par' dir='ltr' id='par_1_145' title="bbox 2125 5354 3721 5419">
     <span class='ocr_line' id='line_1_145' title="bbox 2125 5354 3721 5419; baseline -0.003 -11"><span class='ocrx_word' id='word_1_1098' title='bbox 2125 5358 2334 5408; x_wconf 86' lang='lat' dir='ltr'><strong>hebant</strong></span> <span class='ocrx_word' id='word_1_1099' title='bbox 2349 5355 2491 5406; x_wconf 88' lang='lat' dir='ltr'><strong>mihi</strong></span> <span class='ocrx_word' id='word_1_1100' title='bbox 2515 5355 2678 5418; x_wconf 83' lang='lat' dir='ltr'><strong>(Psat.</strong></span> <span class='ocrx_word' id='word_1_1101' title='bbox 2715 5354 2843 5418; x_wconf 90' lang='lat'><strong>37.).</strong></span> <span class='ocrx_word' id='word_1_1102' title='bbox 2871 5357 2941 5406; x_wconf 90' lang='lat' dir='ltr'><strong>Et</strong></span> <span class='ocrx_word' id='word_1_1103' title='bbox 2961 5355 3126 5406; x_wconf 88' lang='lat' dir='ltr'><strong>alibi:</strong></span> <span class='ocrx_word' id='word_1_1104' title='bbox 3155 5356 3218 5406; x_wconf 89' lang='lat' dir='ltr'><strong>In</strong></span> <span class='ocrx_word' id='word_1_1105' title='bbox 3247 5355 3499 5419; x_wconf 90' lang='lat' dir='ltr'><strong>idipsum</strong></span> <span class='ocrx_word' id='word_1_1106' title='bbox 3524 5354 3721 5405; x_wconf 87' lang='lat' dir='ltr'><strong>adver-</strong></span> 
     </span>
    </p>
   </div>
   <div class='ocr_carea' id='block_1_146' title="bbox 2123 5426 3717 5481">
    <p class='ocr_par' dir='ltr' id='par_1_146' title="bbox 2123 5426 3717 5481">
     <span class='ocr_line' id='line_1_146' title="bbox 2123 5426 3717 5481; baseline -0.003 0"><span class='ocrx_word' id='word_1_1107' title='bbox 2123 5441 2256 5481; x_wconf 90' lang='lat' dir='ltr'><strong>sum</strong></span> <span class='ocrx_word' id='word_1_1108' title='bbox 2280 5440 2374 5480; x_wconf 90' lang='lat' dir='ltr'><strong>me</strong></span> <span class='ocrx_word' id='word_1_1109' title='bbox 2393 5428 2773 5479; x_wconf 87' lang='lat' dir='ltr'><strong>susurrabant</strong></span> <span class='ocrx_word' id='word_1_1110' title='bbox 2796 5440 2997 5478; x_wconf 90' lang='lat' dir='ltr'><strong>omnes</strong></span> <span class='ocrx_word' id='word_1_1111' title='bbox 3021 5427 3233 5478; x_wconf 91' lang='lat' dir='ltr'><strong>inimici</strong></span> <span class='ocrx_word' id='word_1_1112' title='bbox 3251 5427 3364 5479; x_wconf 88' lang='lat' dir='ltr'><strong>mei</strong></span> <span class='ocrx_word' id='word_1_1113' title='bbox 3386 5426 3717 5478; x_wconf 88' lang='lat' dir='ltr'><strong>:adversum</strong></span> 
     </span>
    </p>
   </div>
   <div class='ocr_carea' id='block_1_147' title="bbox 2121 5497 3716 5563">
    <p class='ocr_par' dir='ltr' id='par_1_147' title="bbox 2121 5497 3716 5563">
     <span class='ocr_line' id='line_1_147' title="bbox 2121 5497 3716 5563; baseline -0.002 -12"><span class='ocrx_word' id='word_1_1114' title='bbox 2121 5512 2213 5551; x_wconf 91' lang='lat' dir='ltr'><strong>me</strong></span> <span class='ocrx_word' id='word_1_1115' title='bbox 2234 5498 2565 5563; x_wconf 83' lang='lat' dir='ltr'><strong>cogitabant</strong></span> <span class='ocrx_word' id='word_1_1116' title='bbox 2584 5498 2732 5549; x_wconf 89' lang='lat' dir='ltr'><strong>mala</strong></span> <span class='ocrx_word' id='word_1_1117' title='bbox 2757 5498 2919 5549; x_wconf 91' lang='lat' dir='ltr'><strong>mihi.</strong></span> <span class='ocrx_word' id='word_1_1118' title='bbox 2938 5499 3192 5550; x_wconf 82' lang='lat' dir='ltr'><strong>Verbum</strong></span> <span class='ocrx_word' id='word_1_1119' title='bbox 3215 5498 3482 5562; x_wconf 89' lang='lat' dir='ltr'><strong>iniquum</strong></span> <span class='ocrx_word' id='word_1_1120' title='bbox 3505 5497 3716 5549; x_wconf 90' lang='lat' dir='ltr'><strong>consti-</strong></span> 
     </span>
    </p>
   </div>
   <div class='ocr_carea' id='block_1_148' title="bbox 2123 5569 3721 5633">
    <p class='ocr_par' dir='ltr' id='par_1_148' title="bbox 2123 5569 3721 5633">
     <span class='ocr_line' id='line_1_148' title="bbox 2123 5569 3721 5633; baseline -0.003 -10"><span class='ocrx_word' id='word_1_1121' title='bbox 2123 5575 2361 5623; x_wconf 87' lang='lat' dir='ltr'><strong>tuerunt</strong></span> <span class='ocrx_word' id='word_1_1122' title='bbox 2390 5570 2701 5621; x_wconf 90' lang='lat' dir='ltr'><strong>adversum</strong></span> <span class='ocrx_word' id='word_1_1123' title='bbox 2742 5583 2852 5631; x_wconf 92' lang='lat' dir='ltr'><strong>me,</strong></span> <span class='ocrx_word' id='word_1_1124' title='bbox 2894 5573 3003 5621; x_wconf 89' lang='lat' dir='ltr'><strong>etc.</strong></span> <span class='ocrx_word' id='word_1_1125' title='bbox 3046 5570 3204 5633; x_wconf 81' lang='lat' dir='ltr'><strong>(Psat.</strong></span> <span class='ocrx_word' id='word_1_1126' title='bbox 3243 5569 3365 5633; x_wconf 69' lang='lat'><strong>40.).</strong></span> <span class='ocrx_word' id='word_1_1127' title='bbox 3407 5571 3486 5620; x_wconf 94' lang='lat' dir='ltr'><strong>De</strong></span> <span class='ocrx_word' id='word_1_1128' title='bbox 3513 5570 3721 5632; x_wconf 89' lang='lat' dir='ltr'><strong>quibus</strong></span> 
     </span>
    </p>
   </div>
   <div class='ocr_carea' id='block_1_149' title="bbox 2128 5640 3719 5709">
    <p class='ocr_par' dir='ltr' id='par_1_149' title="bbox 2128 5640 3719 5709">
     <span class='ocr_line' id='line_1_149' title="bbox 2128 5640 3719 5709; baseline -0.002 -17"><span class='ocrx_word' id='word_1_1129' title='bbox 2128 5640 2496 5709; x_wconf 77' lang='lat' dir='ltr'><strong>268adnuc</strong></span> <span class='ocrx_word' id='word_1_1130' title='bbox 2524 5642 2819 5693; x_wconf 84' lang='lat' dir='ltr'><strong>subditur:</strong></span> <span class='ocrx_word' id='word_1_1131' title='bbox 2844 5642 3109 5699; x_wconf 80' lang='lat' dir='ltr'><strong>Quoniam</strong></span> <span class='ocrx_word' id='word_1_1132' title='bbox 3133 5642 3533 5690; x_wconf 75' lang='lat' dir='ltr'><strong>declinaverunt</strong></span> <span class='ocrx_word' id='word_1_1133' title='bbox 3558 5642 3615 5688; x_wconf 86' lang='lat' dir='ltr'><strong>in</strong></span> <span class='ocrx_word' id='word_1_1134' title='bbox 3641 5655 3719 5689; x_wconf 86' lang='lat' dir='ltr'><strong>me</strong></span> 
     </span>
    </p>
   </div>
   <div class='ocr_carea' id='block_1_150' title="bbox 2124 5712 3718 5777">
    <p class='ocr_par' dir='ltr' id='par_1_150' title="bbox 2124 5712 3718 5777">
     <span class='ocr_line' id='line_1_150' title="bbox 2124 5712 3718 5777; baseline -0.002 -15"><span class='ocrx_word' id='word_1_1135' title='bbox 2124 5714 2454 5777; x_wconf 78' lang='lat' dir='ltr'><strong>iniquitates.</strong></span> <span class='ocrx_word' id='word_1_1136' title='bbox 2480 5713 2820 5764; x_wconf 89' lang='lat' dir='ltr'><strong>Accusando</strong></span> <span class='ocrx_word' id='word_1_1137' title='bbox 2838 5718 2896 5765; x_wconf 92' lang='lat' dir='ltr'><strong>et</strong></span> <span class='ocrx_word' id='word_1_1138' title='bbox 2919 5712 3292 5772; x_wconf 89' lang='lat' dir='ltr'><strong>criminando,</strong></span> <span class='ocrx_word' id='word_1_1139' title='bbox 3316 5712 3467 5765; x_wconf 91' lang='lat' dir='ltr'><strong>sicut</strong></span> <span class='ocrx_word' id='word_1_1140' title='bbox 3482 5716 3718 5774; x_wconf 82' lang='lat' dir='ltr'><strong>scriptum</strong></span> 
     </span>
    </p>
   </div>
   <div class='ocr_carea' id='block_1_151' title="bbox 2126 5855 3717 5920">
    <p class='ocr_par' dir='ltr' id='par_1_151' title="bbox 2126 5855 3717 5920">
     <span class='ocr_line' id='line_1_151' title="bbox 2126 5855 3717 5920; baseline -0.002 -12"><span class='ocrx_word' id='word_1_1141' title='bbox 2126 5858 2393 5908; x_wconf 83' lang='lat' dir='ltr'><strong>subnexa</strong></span> <span class='ocrx_word' id='word_1_1142' title='bbox 2406 5856 2893 5920; x_wconf 88' lang='lat' dir='ltr'><strong>Augustinianam</strong></span> <span class='ocrx_word' id='word_1_1143' title='bbox 2904 5855 3207 5908; x_wconf 90' lang='lat' dir='ltr'><strong>lectionem</strong></span> <span class='ocrx_word' id='word_1_1144' title='bbox 3222 5856 3274 5907; x_wconf 91' lang='lat' dir='ltr'><strong>in</strong></span> <span class='ocrx_word' id='word_1_1145' title='bbox 3292 5855 3525 5919; x_wconf 65' lang='lat' dir='ltr'><strong>despexit</strong></span> <span class='ocrx_word' id='word_1_1146' title='bbox 3537 5857 3717 5906; x_wconf 85' lang='lat' dir='ltr'><strong>mutat</strong></span> 
     </span>
    </p>
   </div>
   <div class='ocr_carea' id='block_1_152' title="bbox 2124 5928 3513 5993">
    <p class='ocr_par' dir='ltr' id='par_1_152' title="bbox 2124 5928 3513 5993">
     <span class='ocr_line' id='line_1_152' title="bbox 2124 5928 3513 5993; baseline -0.001 -14"><span class='ocrx_word' id='word_1_1147' title='bbox 2124 5928 2265 5993; x_wconf 89' lang='lat' dir='ltr'><strong>quin</strong></span> <span class='ocrx_word' id='word_1_1148' title='bbox 2294 5933 2352 5979; x_wconf 90' lang='lat' dir='ltr'><strong>et</strong></span> <span class='ocrx_word' id='word_1_1149' title='bbox 2379 5929 2579 5980; x_wconf 90' lang='lat' dir='ltr'><strong>sensui</strong></span> <span class='ocrx_word' id='word_1_1150' title='bbox 2602 5942 2708 5979; x_wconf 84' lang='lat' dir='ltr'><strong>suo</strong></span> <span class='ocrx_word' id='word_1_1151' title='bbox 2737 5932 2896 5990; x_wconf 87' lang='lat' dir='ltr'><strong>aptat</strong></span> <span class='ocrx_word' id='word_1_1152' title='bbox 2920 5929 2978 5978; x_wconf 90' lang='lat' dir='ltr'><strong>in</strong></span> <span class='ocrx_word' id='word_1_1153' title='bbox 3010 5928 3513 5992; x_wconf 86' lang='lat' dir='ltr'><strong>consequentibus.</strong></span> 
     </span>
    </p>
   </div>
   <div class='ocr_carea' id='block_1_153' title="bbox 2187 5999 3184 6065">
    <p class='ocr_par' dir='ltr' id='par_1_153' title="bbox 2187 5999 3184 6065">
     <span class='ocr_line' id='line_1_153' title="bbox 2187 5999 3184 6065; baseline -0.002 -14"><span class='ocrx_word' id='word_1_1154' title='bbox 2187 6000 2208 6030; x_wconf 75' lang='lat'><strong><em>&quot;</em></strong></span> <span class='ocrx_word' id='word_1_1155' title='bbox 2230 6000 2496 6051; x_wconf 86' lang='lat' dir='ltr'><strong>Fortasse</strong></span> <span class='ocrx_word' id='word_1_1156' title='bbox 2522 6000 2743 6065; x_wconf 83' lang='lat' dir='ltr'><strong>promit,</strong></span> <span class='ocrx_word' id='word_1_1157' title='bbox 2768 5999 2937 6062; x_wconf 89' lang='lat' dir='ltr'><strong>idest,</strong></span> <span class='ocrx_word' id='word_1_1158' title='bbox 2968 6004 3184 6052; x_wconf 88' lang='lat' dir='ltr'><strong>narrat.</strong></span> 
     </span>
    </p>
   </div>
  </div>
