3884 6454
133 452 260 509 861

1194 454 1266 505 ΙΝ
1302 452 1622 504 PSALMOS
1655 450 1863 503 LXXV
1888 451 2476 504 COMMENTARIUS.

3378 447 3484 504 862

133 569 245 617 est
277 579 293 617 :
328 566 541 617 Nonne
560 565 710 638 bene
733 563 1163 638 dicimus,qnia
1185 564 1686 638 Samaritanus‘es,
1718 568 1774 616 et
1794 568 1852 638 Α
1884 576 2017 638 nem
2045 569 2220 638 atque
2244 565 2301 616 in
2326 578 2519 617 amore
2542 565 2644 618 Dei
2666 564 3041 627 requiescere.
3068 566 3137 615 Et
3160 563 3485 627 frequenter

136 637 537 690 daemonium
559 637 738 688 habes
758 636 921 685 Joan.
953 634 1059 700 8.)?
1092 637 1159 685 Et
1182 637 1243 684 in
1276 636 1364 685 ira
1393 636 1595 685 molesti
1619 641 1773 685 erant

135 709 334 759 mihi.
366 706 755 766 Verberando,
770 706 1179 770 colaphizando
1200 707 1596 769 :etnonjuste,
1617 706 1717 757 sed
1731 708 1783 754 in

135 779 261 840 ira,
291 780 362 831 id
389 784 496 835 est.
525 782 754 843 propter
776 779 921 829 iram
956 791 1137 830 suam.
1155 778 1440 842 Scriptum
1453 781 1744 839 estquippe
1772 794 1782 828 :

137 850 262 901 Fili
297 851 592 903 accedens
625 850 696 901 ad
736 850 1077 901 servitutem
1122 850 1238 913 Dei,
1273 854 1362 901 sta
1385 851 1442 901 in
1477 849 1706 912 jnstitia
1730 853 1789 901 et

142 922 403 985 timore,
439 928 496 974 et
525 934 785 986 praepara
819 922 1076 973 animam
1113 926 1271 973 tuam
1304 921 1377 972 ad
1413 922 1787 973 tentationem

141 992 500 1056 (Eeclcs.2.).
538 994 662 1044 Non
705 994 785 1045 ait
807 994 881 1044 ad
907 994 1159 1055 quietem
1184 998 1238 1043 et
1267 993 1654 1057 securitatem,
1687 992 1786 1043 sed

143 1066 231 1117 ad
262 1065 543 1116 timorem
562 1068 617 1115 et
636 1064 708 1116 ad
738 1064 1353 1116 tentationem.0mnes
1375 1064 1549 1128 enim,
1574 1064 1675 1128 qui
1698 1065 1787 1127 pie

148 1137 388 1189 volunt
422 1137 617 1190 vivere
652 1136 712 1187 in
734 1135 980 1199 Christo,
1005 1137 1464 1200 persecutionem
1495 1136 1789 1200 patiuntur

148 1205 232 1269 (2.
281 1208 427 1258 Tim.
460 1207 555 1269 3.).
583 1209 664 1258 De
684 1206 862 1271 justis
887 1208 1061 1258 etiam
1083 1206 1216 1259 alibi
1244 1208 1325 1258 sic
1350 1208 1586 1271 Sapiens
1601 1206 1789 1270 loqui-

152 1280 261 1327 tur
293 1291 309 1327 :
356 1277 660 1328 Estimata
701 1283 792 1329 est
820 1276 1068 1341 afilictio,
1106 1278 1297 1329 exitus
1335 1277 1561 1329 illorum
1592 1293 1603 1329 :
1634 1283 1693 1328 et
1713 1278 1786 1328 ab

161 1347 394 1400 itinere
413 1350 576 1412 justo
604 1349 869 1401 abierunt
891 1350 951 1400 in
980 1350 1384 1400 exterminium
1412 1348 1679 1414 (Sap.3.).
1702 1349 1787 1400 Si-

165 1420 403 1471 militer
425 1425 481 1472 et
502 1420 813 1485 Apostolus
839 1421 1129 1485 :Lapidati
1154 1426 1308 1484 sunt,
1331 1421 1472 1472 secti
1497 1427 1650 1481 sunt,
1672 1425 1788 1472 ten-

169 1491 288 1542 tati
322 1496 484 1556 sunt,
502 1492 561 1543 in
584 1492 868 1544 occisione
882 1492 1285 1556 gladiimortui
1311 1497 1465 1543 sunt.
1481 1495 1788 1541 circuierunt

153 1562 219 1614 in
244 1562 510 1625 melotis,
533 1563 592 1614 in
611 1564 852 1628 pellibus
877 1564 1430 1627 caprinis,egentes,
1455 1564 1785 1628 angustiati,

154 1633 369 1685 afﬂicti
408 1634 584 1696 (Hebr.
624 1635 751 1698 12.).
783 1637 1043 1699 Insuper,
1088 1640 1145 1686 et
1186 1635 1312 1699 ipse
1338 1635 1596 1687 Salvator
1629 1635 1698 1686 de
1725 1648 1785 1686 se

154 1705 293 1769 ipso
313 1705 563 1769 loquens
576 1706 682 1759 ait:
704 1707 906 1758 Nonne
922 1706 1049 1758 haec
1067 1706 1326 1770 oportuit
1343 1706 1457 1770 pati
1472 1706 1781 1769 Christum,

162 1781 223 1829 et
272 1777 362 1828 ita
402 1777 619 1830 intrare
654 1778 715 1829 in
748 1777 987 1843 gloriam
1022 1790 1191 1829 suam
1219 1779 1368 1840 (Luc.
1397 1777 1543 1843 24.)?
1566 1777 1653 1829 Ad
1676 1776 1786 1828 hoc

167 1849 447 1913 pertinet,
474 1850 627 1913 quod
654 1851 1029 1914 subiunctum
1064 1851 1152 1900 est
1183 1864 1195 1899 :

229 1922 280 1970 5.
321 1921 431 1971 Cor
445 1935 625 1971 meum
649 1922 1026 1971 conturbatum
1046 1928 1118 1970 est
1142 1922 1199 1969 in
1215 1936 1315 1981 me,
1342 1926 1388 1969 et
1398 1921 1634 1985 formido
1648 1934 1784 1969 mor-

178 1992 250 2040 tis
276 1992 470 2040 cecidit
494 2008 656 2057 super
678 2008 777 2043 me.
795 1993 941 2045 Hinc
968 1993 1247 2057 scriptum
1259 1998 1348 2044 est
1366 1992 1425 2043 in
1442 1992 1776 2056 Evangelio:

173 2063 373 2126 Capit
395 2075 620 2126 pavere,
650 2064 856 2116 taedere
890 2069 947 2116 et
979 2064 1161 2116 tristis
1185 2077 1313 2115 esse
1336 2066 1367 2115 ,Ι
1375 2077 1530 2122 esus,
1550 2068 1607 2115 et
1620 2077 1788 2127 ange-

165 2133 268 2185 lus
302 2135 533 2186 Domini
566 2137 921 2187 confortabat
956 2149 1091 2188 eum
1136 2136 1279 2199 (Luc,
1303 2133 1429 2198 22.).
1458 2137 1569 2186 Nec
1595 2140 1784 2188 tamen

162 2206 345 2257 nobis
372 2207 721 2259 credendum
736 2213 846 2271 est,
864 2212 931 2259 ut
946 2208 1299 2272 Redemptor
1320 2220 1425 2258 nos
1438 2212 1536 2271 ter,
1564 2208 1659 2270 qui
1685 2221 1783 2271 po-

167 2280 450 2329 testatem
468 2278 719 2331 habebat
734 2280 987 2344 ponendi
1012 2280 1269 2331 animam
1297 2292 1479 2343 suam,
1506 2283 1563 2331 et
1582 2279 1787 2331 iterum

168 2349 451 2401 sumendi
498 2363 625 2401 eam
666 2351 843 2413 (Joan.
891 2351 1017 2413 10.),
1067 2354 1351 2414 quantum
1385 2350 1458 2401 ad
1484 2363 1787 2414 personam

169 2433 345 2471 suam
382 2420 558 2473 ullam
592 2423 792 2473 mortis
825 2423 1126 2474 habuisset
1166 2421 1565 2473 formidinem.
1597 2422 1702 2473 Sed
1728 2436 1789 2475 se

167 2491 437 2543 cundum
461 2495 719 2545 membra
744 2506 851 2545 sua
874 2494 985 2545 hoc
1021 2495 1241 2545 dictum
1270 2492 1584 2557 accipimus
1610 2508 1622 2543 :
1656 2506 1788 2557 quae

169 2565 449 2627 quamvis
481 2564 540 2614 in
574 2565 778 2629 spiritu
808 2566 970 2617 fortia
998 2565 1131 2623 sint,
1156 2567 1355 2616 tamen
1385 2565 1520 2627 quia
1543 2576 1672 2616 caro
1697 2570 1788 2616 est

168 2634 407 2687 infirma
439 2636 649 2699 (Matth.
677 2634 804 2699 26.),
843 2637 1148 2689 turbantur
1184 2635 1497 2699 aliquando
1548 2636 1699 2687 inter
1726 2649 1786 2687 se

170 2708 406 2770 propter
452 2720 702 2772 ptenam,
751 2711 809 2759 et
858 2708 1060 2760 mortis
1083 2707 1526 2760 amaritudinem
1551 2708 1778 2760 timent.

170 2777 413 2841 Propter
434 2777 544 2830 hoc
574 2778 770 2830 subdit
794 2794 806 2830 :

235 2846 287 2902 6.
326 2850 509 2899 Timor
549 2856 593 2898 ct
628 2857 827 2900 tremor
872 2855 1314 2913 veneruntsuper
1348 2863 1450 2899 me.
1481 2849 1674 2901 Tim‘or
1708 2850 1780 2901 ad

171 2920 456 2973 animam:
482 2925 698 2974 tremor
728 2922 803 2974 ad
839 2935 1048 2987 corpus
1074 2922 1266 2974 referri
1297 2922 1671 2984 potest.I—linc
1694 2924 1783 2973 est

177 2992 337 3055 quod
380 2993 506 3057 ipse
546 2994 664 3046 ait:
706 2994 781 3045 Mi
818 2996 997 3054 Pater,
1026 2995 1073 3044 si
1098 2993 1371 3058 possibile
1404 2998 1508 3053 est,
1536 2993 1780 3044 transfer

177 3063 415 3116 calicem
438 3064 661 3117 istnma
674 3078 765 3117 me
785 3066 991 3129 (Matth.
1008 3063 1134 3129 26.).
1162 3068 1424 3129 Atqueut
1447 3078 1508 3116 se
1526 3065 1778 3116 maxime

191 3135 395 3188 timore
418 3137 701 3201 percitum
726 3137 903 3189 fuisse
937 3137 1278 3201 ostenderet,
1308 3150 1428 3187 non
1452 3136 1625 3187 semel
1653 3141 1778 3187 tan-

192 3213 336 3270 tum,
393 3207 496 3259 sed
535 3212 622 3259 ter
665 3209 867 3271 oravit,
923 3207 1169 3260 eundem
1225 3220 1547 3260 sermonem
1584 3208 1782 3259 dicens

192 3279 401 3343 (Matth.
438 3277 585 3342 26.):
629 3284 684 3331 et
725 3280 901 3331 etiam
948 3278 1007 3329 in
1056 3278 1262 3343 agonia
1298 3279 1484 3330 factus
1510 3279 1783 3342 prolixius

190 3350 389 3401 orabat
413 3367 424 3397 :
460 3354 518 3401 et
556 3349 740 3402 factus
778 3355 867 3401 est
892 3349 1068 3400 sudor
1091 3351 1234 3412 ejus,
1262 3349 1410 3399 sicut
1437 3352 1617 3411 guttae
1647 3362 1779 3400 san-

188 3421 381 3485 guinis
405 3420 759 3473 decurrentis
784 3422 841 3473 in
874 3427 1073 3474 terram
1108 3422 1247 3485 (Luc.
1275 3419 1401 3484 22.).
1434 3423 1571 3473 Haec
1607 3421 1780 3473 etiam

189 3493 362 3544 verba
398 3491 529 3556 plus
565 3495 854 3557 pertinent
893 3494 967 3545 ad
998 3494 1275 3556 membra,
1300 3505 1475 3556 quam
1496 3493 1569 3545 ad
1595 3498 1785 3558 caput.

190 3564 257 3614 Et
279 3570 632 3614 contexerant
663 3581 746 3614 me
778 3564 1012 3615 tenebrae.
1049 3565 1113 3616 Id
1152 3570 1257 3626 est,
1288 3565 1477 3616 Judaei
1503 3566 1788 3617 tenebrosi

189 3640 245 3688 et
276 3637 431 3688 caci.
462 3637 579 3688 Nisi
615 3638 769 3688 enim
801 3637 939 3689 caeci
982 3636 1248 3693 fuissent,
1281 3642 1338 3689 et
1376 3637 1669 3688 diabolicis
1704 3642 1782 3689 te-

189 3706 380 3759 nebris
424 3708 769 3768 obumbrati,
817 3708 1020 3759 saltem
1067 3720 1140 3760 ex
1187 3709 1360 3760 tantis
1393 3709 1706 3760 virtutibus
1732 3713 1789 3759 et

189 3778 476 3830 miraculis
522 3780 815 3832 Christum
861 3793 1207 3839 cognoscere
1252 3780 1579 3845 potuissent
1604 3781 1780 3840 (Joan.

191 3849 313 3913 10.).
369 3851 474 3902 Vel
534 3850 595 3901 in
646 3864 742 3913 eo,
804 3851 960 3913 quod
1005 3850 1111 3913 ait,
1164 3851 1270 3901 Cor
1315 3864 1508 3903 meum
1554 3857 1787 3903 contur-

189 3920 384 3972 batum
424 3925 514 3973 est
558 3922 709 3973 intra
754 3935 864 3984 me,
904 3926 1095 3985 potest
1132 3921 1214 3973 ira
1253 3922 1513 3986 intelligi,
1566 3923 1636 3973 de
1672 3936 1786 3987 qua

192 3992 394 4043 dicitur
433 3993 604 4044 alibi:
634 3994 922 4045 Turbatus
968 3997 1056 4044 est
1100 4005 1218 4056 prae
1262 3992 1346 4045 ira
1378 3993 1580 4045 oculus
1616 4008 1784 4048 meus

191 4063 348 4125 (Psal.
369 4063 462 4126 6.).
486 4066 553 4114 Et
583 4064 630 4115 si
644 4066 845 4116 oculus
882 4065 1147 4116 turbatus
1185 4069 1290 4127 est,
1324 4065 1461 4127 quid
1488 4066 1785 4128 sequitur?

194 4137 259 4187 Et
280 4134 519 4186 formido
542 4136 747 4188 mortis
768 4135 970 4187 cecidit
988 4148 1160 4199 super
1182 4148 1274 4185 me
1298 4155 1309 4183 :
1340 4134 1457 4187 vita
1480 4142 1679 4188 nostra
1694 4137 1783 4187 di-

192 4205 371 4268 lectio,
396 4219 551 4258 mors
577 4206 772 4258 odium
811 4212 917 4258 est.
951 4208 1094 4258 Cum
1120 4207 1355 4270 coeperit
1378 4206 1551 4258 homo
1584 4208 1781 4259 timere

195 4290 264 4329 ne
286 4277 466 4328 oderit
498 4290 670 4341 quem
695 4278 986 4341 diligebat,
1013 4281 1256 4329 mortem
1281 4278 1781 4338 timet,etacriorem

194 4352 428 4399 mortem
452 4353 509 4399 et
530 4349 874 4409 interiorem,
902 4361 1017 4412 qua
1034 4348 1310 4400 occiditur
1334 4350 1526 4400 anima
1538 4363 1656 4400 non
1668 4363 1783 4400 cor-

196 4432 320 4484 pus.
353 4419 490 4472 Inde
524 4420 710 4483 timor,
737 4423 794 4473 et
818 4424 1028 4471 tremor
1070 4424 1355 4471 venerunt
1382 4434 1554 4483 super
1579 4434 1688 4484 me,
1725 4426 1783 4472 et

196 4496 569 4543 contexerunt
591 4504 685 4544 me
705 4493 973 4544 tenebrae.
998 4491 1281 4554 Quoniam
1297 4491 1396 4555 qui
1413 4491 1531 4542 odit
1547 4494 1779 4543 fratrem

198 4576 380 4624 suum,
404 4563 462 4614 in
489 4564 742 4615 tenebris
768 4568 855 4615 est
880 4563 948 4626 (1.
984 4564 1147 4613 Joan.
1175 4561 1269 4627 2.).
1304 4565 1372 4614 Et
1395 4562 1531 4626 quid
1558 4563 1666 4614 sibi
1701 4565 1782 4615 ait

195 4634 253 4686 in
280 4634 368 4685 illa
392 4634 815 4695 exercitatione,
843 4639 897 4685 et
921 4634 1252 4686 infirmitate
1290 4634 1553 4698 positus?

255 4710 298 4756 7.
342 4706 404 4754 Et
438 4706 578 4767 dixi,
610 4706 740 4765 Quis
765 4705 910 4755 dabit
934 4706 1076 4755 mihi
1101 4720 1325 4769 pennas,
1351 4705 1485 4754 sicut
1509 4704 1777 4770 columbis,

195 4782 238 4826 et
252 4776 440 4837 volabo,
467 4782 512 4826 et
534 4779 899 4841 requiescam?
923 4779 987 4828 In
1009 4777 1118 4829 hac
1144 4777 1505 4829 tribulatione
1526 4790 1645 4828 non
1677 4777 1779 4829 de-

199 4848 431 4912 speravi,
468 4848 566 4900 sed
614 4848 755 4911 dixi,
781 4849 838 4900 id
862 4853 968 4911 est,
995 4848 1074 4901 ita
1098 4851 1319 4901 Patrem
1353 4862 1550 4899 meum
1580 4849 1775 4901 oravi:

197 4920 484 4971 Resuscita
494 4932 585 4971 me
600 4922 763 4972 Pater
775 4920 927 4983 apud
947 4916 1486 4984 temetipsumNam
1503 4920 1635 4983 quis
1651 4924 1782 4971 alius

198 4996 394 5056 printer
418 4995 490 5055 te,
518 4992 658 5043 mihi
682 4992 956 5043 existenti
982 4993 1131 5042 sicut
1157 4992 1460 5053 columbae,
1484 4988 1671 5057 idest,
1697 4993 1781 5043 in-

198 5063 414 5115 nocenti
437 5068 497 5114 et
521 5064 646 5115 sine
670 5062 799 5114 felle
824 5063 1247 5126 amaritudinis,
1276 5062 1433 5115 dabit
1456 5076 1694 5127 pennas,
1719 5065 1777 5115 id

200 5139 297 5208 e_st_,
323 5134 637 5208 agilitatem
676 5140 734 5208 et
753 5134 1241 5208 possibilitatem,
1262 5139 1318 5185 et
1341 5134 1567 5208 volabo,
1592 5135 1649 5186 id
1663 5139 1779 5208 est,

205 5202 363 5274 269
390 5206 645 5258 transibo
663 5206 732 5257 de
752 5205 863 5257 hoc
880 5206 1096 5257 mundo
1120 5206 1191 5256 ad
1219 5207 1444 5258 Patrem
1464 5202 1779 5270 (Jomt..l3.)l

201 5277 266 5330 de
288 5277 519 5329 Judaico
544 5277 754 5342 populo
779 5277 851 5329 ad
876 5278 1177 5341 Gentilem,
1202 5281 1260 5329 et
1285 5277 1363 5328 ibi
1386 5278 1784 5342 requiescam?

202 5351 265 5401 Et
283 5361 391 5401 non
412 5349 786 5401 frustrabitur
809 5349 987 5400 oratio
1010 5362 1157 5400 mea.

257 5419 304 5476 8.
326 5422 464 5473 Nam
490 5422 619 5471 Ecce
635 5420 1125 5485 elongavifugiens,
1139 5425 1183 5469 et
1198 5421 1379 5471 mansi
1396 5421 1454 5470 in
1470 5421 1782 5472 solitudine.

201 5493 257 5544 In
270 5492 564 5545 manifesto
588 5498 696 5556 est,
724 5492 876 5556 quod
903 5506 1009 5557 ego
1036 5492 1280 5557 fugiens,
1305 5492 1457 5545 idest
1469 5493 1724 5546 celeriter
1749 5508 1781 5546 a

201 5567 366 5616 morte
383 5577 707 5629 resurgens,
744 5563 1009 5629 elongavi
1042 5564 1328 5616 mundum
1356 5563 1448 5617 vel
1472 5567 1779 5617 Judaicum

202 5636 479 5702 populum,
501 5641 558 5687 et
579 5635 767 5687 mansi
792 5636 850 5686 in
880 5634 1205 5691 solitudine,
1231 5634 1398 5697 idest,
1425 5637 1484 5688 in
1509 5636 1669 5702 caelo,
1690 5636 1783 5689 vel

203 5709 257 5760 in
277 5707 610 5759 Gentilitate.
635 5707 976 5759 Desiderant
1000 5707 1180 5759 sancti
1196 5707 1299 5758 viri
1314 5722 1529 5770 pennas
1547 5708 1782 5759 sicutco-

204 5779 419 5841 lumbw,
436 5779 604 5835 idest,
634 5778 957 5842 spirituales
984 5778 1247 5842 virtutes,
1270 5783 1334 5830 ut
1360 5785 1550 5831 mente
1566 5780 1779 5831 relictis

206 5850 426 5904 terrenis
451 5849 644 5903 volare
668 5849 893 5915 possint
903 5864 1003 5917 per
1026 5850 1316 5903 caelestem
1337 5850 1770 5916 contemplatio-

1883 635 2013 698 pius
2037 637 2316 688 Dominus
2340 638 2537 702 implet
2562 638 2915 689 desiderium
2932 648 3151 697 eorum,
3166 641 3232 687 ut
3248 638 3487 695 elongent

1884 705 2170 770 fugientes
2188 707 2471 760 tumultus
2487 708 2802 760 carnalium
2815 707 3250 773 cogitationum,
3267 713 3417 769 atque
3431 712 3483 756 in

1890 778 2200 830 solitudine
2225 782 2509 843 maneant,
2541 780 2709 841 idest,
2734 780 2793 831 in
2827 781 3019 844 quiete
3035 779 3245 831 mentis
3270 791 3395 831 suae
3411 779 3483 831 de

1886 848 2224 901 lectabiliter
2243 852 2622 914 requiescant.
2642 855 2710 903 Et
2736 852 2915 903 uthoc
2938 851 3079 902 mihi
3105 850 3481 915 contingeret,

1884 931 2001 971 non
2026 921 2384 972 confidebam
2409 922 2469 972 in
2495 922 2712 973 viribus
2733 924 2897 973 meis.

1948 990 1997 1044 9.
2035 992 2423 1055 Exspectabam
2434 1008 2575 1056 eum,
2602 994 2698 1058 qui
2719 993 2929 1043 sal-vum
2952 1008 3036 1042 me
3054 992 3174 1054 fecit
3198 1008 3231 1042 a
3256 991 3486 1056 pusilla-

1886 1062 2133 1111 nimitate
2166 1064 2409 1127 spiritus,
2454 1070 2499 1113 et
2535 1070 2850 1130 tempestate,
2876 1065 2934 1116 id
2969 1070 3073 1128 est,
3103 1077 3264 1128 spem
3290 1076 3482 1116 meam

1883 1134 2168 1196 ponebam
2193 1134 2252 1185 in
2276 1136 2538 1197 Domino,
2557 1137 2655 1199 qui
2673 1136 2923 1187 salvavit
2937 1149 3048 1195 me,
3065 1149 3136 1186 ne
3155 1136 3350 1187 fierem
3374 1148 3481 1198 pu-

1888 1203 2013 1255 sillo
2037 1205 2248 1257 animo.
2276 1207 2342 1255 Et
2366 1223 2399 1255 a
2425 1213 2739 1272 tempestate.
2756 1206 2814 1257 id
2831 1212 2938 1269 est,
2963 1209 3034 1258 ab
3057 1206 3214 1257 omni
3237 1219 3485 1258 commo-

1886 1275 2059 1334 tione,
2077 1277 2611 1331 Pusillanimitatem
2628 1279 2862 1342 spiritus
2878 1279 3078 1329 habuit
3090 1280 3312 1339 Petrus,
3325 1293 3485 1338 quan-

1886 1346 1959 1398 do
1997 1353 2236 1400 ventum
2270 1349 2527 1401 validum
2565 1355 2621 1402 et
2655 1350 2828 1402 maris
2852 1352 3254 1415 tempestatem
3278 1348 3485 1401 videns

1885 1420 2136 1481 expavit.
2154 1422 2222 1470 Et
2244 1433 2376 1473 cum
2398 1421 2670 1485 ccepisset
2684 1423 2888 1486 mergi,
2907 1421 3255 1485 adjutorium
3274 1420 3488 1471 suiSal-

1885 1491 2099 1541 vatoris
2146 1494 2542 1556 exspectabat.
2589 1493 2752 1545 Unde
2777 1497 2834 1544 et
2867 1494 3189 1545 clamabat:
3218 1491 3480 1554 Domine,

1885 1560 2109 1613 salvum
2134 1576 2225 1614 me
2253 1564 2356 1615 fac.
2384 1567 2451 1616 Et
2475 1565 2798 1616 extendens
2821 1566 2991 1616 Jesus
3017 1576 3255 1615 manum
3277 1575 3483 1627 appre-
3506 1593 3521 1609 ς

1886 1632 2085 1685 hendit
2108 1648 2241 1685 eum
2266 1640 2482 1699 atquea
2500 1636 2965 1699 pusillanimitate
2990 1636 3226 1700 spiritus
3250 1639 3307 1685 et
3332 1639 3482 1685 tem-

1882 1706 2103 1767 pestate
2128 1707 2542 1758 salvaviteum.
2562 1710 2631 1759 Et
2651 1712 2841 1759 tamen
2858 1706 3227 1771 reprehendit
3248 1706 3481 1757 dicens:

1887 1776 2125 1828 Modicaa
2161 1774 2294 1830 fidei
2338 1791 2514 1841 quare
2548 1779 2824 1830 dubitasti
2849 1779 3057 1841 (Matth.
3086 1779 3233 1841 14.)?
3256 1777 3346 1829 Sic
3367 1776 3483 1840 ple-

1884 1860 2127 1910 rumque
2140 1848 2301 1900 electi
2314 1863 2447 1900 cum
2467 1850 2686 1902 validas
2700 1851 3085 1902 tentationum
3096 1847 3481 1912 impulsiones

1893 1918 2187 1980 vident,ex
2198 1920 2523 1973 infirmitate
2535 1922 2712 1973 animi
2726 1927 3131 1986 tempestatem
3141 1926 3192 1969 et
3203 1921 3483 1981 periculum

1893 1989 2095 2041 salutis
2120 1992 2340 2056 timent,
2359 1997 2417 2043 et
2441 1993 2522 2043 sic
2533 1994 2715 2057 mergi
2732 1994 2903 2057 incipi
2914 1998 3043 2045 unt:
3067 1992 3169 2044 sed
3181 1994 3372 2043 tamen
3384 2004 3485 2037 non

1885 2063 2289 2126 pereunt,quia
2312 2069 2715 2129 exspectantes
2735 2070 2792 2116 et
2813 2070 3073 2129 petentes
3097 2062 3379 2115 auxilium
3405 2059 3484 2111 di-

1886 2132 2108 2191 vinum.
2151 2135 2295 2187 salvi
2330 2136 2495 2187 fiunt.
2546 2137 2654 2188 Sed
2701 2137 2852 2189 sicut
2899 2137 3009 2202 ipsi
3048 2136 3362 2192 salvantur,
3404 2131 3486 2183 ita

1884 2206 2204 2258 econtrario
2228 2208 2453 2271 reprobi
2472 2208 2903 2272 demerguntur.
2923 2210 3001 2260 De
3018 2207 3229 2271 quibus
3246 2203 3486 2270 prophe-

1885 2277 2057 2328 tando
2081 2278 2359 2343 protinus,
2385 2281 2443 2330 et
2470 2279 2686 2331 orando
2712 2280 3015 2344 subjungit
3042 2295 3053 2330 :

1954 2346 2033 2401 10.
2081 2349 2385 2413 Praecipita,
2425 2351 2674 2413 Domine,
2722 2357 2767 2400 et
2804 2352 2981 2400 divide
3017 2350 3234 2413 linguas
3272 2360 3480 2396 eorum.

1883 2419 1991 2480 Qui
2018 2432 2080 2471 se
2102 2420 2251 2472 male
2275 2421 2626 2475 extulerunt.
2645 2423 2890 2487 Expedit
2913 2424 2995 2475 eis
3020 2422 3126 2486 (Ea:
3155 2418 3476 2483 Augustino)

1886 2495 1948 2542 ut
1971 2492 2422 2556 praecipitentur:
2455 2495 2549 2557 qui
2572 2493 2719 2546 male
2742 2495 3235 2558 conspiraverunt,
3248 2488 3482 2552 expedit

1880 2566 1946 2612 ut
1965 2562 2182 2627 linguae
2199 2576 2399 2616 eorum
2417 2565 2764 2618 dividantur.
2788 2567 3029 2628 Quidam
3043 2578 3140 2630 per
3153 2561 3479 2628 superbiam

1882 2638 2335 2687 construxerunt
2358 2637 2533 2688 altam
2553 2638 2773 2697 turrim,
2790 2642 2849 2689 et
2871 2638 3153 2690 Dominus
3170 2632 3371 2686 divisit
3384 2630 3484 2681 lin-

1881 2717 2028 2767 Quas
2053 2719 2251 2757 eorum
2277 2708 2422 2771 (Gen.
2444 2708 2569 2773 11.).
2597 2710 2759 2761 Tunc
2785 2723 2847 2761 se
2860 2713 3156 2773 cmperunt
3183 2719 3301 2758 non
3316 2702 3484 2754 intel-

1880 2775 2072 2839 ligere.
2122 2779 2271 2828 Hinc
2300 2778 2449 2830 facta
2483 2784 2572 2831 est
2614 2781 2773 2845 origo
2816 2781 3104 2846 liguarum
3148 2780 3479 2831 multarum.

1881 2849 2068 2899 Antea
2090 2850 2245 2900 enim
2261 2862 2379 2901 una
2402 2850 2600 2914 lingua
2623 2856 2763 2904 erat.
2791 2854 2901 2905 Sed
2915 2854 3109 2919 lingua
3122 2864 3238 2903 una
3255 2858 3272 2878 ·
3296 2846 3484 2901 cordi-

1880 2919 1990 2969 bus
2018 2919 2337 2971 humilibus
2363 2922 2648 2986 proderat.
2680 2925 2757 2975 At
2787 2925 2887 2975 ubi
2920 2924 3017 2976 illa
3039 2922 3295 2975 collectio
3329 2920 3480 2970 inter

1879 2991 2367 3053 conspirationem
2402 2995 2688 3058 superbiae
2712 2996 3068 3060 praecipitata
3093 3000 3201 3057 est,
3226 2988 3481 3057 pepercit

1878 3061 1991 3112 illis
2017 3063 2188 3125 Deus,
2216 3068 2279 3114 ut
2311 3062 2592 3117 divideret
2628 3066 2858 3129 linguas
2885 3079 3105 3131 eorum,
3137 3078 3211 3117 ne
3239 3076 3367 3115 sese
3390 3063 3480 3113 in-

1878 3132 2205 3196 telligendo,
2236 3135 2615 3197 perniciosam
2644 3136 2896 3189 facerent
2919 3138 3221 3190 unitatem.
3260 3137 3361 3187 Per
3386 3147 3481 3185 su-

1882 3206 2089 3268 perbos
2116 3205 2383 3258 homines
2414 3207 2620 3260 divisae
2654 3215 2794 3263 sunt
2829 3209 3059 3273 linguae.
3108 3212 3213 3261 Per
3233 3206 3482 3259 humiles

1885 3275 2197 3340 Apostolus
2209 3283 2569 3342 congregatae
2589 3279 3483 3345 suntlinguee.Spiritusaupeabim

1890 3347 2158 3411 dispersit
2178 3347 2453 3414 linguam.
2474 3351 2716 3414 Spiritus
2741 3358 2976 3404 sanctus
2991 3351 3364 3417 congregavit
3378 3350 3485 3401 lin-

1891 3431 2036 3483 guas
2065 3419 2191 3481 (Act.
2219 3419 2310 3483 2.).
2337 3422 2444 3485 Qui
2461 3422 2659 3475 volunt
2680 3437 2855 3475 unam
2879 3424 3154 3488 linguam,
3175 3422 3410 3475 veniant
3424 3423 3487 3471 ad

1890 3490 2199 3543 Ecclesiam
2220 3507 2230 3543 :
2249 3494 2382 3557 quia
2397 3494 2456 3544 in
2467 3494 2799 3547 diversitate
2809 3496 3142 3559 linguarum
3167 3494 3486 3558 carnis,una

1888 3566 1976 3614 est
2009 3562 2208 3628 lingua
2242 3565 2303 3616 in
2349 3564 2461 3618 fide
2495 3566 2702 3618 cordis.
2752 3568 3039 3632 Praecipita
3078 3572 3124 3616 et
3162 3566 3340 3615 divide
3383 3565 3490 3615 lin-

1886 3650 2022 3698 guas
2050 3650 2255 3687 eorum.
2296 3638 2521 3698 Quare?
2568 3639 2840 3697 Quoniam
2880 3639 2993 3688 vidi
3036 3639 3388 3702 iniquitatem
3446 3642 3490 3685 ct

1886 3707 2366 3758 contradictionem
2411 3709 2473 3757 in
2524 3711 2769 3761 civitate:
2798 3711 3162 3774 Iniquitatem
3208 3711 3270 3761 in
3314 3712 3484 3762 actu:

1887 3777 2394 3832 contradictionem
2429 3780 2490 3831 in
2535 3784 2745 3843 verbis,
2796 3782 2857 3834 in
2891 3783 3138 3842 civitate,
3190 3781 3248 3833 id
3287 3786 3392 3841 est,
3426 3781 3485 3832 in

1885 3849 2158 3901 societate
2185 3863 2496 3912 pravorum
2520 3852 2656 3904 vidi.
2690 3856 2792 3904 Est
2822 3853 3091 3917 quaedam
3116 3853 3322 3905 civitas
3365 3857 3485 3904 tur-

1886 3918 2135 3971 bulenta.
2185 3922 2314 3984 Ipsa
2364 3924 2486 3974 erat
2529 3935 2661 3985 quae
2694 3924 2900 3974 turrim
2924 3924 3326 3976 aedificaverat.
3352 3925 3483 3986 Ipsa

1883 3991 2123 4043 confusa
2190 3996 2306 4057 est,
2354 3997 2411 4044 et
2464 3993 2753 4058 appellata
2812 3999 2903 4046 est
2967 3994 3313 4056 Babylonia:
3356 3994 3481 4058 ipsa

1885 4076 1984 4127 per
2010 4063 2347 4115 innumeras
2371 4071 2576 4129 gentes
2600 4063 2859 4129 dispersa
2883 4066 3030 4128 (Gen.
3058 4064 3183 4128 11.).
3202 4064 3337 4116 Inde
3354 4078 3482 4117 con.

1882 4140 2155 4199 gregatur
2167 4135 2418 4188 Ecclesia
2434 4137 2493 4188 in
2511 4137 2806 4189 desertum
2819 4140 2989 4189 bonae
3000 4136 3485 4190 conscientimNe-

1882 4207 1969 4258 nit
1992 4207 2253 4258 Christus
2285 4221 2296 4257 :
2321 4209 2668 4260 contradixit
2697 4210 2748 4260 ei
2772 4209 2978 4261 civitas
3002 4209 3216 4272 iniqua.
3238 4211 3481 4257 Extende-

1883 4279 1980 4331 bat
2003 4278 2096 4332 ille
2120 4292 2329 4331 manus
2359 4278 2529 4348 270
2558 4280 2630 4332 ad
2653 4281 2929 4344 populum
2951 4293 3069 4332 non
3084 4281 3413 4332 credentem
3439 4288 3485 4328 et

1883 4352 2551 4412 contradicentem.Quod
2569 4365 2702 4415 ergo
2720 4353 2812 4404 hic
2836 4355 2932 4413 ait,
2949 4353 3317 4415 Iniquitatem,
3350 4365 3484 4415 per-

1881 4422 2018 4474 fidia
2041 4424 2268 4474 illorum
2292 4428 2485 4488 potest
2508 4423 2764 4487 intelligi.
2783 4425 2835 4476 Si
2872 4424 3026 4475 enim
3056 4426 3253 4486 justus
3278 4428 3366 4474 est
3391 4425 3481 4484 qui

1881 4506 1950 4544 ex
1978 4494 2091 4546 fide
2116 4495 2280 4559 vivit,
2301 4495 2534 4558 iniquus
2560 4496 2772 4560 estqui
2795 4508 2909 4547 non
2923 4496 3098 4547 habet
3113 4495 3307 4546 fidem.
3327 4497 3484 4555 Igitur

1880 4564 2189 4618 infidelitas
2227 4573 2316 4619 est
2349 4568 2639 4632 iniquitas.
2677 4569 2795 4619 Nec
2830 4566 2987 4618 solus
3018 4567 3251 4630 iniquus
3274 4566 3482 4629 estqui

1884 4649 2002 4688 non
2027 4638 2224 4700 credit,
2259 4638 2361 4690 sed
2387 4641 2561 4690 etiam
2585 4639 2651 4702 is,
2679 4639 2780 4702 qui
2807 4638 2954 4690 male
2979 4638 3140 4689 vivit.
3167 4640 3249 4689 De
3274 4637 3483 4688 talibus

1887 4709 2041 4759 enim
2067 4709 2320 4773 loquitur
2343 4711 2675 4774 Apostolus,
2715 4710 2821 4774 Qui
2851 4710 3195 4761 confitentur
3221 4722 3282 4761 se
3307 4721 3482 4760 nosse

1886 4780 2089 4839 Deum,
2117 4781 2282 4833 factis
2315 4787 2512 4834 autem
2538 4788 2755 4846 negant
2792 4784 2962 4843 (Rom.
2988 4782 3076 4845 1.).
3102 4781 3307 4833 Adhuc
3345 4793 3485 4834 sane

1882 4849 2037 4902 illius
2065 4852 2311 4903 civitatis
2324 4855 2583 4917 reliquiae
2609 4855 2865 4907 saeviunt
2880 4859 2936 4906 et
2958 4852 3385 4906 contradicunt:
3415 4853 3484 4904 de

1884 4934 1999 4993 qua
2014 4922 2204 4973 adhuc
2229 4926 2634 4989 subjungitur:
3338 4978 3357 4993 ,

1944 4992 2028 5046 11.
2077 4993 2175 5042 Die
2210 5010 2272 5043 ac
2311 5001 2475 5057 nocte,
2511 4996 2678 5057 idest,
2706 4997 2941 5049 assidue
2966 4992 3480 5053 circumdabit’eam

1878 5079 2039 5127 super
2082 5079 2284 5125 muros,
2332 5066 2503 5128 idest,
2559 5080 2735 5132 super
2770 5070 3019 5132 majores
3050 5068 3175 5131 ejus
3211 5067 3485 5131 iniquitas

1881 5137 2226 5198 Plerumque
2250 5137 2450 5189 dicunt
2471 5139 2763 5190 homines:
2790 5142 2970 5190 Nemo
2988 5142 3310 5190 remaneret
3334 5154 3486 5199 paga-

1879 5220 1913 5257 n
1926 5221 2009 5269 ns,
2037 5208 2086 5259 si
2109 5208 2186 5258 illi
2211 5208 2414 5259 ﬁerent
2431 5209 2752 5260 Christiani.
2769 5211 2876 5270 Qui
2899 5224 3034 5275 ergo
3061 5210 3320 5262 nondum
3337 5210 3483 5260 fiunt

1881 5279 2206 5339 Christiani,
2251 5280 2415 5342 quasi
2451 5280 2599 5331 muri
2626 5285 2767 5332 sunt
2801 5281 2954 5331 illius
2978 5281 3248 5346 civitatis,
3284 5286 3342 5334 et
3366 5293 3484 5332 non

1881 5350 2167 5402 credentis
2192 5355 2249 5402 et
2271 5350 2740 5403 contradicentis.
2758 5351 3117 5415 Quicumque
3131 5352 3305 5403 alium
3318 5356 3482 5401 defen-

1880 5422 1968 5473 dit
2000 5424 2059 5473 in
2084 5426 2336 5484 peccato,
2364 5435 2568 5473 murus
2592 5427 2683 5473 est
2706 5422 2956 5473 civitatis
2980 5422 3217 5484 iniqua.
3246 5423 3314 5471 Et
3331 5423 3483 5471 labor

1880 5494 1939 5543 in
1975 5494 2150 5543 medio
2166 5494 2299 5558 ejus,
2325 5499 2368 5543 et
2390 5494 2681 5557 injustitia.
2710 5493 2843 5545 Ideo
2867 5492 3027 5544 labor
3048 5493 3143 5556 ibi,
3190 5492 3326 5555 quia
3373 5493 3483 5544 ini-

1881 5566 2071 5629 quitas
2088 5566 2183 5630 ibi,
2211 5565 2347 5629 quia
2365 5566 2651 5629 iniustitia
2666 5565 2759 5616 ibi.
2781 5563 3138 5627 Ubicumque
3155 5563 3484 5615 viderisiui-

1881 5638 2181 5702 quitatem,
2229 5638 2305 5688 ibi
2351 5637 2602 5700 intellige
2636 5637 2908 5688 laborem.
2944 5636 3050 5698 Qui
3096 5634 3333 5699 iniquus
3375 5639 3482 5698 est,

1879 5721 2199 5772 numquam
2220 5721 2418 5773 pacem
2441 5707 2689 5758 habebit.
2717 5708 2969 5769 Torquet
2998 5706 3152 5757 enim
3183 5716 3316 5756 eum
3346 5716 3479 5757 con-

1882 5781 2125 5833 scientia
2169 5793 2292 5841 sua,
2342 5786 2398 5833 et
2437 5780 2559 5844 ipse
2605 5781 2694 5830 est
2725 5778 2912 5831 hostis
2951 5791 3117 5830 suus.
3158 5779 3390 5842 Semper
3420 5776 3481 5828 in

1883 5854 2155 5919 superbia
2181 5853 2341 5905 labor
2365 5858 2471 5916 est,
2500 5853 2649 5904 sicut
2673 5852 2989 5904 econtrario
3002 5851 3233 5916 quiesin
3247 5849 3481 5909 humili~

262 6002 277 6021 "
307 5989 468 6056 Apud
493 5990 896 6055 Augustinum,
920 6006 1038 6040 una
1062 5990 1256 6054 lingua
1279 5990 1626 6041 concordibus
1647 5992 1919 6056 proderat,
1946 6007 2062 6043 una
2086 5992 2279 6057 lingua
2304 5991 2603 6044 humilibus
2623 5991 2898 6057 praderat.
