3884 6454
397 428 504 486 863

1460 442 1727 495 RUFINO
1762 442 2224 495 PRESBYTERO
2258 444 2641 497 ASCRIPTUS

3602 444 3704 499 864

397 546 532 595 tate.
559 544 709 626 Hinc
731 547 993 631 Salvator
1013 563 1129 631 nos
1156 551 1431 631 admonet
1460 554 1661 631 dicens
1680 568 1703 631 :_
1723 552 1938 631 Discite
1950 568 1995 631 _a
2026 565 2076 631 Α
2094 568 2190 631 ma
2211 556 2283 607 ad
2307 557 2493 608 Deum
2518 571 2532 607 :
2557 561 2615 609 et
2632 554 2903 631 salvabit
2935 558 3010 631 _t_e.
3036 554 3290 631 _Hi_nc_in
3332 554 3442 608 alio
3481 555 3704 621 psalmo

398 626 493 666 me
522 615 657 679 quia
680 619 835 670 mitis
866 632 994 671 sum
1033 627 1091 673 et
1112 621 1350 675 humilis
1385 626 1574 687 corde,
1611 630 1667 677 et
1690 626 1996 679 invenietis

397 687 654 761 requiem
679 690 984 744 animabus
1022 695 1232 747 vestris
1263 698 1475 759 (Matth.
1502 698 1631 761 11.).
1658 699 1822 751 Unde
1847 698 2007 750 enim

396 755 480 807 illi
497 757 796 879 éagorant,
836 763 949 815 nisi
986 766 1122 830 quia
1158 755 1277 819 non
1304 773 1443 820 sunt
1474 755 1644 821 mites
1676 772 1733 821 et
1753 770 2007 822 humiles

398 840 495 878 cor
538 842 568 879 e

398 833 568 880 corde
596 833 623 880 ‘I

461 897 545 979 i2.
576 902 641 979 [ξί
674 919 784 954 non
816 906 1021 979 idefecit
1046 909 1109 959 de
1150 911 1348 976 plateis
1389 915 1503 979 ejus
1542 932 1720 967 usura
1752 923 1798 966 et
1833 913 2004 964 dolus.

398 970 936 1052 Attendepopulum
960 970 1325 1045 Judasorum,
1343 970 1550 1040 etvide
1574 987 1866 1052 quomodo
1882 999 2005 1034 sem-

397 1053 496 1103 per
518 1042 577 1094 in
606 1047 690 1124 eis
731 1057 977 1124 regnent
1013 1053 1139 1106 huic
1164 1056 1282 1109 duo
1316 1042 1487 1124 vvitia,
1516 1042 1737 1113 scilicet
1757 1059 1925 1111 dolus
1949 1053 2007 1107 et

398 1119 819 1196 usura:_Plateae
831 1123 1008 1188 hujus
1027 1126 1280 1180 civitatis
1301 1136 1441 1183 sunt
1454 1119 1740 1196 superbia,
1753 1128 2003 1193 luxuria,

397 1186 701 1260 cupiditas,
717 1186 977 1260 avaritia,
1004 1202 1063 1249 et
1075 1205 1285 1252 caetera
1296 1202 1447 1254 talia.
1468 1186 1573 1255 Via
1587 1186 1837 1257 civitatis
1853 1186 2006 1259 hujusi

394 1258 511 1339 lata
543 1266 601 1314 et
618 1265 879 1328 spaciosa
894 1258 1002 1331 est,
1019 1282 1151 1333 quae
1163 1272 1325 1325 ducit
1336 1274 1408 1325 ad
1425 1280 1667 1327 mortem
1681 1276 1895 1339 (Matth.
1909 1258 2000 1336 ⁸1.)-

396 1333 588 1410 gsura
608 1340 696 1387 est
718 1339 950 1410 quando
972 1341 1104 1404 plus
1127 1344 1377 1407 exigitur
1392 1359 1565 1410 quam
1582 1333 2000 1399 commodatur.

396 1406 497 1482 1:35].
520 1404 631 1457 alia
653 1408 813 1471 pejor
834 1424 1031 1472 usura,
1059 1404 1290 1476 quando
1312 1404 1430 1468 non
1456 1418 1703 1470 dimittis
1727 1419 1882 1482 quod
1900 1418 2004 1471 tibi

396 1474 666 1553 debetur:
694 1483 972 1534 etoculus
1007 1474 1197 1537 cordis
1229 1488 1313 1539 tui
1342 1489 1606 1542 turbatur
1624 1490 1684 1542 in
1712 1474 1777 1543 eo
1806 1504 1998 1553 versu,

378 1548 757 1625 quodicitur:
778 1553 1012 1606 Dimitte
1027 1558 1196 1609 nobis
1209 1558 1401 1611 debita
1417 1566 1641 1624 nostra,
1660 1566 1765 1613 etc.
1791 1548 1999 1625 (Match

390 1618 481 1699 6:).
519 1621 775 1699 Verbum
810 1628 1291 1699 contumeliosum
1327 1632 1590 1684 audisti?
1630 1618 1736 1684 Vis
1761 1618 1992 1699 exigere

395 1690 783 1770 damnationis
802 1697 1149 1770 supplicium
1176 1720 1187 1749 :
1208 1702 1526 1755 faenerator
1543 1690 1890 1770 injuriaruni
1917 1720 1999 1758 es.

396 1766 595 1841 Pugno
613 1779 927 1841 percussus
943 1768 1005 1821 es
1023 1774 1050 1821 ‘t
1071 1773 1529 1827 Interfectionem
1554 1766 1767 1841 quaeris
1786 1795 1797 1826 :
1821 1790 1999 1830 usura

395 1836 549 1888 mala
580 1842 686 1889 est.
724 1839 892 1891 Tales
906 1854 1104 1896 usurm
1123 1844 1425 1897 abundant
1440 1847 1498 1897 in
1513 1836 1609 1900 illa
1621 1849 1868 1901 civitate.
1886 1852 1998 1902 Do-

394 1906 485 1958 lus
505 1913 611 1987 est,
641 1911 873 1987 quando
907 1912 1066 1987 aliud
1104 1917 1276 1968 corde
1309 1918 1533 1982 tegitur,
1559 1919 1713 1971 aliud
1752 1933 1848 1973 ore
1868 1935 2000 1987 pro—

395 1980 710 2055 nuntiatur.
731 1982 921 2046 Iniqui
933 1990 1126 2037 autem
1150 1999 1272 2038 sem
1280 1980 1388 2052 per
1390 1980 1595 2042 volunt
1606 2006 1724 2040 occu
1733 1993 1852 2041 ltare
1863 1980 1997 2055 quod

395 2055 629 2129 sunt,_et
653 2052 1049 2129 demonstrare
1083 2059 1240 2120 quod
1258 2073 1378 2111 non
1402 2066 1551 2113 sunt.
1580 2062 1799 2116 Deinde
1824 2052 2004 2129 popu-

391 2121 513 2200 lum
536 2123 697 2200 illum
708 2126 962 2200 ostendit
986 2129 1113 2181 ideo
1129 2144 1259 2183 esse
1272 2134 1475 2185 merito
1487 2121 2005 2200 puniendum,quia

391 2194 549 2258 prius
582 2196 882 2249 familiaris
898 2200 1102 2265 extitit,
1136 2207 1194 2254 et
1217 2194 1592 2267 postmodum
1621 2194 1867 2259 Domino
1886 2194 2003 2261 suo

389 2267 703 2342 maledixit.
732 2270 1008 2324 Graviora
1022 2278 1216 2326 autem
1240 2280 1378 2328 sunt
1392 2277 1561 2341 mala,
1591 2289 1725 2342 qum
1748 2281 1820 2331 ab
1853 2281 2007 2332 ami-

388 2338 469 2390 cis
495 2339 835 2393 inferuntur.

452 2409 537 2465 13.
564 2413 839 2485 Quoniam
854 2416 903 2464 si
922 2416 1189 2466 inimicus
1211 2433 1380 2479 meus,
1406 2420 1574 2478 idest,
1593 2422 1830 2474 Gentilis
1841 2438 2004 2485 popu-

386 2481 478 2533 lus
491 2482 856 2535 matedixisset
873 2487 1037 2548 mihi,
1055 2488 1495 2543 sicutJudaicus
1507 2493 1808 2545 maledixit
1824 2481 2005 2544 {su-sti.

388 2555 864 2628 nuissemutique,,
883 2559 1239 2612 tolerabilius
1257 2564 1522 2615 etmitius
1538 2565 1909 2628 judicassem.
1930 2567 2004 2617 Et

389 2628 435 2676 si
458 2627 508 2675 is
530 2628 629 2701 qui
650 2629 837 2678 oderat
857 2644 957 2690 me,
985 2633 1220 2693 quando
1246 2634 1398 2685 idola
1417 2627 1714 2696 adorabat,
1739 2652 1900 2701 super
1921 2654 2005 2688 me

389 2712 595 2761 magna
612 2698 868 2763 loquutus
891 2703 1281 2764 fuisset,idest,
1303 2719 1403 2769 per
1415 2708 1742 2771 superbiam
1762 2698 2006 2759 insultas-

389 2774 501 2821 set:
519 2771 916 2833 magnificaret
931 2787 993 2825 se
1024 2788 1200 2838 super
1216 2789 1323 2837 me,
1356 2782 1532 2840 atque
1546 2780 1865 2831 minaretur
1876 2784 2002 2831 mihi

389 2841 664 2914 quicquid
677 2849 912 2906 posset:
934 2845 1363 2912 Abscondissem,
1388 2849 1559 2914 idest,
1588 2853 2005 2905 subtraxissem

386 2927 470 2962 me
491 2913 727 2974 forsitan
750 2914 816 2964 ab
843 2931 920 2966 eo.
939 2918 1079 2968 Haec
1098 2924 1293 2971 autem
1322 2922 1497 2973 verba
1516 2922 1585 2974 de
1596 2925 1628 2973 J
1633 2923 1749 2975 uda
1774 2924 2008 2976 tradito-

388 2997 444 3035 re
458 2985 763 3048 specialius
788 2987 1032 3053 intelligi
1060 2996 1326 3054 possunt,
1345 2993 1485 3055 quia
1508 3007 1541 3044 a
1558 2996 1781 3047 Judaeis
1806 3008 1866 3047 se
1882 2997 2007 3048 abs-

386 3057 581 3108 condit
614 3060 813 3110 Jesus:
857 3071 892 3111 a
914 3062 946 3111 J
954 3060 1067 3112 uda
1100 3068 1294 3114 autem
1324 3064 1564 3117 minime
1595 3079 1657 3118 se
1682 3068 2000 3120 abscondit-

390 3128 500 3203 Sed
526 3129 662 3203 quid
678 3135 766 3181 est
803 3131 957 3195 quod
972 3132 1315 3184 aitForsilan
1330 3140 1354 3186 Ρ
1371 3138 1667 3201 Numquid
1679 3140 1830 3203 apud
1848 3144 2002 3189 Deum

386 3199 602 3264 aliquid
623 3214 768 3275 esse
807 3206 998 3267 potest
1013 3204 1333 3258 incertum?
1358 3208 1467 3259 Sed
1488 3199 1615 3261 haec
1638 3199 1993 3275 ambiguitas

387 3273 669 3323 sermonis
695 3274 1020 3326 secundum
1041 3290 1214 3328 usum
1234 3279 1420 3341 posita
1442 3285 1531 3332 est
1553 3273 1822 3337 humanae
1840 3283 1996 3334 locu-

387 3342 577 3414 tionis.
600 3344 692 3395 Sic
708 3345 861 3396 enim
896 3344 1044 3414 271
1082 3347 1334 3400 solemus
1359 3350 1540 3413 loqui:
1562 3353 1827 3404 Forsitan
1850 3353 1985 3405 illuc

384 3413 499 3487 ibo,
514 3415 761 3487 forsitan
787 3417 897 3469 hoc
919 3413 1144 3469 faeiam.
1170 3421 1254 3471 De
1270 3420 1538 3479 inimicis,
1561 3422 1821 3487 inquam,
1848 3424 1987 3476 tole-

384 3486 620 3537 rabilius
649 3489 943 3552 agendum
958 3494 1128 3541 esset.

447 3557 473 3611 1
484 3557 533 3611 4.
557 3559 646 3633 ATuA
660 3574 799 3620 vero,
821 3573 856 3611 o
872 3562 903 3633 .I
911 3561 1040 3633 uda,
1056 3562 1217 3611 homo
1231 3564 1557 3615 secundum
1575 3565 1991 3633 carnalitatem,

383 3630 692 3704 unanimis,
717 3643 819 3695 per
839 3631 1290 3699 simulationem,
1316 3635 1447 3684 Duae
1471 3651 1638 3701 meus,
1670 3651 1771 3702 per
1794 3630 1994 3704 prsidi;

385 3703 743 3765 cationem,et
768 3708 944 3764 notus,
971 3716 1071 3767 per
1088 3704 1291 3757 fidem:
1322 3721 1419 3770 qui
1450 3709 1617 3758 simul
1642 3703 1994 3763 conversans

382 3788 610 3835 mecum,
630 3774 810 3847 dulces
837 3775 1082 3839 cupiebas
1120 3777 1276 3839 cibos,
1312 3783 1427 3829 tam
1453 3782 1777 3846 corporales
1818 3796 1992 3847 quam

385 3845 728 3919 spirituales.
762 3848 849 3898 'I‘u
872 3847 1130 3912 inquam,
1151 3862 1184 3901 ο
1207 3852 1239 3900 J
1247 3851 1373 3911 uda,
1411 3864 1444 3903 ο
1467 3845 1676 3916 popule
1701 3845 1991 3919 perverse,

384 3930 517 3969 cum
542 3917 599 3968 in
622 3922 782 3970 tanto
805 3919 955 3970 malo
979 3932 1327 3983 perseveres,
1346 3925 1632 3987 numquid
1660 3917 1993 3979 tolerandas

382 3990 676 4042 es?Judas
705 3996 761 4042 et
784 3991 1034 4055 populus
1058 3992 1185 4055 ejus
1225 3993 1553 4057 significant
1577 3996 1758 4048 falsos
1788 3997 1992 4050 fratres

380 4062 531 4115 intra
565 4066 825 4114 sanctam
844 4062 1179 4127 Ecclesiam,
1199 4065 1299 4127 qui
1315 4079 1448 4117 cum
1475 4066 1745 4120 simulate
1764 4069 1991 4133 vivunt,

382 4139 541 4186 tanto
565 4134 824 4199 gravius,
844 4140 1062 4199 quanto
1075 4135 1320 4188 interius
1339 4143 1498 4200 sunt,
1512 4138 1727 4191 electos
1740 4149 1991 4201 premunt.

381 4207 536 4267 Quos
562 4208 756 4256 tamen
783 4206 1050 4269 exemplo
1065 4218 1170 4257 suo
1184 4206 1466 4259 Dominus
1481 4211 1767 4263 sustinere
1790 4211 1993 4265 docet:

381 4277 485 4329 sed
508 4275 618 4341 ipsi
641 4288 875 4340 poenam
924 4281 1203 4328 aeternam
1239 4290 1357 4329 non
1404 4280 1671 4333 evadent.
1718 4283 1823 4344 Qui
1850 4283 1991 4335 tales

385 4351 541 4407 sunt,
567 4347 809 4399 audiant
839 4347 1044 4399 mortis
1080 4349 1445 4411 sententiam,
1482 4364 1595 4414 qua
1619 4353 1889 4406 subditur
1914 4373 1924 4404 :

388 4440 394 4451 ν
444 4418 531 4474 15.
554 4419 743 4468 Veniat
776 4433 924 4467 mors
946 4433 1110 4484 super
1143 4419 1278 4483 illos,
1309 4427 1355 4470 et
1386 4422 1708 4473 descendant
1732 4426 1791 4473 in
1818 4426 1991 4491 infer-

381 4506 519 4540 num
542 4492 788 4541 viventes.
832 4491 984 4542 Mors
1010 4503 1187 4554 super
1224 4491 1351 4544 illos
1393 4494 1605 4557 veniet,
1632 4498 1863 4559 quando
1888 4512 1989 4551 eos

381 4563 679 4634 damnatio
696 4567 915 4634 aeterna
925 4563 1158 4634 operiet.
1174 4563 1453 4616 Viventes
1473 4567 1915 4634 (EacAugustino)
1933 4574 1986 4619 in

380 4633 670 4705 infernum
697 4633 1078 4691 descendunt,
1115 4634 1212 4698 qui
1249 4637 1464 4688 malum
1502 4651 1631 4690 esse
1660 4639 1988 4705 intelligunt

382 4704 535 4767 quod
556 4704 790 4761 faciunt.
813 4717 920 4756 nec
945 4708 1141 4757 tamen
1164 4708 1237 4758 ab
1251 4708 1377 4771 ipso
1401 4709 1705 4762 desistunt.
1734 4704 1877 4774 Quid
1899 4717 1987 4764 est

380 4776 648 4829 viventes
662 4777 688 4825 ?
708 4776 964 4827 Scientes
989 4777 1127 4839 quia
1143 4785 1404 4839 pereunt.
1420 4782 1655 4833 Talibus
1672 4783 1857 4835 multo
1874 4799 1986 4843 gra-

381 4848 505 4900 vior
520 4847 816 4899 damnatio
831 4860 1004 4910 quam
1021 4850 1248 4901 cmteris
1266 4851 1568 4915 incumbit,
1584 4856 1714 4903 sicut
1738 4857 1980 4915 scriptum

380 4926 469 4973 est
495 4937 506 4969 :
534 4920 748 4981 Servus
781 4918 884 4983 qui
914 4920 1023 4970 scit
1041 4920 1397 4975 voluntatem
1411 4925 1630 4978 domini
1656 4926 1765 4991 sui,
1789 4931 1846 4978 et
1867 4939 1984 4979 non

379 4992 531 5052 facit,
556 4991 739 5055 plagis
757 4991 1048 5055 vapulabit
1062 4993 1263 5046 multis
1284 4995 1426 5058 (Luc.
1442 4995 1572 5055 12.).
1595 4997 1984 5059 Timeantergo

379 5062 506 5115 falsi
544 5062 767 5124 fratres,
806 5063 1192 5129 simulatores,
1232 5065 1606 5127 detractores,
1649 5067 1981 5133 religionem

377 5135 580 5187 habitu
594 5138 975 5201 ostentantes,
996 5136 1056 5187 in
1068 5136 1343 5200 religione
1361 5142 1552 5189 tamen
1569 5151 1687 5191 non
1696 5140 1979 5193 viventes.

378 5206 467 5258 Ad
489 5205 618 5258 illos
648 5207 804 5259 enim
836 5208 1082 5273 pertinet
1104 5207 1233 5260 haac
1257 5208 1565 5269 sententia,
1597 5222 1712 5274 qua
1732 5211 1939 5264 dicitur
1965 5231 1975 5261 :

388 5279 574 5329 Veniat
608 5294 753 5328 mors
795 5294 956 5344 super
990 5279 1109 5329 illos
1155 5283 1200 5327 et
1245 5278 1565 5331 descendant
1593 5282 1655 5331 in
1694 5283 1979 5347 infernum

380 5351 621 5402 viventes.
660 5352 843 5412 Quare
857 5356 884 5402 Υ

436 5422 814 5483 16.0uoniam
838 5423 1092 5487 nequitia
1105 5424 1164 5473 in
1192 5424 1516 5475 habitaculis
1531 5440 1740 5477 eorum.
1768 5429 1836 5479 Et
1861 5440 1980 5480 non

371 5494 559 5545 solum
582 5495 643 5545 in
666 5495 919 5558 angulis,
947 5496 1049 5547 sed
1075 5495 1247 5548 etiam
1284 5497 1348 5546 in
1371 5496 1545 5547 medio
1580 5513 1782 5548 eorum.
1816 5502 1901 5551 Ac
1929 5501 1977 5551 si

373 5564 560 5616 dicat:
618 5566 1050 5630 Usquequaque
1096 5568 1247 5632 pleni
1300 5573 1437 5621 sunt
1474 5570 1761 5632 nequitia:
1802 5571 1894 5623 vel
1920 5587 1980 5620 in

372 5636 714 5699 habitaculis,
742 5637 911 5701 idest,
939 5641 1000 5690 in
1045 5640 1378 5704 corporibus
1428 5656 1633 5701 eorum,
1670 5642 1730 5693 in
1760 5642 1977 5704 quibus

378 5707 767 5769 temporaliter
803 5710 1239 5773 peregrinantur
1264 5715 1320 5763 et
1351 5712 1605 5764 militant
1634 5710 1703 5773 (Ξ.
1735 5713 1855 5763 Cor.
1884 5712 1977 5775 5.),

373 5780 510 5828 sunt
528 5777 831 5839 nequitias.
861 5779 929 5827 Et
972 5781 1033 5829 in
1055 5781 1230 5830 medio
1252 5797 1457 5843 eorum,
1504 5783 1675 5843 idest,
1700 5783 1759 5833 in
1786 5783 1973 5844 corde,

370 5847 656 5917 nequitias
670 5859 815 5910 quas
838 5849 1074 5911 faciunt,
1090 5864 1164 5903 ex
1189 5855 1309 5904 toto
1326 5854 1497 5905 corde
1513 5855 1746 5906 faciunt.
1766 5854 1852 5907 Illi
1876 5854 1977 5917 qui

376 5916 519 5969 tales
544 5920 699 5980 sunt,
717 5925 974 5982 pereunt.
991 5923 1106 5985 Ego
1123 5928 1305 5973 autem
1319 5926 1391 5973 ad
1405 5925 1701 5975 Dominum
1723 5916 1957 5975 clamavi
1964 5955 1976 5976 ν

376 5992 421 6038 et
440 5988 710 6039 Dominus
725 5989 1068 6043 satvavitme.
1090 5993 1146 6045 Si
1176 5996 1236 6046 te
1270 5995 1537 6051 aﬂlixerit
1554 5997 1842 6061 inimicus,
1861 5997 1982 6052 cla-

2008 4738 2064 4812 D

2105 628 2185 679 ait
2218 645 2227 675 :
2257 631 2471 680 Invoca
2493 641 2586 681 me
2628 628 2688 678 in
2738 626 2829 678 die
2876 625 3284 690 tribulationis,
3331 632 3389 679 et
3423 639 3626 680 eruam
3652 633 3705 680 te

2129 699 2271 750 Psal.
2298 698 2426 753 80.).
3189 707 3199 715 “

2110 700 2271 824 (Pila.
2289 700 2504 834 322mm
2535 776 2581 820 et
2606 786 2783 831 mane,
2815 776 2861 819 et
2892 769 3118 818 meridie
3142 768 3380 819 narrabo
3410 773 3463 820 et
3483 785 3708 820 annun-

2107 842 2266 905 liabo,
2280 848 2324 891 et
2347 843 2599 892 exaudiet
2631 858 2808 893 vocem
2839 842 3294 905 meam.Vespere
3326 841 3431 903 (Ea:
3452 842 3705 906 August.)

2105 914 2388 964 Dominus
2417 914 2480 965 in
2502 918 2709 966 morte:
2729 925 2900 964 mane
2913 914 2973 964 in
2998 912 3441 963 resurrectione:
3468 912 3710 964 meridie

2105 985 2164 1036 in
2188 986 2545 1038 ascensione.
2571 987 2824 1037 Narrabo
2847 996 3083 1047 vespere
3125 983 3455 1047 patientiam
3478 984 3706 1035 mortis.

2107 1060 2143 1107 A
2155 1058 2471 1109 nnuntiabo
2488 1070 2655 1109 mane
2666 1058 2847 1109 vitam
2864 1054 3242 1119 resurgentis.
3258 1054 3365 1105 Ora
3375 1056 3446 1105 bo
3463 1059 3710 1107 utexau-

2105 1128 2226 1179 diat
2263 1128 2519 1194 meridie,
2550 1130 2622 1181 ad
2657 1129 2923 1180 dextram
2948 1129 3151 1178 Patris.
3177 1126 3460 1177 Exaudiet
3487 1138 3581 1177 me
3606 1127 3709 1190 qui

2103 1200 2425 1263 interpellat
2446 1214 2549 1266 pro
2565 1201 2754 1252 nobis.
2782 1202 2984 1263 Itaque
3008 1198 3210 1248 fratres
3226 1209 3375 1261 quos
3387 1197 3445 1247 in
3457 1197 3714 1262 ipsacon-

2104 1273 2435 1336 gregatione
2475 1273 2758 1337 parietum
2803 1271 3009 1323 horum
3056 1269 3267 1321 videtis
3316 1267 3711 1333 turbulentos,

2103 1343 2301 1406 elatos,
2319 1357 2621 1409 perversos
2637 1360 2649 1395 :
2668 1344 2796 1409 ipsa
2808 1346 2897 1395 est
2909 1342 3071 1407 palea
3084 1340 3388 1391 dominicae
3402 1351 3570 1392 areis.
3582 1344 3709 1390 Cum

2101 1415 2195 1468 ille
2213 1416 2275 1468 in
2290 1415 2489 1468 ultimo
2508 1416 2824 1478 ventilabit,
2849 1419 2968 1465 tota
2979 1413 3141 1478 palea
3155 1411 3371 1463 volabit
3381 1412 3596 1472 (Matth.
3610 1412 3709 1475 3.).

2103 1487 2210 1539 Sed
2224 1501 2332 1539 nos
2351 1488 2508 1552 quid,
2549 1488 2661 1539 nisi
2694 1500 2825 1564 cum
2864 1487 2979 1564 isto
3012 1490 3344 1564 cantemus,
3369 1487 3428 1534 et
3450 1495 3707 1564 oremus,

2101 1563 2160 1610 et
2183 1560 2523 1634 plangamus
2552 1560 2616 1634 in
2625 1557 2859 1634 psalmo
2882 1561 2908 1608 ‘t
2926 1560 2985 1634 et
3009 1561 3202 1608 tamen
3224 1553 3488 1605 dicamus
3519 1554 3708 1634 securi

2102 1630 2254 1705 quod
2280 1632 2561 1705 sequitur,
2593 1632 2738 1681 Vere
2768 1628 3425 1705 exaudietvocemmeam:
3455 1628 3637 1705 quia,

2162 1701 2247 1756 19.
2274 1702 2508 1751 Redimet
2534 1703 2595 1751 in
2626 1717 2754 1777 pace
2776 1701 3027 1777 animam
3059 1712 3257 1777 vneam.
3283 1698 3410 1777 Ipse
3433 1700 3525 1777 est
3546 1698 3707 1777 enim

2098 1786 2211 1837 pax
2235 1787 2388 1825 vera.
2416 1776 2480 1825 In
2503 1766 2641 1838 pace
2657 1773 2851 1826 anima
2874 1771 3202 1848 redimituri
3218 1768 3451 1848 quando
3474 1766 3547 1818 de
3566 1767 3708 1848 vitis

2097 1845 2169 1895 ad
2195 1846 2458 1908 virtutes,
2473 1846 2597 1897 sive
2609 1846 2679 1897 de
2696 1846 2804 1897 hoc
2824 1843 3043 1920 mundo
3067 1842 3142 1920 ad
3168 1842 3389 1920 Patrem
3414 1842 3709 1920 pertimui:

2100 1918 2351 1979 potentis
2368 1918 2470 1992 Dei
2483 1918 2730 1992 gratiam
2742 1915 3104 1992 transfertur:
3116 1916 3163 1992 ᾼ
3188 1912 3402 1992 quibus
3422 1910 3705 1992 redimet?

2103 1988 2182 2037 Ab
2210 1989 2297 2038 his
2320 1991 2417 2054 qui
2434 1986 3060 2054 appropinquantmihi.
3088 1986 3231 2035 Nam
3252 1984 3323 2034 ab
3339 1983 3432 2034 his
3448 1983 3543 2045 qui
3561 1984 3707 2054 longe

2107 2065 2243 2111 sunt
2266 2073 2300 2110 a
2324 2053 2432 2124 me,
2467 2053 2645 2112 facilis
2671 2071 2879 2111 caussa
2909 2062 3017 2109 est.
3046 2058 3173 2107 Non
3204 2067 3295 2106 me
3318 2054 3426 2116 (Eas
3454 2053 3703 2124 August.)

2105 2136 2225 2183 tam
2248 2132 2363 2205 cito
2387 2123 2540 2191 fallit,
2559 2132 2658 2195 qui
2687 2132 2868 2205 dicit:
2894 2127 3060 2188 Veni,
3085 2126 3304 2205 idolum
3322 2124 3536 2205 adora,
3560 2123 3708 2204 Mul-

2108 2206 2228 2253 tum
2246 2203 2413 2267 longe
2430 2209 2520 2255 est
2541 2216 2575 2255 a
2597 2216 2707 2265 me,
2742 2202 2877 2267 quia
2898 2211 3162 2278 paganus
3182 2196 3705 2278 est-Periculosius

2105 2281 2193 2326 est
2212 2266 2448 2348 mibide
2472 2275 2813 2348 Christiano,
2829 2274 2923 2348 qui
2942 2282 3169 2322 mecum
3182 2267 3492 2348 habitat_iI_1_
3498 2266 3672 2348 domo
3689 2281 3706 2348 .-

2105 2350 2163 2396 et
2186 2348 2295 2396 sub
2314 2346 2565 2421 imagine
2584 2344 2881 2421 religionis
2906 2342 3179 2421 laqueum
3204 2338 3343 2421 mihi
3383 2336 3708 2421 272parat

2104 2418 2473 2482 deceptionis.
2523 2420 2676 2469 Bene
2718 2417 2867 2480 dico,
2917 2414 3019 2474 Qui
3040 2412 3492 2477 appropinquant
3521 2410 3704 2482 mitti:

2107 2480 2378 2550 Quoniam
2401 2493 2542 2540 inter
2570 2489 2768 2562 multos
2791 2492 2945 2537 erant
2967 2499 3193 2562 mecunt.
3228 2483 3404 2562 Multa
3424 2486 3511 2533 est
3539 2480 3707 2562 palea

2103 2568 2160 2615 et
2184 2575 2584 2635 paucagrana.
2602 2561 2765 2613 Multi
2799 2564 2939 2611 sunt
2961 2554 3359 2635 vocati,‘pauci
3383 2566 3520 2635 vero
3539 2551 3703 2635 eleqti

2103 2622 2312 2697 (Matth.
2328 2622 2457 2697 20:).
2484 2634 2582 2684 Isti
2600 2646 2672 2706 au
2681 2638 2805 2706 tem
2819 2643 2939 2706 non
2959 2625 3228 2706 .erantde
3263 2625 3458 2706 paucis
3475 2622 3704 2706 salvan:

2104 2693 2213 2768 dis,
2241 2706 2343 2757 sed
2367 2693 2518 2757 inter
2541 2703 2776 2767 multos,
2794 2700 3104 2754 idestinter
3122 2697 3268 2774 illos,
3300 2696 3400 2759 qui
3418 2693 3705 2774 pertinent

2104 2779 2175 2830 ad
2202 2779 2419 2843 paleam
2447 2783 2505 2830 et
2529 2778 2598 2829 ad
2625 2776 3023 2840 perditionem,
3049 2772 3213 2843 erant
3236 2780 3484 2843 mecum.
3512 2769 3578 2817 In
3604 2769 3703 2816 tri-

2106 2840 2217 2902 tico
2242 2864 2363 2902 non
2387 2854 2549 2901 erant
2570 2861 2817 2907 mecum,
2838 2845 2938 2920 sed
2966 2845 3034 2920 in
3056 2840 3218 2920 palea
3245 2842 3407 2891 erant
3430 2851 3658 2920 mecum
3686 2859 3699 2920 ξ

2105 2922 2241 2987 quia
2252 2934 2428 2986 appro
2436 2923 2677 2986 pinguat
2692 2921 2851 2985 palea
2867 2917 3068 2971 tritico.
3084 2915 3146 2963 In
3161 2915 3529 2963 sacramentis
3537 2918 3705 2965 erant

2104 3006 2333 3045 mecum
2360 2993 2417 3044 in
2444 2993 2680 3045 caritate
2698 3003 2812 3043 non
2830 2992 3265 3063 erantmecum.
3424 3053 3433 3063 Ι

2166 3065 2254 3121 20.
2288 3066 2562 3115 Exaudiet
2590 3064 2744 3126 Deus,
2771 3069 2819 3111 et
2853 3054 3307 3133 humiliabitiltos
3338 3054 3702 3133 quiest-ante

2103 3138 2311 3187 saecula.
2350 3136 2493 3198 Quia
2530 3136 2635 3200 (Ea:
2657 3123 2904 3206 August.)
2931 3130 3039 3206 etsi
3063 3140 3131 3206 ex
3162 3128 3412 3206 tempore
3435 3123 3702 3206 Cbristus

2095 3210 2252 3260 Deus
2274 3211 2470 3260 noster
2502 3221 2575 3260 ex
2606 3207 2784 3259 Maria
2819 3203 3074 3267 Virgine,
3112 3204 3307 3250 tamen
3329 3203 3391 3245 in
3416 3203 3694 3259 principio

2097 3286 2216 3332 erat
2232 3281 2506 3345 Verbum,
2533 3284 2591 3331 et
2613 3280 2867 3331 Verbum
2900 3280 3025 3350 erat
3037 3269 3211 3350 apud
3236 3271 3435 3350 Deum,
3456 3270 3513 3317 et
3536 3267 3699 3350 Deus

2074 3348 2218 3404 'erat
2248 3340 2503 3404 Verbum
2521 3352 2697 3415 (Joan.
2725 3350 2813 3413 1.).
2833 3345 3110 3419 Exaudiet
3126 3340 3374 3419 humiles
3392 3340 3453 3389 in
3478 3340 3702 3419 interni-

2096 3424 2238 3474 tate:
2264 3412 2589 3475 humiliabit
2611 3422 2740 3474 illos
2763 3421 2821 3472 in
2845 3415 3230 3492 damnatione,
3257 3412 3698 3492 quierectisunt

2092 3495 2153 3547 in
2176 3495 2561 3548 dissensione.
2593 3496 2662 3546 Et
2684 3493 2887 3545 merito
2907 3490 3057 3542 :Non
3084 3487 3230 3536 enim
3241 3489 3311 3533 est
3329 3482 3441 3531 illis
3462 3496 3701 3530 commu-

2095 3567 2248 3617 tatio.
2275 3566 2419 3629 Quia
2438 3580 2551 3618 non
2567 3565 2937 3617 mutanturin
2960 3560 3185 3637 melius,
3202 3554 3309 3637 sed
3333 3552 3695 3637 ςίςξφζιαξῐιι

2094 3637 2152 3689 in
2178 3639 2266 3702 pej
2278 3625 2361 3689 tis.
2400 3637 2471 3687 Et
2501 3653 2612 3687 non
2655 3638 2955 3685 timuerunt
2978 3634 3181 3702 Deum.-
3200 3628 3356 3702 Sic_ut
3386 3625 3554 3702 timor
3581 3625 3696 3702 Po-

2092 3693 2508 3760 mini'iuitium
2543 3708 2838 3772 sapientiae
2886 3703 3056 3769 (Psal.
3087 3699 3223 3762 110;
3260 3693 3471 3772 Pcw-1
3500 3699 3552 3772 et
3582 3693 3690 3757 9.):

2092 3780 2173 3832 ita
2182 3793 2299 3831 non
2317 3781 2516 3833 timere
2528 3768 2711 3831 Deum
2728 3768 2932 3830 mortis
2948 3774 3174 3848 initium
3195 3768 3691 3848 est._I3eatus‘homo

2093 3852 2194 3915 qui
2219 3864 2444 3915 semper
2466 3854 2556 3902 est
2581 3850 2844 3914 pavidus.
2870 3847 2979 3909 Qui
3002 3856 3139 3917 vero
3160 3839 3370 3917 mentis
3393 3841 3484 3917 est
3506 3836 3689 3900 dum,

2093 3907 2319 3974 corruet
2338 3907 2399 3973 in
2420 3907 2638 3973 malum
2666 3921 2838 3984 (Prov.
2864 3907 2992 3979 ‘28.).
3015 3913 3179 3968 Unde
3203 3915 3261 3987 et
3284 3907 3569 3987 subditur:
3632 3978 3643 3987 θ

2154 3993 2240 4048 21.
2270 3994 2534 4044 Extendet
2563 3979 2794 4043 manum
2817 4005 2975 4040 suam
3010 3989 3070 4037 in
3093 3981 3451 4035 retribuendo.
3487 3979 3609 4030 Hoc
3629 3979 3689 4030 in

2088 4066 2306 4129 judicio
2330 4067 2455 4127 erit,
2494 4066 2728 4138 quando
2765 4059 3221 4138 Deus_ultricem
3259 4061 3686 4138 manum‘suam

2093 4126 2466 4201 ampliﬁcabit
2481 4126 2540 4188 in
2558 4137 2890 4190 vindictam.
2905 4134 3052 4184 Hinc
3065 4128 3200 4201 alibi
3210 4126 3479 4183 minatur,
3490 4126 3688 4201 dicens,

2090 4194 2320 4263 Levabo
2344 4209 2417 4262 ad
2434 4210 2639 4262 caelum
2666 4220 2904 4260 manum
2923 4215 3133 4281 meam:
3150 4200 3206 4281 Si
3221 4207 3429 4281 acuero
3440 4194 3693 4281 utiulgur

2090 4275 2348 4346 gladium
2379 4294 2591 4342 meum,
2620 4278 2995 4344 etarripuerit
3012 4273 3298 4346 judicium
3322 4278 3528 4346 manus
3541 4276 3689 4346 mea,

2090 4336 2326 4405 reddam
2350 4336 2626 4404 ultionem
2656 4336 2922 4404 hostibus
2941 4336 3108 4405 meis,
3132 4349 3189 4396 et
3215 4338 3425 4422 bisqui
3454 4336 3695 4422 oderunt

2089 4439 2199 4489 me,
2235 4427 2547 4478 retribuam
2584 4426 2752 4486 (Deut.
2802 4422 2930 4486 32.).
2972 4422 3043 4472 Et
3089 4428 3226 4469 vere
3261 4411 3696 4489 dignisunt_ut

2090 4498 2437 4562 puniantur:
2461 4498 2986 4548 Contaminaverunt
3005 4488 3539 4562 enimtestamentum
3560 4488 3689 4562 ejus.

2091 4556 2233 4629 Quia
2262 4570 2424 4620 illum
2442 4570 2541 4633 qui
2566 4571 2922 4621 testamento
2944 4562 3089 4628 legis
3099 4558 3173 4611 ad
3192 4556 3435 4609 salutem
3450 4561 3695 4617 pronun-

2087 4639 2264 4691 tiatus
2288 4645 2397 4703 est,
2426 4644 2881 4692 contemserunt.
2914 4638 3067 4695 Ideo,
3108 4704 3115 4706 Α
3238 4703 3260 4706 _
3429 4696 3439 4706 ο

2155 4709 2242 4765 ‘29..
2285 4697 2458 4762 Divisi
2490 4719 2617 4761 sunt
2650 4712 2715 4762 ab
2747 4714 2833 4760 ira
2867 4708 3045 4759 vultus
3066 4704 3197 4769 ejus.
3350 4697 3583 4781 et

2093 4784 2306 4834 veritas
2340 4784 2462 4846 Dei,
2490 4789 2720 4849 propter
2754 4784 2865 4835 hoc
2910 4783 3227 4844 peccatum,
3252 4772 3450 4851 divisit
3472 4778 3696 4851 eosper

2083 4854 2344 4906 diversas
2362 4836 2563 4921 partes
2589 4836 2811 4907 mundi.
2839 4836 3691 4925 Istaetiamverbavidentur-ad

2079 4911 2385 4979 haereticos
2418 4929 2730 4991 pertinere.
2767 4926 2881 4991 Ipsi
2915 4924 3068 4999 enim
3101 4911 3692 4999 contaminatilfﬂi}:

2080 5004 2340 5051 mentum
2362 4984 2463 5051 Dei
2485 5012 2604 5051 non
2627 4984 2936 5057 desistunt,
2959 4997 3101 5048 dum
3128 4984 3694 5072 ξοηὶρῖιυῐζὸξεξῗξιξξὲξ

2080 5083 2253 5134 prave
2290 5071 2621 5145 intelligunt
2639 5076 2712 5145 iet
2760 5072 3080 5145 exponunt.
3130 5063 3235 5145 Dei
3281 5058 3691 5145 testamentum

2081 5134 2520 5194 contaminant:
2548 5144 2690 5207 quia
2722 5155 2793 5193 ex
2827 5142 2954 5215 ipso
2978 5134 3343 5215 mendaqiufq
3367 5134 3425 5181 θι
3448 5137 3690 5215 θΓἯΓῨῘῙΞ

2081 5215 2394 5277 approbare
2442 5196 2955 5266 non-cessant.-Et
3002 5196 3139 5284 ideo
3175 5204 3341 5284 divisi
3367 5196 3691 5284 suntsalle

2084 5270 2259 5335 vultus
2282 5287 2415 5348 ejus.
2443 5287 2532 5337 Ab
2556 5286 2640 5358 ira
2684 5284 3011 5358 severitatis
3036 5280 3144 5358 Dei
3179 5278 3316 5358 sunt
3351 5270 3688 5358 diYiSELI‘iQQ

2086 5356 2243 5408 enim
2277 5343 2431 5419 quod
2457 5357 2597 5408 dicit
2617 5359 2899 5417 Donatus,
2939 5354 3078 5406 dicit
3105 5343 3690 5423 Sabellianus.Neque

2088 5429 2243 5492 quod
2294 5417 2432 5479 dicit
2473 5428 2849 5493 Sabellianus,
2892 5427 3032 5479 dicit
3054 5425 3317 5477 Arianus.
3353 5418 3440 5470 Ab
3479 5417 3689 5494 unitate

2082 5484 2386 5553 catholicae
2411 5500 2684 5553 Ecclesiae
2710 5484 2973 5566 separati,
3001 5511 3101 5562 per
3124 5495 3590 5571 multoserrorgﬁ
3616 5484 3690 5571 dl-

2082 5572 2194 5623 visi
2221 5577 2373 5646 sunt.
2403 5573 2469 5621 Et
2507 5557 2980 5646 appropinquavit
3003 5557 3103 5619 cor
3124 5568 3293 5646 iltius.
3418 5557 3687 5646 intelliga-

2081 5655 2214 5694 mus
2243 5630 2599 5696 voluntatem
2620 5630 2869 5696 illiusfM
2878 5642 3062 5695 ultum
3086 5639 3239 5691 valet
3253 5637 3422 5689 nobis
3437 5632 3513 5709 ad
3531 5630 3689 5709 intel-

2080 5714 2373 5771 ligendum
2400 5716 2603 5775 Deum,
2640 5715 3044 5767 haereticorum
3077 5712 3306 5763 divisio.
3336 5707 3514 5759 Multa
3539 5707 3685 5782 enim

2081 5785 2189 5848 (Ea:
2214 5785 2487 5850 August.).
2515 5786 2771 5838 latebant
2794 5786 2853 5836 in
2883 5783 3207 5849 Scripturis,
3231 5786 3289 5834 et
3312 5793 3443 5856 cum
3468 5783 3685 5856 praeeisi

2080 5861 2279 5908 essent
2294 5856 2551 5909 haeretici
2564 5857 2967 5921 questionibus
2990 5856 3362 5922 agitaverunt
3379 5850 3683 5903 Ecclesiam

2079 5928 2435 5992 Dei.Aperta
2459 5931 2595 5980 sunt
2617 5941 2751 5993 quae
2773 5929 3049 5992 latebant,
3074 5930 3133 5979 et
3157 5924 3448 5978 intellecta
3470 5925 3563 5993 est
3584 5929 3683 5970 vo-

2078 5991 2288 6052 luntas"
2323 6000 2449 6053 Dei.
2489 5991 2785 6066 Num—quid
2829 5999 2983 6053 enim
3023 5991 3095 6052 de
3139 5998 3415 6051 Trinitate
3443 5991 3683 6060 perfecte
