3884 6394
108 394 222 449 865

112 512 431 560 tractatum
452 512 559 570 est,
575 510 886 570 antequam
902 506 1250 558 obsisterent
1269 508 1334 557 Αι
1348 506 1499 558 iani?
1515 508 1630 558 Nec
1653 509 1714 555 de

112 582 240 644 ipsa
256 580 482 630 unitate
517 579 729 630 Christi
753 579 1047 630 enucleate
1060 578 1212 629 dicta
1235 580 1541 641 erantque:
1565 578 1716 629 dicta

112 656 273 709 sunt,
299 651 414 701 nisi
448 655 650 714 postea
673 662 847 713 quam
885 651 1166 713 separatio
1190 650 1285 700 illa
1320 663 1521 711 urgere
1545 650 1719 713 ccepit

108 724 381 773 infirmos
406 722 627 773 fratres.
656 722 869 772 Idcirco
894 722 972 771 illi
997 722 1093 784 qui
1125 722 1553 773 noveranthaac
1580 725 1719 771 trac-

113 799 232 844 tare
258 798 437 856 atque
463 791 797 852 dissolvere,
823 805 895 843 ne
912 794 1160 855 perirent
1177 792 1405 856 infirmi,
1430 791 1719 843 sollicitati

112 864 562 927 quaestionibus,
590 863 892 927 impiorum
911 863 1274 913 sermonibus
1297 871 1355 914 et
1378 862 1717 927 disputatio-

111 936 287 987 nibus
312 935 455 997 suis,
482 935 726 985 obscura
754 933 897 997 legis
932 932 1295 985 deduxerunt
1316 934 1376 984 in
1401 932 1715 997 publicum.

112 1008 263 1070 Ergo
298 1004 380 1056 illi
414 1005 531 1057 divi
578 1008 715 1055 sunt
738 1005 811 1054 ab
843 1004 925 1054 ira
953 1004 1152 1055 vultus
1176 1004 1301 1067 ejus
1329 1020 1342 1054 :
1373 1009 1429 1055 et
1452 1005 1619 1055 nobis
1644 1006 1715 1056 ad

110 1076 554 1140 intelligendum
597 1074 1076 1139 appropinquavit.
1130 1087 1227 1126 cor
1268 1074 1438 1126 illius.
1487 1076 1721 1139 Oportet

114 1149 329 1211 (inquit
348 1146 676 1211 Apostolus)
708 1146 960 1197 haereses
982 1158 1129 1202 esse,
1146 1149 1210 1195 ut
1223 1145 1445 1209 probati
1464 1148 1715 1194 manifesti

115 1220 258 1270 fiant
304 1218 454 1269 inter
486 1231 591 1268 vos
630 1216 696 1280 (1.
740 1218 859 1266 Cor.
897 1215 1022 1277 11.).
1060 1216 1256 1264 Molliti
1295 1222 1420 1264 sunt
1450 1232 1719 1266 sermones

113 1306 229 1353 ejus
251 1304 417 1353 super
439 1290 635 1351 oleum,
654 1292 698 1335 et
724 1288 829 1350 ipsi
848 1287 1191 1350 suntjacula.
1210 1288 1488 1347 Quasdam
1500 1289 1652 1338 enim
1667 1291 1717 1335 in

118 1360 430 1424 Scripturis
461 1361 603 1409 dura
628 1358 971 1409 videbantur
995 1372 1007 1407 :
1031 1358 1294 1420 exposita
1318 1357 1715 1412 emollitasunt.

121 1434 189 1481 Et
228 1431 278 1497 2
291 1428 403 1497 73
432 1432 577 1480 bene
592 1444 751 1492 super
762 1428 952 1489 oleum,
974 1428 1108 1491 quia
1124 1428 1315 1479 oleum
1328 1428 1483 1479 fovet
1499 1444 1717 1492 carnem,

118 1505 383 1553 suavitas
420 1513 554 1552 vero
581 1511 911 1550 sermonum
940 1499 1043 1549 Dei
1073 1499 1227 1550 fovet
1251 1500 1503 1549 animam
1527 1499 1593 1548 Et
1616 1499 1720 1563 ipsi

116 1579 243 1622 sunt
262 1573 471 1637 jacula.
491 1569 1039 1621 Armaveruntenim
1060 1570 1164 1632 (Ea:
1186 1570 1432 1633 August.)
1456 1570 1721 1634 praedica-

118 1649 290 1695 tores.
340 1645 409 1694 Et
438 1642 548 1705 ipsi
588 1653 881 1691 sermones
914 1640 1241 1704 diriguntur
1272 1641 1332 1691 in
1365 1643 1596 1704 pectora
1618 1653 1721 1692 au-

116 1716 401 1766 dientium
422 1714 494 1764 ab
511 1711 864 1765 instantibus
877 1716 1195 1775 opportune
1211 1712 1558 1775 importune.
1580 1714 1717 1769 Quod

120 1798 417 1838 sermones
462 1784 563 1836 Dei
606 1788 743 1835 sunt
770 1782 984 1845 jacula,
1016 1786 1258 1833 testatur
1282 1784 1594 1847 Apostolus
1620 1783 1717 1833 ubi

116 1858 233 1909 ait:
262 1859 460 1910 Sermo
502 1855 603 1906 Dei
646 1855 821 1906 vivus
855 1858 911 1904 et
945 1853 1167 1916 efﬁcax,
1211 1857 1269 1904 et
1320 1853 1719 1917 penetrabilior

119 1930 273 1979 omni
303 1927 493 1992 gladio
536 1924 785 1989 ancipiti,
824 1929 931 1976 etc.
988 1924 1162 1988 (llebr.
1198 1924 1287 1986 4.).
1316 1926 1422 1975 Sed
1464 1930 1528 1975 tu
1574 1924 1718 1976 forte

118 2000 379 2051 nondum
405 1999 647 2049 idoneus
680 2010 761 2053 es,
792 1996 889 2058 qui
915 1996 1156 2047 armeris
1180 1996 1272 2046 his
1284 1995 1509 2058 jaculis.

180 2071 268 2125 23.
294 2073 450 2121 Jacta
464 2086 624 2134 super
647 2069 946 2118 Dominum
976 2083 1167 2116 curam
1193 2074 1361 2119 tuam.
1391 2068 1454 2119 Id
1489 2070 1579 2119 est
1600 2080 1724 2119 om-

124 2145 221 2194 nia
244 2144 319 2194 ab
355 2144 481 2206 ipso
513 2145 771 2204 expecta.
808 2144 864 2190 et
895 2153 929 2190 a
957 2144 1010 2190 te
1034 2139 1193 2189 nihil.
1231 2142 1438 2191 Curam
1472 2139 1723 2191 hominis

122 2214 393 2266 Salomon
430 2225 682 2263 vermcm
707 2210 860 2268 dicit,
886 2222 1002 2273 qua
1034 2210 1209 2261 homo
1234 2210 1552 2261 corroditur
1576 2210 1726 2261 sicut

122 2299 353 2350 pannus
376 2297 412 2336 a
441 2285 593 2335 tinea
616 2284 791 2347 (Prov.
821 2280 947 2345 “26.).
982 2284 1188 2332 Curam
1209 2295 1344 2344 ergo
1370 2287 1528 2332 tuam
1552 2294 1725 2344 super

124 2358 433 2408 Dominum
454 2358 624 2419 jacta.
651 2358 847 2417 ipsum
864 2355 1370 2416 cogita,quatenus
1384 2353 1536 2417 apud
1550 2358 1724 2404 tema-

122 2442 260 2481 neas
306 2426 631 2491 trnquillus.
668 2426 734 2474 Et
768 2426 876 2486 ipse
901 2431 945 2473 te
967 2426 1215 2488 enutriet,
1241 2425 1300 2476 in
1324 2424 1437 2476 fide
1471 2430 1529 2477 et
1553 2424 1726 2475 mori-

122 2502 249 2557 bus,
286 2500 343 2550 in
367 2499 643 2559 doctrina,
676 2502 732 2548 et
762 2496 1094 2547 virtutibus.
1128 2499 1197 2547 Et
1228 2496 1360 2547 licet
1391 2496 1485 2547 hic
1516 2496 1727 2547 habeat

122 2570 296 2623 modo
314 2572 703 2624 tentationem,
716 2581 831 2621 non
848 2570 1003 2618 dabit
1024 2568 1082 2618 in
1103 2577 1387 2619 aeternum
1403 2568 1728 2618 fluctuatio-

123 2657 255 2695 nem
289 2645 470 2706 justo,
515 2642 569 2692 id
596 2646 701 2705 est,
726 2641 1188 2700 commotionem,
1217 2642 1304 2691 vel
1332 2640 1726 2691 conturbatio-

124 2727 257 2765 nem
282 2732 293 2762 :
333 2713 437 2765 sed
464 2713 722 2776 quietum
750 2724 882 2761 eum
909 2711 1078 2762 faciet
1111 2713 1171 2762 in
1199 2713 1319 2763 vita
1342 2714 1577 2762 aeterna.
1602 2711 1726 2759 Non

126 2785 274 2834 dabit
322 2785 381 2833 in
437 2790 697 2833 aeternum
728 2784 1097 2845 [luctationem
1132 2783 1295 2846 justo.
1337 2782 1479 2843 Quia
1497 2787 1553 2833 et
1580 2781 1629 2833 si
1651 2780 1725 2832 ad

128 2864 359 2921 tempus
385 2857 756 2918 fluctuamus,
784 2859 839 2905 et
864 2860 1175 2917 tentamur,
1208 2861 1264 2906 et
1285 2854 1609 2918 afﬂigimur,
1627 2867 1730 2904 au-

128 2930 362 2980 choram
374 2934 632 2979 nostram
645 2927 704 2977 in
725 2925 1052 2978 caeloiixam
1070 2927 1370 2977 habemus.
1383 2928 1413 2977 J
1422 2930 1551 2977 usto
1576 2927 1728 2985 igitur

129 3002 564 3052 fluctuationem
587 2999 645 3049 in
665 3003 946 3050 aeternum
972 3011 1087 3048 non
1111 2997 1435 3061 dabit,quia
1458 3002 1588 3061 post
1608 3002 1728 3047 ten-

131 3073 409 3124 tationem
438 3071 737 3132 fluctuum,
775 3074 999 3133 portum
1025 3069 1234 3132 quietis
1261 3072 1321 3120 in
1346 3074 1627 3121 aeternum
1651 3066 1730 3118 illi

132 3142 490 3207 praeparabit.
530 3142 668 3203 Quis
706 3146 793 3191 est
830 3140 922 3191 ille
954 3144 1197 3204 portus?
1221 3141 1422 3192 Venite
1445 3140 1731 3191 benedicti

133 3215 316 3266 Patris
335 3213 469 3275 mei,
495 3213 764 3277 percipite
786 3225 1028 3274 regnum
1042 3212 1197 3274 quod
1217 3212 1381 3265 vobis
1398 3219 1729 3274 praeparatum

131 3290 221 3338 est
244 3286 318 3337 ab
354 3285 573 3349 origine
601 3285 804 3335 mundi
829 3285 1035 3346 (Matth.
1062 3282 1191 3346 25.).

192 3357 282 3412 ‘24.
319 3357 395 3406 Tu
419 3371 557 3415 vero,
582 3357 741 3419 Deus,
776 3356 994 3404 deduces
1028 3370 1111 3403 eos
1136 3355 1195 3403 in
1210 3360 1430 3419 puteum
1454 3354 1721 3406 interitus.

134 3430 297 3483 Unde
313 3428 573 3480 dicturus
590 3432 704 3478 est:
725 3430 807 3478 Ite
823 3426 1133 3489 maledicti,
1155 3427 1214 3477 in
1232 3427 1425 3490 ignem
1443 3433 1726 3495 aeternum

135 3502 326 3564 (Ibid).
354 3502 594 3551 Puteum
620 3499 758 3550 dicit
781 3500 1080 3563 infernum,
1109 3504 1339 3562 propter
1367 3498 1726 3563 profundita-

133 3580 249 3624 tem
266 3575 325 3623 et
346 3572 773 3621 obscuritatem.
804 3571 919 3620 iste
946 3569 1104 3620 locus
1133 3570 1347 3633 iniquis
1372 3575 1728 3634 prieparatus

132 3649 238 3706 est,
265 3646 332 3694 ut
353 3643 412 3693 in
435 3655 522 3704 eo,
548 3646 824 3704 tanquam
849 3642 909 3692 in
936 3641 1220 3705 profundo
1248 3644 1418 3705 puteo
1443 3643 1650 3694 cadant
1672 3647 1730 3695 et

132 3716 436 3767 intereant.
472 3713 727 3765 Deducet
767 3715 918 3764 Deus
949 3713 1010 3764 in
1043 3718 1283 3777 puteum
1306 3713 1588 3773 interitus,
1614 3728 1730 3766 non

133 3786 291 3851 quod
328 3786 450 3850 ipse
489 3790 564 3835 sit
599 3790 798 3836 auctor
830 3783 1013 3847 culpae
1047 3797 1261 3845 eorum,
1304 3784 1406 3834 sed
1432 3785 1586 3847 quod
1609 3785 1730 3850 ipse

128 3859 310 3923 judex
333 3856 650 3920 iniquitatis
672 3869 887 3907 eorum.
915 3859 1096 3917 Quam
1111 3855 1471 3918 iniquitatem
1493 3859 1728 3917 ostendit,

136 3943 267 3981 cum
282 3929 412 3992 subj
421 3928 602 3992 ungit,
637 3928 748 3978 Viri
758 3928 994 3991 sanguin
1004 3942 1115 3989 um,
1134 3926 1198 3977 id
1215 3931 1318 3989 est,
1337 3931 1729 3990 persecutores

134 4008 191 4054 et
212 4000 515 4065 sanguinis
535 4000 811 4050 effusores
837 4012 849 4047 :
886 3998 953 4047 Et
978 3998 1164 4055 dolosi,
1192 3998 1291 4061 qui
1307 4010 1405 4061 per
1422 3998 1733 4051 simulatio-

135 4085 267 4125 nem
308 4077 366 4124 et
406 4070 664 4122 fraudem
688 4071 951 4122 incautas
989 4069 1283 4133 decipiunt
1308 4069 1535 4122 animas
1562 4088 1572 4119 :
1604 4071 1731 4121 Non

136 4142 508 4193 dimidiabunt
541 4142 655 4191 dies
690 4158 831 4202 suos,
868 4144 932 4192 ut
960 4144 1320 4193 revertantur
1350 4141 1423 4191 ad
1452 4143 1734 4205 paeniten-

136 4217 279 4268 tiam
315 4230 328 4265 :
369 4213 472 4265 sed
523 4214 946 4266 continuabunt
991 4226 1089 4263 eos
1126 4212 1183 4263 in
1204 4212 1441 4278 malitia,
1467 4227 1652 4277 usque
1675 4228 1733 4266 in

138 4288 466 4339 finem.Non
481 4285 550 4337 de
567 4286 833 4337 omnibus
851 4284 1287 4347 intelligendum
1299 4290 1405 4336 est.
1426 4284 1584 4336 Multi
1596 4290 1730 4335 enim

138 4365 269 4424 post
294 4358 634 4410 effusionem
660 4357 965 4421 sanguinis
999 4361 1056 4407 et
1079 4355 1441 4407 dolositatem
1470 4357 1735 4409 conversi

140 4435 279 4483 sunt.
300 4430 374 4482 ad
398 4430 794 4494 paenitentiam
806 4434 864 4480 et
876 4428 1138 4479 salutem.
1158 4428 1266 4479 Sed
1275 4427 1347 4479 de
1362 4427 1473 4480 illis
1488 4433 1733 4494 tantum,

140 4504 236 4567 qui
270 4501 443 4554 divisi
482 4506 621 4552 sunt
645 4502 717 4552 ab
750 4502 834 4552 ira
863 4499 1055 4553 vultus
1081 4500 1228 4562 ejus.
1256 4500 1444 4551 Sancti
1478 4501 1589 4552 viri
1613 4502 1735 4553 dies

139 4586 280 4626 suos
306 4572 624 4634 dimidiant,
660 4572 795 4636 quia
816 4571 972 4636 quod
995 4572 1056 4622 in
1080 4571 1306 4622 caeteris
1329 4568 1534 4623 diebus
1559 4572 1741 4624 delin-

138 4649 342 4711 quunt,
365 4645 425 4695 in
448 4644 828 4709 quadraginta
850 4642 1094 4707 aliisque
1120 4641 1612 4706 paenitentialibus
1629 4644 1737 4696 die-

139 4720 248 4769 bus
267 4716 503 4782 jejuniis
519 4720 574 4767 et
598 4715 956 4768 orationibus
982 4715 1331 4779 persolvunt.
1360 4715 1491 4767 Sive
1504 4717 1735 4778 quiaalii

137 4789 197 4841 in
227 4788 490 4853 pueritia,
523 4787 619 4839 alii
652 4788 713 4840 in
745 4787 1149 4847 adolescentia,
1169 4785 1264 4837 alii
1287 4798 1423 4838 vero
1455 4788 1516 4837 in
1540 4799 1739 4839 senec-

139 4864 266 4913 tute
288 4859 361 4910 ad
386 4860 571 4911 Deum
585 4862 1013 4912 convertuntur.
1030 4860 1199 4910 Recte
1210 4870 1346 4922 ergo
1359 4859 1486 4921 subj
1498 4864 1736 4912 unctum

138 4937 269 4985 est:
319 4930 433 4995 Ego
470 4935 651 4980 autem
695 4929 916 4993 sperabo
955 4931 1101 4993 inte,
1127 4930 1285 4981 Deus.
1310 4930 1372 4980 id
1397 4934 1502 4990 est,
1532 4943 1649 4983 non
1675 4933 1737 4986 in

139 5002 383 5063 mundo,
416 5015 536 5056 non
578 5002 636 5054 in
670 5002 900 5055 homine
934 5014 1098 5066 spem
1130 5014 1320 5054 meam
1345 5002 1732 5056 constituam:

139 5074 245 5127 sed
269 5075 331 5126 in
352 5078 425 5125 te.

476 5189 842 5257 TITULUS
887 5189 1212 5255 PSALMI
1260 5191 1396 5257 LV.

202 5332 249 5393 14.
287 5329 484 5393 Titulus
514 5329 769 5393 sequentis
792 5328 971 5393 psalmi
1006 5326 1116 5374 talis
1140 5331 1218 5393 est
1238 5343 1248 5374 :
1276 5324 1527 5393 [af-ﬁnem
1542 5342 1644 5393 pro
1650 5344 1737 5393 po-

138 5391 444 5457 purlo,Aquia
465 5390 665 5439 sanctis
690 5388 842 5450 longe
859 5388 1035 5451 factus
1058 5394 1146 5457 est,
1180 5388 1442 5457 Dauidia
1471 5388 1615 5457 tituli
1628 5388 1740 5457 ihs-

140 5451 561 5518 eriptionemum
586 5457 872 5518 tenuerunt
889 5465 1019 5518 eum
1034 5451 1293 5518 Allbphyi
1317 5451 1377 5518 iii
1400 5452 1529 5501 Gcth
1547 5455 1737 5518 (2.Reg.

143 5467 561 5517 enpnone,cum
586 5467 872 5500 tenuerunt
895 5467 1019 5499 eum
1034 5467 1293 5561 Atlopn‘i/t
1317 5467 1377 5499 in
1400 5467 1529 5501 uctn
1547 5467 1737 5518 (2.11eg.

143 5516 194 5570 1.
222 5522 268 5565 et
294 5518 415 5579 2L).
442 5517 666 5564 Psalmus
683 5517 774 5580 iste
790 5514 1216 5580 attribuiturDavi
1260 5517 1739 5580 ,scilicetEcclesite,

144 5577 453 5638 dirigens'in
479 5580 629 5625 finem
655 5578 901 5639 Psalmus,
926 5577 1058 5637 dico,
1084 5578 1285 5625 habitus
1304 5592 1404 5640 pro
1418 5578 1636 5641 populo,
1653 5577 1744 5628 sci-

146 5644 279 5699 licet,
324 5648 377 5689 ut
410 5644 518 5699 ipse
557 5641 793 5687 liberetur
828 5654 857 5686 a
889 5640 1087 5699 populo,
1120 5641 1208 5698 qui
1254 5640 1597 5699 longefaclus
1620 5649 1691 5690 est
1712 5659 1740 5690 a

146 5703 417 5757 sanctis,in
441 5700 585 5752 tituli
601 5701 976 5763 inscriptione:
990 5704 1234 5760 quiacum
1248 5705 1404 5749 sancti
1417 5706 1746 5752 conﬁteantur

145 5770 404 5816 Christum
428 5779 593 5824 regem
617 5766 922 5829 Judteorum,
940 5764 1070 5829 sicut
1088 5766 1279 5812 tutulus
1296 5767 1413 5812 dicit
1442 5765 1744 5829 (Joan.19.),

146 5832 366 5891 populus
386 5830 481 5877 iste
493 5827 803 5883 contradicit,
817 5829 923 5874 sive
939 5827 1106 5889 dictis,
1125 5829 1349 5875 utJudzei
1367 5833 1413 5875 et
1436 5827 1746 5889 pagani,sive

147 5903 305 5963 factis,
344 5906 402 5948 ut
442 5900 566 5948 mali
610 5898 917 5947 Christiani:
963 5912 1087 5945 cum
1117 5902 1400 5946 tenuerunt
1422 5914 1543 5947 eum
1572 5897 1744 5967 274

146 5970 436 6038 Atlophyli
459 5970 518 6020 in
548 5969 697 6022 Gelli.
724 5970 846 6019 Geth
864 5970 1040 6018 civitas
1056 5973 1159 6017 erat
1172 5970 1576 6032 Allophylorum,
1590 5973 1640 6020 id
1653 5980 1746 6036 est,

1118 396 1192 445 IN
1226 394 1553 447 PSALMOS
1586 394 1793 447 LXXV
1822 394 2408 447 COMMENTARIUS.

3311 403 3417 460 866

1813 510 2409 576 alienigenarummtique
2427 509 2600 576 populi
2614 510 2762 576 longe
2774 523 2803 555 a
2816 512 3146 576 sanctis,Geth
3174 515 3417 576 interpre-

1818 577 1943 617 tatur
1957 569 2441 637 torcutar._Fugitad
2455 572 2599 617 istam
2616 569 3053 637 civitatemibavid,
3067 578 3151 623 sed
3166 578 3235 624 ibi
3258 569 3417 627 reten-

1817 641 1918 680 tum
1937 648 2041 680 esse
2049 636 2193 691 juxta
2217 635 2476 680 historiam
2502 648 2597 680 non
2622 635 2852 693 legimus.
2872 636 2998 695 Ergo
3017 635 3168 685 David
3192 648 3414 690 nostrum

1813 699 1979 742 Jesum
1998 698 2244 743 Christum
2267 710 2361 742 non
2386 698 2549 743 solum
2565 701 2853 758 tenuerunt,
2867 701 2949 743 sed
2966 701 3131 747 adhuc
3154 708 3320 750 tenent
3335 707 3420 752 Al-

1818 759 2099 826 l_ophyli,_id
2127 764 2201 804 est
2228 759 2544 826 alienigenas,
2571 760 2625 826 in
2652 760 2791 826 Geth,
2812 762 2860 826 id
2889 766 2977 819 est,
2999 762 3051 826 in
3077 766 3329 826 torculari,
3349 768 3420 813 vi-

1816 823 1993 866 delicet
2023 822 2073 866 in
2100 834 2334 879 pressura
2363 823 2513 877 hujus
2536 821 2665 870 vitm.
2690 822 2889 868 Materia
2912 825 3228 873 estChristus
3251 834 3298 874 et
3319 821 3417 876 Ec-

1815 884 1984 930 clesia.
2012 884 2067 928 Et
2090 884 2199 946 ipsa
2219 884 2443 941 loquitur
2470 886 2531 929 de
2555 897 2625 932 se.
2651 886 2705 930 In
2731 886 2895 943 prima
2919 891 3053 945 parte
3076 890 3195 946 petit
3216 890 3418 938 liberari

1816 960 1844 991 a
1868 945 2181 991 daemonibus
2218 950 2265 990 et
2288 958 2317 991 a
2343 946 2580 991 membris
2610 947 2734 1003 suis,
2761 960 2949 1005 ponens
2973 948 3025 994 in
3054 945 3149 996 Deo
3180 952 3416 1000 fiduciam

1816 1021 1923 1054 sure
1954 1008 2285 1056 liherationls.
2320 1008 2377 1054 In
2401 1008 2638 1060 secunda.
2663 1022 2776 1066 qua)
2803 1010 2980 1068 incipit
3007 1012 3091 1058 ubi
3117 1013 3239 1060 dicit
3263 1031 3274 1061 :
3303 1017 3419 1062 Tota

1816 1070 1898 1116 die
1944 1070 2093 1115 verba
2128 1083 2253 1127 mea,
2295 1073 2406 1127 etc.,
2445 1076 2704 1117 enumerat
2741 1072 2829 1118 illa
2861 1073 2992 1118 mala
3031 1087 3143 1132 quas
3168 1076 3264 1122 sibi
3300 1078 3419 1124 facit

1818 1132 2035 1191 populus
2062 1132 2166 1179 ille.
2201 1132 2453 1196 inﬂlerlia,
2476 1146 2590 1191 quae
2616 1133 2811 1194 incipit,
2842 1135 2928 1180 ubi
2954 1135 3091 1196 dicit,
3117 1139 3169 1183 In
3198 1152 3276 1184 me
3301 1143 3419 1186 sunt

1818 1197 1947 1240 Deus
1974 1200 2083 1239 vota
2111 1199 2211 1255 tua,
2236 1194 2355 1241 dicit
2377 1208 2427 1240 se
2445 1195 2496 1240 in
2523 1200 2763 1241 aeternum
2789 1194 3104 1244 laudaturum
3132 1202 3304 1250 Deum.
3340 1204 3420 1250 ln-

1819 1258 1972 1302 tentio
2006 1262 2097 1315 est,
2134 1269 2224 1302 nos
2259 1257 2546 1318 admonere,
2581 1263 2635 1303 ut
2667 1271 2779 1303 cum
2817 1260 3055 1317 patientia
3080 1264 3420 1311 sustineamus

1817 1320 1948 1383 mala
1970 1319 2121 1383 hujus
2144 1319 2277 1377 vita),
2313 1320 2619 1365 attendentes
2638 1321 2793 1383 etiam
2829 1322 3069 1383 illos,qui
3116 1324 3260 1370 nobis
3289 1326 3420 1371 mala

1818 1381 2042 1427 inferunt
2063 1382 2119 1427 ad
2152 1395 2243 1427 nos
2278 1382 2517 1431 converti.
2545 1383 2602 1428 Et
2635 1382 2749 1429 licet
2774 1384 2826 1428 in
2856 1381 3180 1431 Deo‘conﬁdat
3200 1388 3421 1433 Ecclesia

1817 1444 1878 1490 de
1902 1444 2336 1508 sualiheratione,
2378 1448 2545 1491 tamen
2590 1458 2731 1492 suam
2768 1447 3031 1494 attendens
3058 1448 3417 1508 inﬁrmitatem,

1818 1509 1891 1552 sic
1916 1506 2096 1566 incipit
2119 1520 2276 1553 orare.

2334 1608 2733 1675 PSALMUS
2778 1609 2915 1675 LV.

1883 1740 1934 1793 “2.
1960 1742 2205 1791 Miserere
2229 1742 2333 1790 mei
2346 1744 2501 1792 Deus.
2522 1744 2739 1794 Praesta
2761 1742 3041 1795 auxilium
3057 1744 3128 1797 de
3142 1745 3422 1797 malorum

1823 1814 2233 1875 persecutione.
2261 1816 2330 1865 Et
2351 1826 2591 1864 necesse
2615 1818 2706 1864 est
2742 1833 2752 1862 :
2789 1814 3060 1872 Quoniam
3090 1817 3418 1868 conculcavit

1741 1878 1795 1952 B
1824 1898 1904 1932 me
1929 1885 2105 1935 homo.
2132 1887 2201 1935 Et
2216 1884 2477 1935 diabolus
2494 1885 2553 1934 in
2570 1886 2879 1947 Evangelio
2898 1892 3137 1938 vocatus
3150 1891 3240 1939 est
3257 1892 3421 1953 homo,

1822 1955 1919 2006 ubi
1954 1955 2025 2007 de
2070 1956 2303 2006 zizaniis
2341 1956 2548 2006 dicitur
2587 1970 2599 2005 :
2635 1956 2908 2007 Inimicus
2946 1956 3121 2009 homo
3148 1959 3257 2010 hoc
3291 1959 3425 2011 fecit

1819 2026 2033 2086 (Matth.
2073 2024 2198 2088 13.).
2244 2027 2357 2076 iste
2389 2025 2660 2076 inimicus
2694 2025 2884 2088 homo,
2923 2032 2980 2077 et
3017 2040 3116 2090 per
3149 2041 3211 2079 se
3247 2032 3304 2080 et
3327 2042 3426 2094 per

1822 2098 2078 2148 membra
2110 2110 2227 2148 non
2257 2100 2447 2147 cessat
2473 2096 2755 2160 persequi,
2794 2101 2851 2147 et
2875 2099 3197 2161 opprimere
3225 2113 3424 2153 servos

1822 2169 1943 2219 Dei.
1970 2170 2111 2219 Cum
2151 2168 2391 2231 caperis
2430 2168 2490 2217 in
2513 2168 2737 2218 Christo
2762 2168 2851 2231 pie
2876 2169 3087 2231 vivere,
3122 2170 3423 2235 ingressus

1822 2252 1885 2290 es
1923 2238 2187 2290 torcular.
2223 2243 2483 2302 i’rzepara
2516 2241 2568 2289 te
2591 2238 2662 2288 ad
2698 2251 3014 2301 pressuras.
3048 2240 3172 2291 Noli
3198 2242 3419 2305 timere,

1823 2310 1959 2373 quia
1982 2316 2037 2361 te
2062 2309 2363 2360 conculcet
2386 2309 2577 2359 homo.
2607 2310 2731 2360 Uva
2754 2309 2939 2361 factus
2972 2324 3053 2369 es,
3080 2316 3145 2362 ut
3164 2312 3420 2365 calceris.

1825 2383 1890 2432 in
1915 2381 2182 2432 torculari
2205 2381 2501 2431 fructuosa
2527 2393 2793 2444 pressura
2815 2383 3130 2434 est.Uvain
3146 2384 3259 2436 vite
3283 2401 3425 2446 pres-

1825 2465 2019 2504 suram
2050 2466 2169 2503 non
2205 2454 2399 2503 sentit.
2436 2454 2661 2515 Integra
2692 2452 2940 2517 videtur,
2979 2454 3079 2505 sed
3120 2455 3261 2506 nihil
3286 2456 3418 2508 inde

1825 2528 2038 2575 manat.
2087 2524 2331 2574 Mittitur
2376 2524 2437 2574 in
2473 2523 2740 2575 torculari
2777 2540 2788 2572 :
2823 2523 3093 2589 calcatur,
3118 2526 3420 2589 premitur:

1825 2596 2036 2659 injuria
2068 2594 2292 2646 videtur
2335 2594 2457 2645 fieri
2502 2606 2636 2647 uva:
2663 2610 2676 2645 :
2704 2594 2805 2645 sed
2838 2595 2952 2646 ista
2982 2595 3185 2658 injuria
3218 2598 3427 2650 sterilis

1826 2680 1941 2717 non
1979 2670 2084 2729 est,
2109 2666 2224 2716 imo
2260 2665 2307 2716 si
2330 2665 2490 2716 nulla
2513 2665 2725 2728 injuria
2748 2665 2926 2728 ﬁeret,
2951 2666 3427 2721 sterilisremane—

1826 2743 1927 2789 ret.
1946 2738 2329 2788 Attendamus
2344 2750 2479 2801 ergo
2492 2737 2641 2788 duos
2654 2738 2871 2799 hostes,
2889 2751 3064 2801 quem
3080 2739 3361 2803 videmus,
3380 2748 3427 2789 et

1828 2822 1998 2873 quem
2035 2822 2150 2860 non
2184 2808 2467 2870 videmus,
2493 2808 2789 2859 hominem
2823 2813 2883 2860 et
2914 2809 3225 2862 diabolum.
3258 2811 3427 2863 Illum

1829 2882 2157 2946 diligamus,
2206 2880 2386 2931 istum
2433 2891 2763 2931 caveamus.
2792 2881 2899 2931 Pro
2920 2880 3151 2933 homine
3177 2895 3424 2947 oremus,

1828 2959 2029 3004 contra
2051 2951 2343 3003 diabolum
2367 2963 2620 3013 oremus,
2646 2954 2703 3001 et
2719 2951 2980 3002 dicamus
3005 2953 3147 3004 Deo:
3181 2955 3429 3005 Miserere

1827 3025 1933 3075 mei
1954 3025 2109 3084 Deus,
2134 3023 2401 3088 quoniam
2434 3021 2769 3072 coneuteavit
2790 3037 2875 3071 me
2895 3022 3074 3072 homo.
3096 3024 3222 3073 Tota
3245 3026 3347 3085 die,
3366 3026 3425 3078 id

1831 3102 1935 3159 est,
1961 3095 2194 3146 assidue
2220 3094 2555 3157 impugnans
2567 3093 2758 3145 verbis
2774 3097 2833 3144 et
2843 3095 3315 3158 suggestionibus
3328 3098 3428 3145 tri-

1831 3168 2031 3218 bulavit
2053 3181 2155 3229 me,
2178 3165 3063 3229 manifestislmpugnationibus.
3081 3168 3288 3219 Contra
3305 3170 3427 3219 tales

1830 3242 1941 3292 iste
1974 3237 2235 3303 psalmus
2266 3237 2570 3288 conﬁrmat
2604 3249 2736 3288 nos.
2778 3238 3023 3289 Necesse
3048 3243 3139 3290 est
3160 3240 3331 3306 enim,
3362 3246 3430 3294 ut

1759 3296 1808 3373 C
1836 3296 2283 3375 tales-patiamur
2301 3321 2489 3372 usque
2511 3308 2571 3359 in
2594 3308 2787 3373 ﬁnem,
2806 3320 2952 3372 quos
2972 3321 3090 3361 non
3107 3296 3430 3374 pateremur

1826 3386 1937 3442 nisi
1963 3383 2131 3433 nobis
2154 3381 2463 3445 expediret.
2478 3380 2679 3432 Omnis
2702 3393 2953 3445 namque
2975 3383 3211 3435 tentatio
3224 3386 3429 3449 proba-

1829 3462 1908 3513 tio
1931 3460 2047 3509 est:
2063 3456 2120 3505 et
2141 3466 2330 3504 omnis
2356 3452 2705 3515 probationis
2719 3454 2960 3505 effectus
2986 3455 3161 3507 habet
3176 3455 3428 3508 fructum

1829 3542 2019 3584 suum.
2041 3528 2107 3577 Et
2125 3524 2375 3577 ostendit
2396 3537 2496 3588 per
2514 3537 2659 3587 quos
2670 3524 2806 3576 facit
2819 3526 3081 3578 diabolus
3096 3528 3194 3591 huj
3204 3527 3431 3581 usmodi

1827 3597 2324 3668 impugnationem
2348 3595 2638 3668 Ecclesiae,
2664 3609 2800 3648 cum
2825 3598 3157 3663 subjungit:

1892 3667 1941 3727 5.
1973 3668 2376 3722 Conculvarunt
2412 3682 2496 3715 me
2527 3667 2744 3717 inimici
2789 3671 2895 3719 mei
2930 3676 3038 3719 tota
3063 3671 3165 3722 die.
3196 3672 3284 3724 Ad
3310 3684 3435 3725 mo-

1830 3746 1971 3797 dum
1995 3754 2146 3804 uva,
2178 3752 2311 3803 qua:
2327 3740 2605 3803 primetur
2628 3740 2687 3790 in
2712 3741 2996 3807 torculari,
3023 3748 3433 3807 oppresserunt

1830 3830 1921 3868 me
1945 3814 2205 3866 membra
2227 3810 2438 3861 diaboli
2462 3826 2479 3859 :
2510 3815 2568 3861 et
2589 3816 2903 3874 potuerunt
2925 3813 3126 3877 facere,
3154 3815 3428 3873 Quoniam

1833 3887 1989 3937 multi
2017 3883 2263 3933 bellantes
2292 3880 2581 3930 adversum
2608 3896 2706 3930 me.
2724 3884 2883 3944 Quod
2910 3885 3275 3947 praemisitde
3295 3898 3429 3951 uno,

1830 3970 1984 4011 nunc
2026 3954 2162 4006 dicit
2197 3953 2269 4003 de
2291 3952 2553 4016 pluribus
2582 3969 2593 4001 :
2622 3953 2758 4016 quia
2776 3954 3033 4005 omnium
3060 3958 3431 4020 reproborum

1831 4032 2004 4095 caput
2027 4032 2117 4079 est
2139 4024 2422 4085 diabolus,
2448 4023 2545 4086 qui
2571 4023 2742 4075 modo
2756 4038 2853 4088 per
2873 4039 2951 4086 se,
2975 4027 3146 4078 modo
3159 4040 3258 4091 per
3273 4043 3434 4077 mem-

1831 4105 1933 4155 bra
1957 4111 2065 4152 sua
2087 4095 2381 4149 conculcat
2406 4099 2462 4145 et
2483 4095 2786 4159 impugnat
2800 4096 3007 4148 Christi
3030 4110 3256 4163 corpus,
3285 4100 3438 4152 sicut

1833 4175 1990 4242 prius
2018 4170 2150 4222 fecit
2171 4172 2228 4219 et
2260 4170 2449 4242 caput.
2482 4166 2591 4218 Sed
2623 4168 2770 4219 inter
2794 4168 3038 4221 adversa
3075 4170 3255 4234 fortis,
3294 4170 3434 4235 quid

1834 4238 2168 4310 subjungat,
2202 4238 2530 4290 audiamus.

1893 4309 2047 4369 4.7Ab
2077 4312 2366 4364 altitudine
2398 4310 2522 4369 diei,
2550 4309 2608 4360 id
2646 4315 2753 4375 est,
2779 4324 2813 4362 a
2846 4312 3115 4376 superbia
3136 4313 3434 4377 temporali

1835 4388 2060 4441 timebo?
2095 4384 2264 4436 Absit
2292 4400 2305 4431 :
2346 4383 2434 4434 vel
2460 4382 2671 4433 timebo
2695 4384 2768 4433 ab
2791 4384 3109 4447 altitudine,
3137 4385 3194 4436 id
3218 4389 3307 4436 est
3331 4397 3433 4449 po-

1834 4461 2029 4514 tentia.
2057 4469 2190 4521 quaa
2217 4453 2449 4518 quidem
2476 4454 2727 4505 timenda
2742 4468 2859 4507 non
2887 4460 2991 4518 est,
3020 4456 3156 4520 quia
3187 4456 3299 4507 diei
3325 4460 3431 4513 est,

1840 4534 1899 4588 id
1933 4537 2041 4595 est,
2077 4531 2149 4580 ad
2175 4534 2401 4591 tempus
2425 4539 2717 4578 concessa.
2744 4528 2905 4579 Hanc
2931 4540 3049 4579 non
3074 4527 3307 4588 timebo,
3334 4527 3433 4579 sed

1842 4608 2036 4675 potius
2063 4613 2225 4675 spem
2248 4611 2438 4675 meam
2481 4595 2654 4665 275
2682 4602 3033 4675 constituam
3057 4603 3114 4654 in
3142 4608 3213 4655 te.
3242 4606 3309 4655 Et
3332 4605 3441 4656 hoc

1764 4673 1819 4743 D
1844 4671 1931 4734 est
1957 4674 2110 4743 quod
2136 4671 2360 4725 subdit:
2392 4671 2504 4735 Ego
2530 4685 2650 4722 vero
2678 4672 2801 4722 inte
2829 4673 3064 4738 sperabo,
3091 4676 3234 4727 Cum
3259 4681 3439 4728 trans.

1838 4755 2010 4813 ierint
2053 4750 2197 4808 dies,
2237 4744 2333 4807 qui
2377 4744 2477 4795 alti
2532 4752 2689 4806 sunt,
2739 4748 2953 4798 etenim
2986 4746 3059 4798 ad
3093 4752 3321 4813 tempus
3343 4747 3440 4799 alti

1840 4834 1997 4890 sunt,
2024 4822 2185 4876 finito
2211 4822 2472 4890 tempore
2496 4815 2820 4890 altitudinis
2845 4832 2969 4871 suae
2996 4821 3301 4872 timebunt.
3328 4820 3441 4883 Ego

1838 4918 1959 4954 υενο
1988 4886 2059 4947 "in
2104 4898 2147 4941 le
2183 4886 2424 4953 sperabo.
2463 4889 2527 4939 In
2556 4889 2646 4939 die
2677 4889 2877 4953 judicii
2904 4891 3187 4943 timebunt
3209 4891 3441 4955 quidem

1838 4974 1971 5029 mali
2023 4968 2171 5034 (Sap.
2212 4961 2309 5025 5.),
2353 4960 2456 5034 sed
2509 4961 2695 5012 securi
2721 4967 2892 5013 erunt
2918 4962 3080 5026 justi.
3119 4962 3263 5013 illud
3286 4964 3442 5014 enim

1848 5032 2039 5101 veniet
2075 5045 2235 5096 tunc,
2266 5032 2420 5097 quod
2469 5034 2797 5096 sperabant,
2833 5036 2985 5096 quod
3019 5033 3441 5096 desiderabant,

1839 5117 1995 5184 quod
2023 5109 2225 5184 venire
2249 5104 2508 5158 orabant.
2522 5106 2665 5184 eam
2700 5117 2763 5155 se
2798 5103 3051 5157 validum
3090 5109 3149 5156 et
3184 5111 3446 5157 constan-

1840 5174 1957 5244 tem
1981 5180 2255 5240 ostendit,
2286 5187 2420 5226 cum
2447 5174 2644 5226 subdit
2668 5194 2679 5223 :

1900 5261 1949 5316 5.
1984 5260 2049 5308 In
2087 5255 2185 5303 Deo
2216 5246 2449 5298 laudabo
2482 5260 2749 5294 sermones
2787 5260 2946 5296 meos.
2975 5247 3276 5299 Sermones
3307 5260 3446 5301 suos

1840 5335 1899 5385 in
1937 5333 2051 5383 Deo
2093 5321 2306 5379 laudat,
2343 5317 2440 5382 qui
2483 5318 2544 5367 in
2582 5316 2692 5378 his,
2740 5329 2873 5380 quae
2905 5316 3058 5377 dicit,
3085 5331 3204 5370 non
3229 5332 3309 5382 se,
3343 5319 3445 5371 sed

1845 5406 2024 5455 Deum
2048 5389 2435 5449 commendat.
2463 5388 2607 5437 Hinc
2629 5388 2755 5450 ipsa
2776 5388 2903 5439 Veri
2914 5393 2999 5439 tas
3023 5389 3137 5439 ait:
3167 5390 3288 5440 Mea
3312 5390 3448 5441 doc-

1845 5475 1989 5527 trina
2034 5482 2149 5522 non
2183 5466 2271 5517 est
2314 5472 2461 5517 mea,
2502 5456 2602 5508 sed
2641 5460 2770 5520 ejus
2810 5458 2910 5521 qui
2937 5459 3098 5511 misit
3133 5473 3227 5511 me
3263 5461 3444 5513 Patris

1839 5548 2015 5609 (Joan.
2055 5542 2144 5603 7.).
2176 5534 2395 5609 Aliquis
2420 5529 3012 5609 liberlaudat_ur,cu_m
3035 5533 3107 5583 ab
3137 5532 3329 5609 aliquo
3346 5546 3442 5583 no-

1842 5601 2061 5668 ininato
2087 5601 2349 5669 Philosop
2359 5608 2447 5664 bo,
2475 5602 2599 5652 sive
2614 5614 2647 5651 a
2662 5601 2910 5664 perfecto
2924 5604 3304 5655 Grammatice
3316 5619 3449 5652 com-

1846 5688 2067 5753 positus
2091 5682 2314 5735 dicitur.
2339 5678 2574 5753 Quanto‘
2588 5672 2771 5753 magis
2788 5672 2867 5753 illi
2891 5687 3186 5753 sermones
3204 5676 3448 5753 laudandi

1846 5744 2001 5822 sunt,
2041 5757 2195 5821 quia
2219 5755 2335 5803 Deo
2362 5751 2515 5822 sunt.
2543 5745 2651 5822 Sed
2666 5744 2913 5822 quodin
2940 5750 2991 5796 te
3016 5747 3113 5822 Dei
3139 5750 3245 5822 est,
3260 5748 3450 5799 hono-

1846 5815 2005 5883 ratur
2026 5815 2077 5880 a'
2099 5834 2184 5880 te:
2212 5829 2269 5877 et
2295 5828 2356 5874 tu
2380 5820 2562 5871 factus
2586 5816 2645 5868 in
2665 5818 2803 5879 Deo,
2838 5815 3212 5870 honoraberis
3240 5832 3274 5871 a
3306 5821 3443 5871 Deo.

1846 5903 1902 5954 Si
1926 5904 2143 5961 autem,
2169 5893 2405 5962 quodin
2435 5897 2489 5944 te
2510 5889 2739 5962 Deiest,
2766 5889 3139 5962 honoraveris
3165 5894 3440 5955 tanquam

1845 5976 2031 6036 tuum,
2068 5960 2203 6023 non
2240 5966 2361 6031 Dei,
2384 5961 2674 6029 quomodo
2697 5960 2943 6026 populus
2966 5960 3060 6015 ille
3080 5963 3249 6027 longe
3271 5963 3454 6014 factus
