  <div class='ocr_page' id='page_1' title='image "/cluster/home/n/w/nwhite01/storage/ocr_20150623/21/umn.319510024773153/435.png"; bbox 0 0 3884 6394; ppageno 0'>
   <div class='ocr_carea' id='block_1_1' title="bbox 475 392 578 447">
    <p class='ocr_par' dir='ltr' id='par_1_1' title="bbox 475 392 578 447">
     <span class='ocr_line' id='line_1_1' title="bbox 475 392 578 447; baseline -0.01 0"><span class='ocrx_word' id='word_1_1' title='bbox 475 392 578 447; x_wconf 89' lang='grc'>867</span> 
     </span>
    </p>
   </div>
   <div class='ocr_carea' id='block_1_2' title="bbox 1534 391 2713 447">
    <p class='ocr_par' dir='ltr' id='par_1_2' title="bbox 1534 391 2713 447">
     <span class='ocr_line' id='line_1_2' title="bbox 1534 391 2713 447; baseline -0.001 -5"><span class='ocrx_word' id='word_1_2' title='bbox 1534 391 1805 443; x_wconf 89' lang='lat' dir='ltr'><strong>RUFINO</strong></span> <span class='ocrx_word' id='word_1_3' title='bbox 1839 392 2297 447; x_wconf 84' lang='lat' dir='ltr'><strong>PRESBYTERO</strong></span> <span class='ocrx_word' id='word_1_4' title='bbox 2332 391 2713 444; x_wconf 85' lang='lat' dir='ltr'><strong>ASCRIPTUS</strong></span> 
     </span>
    </p>
   </div>
   <div class='ocr_carea' id='block_1_3' title="bbox 3670 389 3771 446">
    <p class='ocr_par' dir='ltr' id='par_1_3' title="bbox 3670 389 3771 446">
     <span class='ocr_line' id='line_1_3' title="bbox 3670 389 3771 446; baseline 0 0"><span class='ocrx_word' id='word_1_5' title='bbox 3670 389 3771 446; x_wconf 88' lang='lat'><strong>868</strong></span> 
     </span>
    </p>
   </div>
   <div class='ocr_carea' id='block_1_4' title="bbox 471 500 3767 583">
    <p class='ocr_par' dir='ltr' id='par_1_4' title="bbox 471 500 3767 583">
     <span class='ocr_line' id='line_1_4' title="bbox 471 500 3767 583; baseline -0.001 -28"><span class='ocrx_word' id='word_1_6' title='bbox 471 508 564 583; x_wconf 80' lang='lat' dir='ltr'><strong>est</strong></span> <span class='ocrx_word' id='word_1_7' title='bbox 588 515 660 583; x_wconf 26' lang='grc'>*0.-</span> <span class='ocrx_word' id='word_1_8' title='bbox 685 502 919 560; x_wconf 81' lang='lat' dir='ltr'><strong>sanctis,</strong></span> <span class='ocrx_word' id='word_1_9' title='bbox 949 501 1030 551; x_wconf 90' lang='lat' dir='ltr'><strong>sic</strong></span> <span class='ocrx_word' id='word_1_10' title='bbox 1072 505 1135 551; x_wconf 91' lang='lat' dir='ltr'><strong>tu</strong></span> <span class='ocrx_word' id='word_1_11' title='bbox 1165 500 1346 583; x_wconf 38' lang='lat' dir='ltr'><strong>longe.</strong></span> <span class='ocrx_word' id='word_1_12' title='bbox 1369 508 1663 583; x_wconf 49' lang='lat' dir='ltr'><strong>a“sancto.</strong></span> <span class='ocrx_word' id='word_1_13' title='bbox 1693 504 1838 566; x_wconf 90' lang='lat' dir='ltr'><strong>Ergo</strong></span> <span class='ocrx_word' id='word_1_14' title='bbox 1858 503 1915 554; x_wconf 90' lang='lat' dir='ltr'><strong>in</strong></span> <span class='ocrx_word' id='word_1_15' title='bbox 1934 505 2056 583; x_wconf 69' lang='lat' dir='ltr'><strong>Deo</strong></span> <span class='ocrx_word' id='word_1_16' title='bbox 2080 512 2134 583; x_wconf 75' lang='grc' dir='ltr'><strong>Α</strong></span> <span class='ocrx_word' id='word_1_17' title='bbox 2161 504 2559 583; x_wconf 80' lang='lat' dir='ltr'><strong>acceptabiles</strong></span> <span class='ocrx_word' id='word_1_18' title='bbox 2578 502 2865 583; x_wconf 60' lang='lat' dir='ltr'><strong>habuisti,</strong></span> <span class='ocrx_word' id='word_1_19' title='bbox 2880 506 2944 583; x_wconf 67' lang='lat' dir='ltr'><strong>et</strong></span> <span class='ocrx_word' id='word_1_20' title='bbox 2971 513 3064 583; x_wconf 82' lang='lat' dir='ltr'><strong>me</strong></span> <span class='ocrx_word' id='word_1_21' title='bbox 3096 501 3399 583; x_wconf 73' lang='lat' dir='ltr'><strong>exaudisti.</strong></span> <span class='ocrx_word' id='word_1_22' title='bbox 3425 502 3594 583; x_wconf 73' lang='lat' dir='ltr'><strong>Sicut,</strong></span> <span class='ocrx_word' id='word_1_23' title='bbox 3623 507 3671 583; x_wconf 69' lang='lat' dir='ltr'><strong>et</strong></span> <span class='ocrx_word' id='word_1_24' title='bbox 3710 504 3767 552; x_wconf 83' lang='lat' dir='ltr'><strong>in</strong></span> 
     </span>
    </p>
   </div>
   <div class='ocr_carea' id='block_1_5' title="bbox 470 572 2053 637">
    <p class='ocr_par' dir='ltr' id='par_1_5' title="bbox 470 572 2053 637">
     <span class='ocr_line' id='line_1_5' title="bbox 470 572 2053 637; baseline -0.002 -11"><span class='ocrx_word' id='word_1_25' title='bbox 470 575 720 626; x_wconf 85' lang='lat' dir='ltr'><strong>laudabo</strong></span> <span class='ocrx_word' id='word_1_26' title='bbox 750 585 1042 625; x_wconf 87' lang='lat' dir='ltr'><strong>sermones</strong></span> <span class='ocrx_word' id='word_1_27' title='bbox 1054 584 1233 623; x_wconf 89' lang='lat' dir='ltr'><strong>meos.</strong></span> <span class='ocrx_word' id='word_1_28' title='bbox 1254 574 1307 624; x_wconf 90' lang='lat' dir='ltr'><strong>Si</strong></span> <span class='ocrx_word' id='word_1_29' title='bbox 1332 572 1392 623; x_wconf 89' lang='lat' dir='ltr'><strong>in</strong></span> <span class='ocrx_word' id='word_1_30' title='bbox 1407 575 1544 635; x_wconf 91' lang='lat' dir='ltr'><strong>Deo,</strong></span> <span class='ocrx_word' id='word_1_31' title='bbox 1557 586 1731 637; x_wconf 88' lang='lat' dir='ltr'><strong>quare</strong></span> <span class='ocrx_word' id='word_1_32' title='bbox 1750 587 1910 626; x_wconf 90' lang='lat' dir='ltr'><strong>meos</strong></span> <span class='ocrx_word' id='word_1_33' title='bbox 1931 580 2053 626; x_wconf 78' lang='lat' dir='ltr'><strong>PScd</strong></span> 
     </span>
    </p>
   </div>
   <div class='ocr_carea' id='block_1_6' title="bbox 472 643 2068 710">
    <p class='ocr_par' dir='ltr' id='par_1_6' title="bbox 472 643 2068 710">
     <span class='ocr_line' id='line_1_6' title="bbox 472 643 2068 710; baseline 0.003 -17"><span class='ocrx_word' id='word_1_34' title='bbox 472 646 536 694; x_wconf 79' lang='lat' dir='ltr'><strong>in</strong></span> <span class='ocrx_word' id='word_1_35' title='bbox 581 647 686 695; x_wconf 87' lang='lat' dir='ltr'><strong>Deo</strong></span> <span class='ocrx_word' id='word_1_36' title='bbox 723 648 779 694; x_wconf 85' lang='lat' dir='ltr'><strong>et</strong></span> <span class='ocrx_word' id='word_1_37' title='bbox 823 658 977 692; x_wconf 87' lang='lat' dir='ltr'><strong>meos.</strong></span> <span class='ocrx_word' id='word_1_38' title='bbox 1012 643 1075 691; x_wconf 86' lang='lat' dir='ltr'><strong>In</strong></span> <span class='ocrx_word' id='word_1_39' title='bbox 1114 643 1238 704; x_wconf 85' lang='lat' dir='ltr'><strong>Deo,</strong></span> <span class='ocrx_word' id='word_1_40' title='bbox 1274 644 1410 706; x_wconf 83' lang='lat' dir='ltr'><strong>quia</strong></span> <span class='ocrx_word' id='word_1_41' title='bbox 1447 646 1519 694; x_wconf 88' lang='lat' dir='ltr'><strong>ab</strong></span> <span class='ocrx_word' id='word_1_42' title='bbox 1556 644 1681 708; x_wconf 89' lang='lat' dir='ltr'><strong>ipso</strong></span> <span class='ocrx_word' id='word_1_43' title='bbox 1710 659 1719 690; x_wconf 91' lang='lat'><strong>:</strong></span> <span class='ocrx_word' id='word_1_44' title='bbox 1748 661 1907 708; x_wconf 85' lang='lat' dir='ltr'><strong>meos,</strong></span> <span class='ocrx_word' id='word_1_45' title='bbox 1933 647 2068 710; x_wconf 88' lang='lat' dir='ltr'><strong>quia</strong></span> 
     </span>
    </p>
   </div>
   <div class='ocr_carea' id='block_1_7' title="bbox 469 714 2063 780">
    <p class='ocr_par' dir='ltr' id='par_1_7' title="bbox 469 714 2063 780">
     <span class='ocr_line' id='line_1_7' title="bbox 469 714 2063 780; baseline 0.001 -12"><span class='ocrx_word' id='word_1_46' title='bbox 469 717 680 780; x_wconf 89' lang='lat' dir='ltr'><strong>accepi,</strong></span> <span class='ocrx_word' id='word_1_47' title='bbox 706 715 771 762; x_wconf 87' lang='lat' dir='ltr'><strong>In</strong></span> <span class='ocrx_word' id='word_1_48' title='bbox 800 714 906 762; x_wconf 89' lang='lat' dir='ltr'><strong>Deo</strong></span> <span class='ocrx_word' id='word_1_49' title='bbox 928 714 1156 777; x_wconf 81' lang='lat' dir='ltr'><strong>speravi.</strong></span> <span class='ocrx_word' id='word_1_50' title='bbox 1183 714 1356 765; x_wconf 89' lang='lat' dir='ltr'><strong>Paulo</strong></span> <span class='ocrx_word' id='word_1_51' title='bbox 1380 719 1513 766; x_wconf 90' lang='lat' dir='ltr'><strong>ante</strong></span> <span class='ocrx_word' id='word_1_52' title='bbox 1537 714 1779 779; x_wconf 91' lang='lat' dir='ltr'><strong>dixerat,</strong></span> <span class='ocrx_word' id='word_1_53' title='bbox 1801 718 2063 780; x_wconf 89' lang='lat' dir='ltr'><strong>Sperabo.</strong></span> 
     </span>
    </p>
   </div>
   <div class='ocr_carea' id='block_1_8' title="bbox 470 785 2067 850">
    <p class='ocr_par' dir='ltr' id='par_1_8' title="bbox 470 785 2067 850">
     <span class='ocr_line' id='line_1_8' title="bbox 470 785 2067 850; baseline 0 -11"><span class='ocrx_word' id='word_1_54' title='bbox 470 791 598 839; x_wconf 88' lang='lat' dir='ltr'><strong>Jam</strong></span> <span class='ocrx_word' id='word_1_55' title='bbox 637 786 785 836; x_wconf 80' lang='lat' dir='ltr'><strong>dixit</strong></span> <span class='ocrx_word' id='word_1_56' title='bbox 819 785 1051 849; x_wconf 75' lang='lat' dir='ltr'><strong>speravi,</strong></span> <span class='ocrx_word' id='word_1_57' title='bbox 1080 789 1359 848; x_wconf 88' lang='lat' dir='ltr'><strong>tanquam</strong></span> <span class='ocrx_word' id='word_1_58' title='bbox 1381 798 1498 836; x_wconf 90' lang='lat' dir='ltr'><strong>non</strong></span> <span class='ocrx_word' id='word_1_59' title='bbox 1524 786 1753 849; x_wconf 89' lang='lat' dir='ltr'><strong>timens,</strong></span> <span class='ocrx_word' id='word_1_60' title='bbox 1794 792 2067 850; x_wconf 75' lang='lat' dir='ltr'><strong>tanquam</strong></span> 
     </span>
    </p>
   </div>
   <div class='ocr_carea' id='block_1_9' title="bbox 471 855 2064 919">
    <p class='ocr_par' dir='ltr' id='par_1_9' title="bbox 471 855 2064 919">
     <span class='ocr_line' id='line_1_9' title="bbox 471 855 2064 919; baseline 0 -10"><span class='ocrx_word' id='word_1_61' title='bbox 471 859 866 909; x_wconf 77' lang='lat' dir='ltr'><strong>confirmatus.</strong></span> <span class='ocrx_word' id='word_1_62' title='bbox 909 857 1033 904; x_wconf 78' lang='grc' dir='ltr'><strong>Α’οη</strong></span> <span class='ocrx_word' id='word_1_63' title='bbox 1082 855 1266 904; x_wconf 84' lang='lat' dir='ltr'><strong>timebo</strong></span> <span class='ocrx_word' id='word_1_64' title='bbox 1298 856 1432 919; x_wconf 78' lang='lat' dir='ltr'><strong>quid</strong></span> <span class='ocrx_word' id='word_1_65' title='bbox 1468 856 1637 917; x_wconf 77' lang='lat' dir='ltr'><strong>faciat</strong></span> <span class='ocrx_word' id='word_1_66' title='bbox 1660 858 1804 906; x_wconf 78' lang='lat' dir='ltr'><strong>mihi</strong></span> <span class='ocrx_word' id='word_1_67' title='bbox 1831 874 1976 908; x_wconf 79' lang='lat' dir='ltr'><strong>caro.</strong></span> <span class='ocrx_word' id='word_1_68' title='bbox 2002 860 2064 910; x_wconf 89' lang='lat' dir='ltr'>Id</span> 
     </span>
    </p>
   </div>
   <div class='ocr_carea' id='block_1_10' title="bbox 472 925 2067 990">
    <p class='ocr_par' dir='ltr' id='par_1_10' title="bbox 472 925 2067 990">
     <span class='ocr_line' id='line_1_10' title="bbox 472 925 2067 990; baseline 0.001 -10"><span class='ocrx_word' id='word_1_69' title='bbox 472 934 579 988; x_wconf 90' lang='lat' dir='ltr'><strong>est,</strong></span> <span class='ocrx_word' id='word_1_70' title='bbox 608 928 848 990; x_wconf 88' lang='lat' dir='ltr'><strong>quilibet</strong></span> <span class='ocrx_word' id='word_1_71' title='bbox 880 925 1146 978; x_wconf 84' lang='lat' dir='ltr'><strong>carnalis.</strong></span> <span class='ocrx_word' id='word_1_72' title='bbox 1173 929 1312 990; x_wconf 85' lang='lat' dir='ltr'><strong>Spes</strong></span> <span class='ocrx_word' id='word_1_73' title='bbox 1337 928 1455 978; x_wconf 85' lang='lat' dir='ltr'><strong>fixa</strong></span> <span class='ocrx_word' id='word_1_74' title='bbox 1492 928 1551 979; x_wconf 92' lang='lat' dir='ltr'><strong>in</strong></span> <span class='ocrx_word' id='word_1_75' title='bbox 1578 931 1692 980; x_wconf 90' lang='lat' dir='ltr'><strong>Deo</strong></span> <span class='ocrx_word' id='word_1_76' title='bbox 1717 942 1945 980; x_wconf 86' lang='lat' dir='ltr'><strong>omnem</strong></span> <span class='ocrx_word' id='word_1_77' title='bbox 1967 945 2067 981; x_wconf 87' lang='lat' dir='ltr'><strong>ex-</strong></span> 
     </span>
    </p>
   </div>
   <div class='ocr_carea' id='block_1_11' title="bbox 469 998 2066 1063">
    <p class='ocr_par' dir='ltr' id='par_1_11' title="bbox 469 998 2066 1063">
     <span class='ocr_line' id='line_1_11' title="bbox 469 998 2066 1063; baseline 0.003 -15"><span class='ocrx_word' id='word_1_78' title='bbox 469 999 624 1063; x_wconf 93' lang='lat' dir='ltr'><strong>pellit</strong></span> <span class='ocrx_word' id='word_1_79' title='bbox 640 999 919 1048; x_wconf 75' lang='lat' dir='ltr'><strong>timorem.</strong></span> <span class='ocrx_word' id='word_1_80' title='bbox 944 999 1073 1061; x_wconf 87' lang='lat' dir='ltr'><strong>Ipsa</strong></span> <span class='ocrx_word' id='word_1_81' title='bbox 1092 998 1265 1047; x_wconf 88' lang='lat' dir='ltr'><strong>etiam</strong></span> <span class='ocrx_word' id='word_1_82' title='bbox 1285 999 1615 1049; x_wconf 77' lang='lat' dir='ltr'><strong>transitoria</strong></span> <span class='ocrx_word' id='word_1_83' title='bbox 1628 1000 1946 1050; x_wconf 87' lang='lat' dir='ltr'><strong>contemnit</strong></span> <span class='ocrx_word' id='word_1_84' title='bbox 1959 1005 2066 1052; x_wconf 89' lang='lat' dir='ltr'><strong>tor-</strong></span> 
     </span>
    </p>
   </div>
   <div class='ocr_carea' id='block_1_12' title="bbox 470 1070 2066 1135">
    <p class='ocr_par' dir='ltr' id='par_1_12' title="bbox 470 1070 2066 1135">
     <span class='ocr_line' id='line_1_12' title="bbox 470 1070 2066 1135; baseline 0.001 -13"><span class='ocrx_word' id='word_1_85' title='bbox 470 1074 681 1122; x_wconf 89' lang='lat' dir='ltr'><strong>menta.</strong></span> <span class='ocrx_word' id='word_1_86' title='bbox 731 1070 978 1119; x_wconf 86' lang='lat' dir='ltr'><strong>Generat</strong></span> <span class='ocrx_word' id='word_1_87' title='bbox 1028 1070 1183 1119; x_wconf 89' lang='lat' dir='ltr'><strong>enim</strong></span> <span class='ocrx_word' id='word_1_88' title='bbox 1229 1070 1544 1120; x_wconf 80' lang='lat' dir='ltr'><strong>caritatem.</strong></span> <span class='ocrx_word' id='word_1_89' title='bbox 1579 1070 1823 1121; x_wconf 76' lang='lat' dir='ltr'><strong>Generat</strong></span> <span class='ocrx_word' id='word_1_90' title='bbox 1848 1073 2066 1135; x_wconf 91' lang='lat' dir='ltr'><strong>patien-</strong></span> 
     </span>
    </p>
   </div>
   <div class='ocr_carea' id='block_1_13' title="bbox 470 1139 2063 1204">
    <p class='ocr_par' dir='ltr' id='par_1_13' title="bbox 470 1139 2063 1204">
     <span class='ocr_line' id='line_1_13' title="bbox 470 1139 2063 1204; baseline 0.001 -11"><span class='ocrx_word' id='word_1_91' title='bbox 470 1143 628 1204; x_wconf 84' lang='lat' dir='ltr'><strong>tiam,</strong></span> <span class='ocrx_word' id='word_1_92' title='bbox 655 1141 867 1204; x_wconf 90' lang='lat' dir='ltr'><strong>quibus</strong></span> <span class='ocrx_word' id='word_1_93' title='bbox 887 1139 1141 1191; x_wconf 73' lang='lat' dir='ltr'><strong>calcatur</strong></span> <span class='ocrx_word' id='word_1_94' title='bbox 1164 1142 1440 1204; x_wconf 86' lang='lat' dir='ltr'><strong>mundus,</strong></span> <span class='ocrx_word' id='word_1_95' title='bbox 1457 1146 1760 1204; x_wconf 83' lang='lat' dir='ltr'><strong>superatur</strong></span> <span class='ocrx_word' id='word_1_96' title='bbox 1782 1143 2063 1195; x_wconf 79' lang='lat' dir='ltr'><strong>diabolus.</strong></span> 
     </span>
    </p>
   </div>
   <div class='ocr_carea' id='block_1_14' title="bbox 468 1211 2066 1278">
    <p class='ocr_par' dir='ltr' id='par_1_14' title="bbox 468 1211 2066 1278">
     <span class='ocr_line' id='line_1_14' title="bbox 468 1211 2066 1278; baseline 0.001 -13"><span class='ocrx_word' id='word_1_97' title='bbox 468 1214 644 1275; x_wconf 83' lang='lat' dir='ltr'><strong>Dicis,</strong></span> <span class='ocrx_word' id='word_1_98' title='bbox 691 1212 819 1261; x_wconf 79' lang='lat' dir='ltr'><strong>Non</strong></span> <span class='ocrx_word' id='word_1_99' title='bbox 867 1211 1058 1260; x_wconf 73' lang='lat' dir='ltr'><strong>timebo</strong></span> <span class='ocrx_word' id='word_1_100' title='bbox 1098 1212 1235 1274; x_wconf 71' lang='lat' dir='ltr'><strong>quid</strong></span> <span class='ocrx_word' id='word_1_101' title='bbox 1270 1212 1439 1274; x_wconf 79' lang='lat' dir='ltr'><strong>faciat</strong></span> <span class='ocrx_word' id='word_1_102' title='bbox 1474 1213 1615 1261; x_wconf 78' lang='lat' dir='ltr'><strong>mihi</strong></span> <span class='ocrx_word' id='word_1_103' title='bbox 1648 1228 1775 1263; x_wconf 83' lang='lat' dir='ltr'><strong>caro</strong></span> <span class='ocrx_word' id='word_1_104' title='bbox 1812 1219 1905 1265; x_wconf 88' lang='lat' dir='ltr'><strong>:et</strong></span> <span class='ocrx_word' id='word_1_105' title='bbox 1929 1214 2066 1278; x_wconf 90' lang='lat' dir='ltr'><strong>quid</strong></span> 
     </span>
    </p>
   </div>
   <div class='ocr_carea' id='block_1_15' title="bbox 475 1284 782 1338">
    <p class='ocr_par' dir='ltr' id='par_1_15' title="bbox 475 1284 782 1338">
     <span class='ocr_line' id='line_1_15' title="bbox 475 1284 782 1338; baseline -0.013 -1"><span class='ocrx_word' id='word_1_106' title='bbox 475 1285 578 1338; x_wconf 74' lang='lat' dir='ltr'><strong>tibi</strong></span> <span class='ocrx_word' id='word_1_107' title='bbox 600 1284 782 1335; x_wconf 77' lang='lat' dir='ltr'><strong>facit?</strong></span> 
     </span>
    </p>
   </div>
   <div class='ocr_carea' id='block_1_16' title="bbox 528 1352 2063 1417">
    <p class='ocr_par' dir='ltr' id='par_1_16' title="bbox 528 1352 2063 1417">
     <span class='ocr_line' id='line_1_16' title="bbox 528 1352 2063 1417; baseline 0.002 -12"><span class='ocrx_word' id='word_1_108' title='bbox 528 1354 580 1409; x_wconf 85' lang='lat'><strong>6.</strong></span> <span class='ocrx_word' id='word_1_109' title='bbox 613 1356 741 1403; x_wconf 85' lang='lat' dir='ltr'><strong>Tota</strong></span> <span class='ocrx_word' id='word_1_110' title='bbox 775 1353 859 1401; x_wconf 80' lang='lat' dir='ltr'><strong>die</strong></span> <span class='ocrx_word' id='word_1_111' title='bbox 887 1352 1046 1401; x_wconf 82' lang='lat' dir='ltr'><strong>verba</strong></span> <span class='ocrx_word' id='word_1_112' title='bbox 1068 1368 1190 1401; x_wconf 85' lang='lat' dir='ltr'><strong>mea</strong></span> <span class='ocrx_word' id='word_1_113' title='bbox 1211 1353 1645 1403; x_wconf 70' lang='lat' dir='ltr'><strong>exsecrabantur.</strong></span> <span class='ocrx_word' id='word_1_114' title='bbox 1660 1355 1723 1405; x_wconf 89' lang='lat' dir='ltr'><strong>Id</strong></span> <span class='ocrx_word' id='word_1_115' title='bbox 1741 1361 1846 1417; x_wconf 85' lang='lat' dir='ltr'><strong>est,</strong></span> <span class='ocrx_word' id='word_1_116' title='bbox 1877 1369 2063 1408; x_wconf 84' lang='lat' dir='ltr'><strong>meam</strong></span> 
     </span>
    </p>
   </div>
   <div class='ocr_carea' id='block_1_17' title="bbox 467 1423 2065 1492">
    <p class='ocr_par' dir='ltr' id='par_1_17' title="bbox 467 1423 2065 1492">
     <span class='ocr_line' id='line_1_17' title="bbox 467 1423 2065 1492; baseline -0.002 -13"><span class='ocrx_word' id='word_1_117' title='bbox 467 1425 939 1492; x_wconf 68' lang='lat' dir='ltr'><strong>praedicationem</strong></span> <span class='ocrx_word' id='word_1_118' title='bbox 947 1423 1288 1488; x_wconf 86' lang='lat' dir='ltr'><strong>judicabant</strong></span> <span class='ocrx_word' id='word_1_119' title='bbox 1300 1428 1649 1475; x_wconf 81' lang='lat' dir='ltr'><strong>execrabilem.</strong></span> <span class='ocrx_word' id='word_1_120' title='bbox 1674 1428 1714 1475; x_wconf 82' lang='grc' dir='ltr'><em>Α</em></span> <span class='ocrx_word' id='word_1_121' title='bbox 1725 1428 1973 1476; x_wconf 83' lang='lat' dir='ltr'><strong>dversum</strong></span> <span class='ocrx_word' id='word_1_122' title='bbox 1983 1442 2065 1476; x_wconf 83' lang='lat' dir='ltr'><strong>me</strong></span> 
     </span>
    </p>
   </div>
   <div class='ocr_carea' id='block_1_18' title="bbox 466 1496 2065 1559">
    <p class='ocr_par' dir='ltr' id='par_1_18' title="bbox 466 1496 2065 1559">
     <span class='ocr_line' id='line_1_18' title="bbox 466 1496 2065 1559; baseline 0.003 -13"><span class='ocrx_word' id='word_1_123' title='bbox 466 1512 649 1546; x_wconf 83' lang='lat' dir='ltr'><strong>omnes</strong></span> <span class='ocrx_word' id='word_1_124' title='bbox 682 1497 1030 1559; x_wconf 76' lang='lat' dir='ltr'><strong>cogitationes</strong></span> <span class='ocrx_word' id='word_1_125' title='bbox 1054 1510 1256 1557; x_wconf 85' lang='lat' dir='ltr'><strong>eorum,</strong></span> <span class='ocrx_word' id='word_1_126' title='bbox 1292 1496 1351 1544; x_wconf 72' lang='lat' dir='ltr'><strong>in</strong></span> <span class='ocrx_word' id='word_1_127' title='bbox 1376 1497 1603 1546; x_wconf 84' lang='lat' dir='ltr'><strong>malum.</strong></span> <span class='ocrx_word' id='word_1_128' title='bbox 1638 1499 1879 1558; x_wconf 85' lang='lat' dir='ltr'><strong>Reprobi</strong></span> <span class='ocrx_word' id='word_1_129' title='bbox 1912 1500 2065 1549; x_wconf 82' lang='lat' dir='ltr'><strong>enim</strong></span> 
     </span>
    </p>
   </div>
   <div class='ocr_carea' id='block_1_19' title="bbox 467 1568 2058 1633">
    <p class='ocr_par' dir='ltr' id='par_1_19' title="bbox 467 1568 2058 1633">
     <span class='ocr_line' id='line_1_19' title="bbox 467 1568 2058 1633; baseline 0 -12"><span class='ocrx_word' id='word_1_130' title='bbox 467 1570 746 1621; x_wconf 88' lang='lat' dir='ltr'><strong>adversus</strong></span> <span class='ocrx_word' id='word_1_131' title='bbox 764 1568 956 1631; x_wconf 90' lang='lat' dir='ltr'><strong>justos</strong></span> <span class='ocrx_word' id='word_1_132' title='bbox 979 1579 1098 1617; x_wconf 91' lang='lat' dir='ltr'><strong>non</strong></span> <span class='ocrx_word' id='word_1_133' title='bbox 1122 1568 1377 1630; x_wconf 85' lang='lat' dir='ltr'><strong>cogitant</strong></span> <span class='ocrx_word' id='word_1_134' title='bbox 1399 1568 1511 1619; x_wconf 88' lang='lat' dir='ltr'><strong>nisi</strong></span> <span class='ocrx_word' id='word_1_135' title='bbox 1532 1570 1749 1620; x_wconf 90' lang='lat' dir='ltr'><strong>malum</strong></span> <span class='ocrx_word' id='word_1_136' title='bbox 1781 1570 1938 1633; x_wconf 84' lang='lat' dir='ltr'><strong>(Psal.</strong></span> <span class='ocrx_word' id='word_1_137' title='bbox 1960 1570 2058 1632; x_wconf 89' lang='lat'><strong>7.):</strong></span> 
     </span>
    </p>
   </div>
   <div class='ocr_carea' id='block_1_20' title="bbox 471 1640 2065 1704">
    <p class='ocr_par' dir='ltr' id='par_1_20' title="bbox 471 1640 2065 1704">
     <span class='ocr_line' id='line_1_20' title="bbox 471 1640 2065 1704; baseline -0.001 -12"><span class='ocrx_word' id='word_1_138' title='bbox 471 1640 759 1704; x_wconf 90' lang='lat' dir='ltr'><strong>quomodo</strong></span> <span class='ocrx_word' id='word_1_139' title='bbox 786 1652 904 1701; x_wconf 91' lang='lat' dir='ltr'><strong>eos,</strong></span> <span class='ocrx_word' id='word_1_140' title='bbox 931 1644 988 1690; x_wconf 89' lang='lat' dir='ltr'><strong>et</strong></span> <span class='ocrx_word' id='word_1_141' title='bbox 1012 1651 1337 1690; x_wconf 88' lang='lat' dir='ltr'><strong>sermonem</strong></span> <span class='ocrx_word' id='word_1_142' title='bbox 1358 1652 1555 1690; x_wconf 92' lang='lat' dir='ltr'><strong>eorum</strong></span> <span class='ocrx_word' id='word_1_143' title='bbox 1568 1640 1791 1704; x_wconf 87' lang='lat' dir='ltr'><strong>possint</strong></span> <span class='ocrx_word' id='word_1_144' title='bbox 1814 1644 2065 1691; x_wconf 84' lang='lat' dir='ltr'><strong>destruere</strong></span> 
     </span>
    </p>
   </div>
   <div class='ocr_carea' id='block_1_21' title="bbox 467 1710 2061 1777">
    <p class='ocr_par' dir='ltr' id='par_1_21' title="bbox 467 1710 2061 1777">
     <span class='ocr_line' id='line_1_21' title="bbox 467 1710 2061 1777; baseline -0.001 -13"><span class='ocrx_word' id='word_1_145' title='bbox 467 1719 524 1764; x_wconf 93' lang='lat' dir='ltr'><strong>et</strong></span> <span class='ocrx_word' id='word_1_146' title='bbox 564 1711 897 1764; x_wconf 87' lang='lat' dir='ltr'><strong>adnihilare.</strong></span> <span class='ocrx_word' id='word_1_147' title='bbox 944 1712 1059 1761; x_wconf 82' lang='lat' dir='ltr'><strong>Nec</strong></span> <span class='ocrx_word' id='word_1_148' title='bbox 1098 1710 1286 1761; x_wconf 90' lang='lat' dir='ltr'><strong>solum</strong></span> <span class='ocrx_word' id='word_1_149' title='bbox 1323 1712 1583 1763; x_wconf 83' lang='lat' dir='ltr'><strong>extranei</strong></span> <span class='ocrx_word' id='word_1_150' title='bbox 1620 1719 2061 1777; x_wconf 90' lang='lat' dir='ltr'><strong>persequuntur,</strong></span> 
     </span>
    </p>
   </div>
   <div class='ocr_carea' id='block_1_22' title="bbox 469 1780 1932 1847">
    <p class='ocr_par' dir='ltr' id='par_1_22' title="bbox 469 1780 1932 1847">
     <span class='ocr_line' id='line_1_22' title="bbox 469 1780 1932 1847; baseline -0.001 -13"><span class='ocrx_word' id='word_1_151' title='bbox 469 1782 571 1834; x_wconf 90' lang='lat' dir='ltr'><strong>sed</strong></span> <span class='ocrx_word' id='word_1_152' title='bbox 595 1782 767 1833; x_wconf 90' lang='lat' dir='ltr'><strong>etiam</strong></span> <span class='ocrx_word' id='word_1_153' title='bbox 792 1780 1092 1831; x_wconf 84' lang='lat' dir='ltr'><strong>domestici</strong></span> <span class='ocrx_word' id='word_1_154' title='bbox 1110 1783 1167 1831; x_wconf 93' lang='lat' dir='ltr'><strong>et</strong></span> <span class='ocrx_word' id='word_1_155' title='bbox 1188 1782 1414 1844; x_wconf 86' lang='lat' dir='ltr'><strong>privati.</strong></span> <span class='ocrx_word' id='word_1_156' title='bbox 1440 1784 1573 1833; x_wconf 92' lang='lat' dir='ltr'><strong>Ideo</strong></span> <span class='ocrx_word' id='word_1_157' title='bbox 1601 1784 1932 1847; x_wconf 86' lang='lat' dir='ltr'><strong>subjungit:</strong></span> 
     </span>
    </p>
   </div>
   <div class='ocr_carea' id='block_1_23' title="bbox 531 1851 2064 1917">
    <p class='ocr_par' dir='ltr' id='par_1_23' title="bbox 531 1851 2064 1917">
     <span class='ocr_line' id='line_1_23' title="bbox 531 1851 2064 1917; baseline 0.001 -15"><span class='ocrx_word' id='word_1_158' title='bbox 531 1854 579 1907; x_wconf 93' lang='lat'><strong>7.</strong></span> <span class='ocrx_word' id='word_1_159' title='bbox 601 1852 989 1902; x_wconf 13' lang='lat' dir='ltr'><strong>[inhabitabant</strong></span> <span class='ocrx_word' id='word_1_160' title='bbox 1005 1858 1049 1900; x_wconf 85' lang='lat' dir='ltr'><strong>et</strong></span> <span class='ocrx_word' id='word_1_161' title='bbox 1066 1851 1409 1902; x_wconf 78' lang='lat' dir='ltr'><strong>abscondent:</strong></span> <span class='ocrx_word' id='word_1_162' title='bbox 1427 1854 1531 1917; x_wconf 79' lang='lat' dir='ltr'><strong>ipsi</strong></span> <span class='ocrx_word' id='word_1_163' title='bbox 1558 1854 1869 1903; x_wconf 42' lang='lat' dir='ltr'><strong>calcaneuvm</strong></span> <span class='ocrx_word' id='word_1_164' title='bbox 1886 1870 2064 1904; x_wconf 87' lang='lat' dir='ltr'><strong>meum</strong></span> 
     </span>
    </p>
   </div>
   <div class='ocr_carea' id='block_1_24' title="bbox 467 1924 2065 1990">
    <p class='ocr_par' dir='ltr' id='par_1_24' title="bbox 467 1924 2065 1990">
     <span class='ocr_line' id='line_1_24' title="bbox 467 1924 2065 1990; baseline 0.003 -16"><span class='ocrx_word' id='word_1_165' title='bbox 467 1924 836 1974; x_wconf 78' lang='lat' dir='ltr'><strong>observabunt.</strong></span> <span class='ocrx_word' id='word_1_166' title='bbox 861 1924 1135 1975; x_wconf 82' lang='lat' dir='ltr'><strong>Habitant</strong></span> <span class='ocrx_word' id='word_1_167' title='bbox 1157 1936 1385 1975; x_wconf 89' lang='lat' dir='ltr'><strong>mecum</strong></span> <span class='ocrx_word' id='word_1_168' title='bbox 1409 1924 1469 1975; x_wconf 92' lang='lat' dir='ltr'><strong>in</strong></span> <span class='ocrx_word' id='word_1_169' title='bbox 1494 1938 1612 1976; x_wconf 90' lang='lat' dir='ltr'><strong>una</strong></span> <span class='ocrx_word' id='word_1_170' title='bbox 1635 1926 1822 1990; x_wconf 92' lang='lat' dir='ltr'><strong>domo,</strong></span> <span class='ocrx_word' id='word_1_171' title='bbox 1856 1927 1917 1977; x_wconf 89' lang='lat' dir='ltr'><strong>in</strong></span> <span class='ocrx_word' id='word_1_172' title='bbox 1951 1940 2065 1979; x_wconf 90' lang='lat' dir='ltr'><strong>una</strong></span> 
     </span>
    </p>
   </div>
   <div class='ocr_carea' id='block_1_25' title="bbox 468 1994 2065 2061">
    <p class='ocr_par' dir='ltr' id='par_1_25' title="bbox 468 1994 2065 2061">
     <span class='ocr_line' id='line_1_25' title="bbox 468 1994 2065 2061; baseline -0.001 -13"><span class='ocrx_word' id='word_1_173' title='bbox 468 1997 741 2048; x_wconf 87' lang='lat' dir='ltr'><strong>Ecclesia.</strong></span> <span class='ocrx_word' id='word_1_174' title='bbox 768 1994 1148 2047; x_wconf 79' lang='lat' dir='ltr'><strong>Abscondunt</strong></span> <span class='ocrx_word' id='word_1_175' title='bbox 1172 2007 1233 2046; x_wconf 92' lang='lat' dir='ltr'><strong>se</strong></span> <span class='ocrx_word' id='word_1_176' title='bbox 1248 1996 1357 2045; x_wconf 88' lang='lat' dir='ltr'><strong>sub</strong></span> <span class='ocrx_word' id='word_1_177' title='bbox 1372 1997 1735 2048; x_wconf 89' lang='lat' dir='ltr'><strong>vestimentis</strong></span> <span class='ocrx_word' id='word_1_178' title='bbox 1751 1999 1967 2061; x_wconf 88' lang='lat' dir='ltr'><strong>ovium,</strong></span> <span class='ocrx_word' id='word_1_179' title='bbox 1984 2001 2065 2046; x_wconf 90' lang='lat' dir='ltr'><strong>in-</strong></span> 
     </span>
    </p>
   </div>
   <div class='ocr_carea' id='block_1_26' title="bbox 467 2064 2064 2131">
    <p class='ocr_par' dir='ltr' id='par_1_26' title="bbox 467 2064 2064 2131">
     <span class='ocr_line' id='line_1_26' title="bbox 467 2064 2064 2131; baseline 0 -11"><span class='ocrx_word' id='word_1_180' title='bbox 467 2069 757 2120; x_wconf 90' lang='lat' dir='ltr'><strong>trinsecus</strong></span> <span class='ocrx_word' id='word_1_181' title='bbox 780 2072 977 2117; x_wconf 90' lang='lat' dir='ltr'><strong>autem</strong></span> <span class='ocrx_word' id='word_1_182' title='bbox 1001 2070 1139 2116; x_wconf 90' lang='lat' dir='ltr'><strong>sunt</strong></span> <span class='ocrx_word' id='word_1_183' title='bbox 1161 2064 1279 2130; x_wconf 89' lang='lat' dir='ltr'><strong>lupi</strong></span> <span class='ocrx_word' id='word_1_184' title='bbox 1304 2078 1539 2131; x_wconf 80' lang='lat' dir='ltr'><strong>rapaces</strong></span> <span class='ocrx_word' id='word_1_185' title='bbox 1559 2069 1768 2126; x_wconf 82' lang='lat' dir='ltr'><strong>(Matth.</strong></span> <span class='ocrx_word' id='word_1_186' title='bbox 1784 2068 2064 2130; x_wconf 80' lang='lat' dir='ltr'><strong>10.).Abs-</strong></span> 
     </span>
    </p>
   </div>
   <div class='ocr_carea' id='block_1_27' title="bbox 466 2138 2061 2204">
    <p class='ocr_par' dir='ltr' id='par_1_27' title="bbox 466 2138 2061 2204">
     <span class='ocr_line' id='line_1_27' title="bbox 466 2138 2061 2204; baseline 0 -13"><span class='ocrx_word' id='word_1_187' title='bbox 466 2140 723 2192; x_wconf 89' lang='lat' dir='ltr'><strong>condunt</strong></span> <span class='ocrx_word' id='word_1_188' title='bbox 780 2151 842 2189; x_wconf 92' lang='lat' dir='ltr'><strong>se</strong></span> <span class='ocrx_word' id='word_1_189' title='bbox 898 2142 1176 2200; x_wconf 83' lang='lat' dir='ltr'><strong>tanquam</strong></span> <span class='ocrx_word' id='word_1_190' title='bbox 1226 2138 1606 2201; x_wconf 80' lang='lat' dir='ltr'><strong>insidiatores,</strong></span> <span class='ocrx_word' id='word_1_191' title='bbox 1652 2140 2061 2204; x_wconf 82' lang='lat' dir='ltr'><strong>exploratores,</strong></span> 
     </span>
    </p>
   </div>
   <div class='ocr_carea' id='block_1_28' title="bbox 467 2209 2059 2276">
    <p class='ocr_par' dir='ltr' id='par_1_28' title="bbox 467 2209 2059 2276">
     <span class='ocr_line' id='line_1_28' title="bbox 467 2209 2059 2276; baseline -0.001 -14"><span class='ocrx_word' id='word_1_192' title='bbox 467 2211 942 2276; x_wconf 72' lang='lat' dir='ltr'><strong>parantlaqueos:</strong></span> <span class='ocrx_word' id='word_1_193' title='bbox 960 2209 1008 2260; x_wconf 92' lang='lat' dir='ltr'><strong>si</strong></span> <span class='ocrx_word' id='word_1_194' title='bbox 1024 2222 1143 2261; x_wconf 93' lang='lat' dir='ltr'><strong>non</strong></span> <span class='ocrx_word' id='word_1_195' title='bbox 1168 2209 1365 2260; x_wconf 89' lang='lat' dir='ltr'><strong>statim</strong></span> <span class='ocrx_word' id='word_1_196' title='bbox 1381 2216 1627 2274; x_wconf 90' lang='lat' dir='ltr'><strong>possunt</strong></span> <span class='ocrx_word' id='word_1_197' title='bbox 1641 2215 1858 2262; x_wconf 89' lang='lat' dir='ltr'><strong>malum</strong></span> <span class='ocrx_word' id='word_1_198' title='bbox 1880 2216 2059 2269; x_wconf 83' lang='lat' dir='ltr'><strong>facere,</strong></span> 
     </span>
    </p>
   </div>
   <div class='ocr_carea' id='block_1_29' title="bbox 465 2281 2061 2347">
    <p class='ocr_par' dir='ltr' id='par_1_29' title="bbox 465 2281 2061 2347">
     <span class='ocr_line' id='line_1_29' title="bbox 465 2281 2061 2347; baseline 0 -13"><span class='ocrx_word' id='word_1_199' title='bbox 465 2283 620 2347; x_wconf 91' lang='lat' dir='ltr'><strong>quod</strong></span> <span class='ocrx_word' id='word_1_200' title='bbox 644 2282 916 2345; x_wconf 88' lang='lat' dir='ltr'><strong>cogitant,</strong></span> <span class='ocrx_word' id='word_1_201' title='bbox 948 2281 1281 2332; x_wconf 87' lang='lat' dir='ltr'><strong>calcaneum</strong></span> <span class='ocrx_word' id='word_1_202' title='bbox 1306 2282 1634 2343; x_wconf 87' lang='lat' dir='ltr'><strong>observant,</strong></span> <span class='ocrx_word' id='word_1_203' title='bbox 1664 2286 1727 2333; x_wconf 93' lang='lat' dir='ltr'><strong>ut</strong></span> <span class='ocrx_word' id='word_1_204' title='bbox 1752 2285 1839 2333; x_wconf 89' lang='lat' dir='ltr'><strong>vel</strong></span> <span class='ocrx_word' id='word_1_205' title='bbox 1864 2283 1925 2333; x_wconf 91' lang='lat' dir='ltr'><strong>in</strong></span> <span class='ocrx_word' id='word_1_206' title='bbox 1948 2284 2061 2335; x_wconf 87' lang='grc'>11110</span> 
     </span>
    </p>
   </div>
   <div class='ocr_carea' id='block_1_30' title="bbox 469 2351 2059 2418">
    <p class='ocr_par' dir='ltr' id='par_1_30' title="bbox 469 2351 2059 2418">
     <span class='ocr_line' id='line_1_30' title="bbox 469 2351 2059 2418; baseline -0.001 -12"><span class='ocrx_word' id='word_1_207' title='bbox 469 2354 720 2418; x_wconf 86' lang='lat' dir='ltr'><strong>cogitata</strong></span> <span class='ocrx_word' id='word_1_208' title='bbox 736 2352 970 2404; x_wconf 82' lang='lat' dir='ltr'><strong>valeant</strong></span> <span class='ocrx_word' id='word_1_209' title='bbox 987 2351 1315 2416; x_wconf 88' lang='lat' dir='ltr'><strong>adimplere.</strong></span> <span class='ocrx_word' id='word_1_210' title='bbox 1343 2355 1464 2404; x_wconf 82' lang='lat' dir='ltr'><strong>Mos</strong></span> <span class='ocrx_word' id='word_1_211' title='bbox 1489 2354 1597 2405; x_wconf 90' lang='lat' dir='ltr'><strong>iste</strong></span> <span class='ocrx_word' id='word_1_212' title='bbox 1622 2353 1940 2405; x_wconf 89' lang='lat' dir='ltr'><strong>diabolicus</strong></span> <span class='ocrx_word' id='word_1_213' title='bbox 1952 2360 2059 2416; x_wconf 89' lang='lat' dir='ltr'><strong>est,</strong></span> 
     </span>
    </p>
   </div>
   <div class='ocr_carea' id='block_1_31' title="bbox 468 2423 2062 2487">
    <p class='ocr_par' dir='ltr' id='par_1_31' title="bbox 468 2423 2062 2487">
     <span class='ocr_line' id='line_1_31' title="bbox 468 2423 2062 2487; baseline -0.001 -9"><span class='ocrx_word' id='word_1_214' title='bbox 468 2426 563 2478; x_wconf 87' lang='lat' dir='ltr'><strong>vel</strong></span> <span class='ocrx_word' id='word_1_215' title='bbox 585 2423 907 2487; x_wconf 90' lang='lat' dir='ltr'><strong>eorum,qui</strong></span> <span class='ocrx_word' id='word_1_216' title='bbox 921 2423 1173 2474; x_wconf 89' lang='lat' dir='ltr'><strong>ministri</strong></span> <span class='ocrx_word' id='word_1_217' title='bbox 1195 2424 1325 2486; x_wconf 87' lang='lat' dir='ltr'><strong>ejus</strong></span> <span class='ocrx_word' id='word_1_218' title='bbox 1350 2429 1507 2485; x_wconf 89' lang='lat' dir='ltr'><strong>sunt,</strong></span> <span class='ocrx_word' id='word_1_219' title='bbox 1534 2430 1596 2475; x_wconf 91' lang='lat' dir='ltr'><strong>ut</strong></span> <span class='ocrx_word' id='word_1_220' title='bbox 1616 2426 1968 2485; x_wconf 89' lang='lat' dir='ltr'><strong>calcaneum,</strong></span> <span class='ocrx_word' id='word_1_221' title='bbox 2002 2426 2062 2476; x_wconf 89' lang='lat' dir='ltr'><strong>id</strong></span> 
     </span>
    </p>
   </div>
   <div class='ocr_carea' id='block_1_32' title="bbox 464 2494 2060 2561">
    <p class='ocr_par' dir='ltr' id='par_1_32' title="bbox 464 2494 2060 2561">
     <span class='ocr_line' id='line_1_32' title="bbox 464 2494 2060 2561; baseline 0 -13"><span class='ocrx_word' id='word_1_222' title='bbox 464 2500 571 2561; x_wconf 86' lang='lat' dir='ltr'><strong>est,</strong></span> <span class='ocrx_word' id='word_1_223' title='bbox 615 2494 819 2547; x_wconf 89' lang='lat' dir='ltr'><strong>ultima</strong></span> <span class='ocrx_word' id='word_1_224' title='bbox 862 2498 1063 2545; x_wconf 88' lang='lat' dir='ltr'><strong>nostra</strong></span> <span class='ocrx_word' id='word_1_225' title='bbox 1094 2494 1375 2546; x_wconf 87' lang='lat' dir='ltr'><strong>insidiosa</strong></span> <span class='ocrx_word' id='word_1_226' title='bbox 1408 2494 1711 2547; x_wconf 85' lang='lat' dir='ltr'><strong>calliditate</strong></span> <span class='ocrx_word' id='word_1_227' title='bbox 1735 2497 2060 2548; x_wconf 87' lang='lat' dir='ltr'><strong>observent.</strong></span> 
     </span>
    </p>
   </div>
   <div class='ocr_carea' id='block_1_33' title="bbox 462 2565 2064 2630">
    <p class='ocr_par' dir='ltr' id='par_1_33' title="bbox 462 2565 2064 2630">
     <span class='ocr_line' id='line_1_33' title="bbox 462 2565 2064 2630; baseline 0 -12"><span class='ocrx_word' id='word_1_228' title='bbox 462 2568 611 2619; x_wconf 87' lang='lat' dir='ltr'><strong>Hinc</strong></span> <span class='ocrx_word' id='word_1_229' title='bbox 634 2566 936 2630; x_wconf 87' lang='lat' dir='ltr'><strong>serpentia</strong></span> <span class='ocrx_word' id='word_1_230' title='bbox 963 2565 1203 2617; x_wconf 91' lang='lat' dir='ltr'><strong>Domino</strong></span> <span class='ocrx_word' id='word_1_231' title='bbox 1227 2566 1297 2617; x_wconf 92' lang='lat' dir='ltr'><strong>de</strong></span> <span class='ocrx_word' id='word_1_232' title='bbox 1320 2566 1559 2617; x_wconf 86' lang='lat' dir='ltr'><strong>muliere</strong></span> <span class='ocrx_word' id='word_1_233' title='bbox 1584 2567 1803 2617; x_wconf 90' lang='lat' dir='ltr'><strong>dictum</strong></span> <span class='ocrx_word' id='word_1_234' title='bbox 1823 2572 1943 2618; x_wconf 89' lang='lat' dir='ltr'><strong>est:</strong></span> <span class='ocrx_word' id='word_1_235' title='bbox 1962 2567 2064 2618; x_wconf 88' lang='lat' dir='ltr'><strong>llla</strong></span> 
     </span>
    </p>
   </div>
   <div class='ocr_carea' id='block_1_34' title="bbox 464 2636 2061 2700">
    <p class='ocr_par' dir='ltr' id='par_1_34' title="bbox 464 2636 2061 2700">
     <span class='ocr_line' id='line_1_34' title="bbox 464 2636 2061 2700; baseline 0.001 -10"><span class='ocrx_word' id='word_1_236' title='bbox 464 2644 629 2691; x_wconf 88' lang='lat' dir='ltr'><strong>tuum</strong></span> <span class='ocrx_word' id='word_1_237' title='bbox 654 2636 984 2689; x_wconf 89' lang='lat' dir='ltr'><strong>observabit</strong></span> <span class='ocrx_word' id='word_1_238' title='bbox 1006 2641 1198 2700; x_wconf 90' lang='lat' dir='ltr'><strong>caput,</strong></span> <span class='ocrx_word' id='word_1_239' title='bbox 1228 2642 1286 2687; x_wconf 90' lang='lat' dir='ltr'><strong>et</strong></span> <span class='ocrx_word' id='word_1_240' title='bbox 1314 2642 1377 2688; x_wconf 91' lang='lat' dir='ltr'><strong>tu</strong></span> <span class='ocrx_word' id='word_1_241' title='bbox 1406 2636 1769 2689; x_wconf 83' lang='lat' dir='ltr'><strong>insidiaberis</strong></span> <span class='ocrx_word' id='word_1_242' title='bbox 1798 2640 2061 2691; x_wconf 84' lang='lat' dir='ltr'><strong>calcaneo</strong></span> 
     </span>
    </p>
   </div>
   <div class='ocr_carea' id='block_1_35' title="bbox 459 2706 2062 2774">
    <p class='ocr_par' dir='ltr' id='par_1_35' title="bbox 459 2706 2062 2774">
     <span class='ocr_line' id='line_1_35' title="bbox 459 2706 2062 2774; baseline 0 -13"><span class='ocrx_word' id='word_1_243' title='bbox 459 2711 587 2774; x_wconf 89' lang='lat' dir='ltr'><strong>ejus</strong></span> <span class='ocrx_word' id='word_1_244' title='bbox 636 2710 782 2771; x_wconf 86' lang='lat' dir='ltr'><strong>(Gen.</strong></span> <span class='ocrx_word' id='word_1_245' title='bbox 824 2706 914 2770; x_wconf 89' lang='lat'><strong>3.).</strong></span> <span class='ocrx_word' id='word_1_246' title='bbox 958 2709 1193 2771; x_wconf 88' lang='lat' dir='ltr'><strong>Semper</strong></span> <span class='ocrx_word' id='word_1_247' title='bbox 1228 2720 1363 2772; x_wconf 90' lang='lat' dir='ltr'><strong>ergo</strong></span> <span class='ocrx_word' id='word_1_248' title='bbox 1389 2722 1590 2760; x_wconf 84' lang='lat' dir='ltr'><strong>servus</strong></span> <span class='ocrx_word' id='word_1_249' title='bbox 1616 2710 1715 2760; x_wconf 88' lang='lat' dir='ltr'><strong>Dei</strong></span> <span class='ocrx_word' id='word_1_250' title='bbox 1741 2709 1913 2761; x_wconf 91' lang='lat' dir='ltr'><strong>debet</strong></span> <span class='ocrx_word' id='word_1_251' title='bbox 1934 2723 2062 2762; x_wconf 89' lang='lat' dir='ltr'><strong>esse</strong></span> 
     </span>
    </p>
   </div>
   <div class='ocr_carea' id='block_1_36' title="bbox 461 2780 2062 2845">
    <p class='ocr_par' dir='ltr' id='par_1_36' title="bbox 461 2780 2062 2845">
     <span class='ocr_line' id='line_1_36' title="bbox 461 2780 2062 2845; baseline -0.002 -10"><span class='ocrx_word' id='word_1_252' title='bbox 461 2781 730 2845; x_wconf 81' lang='lat' dir='ltr'><strong>vigilans,</strong></span> <span class='ocrx_word' id='word_1_253' title='bbox 756 2783 815 2831; x_wconf 91' lang='lat' dir='ltr'><strong>et</strong></span> <span class='ocrx_word' id='word_1_254' title='bbox 839 2780 1294 2842; x_wconf 86' lang='lat' dir='ltr'><strong>circumspectus</strong></span> <span class='ocrx_word' id='word_1_255' title='bbox 1318 2784 1514 2831; x_wconf 88' lang='lat' dir='ltr'><strong>contra</strong></span> <span class='ocrx_word' id='word_1_256' title='bbox 1530 2781 1707 2844; x_wconf 88' lang='lat' dir='ltr'><strong>hujus</strong></span> <span class='ocrx_word' id='word_1_257' title='bbox 1732 2781 1919 2832; x_wconf 89' lang='lat' dir='ltr'><strong>callidi</strong></span> <span class='ocrx_word' id='word_1_258' title='bbox 1942 2794 2062 2833; x_wconf 88' lang='lat' dir='ltr'><strong>ser-</strong></span> 
     </span>
    </p>
   </div>
   <div class='ocr_carea' id='block_1_37' title="bbox 460 2850 2060 2918">
    <p class='ocr_par' dir='ltr' id='par_1_37' title="bbox 460 2850 2060 2918">
     <span class='ocr_line' id='line_1_37' title="bbox 460 2850 2060 2918; baseline -0.001 -13"><span class='ocrx_word' id='word_1_259' title='bbox 460 2853 653 2918; x_wconf 89' lang='lat' dir='ltr'><strong>pentis</strong></span> <span class='ocrx_word' id='word_1_260' title='bbox 676 2854 852 2915; x_wconf 91' lang='lat' dir='ltr'><strong>caput</strong></span> <span class='ocrx_word' id='word_1_261' title='bbox 876 2865 889 2901; x_wconf 91' lang='lat'><strong>:</strong></span> <span class='ocrx_word' id='word_1_262' title='bbox 913 2856 1089 2914; x_wconf 89' lang='lat' dir='ltr'><strong>atque</strong></span> <span class='ocrx_word' id='word_1_263' title='bbox 1114 2850 1292 2903; x_wconf 92' lang='lat' dir='ltr'><strong>vitam</strong></span> <span class='ocrx_word' id='word_1_264' title='bbox 1313 2856 1370 2902; x_wconf 92' lang='lat' dir='ltr'><strong>et</strong></span> <span class='ocrx_word' id='word_1_265' title='bbox 1385 2864 1575 2903; x_wconf 76' lang='lat' dir='ltr'><strong>mores</strong></span> <span class='ocrx_word' id='word_1_266' title='bbox 1597 2865 1736 2904; x_wconf 89' lang='lat' dir='ltr'><strong>suos</strong></span> <span class='ocrx_word' id='word_1_267' title='bbox 1751 2852 2060 2904; x_wconf 80' lang='lat' dir='ltr'><strong>auxiliante</strong></span> 
     </span>
    </p>
   </div>
   <div class='ocr_carea' id='block_1_38' title="bbox 461 2922 2060 2989">
    <p class='ocr_par' dir='ltr' id='par_1_38' title="bbox 461 2922 2060 2989">
     <span class='ocr_line' id='line_1_38' title="bbox 461 2922 2060 2989; baseline 0 -13"><span class='ocrx_word' id='word_1_268' title='bbox 461 2924 707 2976; x_wconf 91' lang='lat' dir='ltr'><strong>Domino</strong></span> <span class='ocrx_word' id='word_1_269' title='bbox 732 2923 815 2974; x_wconf 89' lang='lat' dir='ltr'><strong>ita</strong></span> <span class='ocrx_word' id='word_1_270' title='bbox 837 2922 1159 2987; x_wconf 84' lang='lat' dir='ltr'><strong>disponere,</strong></span> <span class='ocrx_word' id='word_1_271' title='bbox 1187 2927 1253 2974; x_wconf 89' lang='lat' dir='ltr'><strong>ut</strong></span> <span class='ocrx_word' id='word_1_272' title='bbox 1272 2923 1683 2989; x_wconf 88' lang='lat' dir='ltr'><strong>inhabitantes,</strong></span> <span class='ocrx_word' id='word_1_273' title='bbox 1723 2929 1780 2975; x_wconf 90' lang='lat' dir='ltr'><strong>et</strong></span> <span class='ocrx_word' id='word_1_274' title='bbox 1809 2926 2060 2977; x_wconf 86' lang='lat' dir='ltr'><strong>abscon-</strong></span> 
     </span>
    </p>
   </div>
   <div class='ocr_carea' id='block_1_39' title="bbox 463 2994 2061 3061">
    <p class='ocr_par' dir='ltr' id='par_1_39' title="bbox 463 2994 2061 3061">
     <span class='ocr_line' id='line_1_39' title="bbox 463 2994 2061 3061; baseline 0 -13"><span class='ocrx_word' id='word_1_275' title='bbox 463 2998 685 3059; x_wconf 84' lang='lat' dir='ltr'><strong>dentes,</strong></span> <span class='ocrx_word' id='word_1_276' title='bbox 712 2995 811 3059; x_wconf 87' lang='lat' dir='ltr'><strong>qui</strong></span> <span class='ocrx_word' id='word_1_277' title='bbox 843 2994 1176 3046; x_wconf 82' lang='lat' dir='ltr'><strong>calcaneum</strong></span> <span class='ocrx_word' id='word_1_278' title='bbox 1200 2996 1531 3059; x_wconf 87' lang='lat' dir='ltr'><strong>observant,</strong></span> <span class='ocrx_word' id='word_1_279' title='bbox 1559 3009 1745 3059; x_wconf 89' lang='lat' dir='ltr'><strong>neque</strong></span> <span class='ocrx_word' id='word_1_280' title='bbox 1769 2996 1826 3047; x_wconf 91' lang='lat' dir='ltr'><strong>in</strong></span> <span class='ocrx_word' id='word_1_281' title='bbox 1851 2999 2061 3061; x_wconf 89' lang='lat' dir='ltr'><strong>princi-</strong></span> 
     </span>
    </p>
   </div>
   <div class='ocr_carea' id='block_1_40' title="bbox 460 3066 2060 3134">
    <p class='ocr_par' dir='ltr' id='par_1_40' title="bbox 460 3066 2060 3134">
     <span class='ocr_line' id='line_1_40' title="bbox 460 3066 2060 3134; baseline 0.001 -13"><span class='ocrx_word' id='word_1_282' title='bbox 460 3071 569 3134; x_wconf 92' lang='lat' dir='ltr'><strong>pio,</strong></span> <span class='ocrx_word' id='word_1_283' title='bbox 596 3066 857 3132; x_wconf 86' lang='lat' dir='ltr'><strong>nequein</strong></span> <span class='ocrx_word' id='word_1_284' title='bbox 870 3068 985 3118; x_wconf 87' lang='grc'>11110</span> <span class='ocrx_word' id='word_1_285' title='bbox 1008 3067 1326 3128; x_wconf 86' lang='lat' dir='ltr'><strong>inveniant,</strong></span> <span class='ocrx_word' id='word_1_286' title='bbox 1348 3068 1485 3131; x_wconf 88' lang='lat' dir='ltr'><strong>quid</strong></span> <span class='ocrx_word' id='word_1_287' title='bbox 1509 3069 1944 3131; x_wconf 72' lang='lat' dir='ltr'><strong>reprehendant.</strong></span> <span class='ocrx_word' id='word_1_288' title='bbox 1973 3073 2060 3123; x_wconf 90' lang='lat' dir='ltr'><strong>Ita</strong></span> 
     </span>
    </p>
   </div>
   <div class='ocr_carea' id='block_1_41' title="bbox 460 3138 2059 3193">
    <p class='ocr_par' dir='ltr' id='par_1_41' title="bbox 460 3138 2059 3193">
     <span class='ocr_line' id='line_1_41' title="bbox 460 3138 2059 3193; baseline -0.001 0"><span class='ocrx_word' id='word_1_289' title='bbox 460 3146 653 3193; x_wconf 89' lang='lat' dir='ltr'><strong>autem</strong></span> <span class='ocrx_word' id='word_1_290' title='bbox 683 3141 1138 3191; x_wconf 87' lang='lat' dir='ltr'><strong>observaverunt</strong></span> <span class='ocrx_word' id='word_1_291' title='bbox 1154 3138 1485 3191; x_wconf 87' lang='lat' dir='ltr'><strong>calcaneum</strong></span> <span class='ocrx_word' id='word_1_292' title='bbox 1498 3152 1710 3191; x_wconf 90' lang='lat' dir='ltr'><strong>meum.</strong></span> <span class='ocrx_word' id='word_1_293' title='bbox 1726 3141 1873 3191; x_wconf 82' lang='lat' dir='ltr'><strong>Sicut</strong></span> <span class='ocrx_word' id='word_1_294' title='bbox 1896 3144 2059 3192; x_wconf 81' lang='lat' dir='ltr'><strong>susti-</strong></span> 
     </span>
    </p>
   </div>
   <div class='ocr_carea' id='block_1_42' title="bbox 456 3210 2061 3276">
    <p class='ocr_par' dir='ltr' id='par_1_42' title="bbox 456 3210 2061 3276">
     <span class='ocr_line' id='line_1_42' title="bbox 456 3210 2061 3276; baseline 0.001 -15"><span class='ocrx_word' id='word_1_295' title='bbox 456 3217 695 3261; x_wconf 84' lang='lat' dir='ltr'><strong>nuerunt</strong></span> <span class='ocrx_word' id='word_1_296' title='bbox 721 3211 1185 3261; x_wconf 77' lang='lat' dir='ltr'><strong>animam-meam.</strong></span> <span class='ocrx_word' id='word_1_297' title='bbox 1213 3210 1531 3274; x_wconf 83' lang='lat' dir='ltr'><strong>Malienim,</strong></span> <span class='ocrx_word' id='word_1_298' title='bbox 1549 3212 1715 3274; x_wconf 86' lang='lat' dir='ltr'><strong>quasi</strong></span> <span class='ocrx_word' id='word_1_299' title='bbox 1733 3225 1910 3276; x_wconf 86' lang='lat' dir='ltr'><strong>grave</strong></span> <span class='ocrx_word' id='word_1_300' title='bbox 1925 3229 2061 3273; x_wconf 85' lang='lat' dir='ltr'><strong>pon-</strong></span> 
     </span>
    </p>
   </div>
   <div class='ocr_carea' id='block_1_43' title="bbox 2162 573 3766 641">
    <p class='ocr_par' dir='ltr' id='par_1_43' title="bbox 2162 573 3766 641">
     <span class='ocr_line' id='line_1_43' title="bbox 2162 573 3766 641; baseline 0.001 -17"><span class='ocrx_word' id='word_1_301' title='bbox 2162 576 2520 641; x_wconf 78' lang='lat' dir='ltr'><strong>promissione</strong></span> <span class='ocrx_word' id='word_1_302' title='bbox 2543 580 2653 622; x_wconf 86' lang='lat' dir='ltr'><strong>tua.</strong></span> <span class='ocrx_word' id='word_1_303' title='bbox 2682 573 2825 635; x_wconf 86' lang='lat' dir='ltr'><strong>Quia</strong></span> <span class='ocrx_word' id='word_1_304' title='bbox 2852 573 3293 637; x_wconf 73' lang='lat' dir='ltr'><strong>(ExAugustino)</strong></span> <span class='ocrx_word' id='word_1_305' title='bbox 3323 574 3472 624; x_wconf 86' lang='lat' dir='ltr'><strong>sicut</strong></span> <span class='ocrx_word' id='word_1_306' title='bbox 3487 574 3766 638; x_wconf 89' lang='lat' dir='ltr'><strong>promise-</strong></span> 
     </span>
    </p>
   </div>
   <div class='ocr_carea' id='block_1_44' title="bbox 2164 644 3765 709">
    <p class='ocr_par' dir='ltr' id='par_1_44' title="bbox 2164 644 3765 709">
     <span class='ocr_line' id='line_1_44' title="bbox 2164 644 3765 709; baseline -0.001 -11"><span class='ocrx_word' id='word_1_307' title='bbox 2164 660 2277 708; x_wconf 85' lang='lat' dir='ltr'><strong>ras,</strong></span> <span class='ocrx_word' id='word_1_308' title='bbox 2302 647 2411 697; x_wconf 91' lang='lat' dir='ltr'><strong>hoc</strong></span> <span class='ocrx_word' id='word_1_309' title='bbox 2436 646 2621 709; x_wconf 87' lang='lat' dir='ltr'><strong>egisti.</strong></span> <span class='ocrx_word' id='word_1_310' title='bbox 2642 644 2851 696; x_wconf 84' lang='lat' dir='ltr'><strong>Dixisti</strong></span> <span class='ocrx_word' id='word_1_311' title='bbox 2876 646 2927 694; x_wconf 93' lang='lat' dir='ltr'><strong>te</strong></span> <span class='ocrx_word' id='word_1_312' title='bbox 2939 644 3348 695; x_wconf 88' lang='lat' dir='ltr'><strong>exauditurum</strong></span> <span class='ocrx_word' id='word_1_313' title='bbox 3369 646 3624 697; x_wconf 85' lang='lat' dir='ltr'><strong>ﬂentem.</strong></span> <span class='ocrx_word' id='word_1_314' title='bbox 3641 647 3765 697; x_wconf 85' lang='lat' dir='ltr'><strong>Cre-</strong></span> 
     </span>
    </p>
   </div>
   <div class='ocr_carea' id='block_1_45' title="bbox 2165 715 3760 780">
    <p class='ocr_par' dir='ltr' id='par_1_45' title="bbox 2165 715 3760 780">
     <span class='ocr_line' id='line_1_45' title="bbox 2165 715 3760 780; baseline 0 -12"><span class='ocrx_word' id='word_1_315' title='bbox 2165 718 2303 780; x_wconf 86' lang='lat' dir='ltr'><strong>didi,</strong></span> <span class='ocrx_word' id='word_1_316' title='bbox 2333 719 2482 779; x_wconf 84' lang='lat' dir='ltr'><strong>flevi,</strong></span> <span class='ocrx_word' id='word_1_317' title='bbox 2508 717 2817 767; x_wconf 85' lang='lat' dir='ltr'><strong>exauditus</strong></span> <span class='ocrx_word' id='word_1_318' title='bbox 2853 729 3001 767; x_wconf 90' lang='lat' dir='ltr'><strong>sum.</strong></span> <span class='ocrx_word' id='word_1_319' title='bbox 3031 715 3310 767; x_wconf 86' lang='lat' dir='ltr'><strong>Invenite</strong></span> <span class='ocrx_word' id='word_1_320' title='bbox 3333 716 3760 769; x_wconf 88' lang='lat' dir='ltr'><strong>misericordem</strong></span> 
     </span>
    </p>
   </div>
   <div class='ocr_carea' id='block_1_46' title="bbox 2164 786 3353 852">
    <p class='ocr_par' dir='ltr' id='par_1_46' title="bbox 2164 786 3353 852">
     <span class='ocr_line' id='line_1_46' title="bbox 2164 786 3353 852; baseline -0.003 -13"><span class='ocrx_word' id='word_1_321' title='bbox 2164 790 2224 840; x_wconf 91' lang='lat' dir='ltr'><strong>in</strong></span> <span class='ocrx_word' id='word_1_322' title='bbox 2248 788 2653 852; x_wconf 89' lang='lat' dir='ltr'><strong>promittendo,</strong></span> <span class='ocrx_word' id='word_1_323' title='bbox 2680 800 2939 838; x_wconf 81' lang='lat' dir='ltr'><strong>veracem</strong></span> <span class='ocrx_word' id='word_1_324' title='bbox 2964 787 3025 836; x_wconf 91' lang='lat' dir='ltr'><strong>in</strong></span> <span class='ocrx_word' id='word_1_325' title='bbox 3049 786 3353 837; x_wconf 81' lang='lat' dir='ltr'><strong>reddendo.</strong></span> 
     </span>
    </p>
   </div>
   <div class='ocr_carea' id='block_1_47' title="bbox 2229 858 3766 923">
    <p class='ocr_par' dir='ltr' id='par_1_47' title="bbox 2229 858 3766 923">
     <span class='ocr_line' id='line_1_47' title="bbox 2229 858 3766 923; baseline -0.003 -9"><span class='ocrx_word' id='word_1_326' title='bbox 2229 860 2313 913; x_wconf 87' lang='grc'><strong>10.</strong></span> <span class='ocrx_word' id='word_1_327' title='bbox 2352 860 2513 921; x_wconf 84' lang='lat' dir='ltr'><strong>Tunc,</strong></span> <span class='ocrx_word' id='word_1_328' title='bbox 2537 860 2595 909; x_wconf 91' lang='lat' dir='ltr'><strong>id</strong></span> <span class='ocrx_word' id='word_1_329' title='bbox 2619 863 2724 920; x_wconf 90' lang='lat' dir='ltr'><strong>est,</strong></span> <span class='ocrx_word' id='word_1_330' title='bbox 2769 872 2862 923; x_wconf 89' lang='lat' dir='ltr'><strong>per</strong></span> <span class='ocrx_word' id='word_1_331' title='bbox 2886 864 3044 909; x_wconf 76' lang='lat' dir='ltr'><strong>tuam</strong></span> <span class='ocrx_word' id='word_1_332' title='bbox 3079 858 3548 922; x_wconf 75' lang='lat' dir='ltr'><strong>contractionem,</strong></span> <span class='ocrx_word' id='word_1_333' title='bbox 3586 863 3647 909; x_wconf 92' lang='lat' dir='ltr'><strong>et</strong></span> <span class='ocrx_word' id='word_1_334' title='bbox 3668 871 3766 923; x_wconf 88' lang='lat' dir='ltr'><strong>per</strong></span> 
     </span>
    </p>
   </div>
   <div class='ocr_carea' id='block_1_48' title="bbox 2164 930 3766 990">
    <p class='ocr_par' dir='ltr' id='par_1_48' title="bbox 2164 930 3766 990">
     <span class='ocr_line' id='line_1_48' title="bbox 2164 930 3766 990; baseline -0.001 -8"><span class='ocrx_word' id='word_1_335' title='bbox 2164 944 2351 982; x_wconf 86' lang='lat' dir='ltr'><strong>meam</strong></span> <span class='ocrx_word' id='word_1_336' title='bbox 2385 932 2902 989; x_wconf 89' lang='lat' dir='ltr'><strong>annuntiationem,</strong></span> <span class='ocrx_word' id='word_1_337' title='bbox 2929 935 3300 979; x_wconf 78' lang='lat' dir='ltr'><strong>convertentur</strong></span> <span class='ocrx_word' id='word_1_338' title='bbox 3326 930 3545 979; x_wconf 74' lang='lat' dir='ltr'><strong>inimici</strong></span> <span class='ocrx_word' id='word_1_339' title='bbox 3576 932 3701 990; x_wconf 77' lang='lat' dir='ltr'><strong>mei,</strong></span> <span class='ocrx_word' id='word_1_340' title='bbox 3733 943 3766 982; x_wconf 87' lang='lat' dir='ltr'><strong>a</strong></span> 
     </span>
    </p>
   </div>
   <div class='ocr_carea' id='block_1_49' title="bbox 2167 1001 3766 1065">
    <p class='ocr_par' dir='ltr' id='par_1_49' title="bbox 2167 1001 3766 1065">
     <span class='ocr_line' id='line_1_49' title="bbox 2167 1001 3766 1065; baseline -0.001 -11"><span class='ocrx_word' id='word_1_341' title='bbox 2167 1015 2273 1054; x_wconf 91' lang='lat' dir='ltr'><strong>sua</strong></span> <span class='ocrx_word' id='word_1_342' title='bbox 2294 1002 2410 1053; x_wconf 88' lang='lat' dir='ltr'><strong>vita</strong></span> <span class='ocrx_word' id='word_1_343' title='bbox 2434 1002 2598 1065; x_wconf 75' lang='lat' dir='ltr'><strong>mala,</strong></span> <span class='ocrx_word' id='word_1_344' title='bbox 2623 1002 2701 1052; x_wconf 78' lang='lat' dir='ltr'><strong>ita</strong></span> <span class='ocrx_word' id='word_1_345' title='bbox 2726 1004 2789 1051; x_wconf 92' lang='lat' dir='ltr'><strong>ut</strong></span> <span class='ocrx_word' id='word_1_346' title='bbox 2813 1002 2931 1052; x_wconf 91' lang='lat' dir='ltr'><strong>sint</strong></span> <span class='ocrx_word' id='word_1_347' title='bbox 2950 1007 3264 1061; x_wconf 84' lang='lat' dir='ltr'><strong>retrorsum,</strong></span> <span class='ocrx_word' id='word_1_348' title='bbox 3292 1001 3349 1053; x_wconf 90' lang='lat' dir='ltr'><strong>id</strong></span> <span class='ocrx_word' id='word_1_349' title='bbox 3377 1006 3485 1064; x_wconf 86' lang='lat' dir='ltr'><strong>est,</strong></span> <span class='ocrx_word' id='word_1_350' title='bbox 3513 1014 3766 1064; x_wconf 87' lang='lat' dir='ltr'><strong>sequan-</strong></span> 
     </span>
    </p>
   </div>
   <div class='ocr_carea' id='block_1_50' title="bbox 2166 1071 3763 1136">
    <p class='ocr_par' dir='ltr' id='par_1_50' title="bbox 2166 1071 3763 1136">
     <span class='ocr_line' id='line_1_50' title="bbox 2166 1071 3763 1136; baseline -0.003 -12"><span class='ocrx_word' id='word_1_351' title='bbox 2166 1076 2259 1124; x_wconf 91' lang='lat' dir='ltr'><strong>tur</strong></span> <span class='ocrx_word' id='word_1_352' title='bbox 2289 1078 2359 1123; x_wconf 92' lang='lat' dir='ltr'><strong>te.</strong></span> <span class='ocrx_word' id='word_1_353' title='bbox 2388 1071 2769 1123; x_wconf 65' lang='lat' dir='ltr'><strong>Praecedendo</strong></span> <span class='ocrx_word' id='word_1_354' title='bbox 2794 1085 2911 1122; x_wconf 94' lang='lat' dir='ltr'><strong>non</strong></span> <span class='ocrx_word' id='word_1_355' title='bbox 2934 1073 3235 1136; x_wconf 84' lang='lat' dir='ltr'><strong>corrigitur</strong></span> <span class='ocrx_word' id='word_1_356' title='bbox 3248 1073 3682 1124; x_wconf 88' lang='lat' dir='ltr'><strong>homo.Bonum</strong></span> <span class='ocrx_word' id='word_1_357' title='bbox 3694 1081 3763 1121; x_wconf 81' lang='lat' dir='ltr'><strong>est</strong></span> 
     </span>
    </p>
   </div>
   <div class='ocr_carea' id='block_1_51' title="bbox 2163 1142 3767 1207">
    <p class='ocr_par' dir='ltr' id='par_1_51' title="bbox 2163 1142 3767 1207">
     <span class='ocr_line' id='line_1_51' title="bbox 2163 1142 3767 1207; baseline 0 -13"><span class='ocrx_word' id='word_1_358' title='bbox 2163 1143 2243 1194; x_wconf 86' lang='lat' dir='ltr'><strong>illi</strong></span> <span class='ocrx_word' id='word_1_359' title='bbox 2281 1148 2347 1193; x_wconf 91' lang='lat' dir='ltr'><strong>ut</strong></span> <span class='ocrx_word' id='word_1_360' title='bbox 2382 1147 2691 1193; x_wconf 87' lang='lat' dir='ltr'><strong>retrorsum</strong></span> <span class='ocrx_word' id='word_1_361' title='bbox 2717 1148 3100 1193; x_wconf 86' lang='lat' dir='ltr'><strong>convertatur.</strong></span> <span class='ocrx_word' id='word_1_362' title='bbox 3144 1147 3200 1193; x_wconf 91' lang='lat' dir='ltr'><strong>et</strong></span> <span class='ocrx_word' id='word_1_363' title='bbox 3239 1155 3411 1205; x_wconf 85' lang='lat' dir='ltr'><strong>quem</strong></span> <span class='ocrx_word' id='word_1_364' title='bbox 3440 1142 3767 1207; x_wconf 73' lang='lat' dir='ltr'><strong>praecedere</strong></span> 
     </span>
    </p>
   </div>
   <div class='ocr_carea' id='block_1_52' title="bbox 2164 1214 3764 1277">
    <p class='ocr_par' dir='ltr' id='par_1_52' title="bbox 2164 1214 3764 1277">
     <span class='ocr_line' id='line_1_52' title="bbox 2164 1214 3764 1277; baseline -0.001 -12"><span class='ocrx_word' id='word_1_365' title='bbox 2164 1214 2393 1266; x_wconf 89' lang='lat' dir='ltr'><strong>volebat</strong></span> <span class='ocrx_word' id='word_1_366' title='bbox 2431 1218 2720 1276; x_wconf 89' lang='lat' dir='ltr'><strong>sequatur.</strong></span> <span class='ocrx_word' id='word_1_367' title='bbox 2762 1214 3039 1264; x_wconf 71' lang='lat' dir='ltr'><strong>Praecedit</strong></span> <span class='ocrx_word' id='word_1_368' title='bbox 3076 1216 3248 1265; x_wconf 89' lang='lat' dir='ltr'><strong>homo</strong></span> <span class='ocrx_word' id='word_1_369' title='bbox 3283 1227 3384 1277; x_wconf 91' lang='lat' dir='ltr'><strong>per</strong></span> <span class='ocrx_word' id='word_1_370' title='bbox 3413 1215 3764 1277; x_wconf 89' lang='lat' dir='ltr'><strong>superbiam.</strong></span> 
     </span>
    </p>
   </div>
   <div class='ocr_carea' id='block_1_53' title="bbox 2164 1284 3757 1348">
    <p class='ocr_par' dir='ltr' id='par_1_53' title="bbox 2164 1284 3757 1348">
     <span class='ocr_line' id='line_1_53' title="bbox 2164 1284 3757 1348; baseline 0.001 -13"><span class='ocrx_word' id='word_1_371' title='bbox 2164 1285 2525 1336; x_wconf 88' lang='lat' dir='ltr'><strong>Convertitur</strong></span> <span class='ocrx_word' id='word_1_372' title='bbox 2548 1288 2862 1335; x_wconf 90' lang='lat' dir='ltr'><strong>retrorsum</strong></span> <span class='ocrx_word' id='word_1_373' title='bbox 2887 1297 2986 1348; x_wconf 90' lang='lat' dir='ltr'><strong>per</strong></span> <span class='ocrx_word' id='word_1_374' title='bbox 2999 1284 3404 1336; x_wconf 87' lang='lat' dir='ltr'><strong>humilitatem.</strong></span> <span class='ocrx_word' id='word_1_375' title='bbox 3424 1285 3757 1337; x_wconf 70' lang='lat' dir='ltr'><strong>Praecedere</strong></span> 
     </span>
    </p>
   </div>
   <div class='ocr_carea' id='block_1_54' title="bbox 2164 1354 3767 1419">
    <p class='ocr_par' dir='ltr' id='par_1_54' title="bbox 2164 1354 3767 1419">
     <span class='ocr_line' id='line_1_54' title="bbox 2164 1354 3767 1419; baseline 0.001 -12"><span class='ocrx_word' id='word_1_376' title='bbox 2164 1356 2398 1419; x_wconf 88' lang='lat' dir='ltr'><strong>appetit,</strong></span> <span class='ocrx_word' id='word_1_377' title='bbox 2427 1355 2527 1417; x_wconf 89' lang='lat' dir='ltr'><strong>qui</strong></span> <span class='ocrx_word' id='word_1_378' title='bbox 2552 1354 2911 1406; x_wconf 87' lang='lat' dir='ltr'><strong>voluntatem</strong></span> <span class='ocrx_word' id='word_1_379' title='bbox 2945 1367 3113 1406; x_wconf 89' lang='lat' dir='ltr'><strong>suam</strong></span> <span class='ocrx_word' id='word_1_380' title='bbox 3146 1355 3268 1407; x_wconf 88' lang='lat' dir='ltr'><strong>vult</strong></span> <span class='ocrx_word' id='word_1_381' title='bbox 3304 1356 3502 1407; x_wconf 90' lang='lat' dir='ltr'><strong>facere.</strong></span> <span class='ocrx_word' id='word_1_382' title='bbox 3542 1357 3767 1408; x_wconf 79' lang='lat' dir='ltr'><strong>Retror~</strong></span> 
     </span>
    </p>
   </div>
   <div class='ocr_carea' id='block_1_55' title="bbox 2166 1426 3764 1490">
    <p class='ocr_par' dir='ltr' id='par_1_55' title="bbox 2166 1426 3764 1490">
     <span class='ocr_line' id='line_1_55' title="bbox 2166 1426 3764 1490; baseline 0 -13"><span class='ocrx_word' id='word_1_383' title='bbox 2166 1440 2295 1477; x_wconf 89' lang='lat' dir='ltr'><strong>sum</strong></span> <span class='ocrx_word' id='word_1_384' title='bbox 2315 1427 2398 1490; x_wconf 84' lang='lat' dir='ltr'><strong>fit,</strong></span> <span class='ocrx_word' id='word_1_385' title='bbox 2425 1426 2524 1489; x_wconf 91' lang='lat' dir='ltr'><strong>qui</strong></span> <span class='ocrx_word' id='word_1_386' title='bbox 2548 1439 2772 1490; x_wconf 89' lang='lat' dir='ltr'><strong>semper</strong></span> <span class='ocrx_word' id='word_1_387' title='bbox 2795 1432 3027 1490; x_wconf 85' lang='lat' dir='ltr'><strong>paratus</strong></span> <span class='ocrx_word' id='word_1_388' title='bbox 3051 1432 3139 1477; x_wconf 90' lang='lat' dir='ltr'><strong>est</strong></span> <span class='ocrx_word' id='word_1_389' title='bbox 3162 1426 3409 1477; x_wconf 88' lang='lat' dir='ltr'><strong>obedire.</strong></span> <span class='ocrx_word' id='word_1_390' title='bbox 3429 1428 3764 1479; x_wconf 87' lang='lat' dir='ltr'><strong>Retrorsum</strong></span> 
     </span>
    </p>
   </div>
   <div class='ocr_carea' id='block_1_56' title="bbox 2164 1497 3767 1562">
    <p class='ocr_par' dir='ltr' id='par_1_56' title="bbox 2164 1497 3767 1562">
     <span class='ocr_line' id='line_1_56' title="bbox 2164 1497 3767 1562; baseline 0 -13"><span class='ocrx_word' id='word_1_391' title='bbox 2164 1511 2298 1562; x_wconf 87' lang='lat' dir='ltr'><strong>ergo</strong></span> <span class='ocrx_word' id='word_1_392' title='bbox 2320 1499 2728 1548; x_wconf 84' lang='lat' dir='ltr'><strong>convertantur</strong></span> <span class='ocrx_word' id='word_1_393' title='bbox 2751 1497 2988 1561; x_wconf 90' lang='lat' dir='ltr'><strong>inimici,</strong></span> <span class='ocrx_word' id='word_1_394' title='bbox 3014 1500 3079 1549; x_wconf 90' lang='lat' dir='ltr'><strong>ut</strong></span> <span class='ocrx_word' id='word_1_395' title='bbox 3102 1498 3241 1549; x_wconf 82' lang='lat' dir='ltr'><strong>ﬁant</strong></span> <span class='ocrx_word' id='word_1_396' title='bbox 3264 1497 3509 1549; x_wconf 88' lang='lat' dir='ltr'><strong>humiles</strong></span> <span class='ocrx_word' id='word_1_397' title='bbox 3525 1498 3626 1560; x_wconf 89' lang='lat' dir='ltr'><strong>qui</strong></span> <span class='ocrx_word' id='word_1_398' title='bbox 3648 1497 3767 1549; x_wconf 87' lang='lat' dir='ltr'><strong>fue-</strong></span> 
     </span>
    </p>
   </div>
   <div class='ocr_carea' id='block_1_57' title="bbox 2162 1568 3770 1633">
    <p class='ocr_par' dir='ltr' id='par_1_57' title="bbox 2162 1568 3770 1633">
     <span class='ocr_line' id='line_1_57' title="bbox 2162 1568 3770 1633; baseline 0 -13"><span class='ocrx_word' id='word_1_399' title='bbox 2162 1575 2291 1621; x_wconf 89' lang='lat' dir='ltr'><strong>rant</strong></span> <span class='ocrx_word' id='word_1_400' title='bbox 2336 1569 2585 1633; x_wconf 91' lang='lat' dir='ltr'><strong>superbi.</strong></span> <span class='ocrx_word' id='word_1_401' title='bbox 2622 1571 2691 1620; x_wconf 88' lang='lat' dir='ltr'><strong>Et</strong></span> <span class='ocrx_word' id='word_1_402' title='bbox 2729 1569 2810 1619; x_wconf 90' lang='lat' dir='ltr'><strong>sic</strong></span> <span class='ocrx_word' id='word_1_403' title='bbox 2847 1573 3018 1620; x_wconf 90' lang='lat' dir='ltr'><strong>erunt</strong></span> <span class='ocrx_word' id='word_1_404' title='bbox 3056 1569 3238 1630; x_wconf 84' lang='lat' dir='ltr'><strong>amici,</strong></span> <span class='ocrx_word' id='word_1_405' title='bbox 3283 1570 3383 1632; x_wconf 88' lang='lat' dir='ltr'><strong>qui</strong></span> <span class='ocrx_word' id='word_1_406' title='bbox 3405 1568 3635 1620; x_wconf 88' lang='lat' dir='ltr'><strong>fuerant</strong></span> <span class='ocrx_word' id='word_1_407' title='bbox 3658 1569 3770 1620; x_wconf 86' lang='lat' dir='ltr'><strong>ini-</strong></span> 
     </span>
    </p>
   </div>
   <div class='ocr_carea' id='block_1_58' title="bbox 2163 1640 3768 1703">
    <p class='ocr_par' dir='ltr' id='par_1_58' title="bbox 2163 1640 3768 1703">
     <span class='ocr_line' id='line_1_58' title="bbox 2163 1640 3768 1703; baseline 0.001 -12"><span class='ocrx_word' id='word_1_408' title='bbox 2163 1642 2312 1691; x_wconf 89' lang='lat' dir='ltr'><strong>mici.</strong></span> <span class='ocrx_word' id='word_1_409' title='bbox 2350 1641 2569 1692; x_wconf 91' lang='lat' dir='ltr'><strong>Deinde</strong></span> <span class='ocrx_word' id='word_1_410' title='bbox 2590 1640 2859 1700; x_wconf 88' lang='lat' dir='ltr'><strong>ostendit,</strong></span> <span class='ocrx_word' id='word_1_411' title='bbox 2886 1653 3059 1703; x_wconf 88' lang='lat' dir='ltr'><strong>quam</strong></span> <span class='ocrx_word' id='word_1_412' title='bbox 3084 1641 3254 1693; x_wconf 85' lang='lat' dir='ltr'><strong>velox</strong></span> <span class='ocrx_word' id='word_1_413' title='bbox 3278 1642 3353 1692; x_wconf 90' lang='lat' dir='ltr'><strong>sit</strong></span> <span class='ocrx_word' id='word_1_414' title='bbox 3375 1641 3768 1692; x_wconf 87' lang='lat' dir='ltr'><strong>misericordia</strong></span> 
     </span>
    </p>
   </div>
   <div class='ocr_carea' id='block_1_59' title="bbox 2160 1712 3763 1776">
    <p class='ocr_par' dir='ltr' id='par_1_59' title="bbox 2160 1712 3763 1776">
     <span class='ocr_line' id='line_1_59' title="bbox 2160 1712 3763 1776; baseline 0.001 -13"><span class='ocrx_word' id='word_1_415' title='bbox 2160 1713 2277 1764; x_wconf 89' lang='lat' dir='ltr'><strong>Dei.</strong></span> <span class='ocrx_word' id='word_1_416' title='bbox 2298 1723 2426 1763; x_wconf 85' lang='lat' dir='ltr'><strong>cum</strong></span> <span class='ocrx_word' id='word_1_417' title='bbox 2454 1712 2783 1776; x_wconf 82' lang='lat' dir='ltr'><strong>subjungit:</strong></span> <span class='ocrx_word' id='word_1_418' title='bbox 2812 1714 2876 1761; x_wconf 78' lang='lat' dir='ltr'><strong>In</strong></span> <span class='ocrx_word' id='word_1_419' title='bbox 2901 1726 3226 1775; x_wconf 82' lang='lat' dir='ltr'><strong>quacunque</strong></span> <span class='ocrx_word' id='word_1_420' title='bbox 3249 1712 3334 1760; x_wconf 77' lang='lat' dir='ltr'><strong>die</strong></span> <span class='ocrx_word' id='word_1_421' title='bbox 3358 1713 3672 1762; x_wconf 77' lang='lat' dir='ltr'><strong>invocavero</strong></span> <span class='ocrx_word' id='word_1_422' title='bbox 3698 1718 3763 1765; x_wconf 86' lang='lat' dir='ltr'><strong>te.</strong></span> 
     </span>
    </p>
   </div>
   <div class='ocr_carea' id='block_1_60' title="bbox 2164 1782 3764 1847">
    <p class='ocr_par' dir='ltr' id='par_1_60' title="bbox 2164 1782 3764 1847">
     <span class='ocr_line' id='line_1_60' title="bbox 2164 1782 3764 1847; baseline 0.001 -15"><span class='ocrx_word' id='word_1_423' title='bbox 2164 1798 2271 1832; x_wconf 85' lang='lat' dir='ltr'><strong>ecce</strong></span> <span class='ocrx_word' id='word_1_424' title='bbox 2318 1784 2558 1846; x_wconf 80' lang='lat' dir='ltr'><strong>cognovi,</strong></span> <span class='ocrx_word' id='word_1_425' title='bbox 2599 1783 2863 1847; x_wconf 74' lang='lat' dir='ltr'><strong>quoniam</strong></span> <span class='ocrx_word' id='word_1_426' title='bbox 2894 1783 3033 1831; x_wconf 83' lang='lat' dir='ltr'><strong>Deus</strong></span> <span class='ocrx_word' id='word_1_427' title='bbox 3068 1798 3218 1831; x_wconf 82' lang='lat' dir='ltr'><strong>meus</strong></span> <span class='ocrx_word' id='word_1_428' title='bbox 3251 1797 3318 1833; x_wconf 84' lang='lat' dir='ltr'><strong>es.</strong></span> <span class='ocrx_word' id='word_1_429' title='bbox 3355 1782 3418 1833; x_wconf 90' lang='lat' dir='ltr'><strong>Id</strong></span> <span class='ocrx_word' id='word_1_430' title='bbox 3454 1787 3563 1843; x_wconf 81' lang='lat' dir='ltr'><strong>est,</strong></span> <span class='ocrx_word' id='word_1_431' title='bbox 3597 1795 3764 1834; x_wconf 90' lang='lat' dir='ltr'><strong>meus</strong></span> 
     </span>
    </p>
   </div>
   <div class='ocr_carea' id='block_1_61' title="bbox 2094 1852 3764 1953">
    <p class='ocr_par' dir='ltr' id='par_1_61' title="bbox 2094 1852 3764 1953">
     <span class='ocr_line' id='line_1_61' title="bbox 2094 1852 3764 1953; baseline 0 0"><span class='ocrx_word' id='word_1_432' title='bbox 2094 1880 2147 1953; x_wconf 93' lang='lat' dir='ltr'><strong>B</strong></span> <span class='ocrx_word' id='word_1_433' title='bbox 2165 1854 2489 1953; x_wconf 54' lang='lat' dir='ltr'><strong>mﬁ‘li‘tﬁ</strong></span> <span class='ocrx_word' id='word_1_434' title='bbox 2512 1852 3586 1953; x_wconf 58' lang='grc' dir='ltr'><strong>ἓίωὲἒῖέῗξ.ίὲὶ¹,ε¹;ξᾞοίέὶ¹ί¹ὶέξὲίξέιυτξ</strong></span> <span class='ocrx_word' id='word_1_435' title='bbox 3606 1856 3764 1953; x_wconf 63' lang='lat' dir='ltr'><strong>es:</strong></span> 
     </span>
    </p>
   </div>
   <div class='ocr_carea' id='block_1_62' title="bbox 2164 1925 3761 1989">
    <p class='ocr_par' dir='ltr' id='par_1_62' title="bbox 2164 1925 3761 1989">
     <span class='ocr_line' id='line_1_62' title="bbox 2164 1925 3761 1989; baseline 0.002 -12"><span class='ocrx_word' id='word_1_436' title='bbox 2164 1938 2392 1989; x_wconf 90' lang='lat' dir='ltr'><strong>cunque</strong></span> <span class='ocrx_word' id='word_1_437' title='bbox 2415 1925 2556 1976; x_wconf 88' lang='lat' dir='ltr'><strong>hora</strong></span> <span class='ocrx_word' id='word_1_438' title='bbox 2581 1929 2844 1989; x_wconf 87' lang='lat' dir='ltr'><strong>peccator</strong></span> <span class='ocrx_word' id='word_1_439' title='bbox 2862 1937 3180 1977; x_wconf 88' lang='lat' dir='ltr'><strong>conversus</strong></span> <span class='ocrx_word' id='word_1_440' title='bbox 3208 1926 3376 1976; x_wconf 84' lang='lat' dir='ltr'><strong>fuerit</strong></span> <span class='ocrx_word' id='word_1_441' title='bbox 3402 1926 3598 1987; x_wconf 72' lang='lat' dir='ltr'><strong>(Ezech.</strong></span> <span class='ocrx_word' id='word_1_442' title='bbox 3631 1925 3761 1988; x_wconf 80' lang='lat'><strong>18.),</strong></span> 
     </span>
    </p>
   </div>
   <div class='ocr_carea' id='block_1_63' title="bbox 2165 1996 3763 2060">
    <p class='ocr_par' dir='ltr' id='par_1_63' title="bbox 2165 1996 3763 2060">
     <span class='ocr_line' id='line_1_63' title="bbox 2165 1996 3763 2060; baseline 0.001 -12"><span class='ocrx_word' id='word_1_443' title='bbox 2165 2002 2223 2049; x_wconf 92' lang='lat' dir='ltr'><strong>et</strong></span> <span class='ocrx_word' id='word_1_444' title='bbox 2250 1996 2595 2060; x_wconf 85' lang='lat' dir='ltr'><strong>ingemuerit</strong></span> <span class='ocrx_word' id='word_1_445' title='bbox 2623 2012 2634 2047; x_wconf 92' lang='lat'>:</span> <span class='ocrx_word' id='word_1_446' title='bbox 2653 1997 2846 2047; x_wconf 84' lang='lat' dir='ltr'><strong>omnia</strong></span> <span class='ocrx_word' id='word_1_447' title='bbox 2860 2001 3093 2060; x_wconf 89' lang='lat' dir='ltr'><strong>peccata</strong></span> <span class='ocrx_word' id='word_1_448' title='bbox 3111 1998 3237 2060; x_wconf 87' lang='lat' dir='ltr'><strong>ejus</strong></span> <span class='ocrx_word' id='word_1_449' title='bbox 3254 1996 3634 2048; x_wconf 90' lang='lat' dir='ltr'><strong>remittentur.</strong></span> <span class='ocrx_word' id='word_1_450' title='bbox 3648 1998 3763 2049; x_wconf 85' lang='lat' dir='ltr'><strong>Ne-</strong></span> 
     </span>
    </p>
   </div>
   <div class='ocr_carea' id='block_1_64' title="bbox 2165 2067 3764 2132">
    <p class='ocr_par' dir='ltr' id='par_1_64' title="bbox 2165 2067 3764 2132">
     <span class='ocr_line' id='line_1_64' title="bbox 2165 2067 3764 2132; baseline 0 -13"><span class='ocrx_word' id='word_1_451' title='bbox 2165 2081 2275 2131; x_wconf 90' lang='lat' dir='ltr'><strong>que</strong></span> <span class='ocrx_word' id='word_1_452' title='bbox 2311 2069 2462 2119; x_wconf 89' lang='lat' dir='ltr'><strong>enim</strong></span> <span class='ocrx_word' id='word_1_453' title='bbox 2497 2067 2687 2119; x_wconf 89' lang='lat' dir='ltr'><strong>tardat</strong></span> <span class='ocrx_word' id='word_1_454' title='bbox 2717 2081 2818 2132; x_wconf 91' lang='lat' dir='ltr'><strong>per</strong></span> <span class='ocrx_word' id='word_1_455' title='bbox 2862 2067 2983 2119; x_wconf 90' lang='lat' dir='ltr'><strong>dies</strong></span> <span class='ocrx_word' id='word_1_456' title='bbox 3011 2072 3067 2118; x_wconf 91' lang='lat' dir='ltr'><strong>et</strong></span> <span class='ocrx_word' id='word_1_457' title='bbox 3089 2080 3289 2124; x_wconf 87' lang='lat' dir='ltr'><strong>annos,</strong></span> <span class='ocrx_word' id='word_1_458' title='bbox 3317 2067 3436 2131; x_wconf 90' lang='lat' dir='ltr'><strong>sed,</strong></span> <span class='ocrx_word' id='word_1_459' title='bbox 3461 2068 3764 2119; x_wconf 88' lang='lat' dir='ltr'><strong>Converti-</strong></span> 
     </span>
    </p>
   </div>
   <div class='ocr_carea' id='block_1_65' title="bbox 2162 2138 3761 2203">
    <p class='ocr_par' dir='ltr' id='par_1_65' title="bbox 2162 2138 3761 2203">
     <span class='ocr_line' id='line_1_65' title="bbox 2162 2138 3761 2203; baseline -0.001 -13"><span class='ocrx_word' id='word_1_460' title='bbox 2162 2140 2307 2190; x_wconf 88' lang='lat' dir='ltr'><strong>mini</strong></span> <span class='ocrx_word' id='word_1_461' title='bbox 2335 2140 2407 2190; x_wconf 88' lang='lat' dir='ltr'><strong>ad</strong></span> <span class='ocrx_word' id='word_1_462' title='bbox 2431 2152 2523 2190; x_wconf 90' lang='lat' dir='ltr'><strong>me</strong></span> <span class='ocrx_word' id='word_1_463' title='bbox 2547 2140 2661 2203; x_wconf 88' lang='lat' dir='ltr'><strong>(ait)</strong></span> <span class='ocrx_word' id='word_1_464' title='bbox 2686 2144 2742 2190; x_wconf 90' lang='lat' dir='ltr'><strong>et</strong></span> <span class='ocrx_word' id='word_1_465' title='bbox 2765 2152 2871 2201; x_wconf 87' lang='lat' dir='ltr'><strong>ego</strong></span> <span class='ocrx_word' id='word_1_466' title='bbox 2894 2146 3145 2191; x_wconf 88' lang='lat' dir='ltr'><strong>revertar</strong></span> <span class='ocrx_word' id='word_1_467' title='bbox 3168 2139 3241 2190; x_wconf 90' lang='lat' dir='ltr'><strong>ad</strong></span> <span class='ocrx_word' id='word_1_468' title='bbox 3265 2150 3373 2190; x_wconf 90' lang='lat' dir='ltr'><strong>vos</strong></span> <span class='ocrx_word' id='word_1_469' title='bbox 3403 2154 3415 2189; x_wconf 94' lang='lat'><strong>:</strong></span> <span class='ocrx_word' id='word_1_470' title='bbox 3452 2138 3761 2201; x_wconf 89' lang='lat' dir='ltr'><strong>sequimini</strong></span> 
     </span>
    </p>
   </div>
   <div class='ocr_carea' id='block_1_66' title="bbox 2163 2209 3763 2274">
    <p class='ocr_par' dir='ltr' id='par_1_66' title="bbox 2163 2209 3763 2274">
     <span class='ocr_line' id='line_1_66' title="bbox 2163 2209 3763 2274; baseline -0.001 -11"><span class='ocrx_word' id='word_1_471' title='bbox 2163 2217 2498 2272; x_wconf 90' lang='lat' dir='ltr'><strong>retrorsum,</strong></span> <span class='ocrx_word' id='word_1_472' title='bbox 2527 2215 2585 2261; x_wconf 94' lang='lat' dir='ltr'><strong>et</strong></span> <span class='ocrx_word' id='word_1_473' title='bbox 2629 2223 2735 2274; x_wconf 89' lang='lat' dir='ltr'><strong>ego</strong></span> <span class='ocrx_word' id='word_1_474' title='bbox 2759 2211 2966 2261; x_wconf 89' lang='lat' dir='ltr'><strong>ducam</strong></span> <span class='ocrx_word' id='word_1_475' title='bbox 3008 2224 3114 2262; x_wconf 80' lang='lat' dir='ltr'><strong>vos</strong></span> <span class='ocrx_word' id='word_1_476' title='bbox 3148 2210 3332 2271; x_wconf 85' lang='lat' dir='ltr'><strong>(Zach.</strong></span> <span class='ocrx_word' id='word_1_477' title='bbox 3370 2209 3395 2263; x_wconf 91' lang='grc'><strong>1</strong></span> <span class='ocrx_word' id='word_1_478' title='bbox 3426 2211 3463 2272; x_wconf 94' lang='grc'><strong>).</strong></span> <span class='ocrx_word' id='word_1_479' title='bbox 3507 2211 3763 2261; x_wconf 89' lang='lat' dir='ltr'><strong>Ecclesia</strong></span> 
     </span>
    </p>
   </div>
   <div class='ocr_carea' id='block_1_67' title="bbox 2162 2280 3761 2346">
    <p class='ocr_par' dir='ltr' id='par_1_67' title="bbox 2162 2280 3761 2346">
     <span class='ocr_line' id='line_1_67' title="bbox 2162 2280 3761 2346; baseline -0.002 -14"><span class='ocrx_word' id='word_1_480' title='bbox 2162 2282 2337 2346; x_wconf 88' lang='lat' dir='ltr'><strong>igitur</strong></span> <span class='ocrx_word' id='word_1_481' title='bbox 2353 2284 2571 2332; x_wconf 84' lang='lat' dir='ltr'><strong>tantam</strong></span> <span class='ocrx_word' id='word_1_482' title='bbox 2584 2281 2890 2333; x_wconf 90' lang='lat' dir='ltr'><strong>attendens</strong></span> <span class='ocrx_word' id='word_1_483' title='bbox 2902 2281 3157 2333; x_wconf 88' lang='lat' dir='ltr'><strong>divinam</strong></span> <span class='ocrx_word' id='word_1_484' title='bbox 3174 2280 3761 2346; x_wconf 85' lang='lat' dir='ltr'><strong>misericordiam,ideo</strong></span> 
     </span>
    </p>
   </div>
   <div class='ocr_carea' id='block_1_68' title="bbox 2164 2351 3759 2416">
    <p class='ocr_par' dir='ltr' id='par_1_68' title="bbox 2164 2351 3759 2416">
     <span class='ocr_line' id='line_1_68' title="bbox 2164 2351 3759 2416; baseline -0.001 -12"><span class='ocrx_word' id='word_1_485' title='bbox 2164 2363 2180 2381; x_wconf 91' lang='grc'><strong>·</strong></span> <span class='ocrx_word' id='word_1_486' title='bbox 2206 2366 2324 2404; x_wconf 91' lang='grc'>11011</span> <span class='ocrx_word' id='word_1_487' title='bbox 2347 2352 2504 2416; x_wconf 90' lang='lat' dir='ltr'><strong>dicit,</strong></span> <span class='ocrx_word' id='word_1_488' title='bbox 2527 2353 2655 2401; x_wconf 83' lang='lat' dir='ltr'><strong>Ecce</strong></span> <span class='ocrx_word' id='word_1_489' title='bbox 2678 2353 2933 2416; x_wconf 86' lang='lat' dir='ltr'><strong>cognovi,</strong></span> <span class='ocrx_word' id='word_1_490' title='bbox 2961 2352 3128 2416; x_wconf 87' lang='lat' dir='ltr'><strong>idest,</strong></span> <span class='ocrx_word' id='word_1_491' title='bbox 3159 2353 3459 2403; x_wconf 81' lang='lat' dir='ltr'><strong>manifeste</strong></span> <span class='ocrx_word' id='word_1_492' title='bbox 3481 2351 3759 2414; x_wconf 87' lang='lat' dir='ltr'><strong>intellexi,</strong></span> 
     </span>
    </p>
   </div>
   <div class='ocr_carea' id='block_1_69' title="bbox 2162 2423 3763 2489">
    <p class='ocr_par' dir='ltr' id='par_1_69' title="bbox 2162 2423 3763 2489">
     <span class='ocr_line' id='line_1_69' title="bbox 2162 2423 3763 2489; baseline 0 -14"><span class='ocrx_word' id='word_1_493' title='bbox 2162 2424 2439 2489; x_wconf 91' lang='lat' dir='ltr'><strong>quoniam</strong></span> <span class='ocrx_word' id='word_1_494' title='bbox 2462 2426 2616 2474; x_wconf 90' lang='lat' dir='ltr'><strong>Deus</strong></span> <span class='ocrx_word' id='word_1_495' title='bbox 2641 2437 2808 2475; x_wconf 87' lang='lat' dir='ltr'><strong>meus</strong></span> <span class='ocrx_word' id='word_1_496' title='bbox 2832 2436 2915 2476; x_wconf 92' lang='lat' dir='ltr'><strong>es.</strong></span> <span class='ocrx_word' id='word_1_497' title='bbox 2930 2425 3139 2488; x_wconf 82' lang='lat' dir='ltr'><strong>Magna</strong></span> <span class='ocrx_word' id='word_1_498' title='bbox 3153 2423 3419 2487; x_wconf 90' lang='lat' dir='ltr'><strong>cognitio.</strong></span> <span class='ocrx_word' id='word_1_499' title='bbox 3437 2424 3566 2475; x_wconf 89' lang='lat' dir='ltr'><strong>Non</strong></span> <span class='ocrx_word' id='word_1_500' title='bbox 3584 2424 3663 2474; x_wconf 85' lang='lat' dir='ltr'><strong>ait</strong></span> <span class='ocrx_word' id='word_1_501' title='bbox 3674 2436 3763 2475; x_wconf 92' lang='lat' dir='ltr'><strong>co-</strong></span> 
     </span>
    </p>
   </div>
   <div class='ocr_carea' id='block_1_70' title="bbox 2162 2495 3761 2559">
    <p class='ocr_par' dir='ltr' id='par_1_70' title="bbox 2162 2495 3761 2559">
     <span class='ocr_line' id='line_1_70' title="bbox 2162 2495 3761 2559; baseline -0.003 -12"><span class='ocrx_word' id='word_1_502' title='bbox 2162 2496 2357 2559; x_wconf 86' lang='lat' dir='ltr'><strong>gnovi,</strong></span> <span class='ocrx_word' id='word_1_503' title='bbox 2384 2496 2655 2559; x_wconf 89' lang='lat' dir='ltr'><strong>quoniam</strong></span> <span class='ocrx_word' id='word_1_504' title='bbox 2685 2497 2842 2547; x_wconf 89' lang='lat' dir='ltr'><strong>Deus</strong></span> <span class='ocrx_word' id='word_1_505' title='bbox 2866 2509 2927 2545; x_wconf 91' lang='lat' dir='ltr'><strong>es</strong></span> <span class='ocrx_word' id='word_1_506' title='bbox 2954 2509 2966 2545; x_wconf 91' lang='lat'>:</span> <span class='ocrx_word' id='word_1_507' title='bbox 2996 2495 3115 2557; x_wconf 90' lang='lat' dir='ltr'><strong>sed,</strong></span> <span class='ocrx_word' id='word_1_508' title='bbox 3150 2495 3413 2558; x_wconf 82' lang='lat' dir='ltr'><strong>quoniam</strong></span> <span class='ocrx_word' id='word_1_509' title='bbox 3436 2495 3578 2543; x_wconf 82' lang='lat' dir='ltr'><strong>Deus</strong></span> <span class='ocrx_word' id='word_1_510' title='bbox 3608 2509 3761 2543; x_wconf 74' lang='lat' dir='ltr'><strong>meus</strong></span> 
     </span>
    </p>
   </div>
   <div class='ocr_carea' id='block_1_71' title="bbox 2161 2565 3757 2630">
    <p class='ocr_par' dir='ltr' id='par_1_71' title="bbox 2161 2565 3757 2630">
     <span class='ocr_line' id='line_1_71' title="bbox 2161 2565 3757 2630; baseline 0.001 -15"><span class='ocrx_word' id='word_1_511' title='bbox 2161 2582 2227 2615; x_wconf 84' lang='lat' dir='ltr'><strong>es.</strong></span> <span class='ocrx_word' id='word_1_512' title='bbox 2275 2568 2436 2617; x_wconf 91' lang='lat' dir='ltr'><strong>Tuus</strong></span> <span class='ocrx_word' id='word_1_513' title='bbox 2482 2572 2572 2617; x_wconf 91' lang='lat' dir='ltr'><strong>est</strong></span> <span class='ocrx_word' id='word_1_514' title='bbox 2617 2567 2791 2627; x_wconf 89' lang='grc'>0111111,</span> <span class='ocrx_word' id='word_1_515' title='bbox 2825 2578 2959 2617; x_wconf 88' lang='grc'>011111</span> <span class='ocrx_word' id='word_1_516' title='bbox 2993 2567 3097 2616; x_wconf 91' lang='lat' dir='ltr'><strong>tibi</strong></span> <span class='ocrx_word' id='word_1_517' title='bbox 3139 2565 3428 2618; x_wconf 89' lang='lat' dir='ltr'><strong>subvenit.</strong></span> <span class='ocrx_word' id='word_1_518' title='bbox 3472 2566 3627 2616; x_wconf 86' lang='lat' dir='ltr'><strong>Tuus</strong></span> <span class='ocrx_word' id='word_1_519' title='bbox 3650 2570 3757 2630; x_wconf 83' lang='lat' dir='ltr'><strong>est,</strong></span> 
     </span>
    </p>
   </div>
   <div class='ocr_carea' id='block_1_72' title="bbox 2162 2636 3759 2689">
    <p class='ocr_par' dir='ltr' id='par_1_72' title="bbox 2162 2636 3759 2689">
     <span class='ocr_line' id='line_1_72' title="bbox 2162 2636 3759 2689; baseline -0.002 0"><span class='ocrx_word' id='word_1_520' title='bbox 2162 2651 2295 2689; x_wconf 92' lang='lat' dir='ltr'><strong>cum</strong></span> <span class='ocrx_word' id='word_1_521' title='bbox 2320 2641 2384 2689; x_wconf 94' lang='lat' dir='ltr'><strong>tu</strong></span> <span class='ocrx_word' id='word_1_522' title='bbox 2404 2638 2593 2688; x_wconf 88' lang='lat' dir='ltr'><strong>abillo</strong></span> <span class='ocrx_word' id='word_1_523' title='bbox 2616 2636 2840 2688; x_wconf 91' lang='lat' dir='ltr'><strong>alienus</strong></span> <span class='ocrx_word' id='word_1_524' title='bbox 2864 2649 2979 2687; x_wconf 89' lang='lat' dir='ltr'><strong>non</strong></span> <span class='ocrx_word' id='word_1_525' title='bbox 3003 2649 3083 2688; x_wconf 89' lang='lat' dir='ltr'><strong>es.</strong></span> <span class='ocrx_word' id='word_1_526' title='bbox 3103 2637 3266 2688; x_wconf 88' lang='lat' dir='ltr'><strong>Unde</strong></span> <span class='ocrx_word' id='word_1_527' title='bbox 3291 2636 3522 2687; x_wconf 90' lang='lat' dir='ltr'><strong>dicitur:</strong></span> <span class='ocrx_word' id='word_1_528' title='bbox 3548 2637 3759 2687; x_wconf 88' lang='lat' dir='ltr'><strong>Beatus</strong></span> 
     </span>
    </p>
   </div>
   <div class='ocr_carea' id='block_1_73' title="bbox 2160 2707 3757 2773">
    <p class='ocr_par' dir='ltr' id='par_1_73' title="bbox 2160 2707 3757 2773">
     <span class='ocr_line' id='line_1_73' title="bbox 2160 2707 3757 2773; baseline -0.003 -12"><span class='ocrx_word' id='word_1_529' title='bbox 2160 2708 2410 2773; x_wconf 90' lang='lat' dir='ltr'><strong>populus</strong></span> <span class='ocrx_word' id='word_1_530' title='bbox 2422 2710 2594 2773; x_wconf 84' lang='lat' dir='ltr'><strong>cujus</strong></span> <span class='ocrx_word' id='word_1_531' title='bbox 2610 2709 2887 2760; x_wconf 90' lang='lat' dir='ltr'><strong>Dominus</strong></span> <span class='ocrx_word' id='word_1_532' title='bbox 2902 2711 3057 2760; x_wconf 90' lang='lat' dir='ltr'><strong>Deus</strong></span> <span class='ocrx_word' id='word_1_533' title='bbox 3082 2710 3209 2772; x_wconf 88' lang='lat' dir='ltr'><strong>ejus</strong></span> <span class='ocrx_word' id='word_1_534' title='bbox 3232 2709 3395 2771; x_wconf 81' lang='lat' dir='ltr'><strong>(Psal.</strong></span> <span class='ocrx_word' id='word_1_535' title='bbox 3422 2707 3582 2770; x_wconf 65' lang='lat'><strong>143.).</strong></span> <span class='ocrx_word' id='word_1_536' title='bbox 3599 2711 3757 2769; x_wconf 88' lang='lat' dir='ltr'><strong>Cujus</strong></span> 
     </span>
    </p>
   </div>
   <div class='ocr_carea' id='block_1_74' title="bbox 2160 2779 3755 2844">
    <p class='ocr_par' dir='ltr' id='par_1_74' title="bbox 2160 2779 3755 2844">
     <span class='ocr_line' id='line_1_74' title="bbox 2160 2779 3755 2844; baseline -0.003 -11"><span class='ocrx_word' id='word_1_537' title='bbox 2160 2781 2311 2833; x_wconf 89' lang='lat' dir='ltr'><strong>enim</strong></span> <span class='ocrx_word' id='word_1_538' title='bbox 2326 2794 2445 2832; x_wconf 92' lang='lat' dir='ltr'><strong>non</strong></span> <span class='ocrx_word' id='word_1_539' title='bbox 2469 2783 2591 2832; x_wconf 83' lang='lat' dir='ltr'><strong>est?</strong></span> <span class='ocrx_word' id='word_1_540' title='bbox 2620 2781 2890 2831; x_wconf 91' lang='lat' dir='ltr'><strong>Omnium</strong></span> <span class='ocrx_word' id='word_1_541' title='bbox 2916 2780 3149 2844; x_wconf 89' lang='lat' dir='ltr'><strong>quidem</strong></span> <span class='ocrx_word' id='word_1_542' title='bbox 3172 2782 3324 2831; x_wconf 90' lang='lat' dir='ltr'><strong>Deus</strong></span> <span class='ocrx_word' id='word_1_543' title='bbox 3347 2779 3755 2839; x_wconf 85' lang='lat' dir='ltr'><strong>est,sedeorum</strong></span> 
     </span>
    </p>
   </div>
   <div class='ocr_carea' id='block_1_75' title="bbox 2160 2850 3760 2915">
    <p class='ocr_par' dir='ltr' id='par_1_75' title="bbox 2160 2850 3760 2915">
     <span class='ocr_line' id='line_1_75' title="bbox 2160 2850 3760 2915; baseline -0.001 -14"><span class='ocrx_word' id='word_1_544' title='bbox 2160 2852 2404 2915; x_wconf 89' lang='lat' dir='ltr'><strong>proprie,</strong></span> <span class='ocrx_word' id='word_1_545' title='bbox 2448 2850 2549 2914; x_wconf 92' lang='lat' dir='ltr'><strong>qui</strong></span> <span class='ocrx_word' id='word_1_546' title='bbox 2598 2863 2729 2902; x_wconf 89' lang='lat' dir='ltr'><strong>eum</strong></span> <span class='ocrx_word' id='word_1_547' title='bbox 2767 2851 3035 2915; x_wconf 88' lang='lat' dir='ltr'><strong>diligunt,</strong></span> <span class='ocrx_word' id='word_1_548' title='bbox 3076 2851 3296 2915; x_wconf 87' lang='lat' dir='ltr'><strong>timent,</strong></span> <span class='ocrx_word' id='word_1_549' title='bbox 3323 2850 3633 2915; x_wconf 86' lang='lat' dir='ltr'><strong>possident,</strong></span> <span class='ocrx_word' id='word_1_550' title='bbox 3662 2862 3760 2901; x_wconf 88' lang='lat' dir='ltr'><strong>co-</strong></span> 
     </span>
    </p>
   </div>
   <div class='ocr_carea' id='block_1_76' title="bbox 2159 2919 3759 2989">
    <p class='ocr_par' dir='ltr' id='par_1_76' title="bbox 2159 2919 3759 2989">
     <span class='ocr_line' id='line_1_76' title="bbox 2159 2919 3759 2989; baseline -0.003 -14"><span class='ocrx_word' id='word_1_551' title='bbox 2159 2925 2303 2975; x_wconf 87' lang='lat' dir='ltr'><strong>lunt.</strong></span> <span class='ocrx_word' id='word_1_552' title='bbox 2331 2930 2459 2974; x_wconf 85' lang='lat' dir='ltr'><strong>Jam</strong></span> <span class='ocrx_word' id='word_1_553' title='bbox 2484 2935 2684 2982; x_wconf 90' lang='lat' dir='ltr'><strong>unum,</strong></span> <span class='ocrx_word' id='word_1_554' title='bbox 2711 2936 2844 2973; x_wconf 90' lang='lat' dir='ltr'><strong>cum</strong></span> <span class='ocrx_word' id='word_1_555' title='bbox 2866 2925 2948 2974; x_wconf 90' lang='lat' dir='ltr'><strong>eis</strong></span> <span class='ocrx_word' id='word_1_556' title='bbox 2976 2922 3161 2973; x_wconf 85' lang='lat' dir='ltr'><strong>factus</strong></span> <span class='ocrx_word' id='word_1_557' title='bbox 3191 2935 3287 2987; x_wconf 87' lang='lat' dir='ltr'><strong>per</strong></span> <span class='ocrx_word' id='word_1_558' title='bbox 3314 2919 3484 2989; x_wconf 84' lang='grc'><strong>277</strong></span> <span class='ocrx_word' id='word_1_559' title='bbox 3519 2933 3759 2973; x_wconf 87' lang='lat' dir='ltr'><strong>conver-</strong></span> 
     </span>
    </p>
   </div>
   <div class='ocr_carea' id='block_1_77' title="bbox 2162 2994 3755 3058">
    <p class='ocr_par' dir='ltr' id='par_1_77' title="bbox 2162 2994 3755 3058">
     <span class='ocr_line' id='line_1_77' title="bbox 2162 2994 3755 3058; baseline -0.003 -12"><span class='ocrx_word' id='word_1_560' title='bbox 2162 2995 2380 3046; x_wconf 89' lang='lat' dir='ltr'><strong>sionem</strong></span> <span class='ocrx_word' id='word_1_561' title='bbox 2408 2997 2463 3047; x_wconf 90' lang='lat' dir='ltr'><strong>et</strong></span> <span class='ocrx_word' id='word_1_562' title='bbox 2478 2994 2968 3058; x_wconf 87' lang='lat' dir='ltr'><strong>participationem</strong></span> <span class='ocrx_word' id='word_1_563' title='bbox 2986 2996 3187 3058; x_wconf 61' lang='lat' dir='ltr'><strong>gratias</strong></span> <span class='ocrx_word' id='word_1_564' title='bbox 3201 2994 3321 3057; x_wconf 91' lang='lat' dir='ltr'><strong>Dei,</strong></span> <span class='ocrx_word' id='word_1_565' title='bbox 3338 2995 3539 3058; x_wconf 81' lang='lat' dir='ltr'><strong>repetit</strong></span> <span class='ocrx_word' id='word_1_566' title='bbox 3552 3007 3755 3041; x_wconf 87' lang='lat' dir='ltr'><strong>versum</strong></span> 
     </span>
    </p>
   </div>
   <div class='ocr_carea' id='block_1_78' title="bbox 2160 3065 3756 3131">
    <p class='ocr_par' dir='ltr' id='par_1_78' title="bbox 2160 3065 3756 3131">
     <span class='ocr_line' id='line_1_78' title="bbox 2160 3065 3756 3131; baseline -0.001 -14"><span class='ocrx_word' id='word_1_567' title='bbox 2160 3080 2333 3131; x_wconf 91' lang='lat' dir='ltr'><strong>quem</strong></span> <span class='ocrx_word' id='word_1_568' title='bbox 2357 3068 2477 3130; x_wconf 89' lang='lat' dir='ltr'><strong>jam</strong></span> <span class='ocrx_word' id='word_1_569' title='bbox 2502 3066 2741 3129; x_wconf 88' lang='lat' dir='ltr'><strong>dixerat,</strong></span> <span class='ocrx_word' id='word_1_570' title='bbox 2763 3070 2826 3117; x_wconf 91' lang='lat' dir='ltr'><strong>ut</strong></span> <span class='ocrx_word' id='word_1_571' title='bbox 2850 3066 3027 3130; x_wconf 89' lang='lat' dir='ltr'><strong>etipsi</strong></span> <span class='ocrx_word' id='word_1_572' title='bbox 3043 3078 3176 3117; x_wconf 89' lang='lat' dir='ltr'><strong>cum</strong></span> <span class='ocrx_word' id='word_1_573' title='bbox 3194 3078 3262 3117; x_wconf 91' lang='lat' dir='ltr'><strong>eo</strong></span> <span class='ocrx_word' id='word_1_574' title='bbox 3285 3065 3538 3129; x_wconf 85' lang='lat' dir='ltr'><strong>etipsius</strong></span> <span class='ocrx_word' id='word_1_575' title='bbox 3555 3076 3756 3116; x_wconf 87' lang='lat' dir='ltr'><strong>exem-</strong></span> 
     </span>
    </p>
   </div>
   <div class='ocr_carea' id='block_1_79' title="bbox 2155 3138 3756 3269">
    <p class='ocr_par' dir='ltr' id='par_1_79' title="bbox 2155 3138 3756 3269">
     <span class='ocr_line' id='line_1_79' title="bbox 2155 3138 3756 3269; baseline -0.002 -6"><span class='ocrx_word' id='word_1_576' title='bbox 2155 3138 2543 3263; x_wconf 49' lang='lat' dir='ltr'><strong>pliﬂliiniaéo</strong></span> <span class='ocrx_word' id='word_1_577' title='bbox 2568 3208 2799 3258; x_wconf 82' lang='lat' dir='ltr'><strong>laudabo</strong></span> <span class='ocrx_word' id='word_1_578' title='bbox 2825 3208 3061 3269; x_wconf 79' lang='lat' dir='ltr'><strong>verbum,</strong></span> <span class='ocrx_word' id='word_1_579' title='bbox 3099 3214 3145 3258; x_wconf 88' lang='lat' dir='ltr'><strong>et</strong></span> <span class='ocrx_word' id='word_1_580' title='bbox 3171 3209 3233 3259; x_wconf 79' lang='lat' dir='ltr'><strong>in</strong></span> <span class='ocrx_word' id='word_1_581' title='bbox 3264 3209 3498 3258; x_wconf 75' lang='lat' dir='ltr'><strong>Domino</strong></span> <span class='ocrx_word' id='word_1_582' title='bbox 3519 3209 3756 3260; x_wconf 78' lang='lat' dir='ltr'><strong>laudabo</strong></span> 
     </span>
    </p>
   </div>
   <div class='ocr_carea' id='block_1_80' title="bbox 458 3280 3754 3375">
    <p class='ocr_par' dir='ltr' id='par_1_80' title="bbox 458 3280 3754 3375">
     <span class='ocr_line' id='line_1_80' title="bbox 458 3280 3754 3375; baseline 0 -40"><span class='ocrx_word' id='word_1_583' title='bbox 458 3283 567 3375; x_wconf 59' lang='lat' dir='ltr'><strong>dus</strong></span> <span class='ocrx_word' id='word_1_584' title='bbox 594 3284 787 3375; x_wconf 61' lang='lat' dir='ltr'><strong>ferunt</strong></span> <span class='ocrx_word' id='word_1_585' title='bbox 809 3283 1289 3375; x_wconf 46' lang='lat' dir='ltr'><strong>vitamjustorum‘</strong></span> <span class='ocrx_word' id='word_1_586' title='bbox 1309 3302 1318 3330; x_wconf 93' lang='lat'><strong>:</strong></span> <span class='ocrx_word' id='word_1_587' title='bbox 1340 3283 1494 3363; x_wconf 84' lang='lat' dir='ltr'><strong>unde</strong></span> <span class='ocrx_word' id='word_1_588' title='bbox 1510 3284 1540 3333; x_wconf 89' lang='lat' dir='ltr'><strong>J</strong></span> <span class='ocrx_word' id='word_1_589' title='bbox 1547 3283 1707 3375; x_wconf 59' lang='grc'>11111111</span> <span class='ocrx_word' id='word_1_590' title='bbox 1713 3284 1783 3363; x_wconf 83' lang='lat' dir='ltr'><strong>de</strong></span> <span class='ocrx_word' id='word_1_591' title='bbox 1797 3288 2051 3375; x_wconf 51' lang='lat' dir='ltr'><strong>ligamento</strong></span> <span class='ocrx_word' id='word_1_592' title='bbox 2080 3300 2129 3375; x_wconf 67' lang='grc' dir='ltr'>Ο</span> <span class='ocrx_word' id='word_1_593' title='bbox 2155 3295 2437 3375; x_wconf 41' lang='lat' dir='ltr'><strong>sermones,</strong></span> <span class='ocrx_word' id='word_1_594' title='bbox 2467 3286 2574 3333; x_wconf 86' lang='lat' dir='ltr'><strong>etc.</strong></span> <span class='ocrx_word' id='word_1_595' title='bbox 2605 3282 2977 3375; x_wconf 58' lang='lat' dir='ltr'><strong>yerbumhest</strong></span> <span class='ocrx_word' id='word_1_596' title='bbox 2999 3281 3329 3375; x_wconf 48' lang='lat' dir='ltr'><strong>pgwficatio</strong></span> <span class='ocrx_word' id='word_1_597' title='bbox 3349 3281 3421 3331; x_wconf 94' lang='lat' dir='ltr'><strong>de</strong></span> <span class='ocrx_word' id='word_1_598' title='bbox 3443 3280 3555 3375; x_wconf 48' lang='lat' dir='ltr'><strong>fide</strong></span> <span class='ocrx_word' id='word_1_599' title='bbox 3580 3294 3754 3375; x_wconf 58' lang='lat' dir='ltr'><strong>:quo:</strong></span> 
     </span>
    </p>
   </div>
   <div class='ocr_carea' id='block_1_81' title="bbox 460 3352 3754 3419">
    <p class='ocr_par' dir='ltr' id='par_1_81' title="bbox 460 3352 3754 3419">
     <span class='ocr_line' id='line_1_81' title="bbox 460 3352 3754 3419; baseline 0 -16"><span class='ocrx_word' id='word_1_600' title='bbox 460 3354 598 3419; x_wconf 84' lang='lat' dir='ltr'><strong>[Leg.</strong></span> <span class='ocrx_word' id='word_1_601' title='bbox 626 3353 890 3415; x_wconf 91' lang='lat' dir='ltr'><strong>Domino]</strong></span> <span class='ocrx_word' id='word_1_602' title='bbox 914 3352 1189 3404; x_wconf 89' lang='lat' dir='ltr'><strong>dixerunt</strong></span> <span class='ocrx_word' id='word_1_603' title='bbox 1213 3368 1225 3402; x_wconf 92' lang='lat'><strong>:</strong></span> <span class='ocrx_word' id='word_1_604' title='bbox 1254 3354 1454 3405; x_wconf 83' lang='lat' dir='ltr'><strong>Gravis</strong></span> <span class='ocrx_word' id='word_1_605' title='bbox 1478 3358 1568 3404; x_wconf 80' lang='lat' dir='ltr'><strong>est</strong></span> <span class='ocrx_word' id='word_1_606' title='bbox 1596 3355 1763 3404; x_wconf 89' lang='lat' dir='ltr'><strong>nobis</strong></span> <span class='ocrx_word' id='word_1_607' title='bbox 1781 3356 1949 3407; x_wconf 89' lang='lat' dir='ltr'><strong>etiam</strong></span> <span class='ocrx_word' id='word_1_608' title='bbox 1977 3355 2050 3406; x_wconf 86' lang='lat' dir='ltr'><strong>ad</strong></span> <span class='ocrx_word' id='word_1_609' title='bbox 2081 3352 2129 3375; x_wconf 73' lang='grc' dir='ltr'>υ</span> <span class='ocrx_word' id='word_1_610' title='bbox 2156 3352 2327 3404; x_wconf 86' lang='grc' dir='ltr'>111οά0</span> <span class='ocrx_word' id='word_1_611' title='bbox 2344 3354 2559 3404; x_wconf 90' lang='lat' dir='ltr'><strong>trinum</strong></span> <span class='ocrx_word' id='word_1_612' title='bbox 2571 3358 2627 3404; x_wconf 90' lang='lat' dir='ltr'><strong>et</strong></span> <span class='ocrx_word' id='word_1_613' title='bbox 2640 3365 2822 3403; x_wconf 90' lang='lat' dir='ltr'><strong>unum</strong></span> <span class='ocrx_word' id='word_1_614' title='bbox 2839 3352 3350 3405; x_wconf 87' lang='lat' dir='ltr'><strong>Deumdebeamus</strong></span> <span class='ocrx_word' id='word_1_615' title='bbox 3362 3352 3610 3417; x_wconf 88' lang='lat' dir='ltr'><strong>credere,</strong></span> <span class='ocrx_word' id='word_1_616' title='bbox 3624 3356 3754 3404; x_wconf 83' lang='lat' dir='ltr'><strong>sicut</strong></span> 
     </span>
    </p>
   </div>
   <div class='ocr_carea' id='block_1_82' title="bbox 454 3423 2049 3490">
    <p class='ocr_par' dir='ltr' id='par_1_82' title="bbox 454 3423 2049 3490">
     <span class='ocr_line' id='line_1_82' title="bbox 454 3423 2049 3490; baseline 0 -14"><span class='ocrx_word' id='word_1_617' title='bbox 454 3425 788 3477; x_wconf 87' lang='lat' dir='ltr'><strong>videndum.</strong></span> <span class='ocrx_word' id='word_1_618' title='bbox 810 3423 1114 3474; x_wconf 88' lang='lat' dir='ltr'><strong>Dissimilis</strong></span> <span class='ocrx_word' id='word_1_619' title='bbox 1129 3425 1383 3475; x_wconf 85' lang='lat' dir='ltr'><strong>estenim</strong></span> <span class='ocrx_word' id='word_1_620' title='bbox 1403 3426 1671 3488; x_wconf 89' lang='lat' dir='ltr'><strong>operibus</strong></span> <span class='ocrx_word' id='word_1_621' title='bbox 1689 3429 1873 3474; x_wconf 82' lang='lat' dir='ltr'><strong>nostris</strong></span> <span class='ocrx_word' id='word_1_622' title='bbox 1896 3426 2049 3490; x_wconf 83' lang='lat' dir='ltr'><strong>)Sap.</strong></span> 
     </span>
    </p>
   </div>
   <div class='ocr_carea' id='block_1_83' title="bbox 451 3495 2047 3560">
    <p class='ocr_par' dir='ltr' id='par_1_83' title="bbox 451 3495 2047 3560">
     <span class='ocr_line' id='line_1_83' title="bbox 451 3495 2047 3560; baseline 0.001 -12"><span class='ocrx_word' id='word_1_623' title='bbox 451 3495 542 3559; x_wconf 72' lang='grc'>2.).</span> <span class='ocrx_word' id='word_1_624' title='bbox 587 3498 796 3547; x_wconf 87' lang='lat' dir='ltr'><strong>Docuit</strong></span> <span class='ocrx_word' id='word_1_625' title='bbox 841 3500 1053 3558; x_wconf 87' lang='lat' dir='ltr'><strong>tamen,</strong></span> <span class='ocrx_word' id='word_1_626' title='bbox 1098 3500 1154 3546; x_wconf 89' lang='lat' dir='ltr'><strong>et</strong></span> <span class='ocrx_word' id='word_1_627' title='bbox 1209 3508 1308 3559; x_wconf 89' lang='lat' dir='ltr'><strong>pro</strong></span> <span class='ocrx_word' id='word_1_628' title='bbox 1346 3496 1555 3547; x_wconf 85' lang='lat' dir='ltr'><strong>talibus</strong></span> <span class='ocrx_word' id='word_1_629' title='bbox 1579 3509 1739 3547; x_wconf 80' lang='lat' dir='ltr'><strong>orare</strong></span> <span class='ocrx_word' id='word_1_630' title='bbox 1769 3496 2047 3560; x_wconf 85' lang='lat' dir='ltr'><strong>psalmus.</strong></span> 
     </span>
    </p>
   </div>
   <div class='ocr_carea' id='block_1_84' title="bbox 450 3566 2052 3631">
    <p class='ocr_par' dir='ltr' id='par_1_84' title="bbox 450 3566 2052 3631">
     <span class='ocr_line' id='line_1_84' title="bbox 450 3566 2052 3631; baseline 0.001 -14"><span class='ocrx_word' id='word_1_631' title='bbox 450 3566 884 3628; x_wconf 88' lang='lat' dir='ltr'><strong>Quantumlibet</strong></span> <span class='ocrx_word' id='word_1_632' title='bbox 929 3566 1083 3616; x_wconf 87' lang='lat' dir='ltr'><strong>enim</strong></span> <span class='ocrx_word' id='word_1_633' title='bbox 1121 3566 1294 3617; x_wconf 89' lang='lat' dir='ltr'><strong>homo</strong></span> <span class='ocrx_word' id='word_1_634' title='bbox 1332 3571 1600 3631; x_wconf 88' lang='lat' dir='ltr'><strong>peccator</strong></span> <span class='ocrx_word' id='word_1_635' title='bbox 1624 3567 1714 3629; x_wconf 89' lang='lat' dir='ltr'><strong>sit,</strong></span> <span class='ocrx_word' id='word_1_636' title='bbox 1742 3573 1945 3631; x_wconf 87' lang='lat' dir='ltr'><strong>potens</strong></span> <span class='ocrx_word' id='word_1_637' title='bbox 1969 3577 2052 3621; x_wconf 83' lang='lat' dir='ltr'><strong>est</strong></span> 
     </span>
    </p>
   </div>
   <div class='ocr_carea' id='block_1_85' title="bbox 452 3637 2046 3705">
    <p class='ocr_par' dir='ltr' id='par_1_85' title="bbox 452 3637 2046 3705">
     <span class='ocr_line' id='line_1_85' title="bbox 452 3637 2046 3705; baseline 0.004 -16"><span class='ocrx_word' id='word_1_638' title='bbox 452 3638 738 3701; x_wconf 89' lang='lat' dir='ltr'><strong>benignus</strong></span> <span class='ocrx_word' id='word_1_639' title='bbox 772 3639 927 3688; x_wconf 86' lang='lat' dir='ltr'><strong>Deus</strong></span> <span class='ocrx_word' id='word_1_640' title='bbox 962 3637 1187 3688; x_wconf 88' lang='lat' dir='ltr'><strong>salvare</strong></span> <span class='ocrx_word' id='word_1_641' title='bbox 1220 3637 1403 3689; x_wconf 87' lang='lat' dir='ltr'><strong>illum.</strong></span> <span class='ocrx_word' id='word_1_642' title='bbox 1444 3639 1606 3690; x_wconf 89' lang='lat' dir='ltr'><strong>Unde</strong></span> <span class='ocrx_word' id='word_1_643' title='bbox 1630 3644 1688 3690; x_wconf 90' lang='lat' dir='ltr'><strong>et</strong></span> <span class='ocrx_word' id='word_1_644' title='bbox 1712 3641 2046 3705; x_wconf 83' lang='lat' dir='ltr'><strong>subjungit:</strong></span> 
     </span>
    </p>
   </div>
   <div class='ocr_carea' id='block_1_86' title="bbox 534 3706 2047 3776">
    <p class='ocr_par' dir='ltr' id='par_1_86' title="bbox 534 3706 2047 3776">
     <span class='ocr_line' id='line_1_86' title="bbox 534 3706 2047 3776; baseline -0.001 -11"><span class='ocrx_word' id='word_1_645' title='bbox 534 3706 708 3776; x_wconf 85' lang='lat'><strong>276</strong></span> <span class='ocrx_word' id='word_1_646' title='bbox 734 3709 784 3763; x_wconf 87' lang='lat'><strong>8.</strong></span> <span class='ocrx_word' id='word_1_647' title='bbox 808 3709 919 3757; x_wconf 82' lang='lat' dir='ltr'><strong>Pro</strong></span> <span class='ocrx_word' id='word_1_648' title='bbox 944 3708 1139 3771; x_wconf 75' lang='lat' dir='ltr'><strong>nihilo,</strong></span> <span class='ocrx_word' id='word_1_649' title='bbox 1166 3708 1223 3758; x_wconf 90' lang='lat' dir='ltr'><strong>id</strong></span> <span class='ocrx_word' id='word_1_650' title='bbox 1247 3715 1354 3771; x_wconf 78' lang='lat' dir='ltr'><strong>est,</strong></span> <span class='ocrx_word' id='word_1_651' title='bbox 1389 3723 1487 3774; x_wconf 89' lang='lat' dir='ltr'><strong>pro</strong></span> <span class='ocrx_word' id='word_1_652' title='bbox 1516 3711 1690 3761; x_wconf 89' lang='lat' dir='ltr'><strong>nullis</strong></span> <span class='ocrx_word' id='word_1_653' title='bbox 1719 3713 2047 3775; x_wconf 68' lang='lat' dir='ltr'><strong>praeceden-</strong></span> 
     </span>
    </p>
   </div>
   <div class='ocr_carea' id='block_1_87' title="bbox 450 3781 2047 3843">
    <p class='ocr_par' dir='ltr' id='par_1_87' title="bbox 450 3781 2047 3843">
     <span class='ocr_line' id='line_1_87' title="bbox 450 3781 2047 3843; baseline 0.003 -12"><span class='ocrx_word' id='word_1_654' title='bbox 450 3781 604 3832; x_wconf 77' lang='lat' dir='ltr'><strong>tibus</strong></span> <span class='ocrx_word' id='word_1_655' title='bbox 627 3781 864 3842; x_wconf 84' lang='lat' dir='ltr'><strong>meritis,</strong></span> <span class='ocrx_word' id='word_1_656' title='bbox 895 3781 1067 3828; x_wconf 80' lang='lat' dir='ltr'><strong>salvos</strong></span> <span class='ocrx_word' id='word_1_657' title='bbox 1086 3782 1249 3843; x_wconf 78' lang='lat' dir='ltr'><strong>facies</strong></span> <span class='ocrx_word' id='word_1_658' title='bbox 1288 3783 1422 3833; x_wconf 79' lang='lat' dir='ltr'><strong>illos.</strong></span> <span class='ocrx_word' id='word_1_659' title='bbox 1454 3782 1554 3834; x_wconf 88' lang='lat' dir='ltr'><strong>Vel</strong></span> <span class='ocrx_word' id='word_1_660' title='bbox 1588 3783 1669 3833; x_wconf 89' lang='lat' dir='ltr'><strong>sic</strong></span> <span class='ocrx_word' id='word_1_661' title='bbox 1692 3783 1818 3834; x_wconf 90' lang='lat' dir='ltr'><strong>illos</strong></span> <span class='ocrx_word' id='word_1_662' title='bbox 1854 3786 2047 3837; x_wconf 83' lang='lat' dir='ltr'><strong>salvos</strong></span> 
     </span>
    </p>
   </div>
   <div class='ocr_carea' id='block_1_88' title="bbox 446 3850 2046 3912">
    <p class='ocr_par' dir='ltr' id='par_1_88' title="bbox 446 3850 2046 3912">
     <span class='ocr_line' id='line_1_88' title="bbox 446 3850 2046 3912; baseline 0.004 -11"><span class='ocrx_word' id='word_1_663' title='bbox 446 3851 638 3912; x_wconf 78' lang='lat' dir='ltr'><strong>facies,</strong></span> <span class='ocrx_word' id='word_1_664' title='bbox 664 3857 731 3903; x_wconf 92' lang='lat' dir='ltr'><strong>ut</strong></span> <span class='ocrx_word' id='word_1_665' title='bbox 752 3850 948 3903; x_wconf 88' lang='lat' dir='ltr'><strong>nullus</strong></span> <span class='ocrx_word' id='word_1_666' title='bbox 987 3850 1086 3901; x_wconf 87' lang='lat' dir='ltr'><strong>tibi</strong></span> <span class='ocrx_word' id='word_1_667' title='bbox 1109 3852 1270 3903; x_wconf 88' lang='lat' dir='ltr'><strong>labor</strong></span> <span class='ocrx_word' id='word_1_668' title='bbox 1291 3853 1381 3903; x_wconf 90' lang='lat' dir='ltr'><strong>sit.</strong></span> <span class='ocrx_word' id='word_1_669' title='bbox 1412 3855 1539 3905; x_wconf 87' lang='lat' dir='ltr'><strong>Non</strong></span> <span class='ocrx_word' id='word_1_670' title='bbox 1566 3854 1850 3906; x_wconf 85' lang='lat' dir='ltr'><strong>laborabis</strong></span> <span class='ocrx_word' id='word_1_671' title='bbox 1868 3856 1929 3906; x_wconf 90' lang='lat' dir='ltr'><strong>in</strong></span> <span class='ocrx_word' id='word_1_672' title='bbox 1955 3870 2046 3907; x_wconf 87' lang='lat' dir='ltr'><strong>sa-</strong></span> 
     </span>
    </p>
   </div>
   <div class='ocr_carea' id='block_1_89' title="bbox 446 3924 2044 3988">
    <p class='ocr_par' dir='ltr' id='par_1_89' title="bbox 446 3924 2044 3988">
     <span class='ocr_line' id='line_1_89' title="bbox 446 3924 2044 3988; baseline 0.001 -13"><span class='ocrx_word' id='word_1_673' title='bbox 446 3924 656 3987; x_wconf 86' lang='lat' dir='ltr'><strong>nando,</strong></span> <span class='ocrx_word' id='word_1_674' title='bbox 671 3924 938 3987; x_wconf 89' lang='lat' dir='ltr'><strong>quamvis</strong></span> <span class='ocrx_word' id='word_1_675' title='bbox 962 3936 1066 3975; x_wconf 91' lang='lat' dir='ltr'><strong>nos</strong></span> <span class='ocrx_word' id='word_1_676' title='bbox 1080 3925 1492 3988; x_wconf 88' lang='lat' dir='ltr'><strong>stupeamusin</strong></span> <span class='ocrx_word' id='word_1_677' title='bbox 1514 3928 1850 3987; x_wconf 84' lang='lat' dir='ltr'><strong>inspiciendo.</strong></span> <span class='ocrx_word' id='word_1_678' title='bbox 1876 3928 1937 3976; x_wconf 78' lang='lat' dir='ltr'><strong>In</strong></span> <span class='ocrx_word' id='word_1_679' title='bbox 1956 3927 2044 3977; x_wconf 82' lang='lat' dir='ltr'><strong>ira</strong></span> 
     </span>
    </p>
   </div>
   <div class='ocr_carea' id='block_1_90' title="bbox 444 3994 2045 4061">
    <p class='ocr_par' dir='ltr' id='par_1_90' title="bbox 444 3994 2045 4061">
     <span class='ocr_line' id='line_1_90' title="bbox 444 3994 2045 4061; baseline 0.005 -18"><span class='ocrx_word' id='word_1_680' title='bbox 444 3995 667 4060; x_wconf 82' lang='lat' dir='ltr'><strong>populos</strong></span> <span class='ocrx_word' id='word_1_681' title='bbox 687 3994 1013 4058; x_wconf 84' lang='lat' dir='ltr'><strong>confrmges.</strong></span> <span class='ocrx_word' id='word_1_682' title='bbox 1039 3997 1129 4046; x_wconf 88' lang='lat' dir='ltr'><strong>Ira</strong></span> <span class='ocrx_word' id='word_1_683' title='bbox 1145 3995 1374 4048; x_wconf 86' lang='lat' dir='ltr'><strong>videtur</strong></span> <span class='ocrx_word' id='word_1_684' title='bbox 1390 3997 1491 4048; x_wconf 90' lang='lat' dir='ltr'><strong>sed</strong></span> <span class='ocrx_word' id='word_1_685' title='bbox 1502 4002 1754 4061; x_wconf 88' lang='lat' dir='ltr'><strong>paterna.</strong></span> <span class='ocrx_word' id='word_1_686' title='bbox 1773 4000 2045 4051; x_wconf 88' lang='lat' dir='ltr'><strong>Irascitur</strong></span> 
     </span>
    </p>
   </div>
   <div class='ocr_carea' id='block_1_91' title="bbox 445 4067 2041 4131">
    <p class='ocr_par' dir='ltr' id='par_1_91' title="bbox 445 4067 2041 4131">
     <span class='ocr_line' id='line_1_91' title="bbox 445 4067 2041 4131; baseline 0.003 -14"><span class='ocrx_word' id='word_1_687' title='bbox 445 4072 604 4130; x_wconf 88' lang='lat' dir='ltr'><strong>pater</strong></span> <span class='ocrx_word' id='word_1_688' title='bbox 629 4067 743 4119; x_wconf 84' lang='lat' dir='ltr'><strong>ﬁlio</strong></span> <span class='ocrx_word' id='word_1_689' title='bbox 765 4071 1184 4131; x_wconf 68' lang='lat' dir='ltr'><strong>praeceptorum</strong></span> <span class='ocrx_word' id='word_1_690' title='bbox 1208 4080 1445 4119; x_wconf 90' lang='lat' dir='ltr'><strong>suorum</strong></span> <span class='ocrx_word' id='word_1_691' title='bbox 1471 4071 1829 4122; x_wconf 89' lang='lat' dir='ltr'><strong>contemtori.</strong></span> <span class='ocrx_word' id='word_1_692' title='bbox 1856 4073 2041 4122; x_wconf 88' lang='lat' dir='ltr'><strong>Iratus</strong></span> 
     </span>
    </p>
   </div>
   <div class='ocr_carea' id='block_1_92' title="bbox 444 4138 2039 4206">
    <p class='ocr_par' dir='ltr' id='par_1_92' title="bbox 444 4138 2039 4206">
     <span class='ocr_line' id='line_1_92' title="bbox 444 4138 2039 4206; baseline 0.004 -17"><span class='ocrx_word' id='word_1_693' title='bbox 444 4139 782 4203; x_wconf 85' lang='lat' dir='ltr'><strong>colaphizat,</strong></span> <span class='ocrx_word' id='word_1_694' title='bbox 809 4138 997 4199; x_wconf 60' lang='lat' dir='ltr'><strong>credit,</strong></span> <span class='ocrx_word' id='word_1_695' title='bbox 1030 4139 1188 4191; x_wconf 88' lang='lat' dir='ltr'><strong>ducit</strong></span> <span class='ocrx_word' id='word_1_696' title='bbox 1228 4140 1301 4191; x_wconf 88' lang='lat' dir='ltr'><strong>ad</strong></span> <span class='ocrx_word' id='word_1_697' title='bbox 1343 4140 1624 4191; x_wconf 87' lang='lat' dir='ltr'><strong>scholam:</strong></span> <span class='ocrx_word' id='word_1_698' title='bbox 1650 4142 1863 4206; x_wconf 87' lang='lat' dir='ltr'><strong>frangit</strong></span> <span class='ocrx_word' id='word_1_699' title='bbox 1885 4156 2039 4206; x_wconf 90' lang='lat' dir='ltr'><strong>eum,</strong></span> 
     </span>
    </p>
   </div>
   <div class='ocr_carea' id='block_1_93' title="bbox 441 4208 2043 4275">
    <p class='ocr_par' dir='ltr' id='par_1_93' title="bbox 441 4208 2043 4275">
     <span class='ocr_line' id='line_1_93' title="bbox 441 4208 2043 4275; baseline 0.002 -15"><span class='ocrx_word' id='word_1_700' title='bbox 441 4220 476 4260; x_wconf 87' lang='lat' dir='ltr'><strong>a</strong></span> <span class='ocrx_word' id='word_1_701' title='bbox 500 4210 766 4272; x_wconf 87' lang='lat' dir='ltr'><strong>superbia</strong></span> <span class='ocrx_word' id='word_1_702' title='bbox 787 4208 1123 4273; x_wconf 83' lang='lat' dir='ltr'><strong>deprimitin</strong></span> <span class='ocrx_word' id='word_1_703' title='bbox 1142 4209 1462 4274; x_wconf 88' lang='lat' dir='ltr'><strong>disciplina.</strong></span> <span class='ocrx_word' id='word_1_704' title='bbox 1483 4214 1666 4273; x_wconf 87' lang='lat' dir='ltr'><strong>Quam</strong></span> <span class='ocrx_word' id='word_1_705' title='bbox 1681 4215 1849 4264; x_wconf 90' lang='lat' dir='ltr'><strong>multi</strong></span> <span class='ocrx_word' id='word_1_706' title='bbox 1866 4217 2043 4275; x_wconf 84' lang='lat' dir='ltr'><strong>imple-</strong></span> 
     </span>
    </p>
   </div>
   <div class='ocr_carea' id='block_1_94' title="bbox 441 4279 2040 4349">
    <p class='ocr_par' dir='ltr' id='par_1_94' title="bbox 441 4279 2040 4349">
     <span class='ocr_line' id='line_1_94' title="bbox 441 4279 2040 4349; baseline 0.003 -16"><span class='ocrx_word' id='word_1_707' title='bbox 441 4284 651 4333; x_wconf 82' lang='lat' dir='ltr'><strong>verunt</strong></span> <span class='ocrx_word' id='word_1_708' title='bbox 675 4279 914 4332; x_wconf 88' lang='lat' dir='ltr'><strong>domum</strong></span> <span class='ocrx_word' id='word_1_709' title='bbox 938 4281 1131 4342; x_wconf 91' lang='lat' dir='ltr'><strong>Dei,in</strong></span> <span class='ocrx_word' id='word_1_710' title='bbox 1154 4281 1238 4331; x_wconf 89' lang='lat' dir='ltr'><strong>ira</strong></span> <span class='ocrx_word' id='word_1_711' title='bbox 1259 4283 1385 4345; x_wconf 86' lang='lat' dir='ltr'><strong>ejus</strong></span> <span class='ocrx_word' id='word_1_712' title='bbox 1410 4284 1700 4347; x_wconf 82' lang='lat' dir='ltr'><strong>confracti,</strong></span> <span class='ocrx_word' id='word_1_713' title='bbox 1726 4285 1782 4335; x_wconf 91' lang='lat' dir='ltr'><strong>id</strong></span> <span class='ocrx_word' id='word_1_714' title='bbox 1809 4289 1916 4349; x_wconf 91' lang='lat' dir='ltr'><strong>est,</strong></span> <span class='ocrx_word' id='word_1_715' title='bbox 1941 4286 2040 4338; x_wconf 91' lang='lat' dir='ltr'><strong>tri-</strong></span> 
     </span>
    </p>
   </div>
   <div class='ocr_carea' id='block_1_95' title="bbox 439 4350 2037 4420">
    <p class='ocr_par' dir='ltr' id='par_1_95' title="bbox 439 4350 2037 4420">
     <span class='ocr_line' id='line_1_95' title="bbox 439 4350 2037 4420; baseline 0.004 -18"><span class='ocrx_word' id='word_1_716' title='bbox 439 4350 831 4403; x_wconf 86' lang='lat' dir='ltr'><strong>bulationibus</strong></span> <span class='ocrx_word' id='word_1_717' title='bbox 859 4351 995 4403; x_wconf 88' lang='lat' dir='ltr'><strong>triti.</strong></span> <span class='ocrx_word' id='word_1_718' title='bbox 1020 4352 1103 4402; x_wconf 88' lang='lat' dir='ltr'><strong>Tu</strong></span> <span class='ocrx_word' id='word_1_719' title='bbox 1121 4352 1443 4416; x_wconf 80' lang='lat' dir='ltr'><strong>confringes</strong></span> <span class='ocrx_word' id='word_1_720' title='bbox 1469 4366 1585 4415; x_wconf 87' lang='lat' dir='ltr'><strong>eos,</strong></span> <span class='ocrx_word' id='word_1_721' title='bbox 1609 4362 1667 4406; x_wconf 93' lang='lat' dir='ltr'><strong>et</strong></span> <span class='ocrx_word' id='word_1_722' title='bbox 1694 4368 1801 4419; x_wconf 88' lang='lat' dir='ltr'><strong>ego</strong></span> <span class='ocrx_word' id='word_1_723' title='bbox 1826 4370 2037 4420; x_wconf 88' lang='lat' dir='ltr'><strong>ponam</strong></span> 
     </span>
    </p>
   </div>
   <div class='ocr_carea' id='block_1_96' title="bbox 438 4422 2037 4487">
    <p class='ocr_par' dir='ltr' id='par_1_96' title="bbox 438 4422 2037 4487">
     <span class='ocr_line' id='line_1_96' title="bbox 438 4422 2037 4487; baseline 0.003 -13"><span class='ocrx_word' id='word_1_724' title='bbox 438 4427 873 4487; x_wconf 65' lang='grc'>110110111111011111</span> <span class='ocrx_word' id='word_1_725' title='bbox 908 4422 980 4473; x_wconf 87' lang='lat' dir='ltr'><strong>ad</strong></span> <span class='ocrx_word' id='word_1_726' title='bbox 1004 4436 1203 4487; x_wconf 85' lang='lat' dir='ltr'><strong>eorum</strong></span> <span class='ocrx_word' id='word_1_727' title='bbox 1231 4428 1687 4477; x_wconf 87' lang='lat' dir='ltr'><strong>conversionem.</strong></span> <span class='ocrx_word' id='word_1_728' title='bbox 1714 4432 2037 4479; x_wconf 83' lang='lat' dir='ltr'><strong>Annuntiabo</strong></span> 
     </span>
    </p>
   </div>
   <div class='ocr_carea' id='block_1_97' title="bbox 439 4485 2037 4552">
    <p class='ocr_par' dir='ltr' id='par_1_97' title="bbox 439 4485 2037 4552">
     <span class='ocr_line' id='line_1_97' title="bbox 439 4485 2037 4552; baseline 0.003 -15"><span class='ocrx_word' id='word_1_729' title='bbox 439 4485 523 4537; x_wconf 76' lang='lat' dir='ltr'><strong>eis</strong></span> <span class='ocrx_word' id='word_1_730' title='bbox 544 4499 637 4537; x_wconf 89' lang='lat' dir='ltr'><strong>me</strong></span> <span class='ocrx_word' id='word_1_731' title='bbox 660 4486 865 4537; x_wconf 83' lang='lat' dir='ltr'><strong>fecisse</strong></span> <span class='ocrx_word' id='word_1_732' title='bbox 889 4487 1073 4537; x_wconf 84' lang='lat' dir='ltr'><strong>multa</strong></span> <span class='ocrx_word' id='word_1_733' title='bbox 1096 4485 1263 4551; x_wconf 86' lang='lat' dir='ltr'><strong>mala,</strong></span> <span class='ocrx_word' id='word_1_734' title='bbox 1283 4493 1339 4538; x_wconf 88' lang='lat' dir='ltr'><strong>et</strong></span> <span class='ocrx_word' id='word_1_735' title='bbox 1361 4488 1456 4539; x_wconf 87' lang='lat' dir='ltr'><strong>illa</strong></span> <span class='ocrx_word' id='word_1_736' title='bbox 1480 4490 1621 4539; x_wconf 89' lang='lat' dir='ltr'><strong>mihi</strong></span> <span class='ocrx_word' id='word_1_737' title='bbox 1639 4502 1739 4552; x_wconf 89' lang='lat' dir='ltr'><strong>per</strong></span> <span class='ocrx_word' id='word_1_738' title='bbox 1760 4494 2037 4541; x_wconf 83' lang='lat' dir='ltr'><strong>confessio-</strong></span> 
     </span>
    </p>
   </div>
   <div class='ocr_carea' id='block_1_98' title="bbox 441 4558 2042 4629">
    <p class='ocr_par' dir='ltr' id='par_1_98' title="bbox 441 4558 2042 4629">
     <span class='ocr_line' id='line_1_98' title="bbox 441 4558 2042 4629; baseline 0.005 -21"><span class='ocrx_word' id='word_1_739' title='bbox 441 4570 578 4608; x_wconf 88' lang='lat' dir='ltr'><strong>nem</strong></span> <span class='ocrx_word' id='word_1_740' title='bbox 600 4570 726 4610; x_wconf 89' lang='lat' dir='ltr'><strong>esse</strong></span> <span class='ocrx_word' id='word_1_741' title='bbox 757 4558 1081 4610; x_wconf 88' lang='lat' dir='ltr'><strong>condonata</strong></span> <span class='ocrx_word' id='word_1_742' title='bbox 1105 4573 1118 4609; x_wconf 89' lang='lat'><strong>:</strong></span> <span class='ocrx_word' id='word_1_743' title='bbox 1146 4563 1212 4611; x_wconf 91' lang='lat' dir='ltr'><strong>ut</strong></span> <span class='ocrx_word' id='word_1_744' title='bbox 1236 4560 1345 4625; x_wconf 91' lang='lat' dir='ltr'><strong>ipsi</strong></span> <span class='ocrx_word' id='word_1_745' title='bbox 1369 4561 1671 4613; x_wconf 87' lang='lat' dir='ltr'><strong>audientes</strong></span> <span class='ocrx_word' id='word_1_746' title='bbox 1695 4575 1815 4614; x_wconf 90' lang='lat' dir='ltr'><strong>non</strong></span> <span class='ocrx_word' id='word_1_747' title='bbox 1837 4564 2042 4629; x_wconf 89' lang='lat' dir='ltr'><strong>despe-</strong></span> 
     </span>
    </p>
   </div>
   <div class='ocr_carea' id='block_1_99' title="bbox 436 4630 2113 4746">
    <p class='ocr_par' dir='ltr' id='par_1_99' title="bbox 436 4630 2113 4746">
     <span class='ocr_line' id='line_1_99' title="bbox 436 4630 2040 4700; baseline 0.006 -21"><span class='ocrx_word' id='word_1_748' title='bbox 436 4635 568 4680; x_wconf 91' lang='lat' dir='ltr'><strong>rent</strong></span> <span class='ocrx_word' id='word_1_749' title='bbox 591 4630 659 4680; x_wconf 90' lang='lat' dir='ltr'><strong>de</strong></span> <span class='ocrx_word' id='word_1_750' title='bbox 689 4632 937 4693; x_wconf 87' lang='lat' dir='ltr'><strong>peccatis</strong></span> <span class='ocrx_word' id='word_1_751' title='bbox 962 4636 1101 4697; x_wconf 90' lang='lat' dir='ltr'><strong>suis,</strong></span> <span class='ocrx_word' id='word_1_752' title='bbox 1135 4634 1233 4685; x_wconf 91' lang='lat' dir='ltr'><strong>sed</strong></span> <span class='ocrx_word' id='word_1_753' title='bbox 1258 4634 1522 4699; x_wconf 89' lang='lat' dir='ltr'><strong>exemplo</strong></span> <span class='ocrx_word' id='word_1_754' title='bbox 1546 4648 1674 4687; x_wconf 89' lang='lat' dir='ltr'><strong>meo</strong></span> <span class='ocrx_word' id='word_1_755' title='bbox 1698 4649 1798 4700; x_wconf 90' lang='lat' dir='ltr'><strong>per</strong></span> <span class='ocrx_word' id='word_1_756' title='bbox 1817 4640 2040 4689; x_wconf 90' lang='lat' dir='ltr'><strong>confes-</strong></span> 
     </span>
     <span class='ocr_line' id='line_1_100' title="bbox 438 4672 2113 4746; baseline 0 0"><span class='ocrx_word' id='word_1_757' title='bbox 438 4701 660 4746; x_wconf 82' lang='lat' dir='ltr'><strong>sionem</strong></span> <span class='ocrx_word' id='word_1_758' title='bbox 707 4703 1046 4746; x_wconf 76' lang='lat' dir='ltr'><strong>medicinam</strong></span> <span class='ocrx_word' id='word_1_759' title='bbox 1092 4711 1519 4746; x_wconf 67' lang='lat' dir='ltr'><strong>nnngpminnhir</strong></span> <span class='ocrx_word' id='word_1_760' title='bbox 1563 4707 1764 4746; x_wconf 66' lang='lat' dir='ltr'><strong>gnlntie</strong></span> <span class='ocrx_word' id='word_1_761' title='bbox 1823 4711 1889 4746; x_wconf 72' lang='lat' dir='ltr'><strong>Rt</strong></span> <span class='ocrx_word' id='word_1_762' title='bbox 1910 4709 2036 4746; x_wconf 76' lang='lat' dir='ltr'><strong>idpn</strong></span> <span class='ocrx_word' id='word_1_763' title='bbox 2055 4672 2113 4746; x_wconf 88' lang='lat' dir='ltr'><strong>D</strong></span> 
     </span>
    </p>
   </div>
   <div class='ocr_carea' id='block_1_100' title="bbox 436 4701 2036 4822">
    <p class='ocr_par' dir='ltr' id='par_1_100' title="bbox 436 4701 2036 4822">
     <span class='ocr_line' id='line_1_101' title="bbox 436 4701 2036 4822; baseline 0.007 -72"><span class='ocrx_word' id='word_1_764' title='bbox 436 4701 661 4822; x_wconf 32' lang='lat' dir='ltr'><strong>(siioontem</strong></span> <span class='ocrx_word' id='word_1_765' title='bbox 707 4703 1051 4756; x_wconf 89' lang='lat' dir='ltr'><strong>medicinam</strong></span> <span class='ocrx_word' id='word_1_766' title='bbox 1092 4711 1519 4770; x_wconf 83' lang='lat' dir='ltr'><strong>consequantur</strong></span> <span class='ocrx_word' id='word_1_767' title='bbox 1562 4707 1782 4761; x_wconf 91' lang='lat' dir='ltr'><strong>salutis.</strong></span> <span class='ocrx_word' id='word_1_768' title='bbox 1819 4709 2036 4762; x_wconf 90' lang='lat' dir='ltr'><strong>Etideo</strong></span> 
     </span>
     <span class='ocr_line' id='line_1_102' title="bbox 477 4786 1180 4822; baseline -0.007 0"><span class='ocrx_word' id='word_1_769' title='bbox 477 4786 545 4822; x_wconf 86' lang='grc'><strong>101</strong></span> <span class='ocrx_word' id='word_1_770' title='bbox 600 4786 611 4822; x_wconf 94' lang='lat'>:</span> <span class='ocrx_word' id='word_1_771' title='bbox 1174 4812 1180 4817; x_wconf 85' lang='lat'><strong>.</strong></span> 
     </span>
    </p>
   </div>
   <div class='ocr_carea' id='block_1_101' title="bbox 477 4772 1180 4823">
    <p class='ocr_par' dir='ltr' id='par_1_101' title="bbox 477 4772 1180 4823">
     <span class='ocr_line' id='line_1_103' title="bbox 477 4772 1180 4823; baseline -0.007 -1"><span class='ocrx_word' id='word_1_772' title='bbox 477 4772 611 4823; x_wconf 92' lang='lat' dir='ltr'><strong>icit:</strong></span> <span class='ocrx_word' id='word_1_773' title='bbox 1174 4812 1180 4817; x_wconf 85' lang='lat'><strong>.</strong></span> 
     </span>
    </p>
   </div>
   <div class='ocr_carea' id='block_1_102' title="bbox 496 4843 2032 4913">
    <p class='ocr_par' dir='ltr' id='par_1_102' title="bbox 496 4843 2032 4913">
     <span class='ocr_line' id='line_1_104' title="bbox 496 4843 2032 4913; baseline 0.007 -18"><span class='ocrx_word' id='word_1_774' title='bbox 496 4843 547 4898; x_wconf 87' lang='lat'><strong>9.</strong></span> <span class='ocrx_word' id='word_1_775' title='bbox 582 4844 742 4908; x_wconf 86' lang='lat' dir='ltr'><strong>Deus,</strong></span> <span class='ocrx_word' id='word_1_776' title='bbox 790 4845 958 4894; x_wconf 77' lang='lat' dir='ltr'><strong>vitam</strong></span> <span class='ocrx_word' id='word_1_777' title='bbox 1004 4861 1180 4896; x_wconf 87' lang='lat' dir='ltr'><strong>meam</strong></span> <span class='ocrx_word' id='word_1_778' title='bbox 1219 4851 1551 4899; x_wconf 71' lang='lat' dir='ltr'><strong>annunliavi</strong></span> <span class='ocrx_word' id='word_1_779' title='bbox 1586 4850 1698 4903; x_wconf 78' lang='lat' dir='ltr'><strong>tibi.</strong></span> <span class='ocrx_word' id='word_1_780' title='bbox 1738 4852 2032 4913; x_wconf 89' lang='lat' dir='ltr'><strong>Quomodo</strong></span> 
     </span>
    </p>
   </div>
   <div class='ocr_carea' id='block_1_103' title="bbox 430 4916 2030 4988">
    <p class='ocr_par' dir='ltr' id='par_1_103' title="bbox 430 4916 2030 4988">
     <span class='ocr_line' id='line_1_105' title="bbox 430 4916 2030 4988; baseline 0.005 -21"><span class='ocrx_word' id='word_1_781' title='bbox 430 4916 803 4988; x_wconf 88' lang='lat' dir='ltr'><strong>annuntiavit</strong></span> <span class='ocrx_word' id='word_1_782' title='bbox 823 4916 1035 4985; x_wconf 82' lang='lat' dir='ltr'><strong>Paulus</strong></span> <span class='ocrx_word' id='word_1_783' title='bbox 1066 4918 1245 4970; x_wconf 87' lang='lat' dir='ltr'><strong>vitam</strong></span> <span class='ocrx_word' id='word_1_784' title='bbox 1269 4933 1453 4985; x_wconf 90' lang='lat' dir='ltr'><strong>suam,</strong></span> <span class='ocrx_word' id='word_1_785' title='bbox 1479 4922 1703 4973; x_wconf 90' lang='lat' dir='ltr'><strong>dicens:</strong></span> <span class='ocrx_word' id='word_1_786' title='bbox 1742 4923 1850 4985; x_wconf 90' lang='lat' dir='ltr'><strong>Qui</strong></span> <span class='ocrx_word' id='word_1_787' title='bbox 1871 4924 2030 4988; x_wconf 90' lang='lat' dir='ltr'><strong>prius</strong></span> 
     </span>
    </p>
   </div>
   <div class='ocr_carea' id='block_1_104' title="bbox 432 4987 2030 5057">
    <p class='ocr_par' dir='ltr' id='par_1_104' title="bbox 432 4987 2030 5057">
     <span class='ocr_line' id='line_1_106' title="bbox 432 4987 2030 5057; baseline 0.004 -20"><span class='ocrx_word' id='word_1_788' title='bbox 432 4987 514 5038; x_wconf 92' lang='lat' dir='ltr'><strong>fui</strong></span> <span class='ocrx_word' id='word_1_789' title='bbox 532 4987 922 5053; x_wconf 88' lang='lat' dir='ltr'><strong>blasphemus,</strong></span> <span class='ocrx_word' id='word_1_790' title='bbox 942 4994 1000 5040; x_wconf 90' lang='lat' dir='ltr'><strong>et</strong></span> <span class='ocrx_word' id='word_1_791' title='bbox 1021 4996 1369 5057; x_wconf 88' lang='lat' dir='ltr'><strong>persecutor,</strong></span> <span class='ocrx_word' id='word_1_792' title='bbox 1384 4998 1442 5045; x_wconf 93' lang='lat' dir='ltr'><strong>et</strong></span> <span class='ocrx_word' id='word_1_793' title='bbox 1462 4992 1775 5057; x_wconf 88' lang='lat' dir='ltr'><strong>injuriosus</strong></span> <span class='ocrx_word' id='word_1_794' title='bbox 1795 5010 1806 5044; x_wconf 87' lang='lat'><strong>:</strong></span> <span class='ocrx_word' id='word_1_795' title='bbox 1824 4987 1925 5047; x_wconf 88' lang='lat' dir='ltr'><strong>sed</strong></span> <span class='ocrx_word' id='word_1_796' title='bbox 1942 4999 2030 5044; x_wconf 87' lang='lat' dir='ltr'><strong>mi-</strong></span> 
     </span>
    </p>
   </div>
   <div class='ocr_carea' id='block_1_105' title="bbox 432 5060 2029 5128">
    <p class='ocr_par' dir='ltr' id='par_1_105' title="bbox 432 5060 2029 5128">
     <span class='ocr_line' id='line_1_107' title="bbox 432 5060 2029 5128; baseline 0.006 -18"><span class='ocrx_word' id='word_1_797' title='bbox 432 5060 802 5111; x_wconf 87' lang='lat' dir='ltr'><strong>sericordiam</strong></span> <span class='ocrx_word' id='word_1_798' title='bbox 825 5065 1174 5113; x_wconf 85' lang='lat' dir='ltr'><strong>consecutus</strong></span> <span class='ocrx_word' id='word_1_799' title='bbox 1201 5076 1329 5115; x_wconf 92' lang='lat' dir='ltr'><strong>sum</strong></span> <span class='ocrx_word' id='word_1_800' title='bbox 1351 5066 1416 5126; x_wconf 83' lang='lat' dir='ltr'><strong>(l.</strong></span> <span class='ocrx_word' id='word_1_801' title='bbox 1453 5065 1569 5114; x_wconf 76' lang='lat' dir='ltr'><strong>Tim</strong></span> <span class='ocrx_word' id='word_1_802' title='bbox 1596 5065 1684 5128; x_wconf 88' lang='grc'>1.).</span> <span class='ocrx_word' id='word_1_803' title='bbox 1711 5067 2029 5119; x_wconf 87' lang='lat' dir='ltr'><strong>Annuntia-</strong></span> 
     </span>
    </p>
   </div>
   <div class='ocr_carea' id='block_1_106' title="bbox 432 5132 2026 5199">
    <p class='ocr_par' dir='ltr' id='par_1_106' title="bbox 432 5132 2026 5199">
     <span class='ocr_line' id='line_1_108' title="bbox 432 5132 2026 5199; baseline 0.004 -16"><span class='ocrx_word' id='word_1_804' title='bbox 432 5132 517 5183; x_wconf 90' lang='lat' dir='ltr'><strong>vit</strong></span> <span class='ocrx_word' id='word_1_805' title='bbox 550 5132 729 5184; x_wconf 88' lang='lat' dir='ltr'><strong>vitam</strong></span> <span class='ocrx_word' id='word_1_806' title='bbox 755 5145 921 5183; x_wconf 87' lang='lat' dir='ltr'><strong>suam</strong></span> <span class='ocrx_word' id='word_1_807' title='bbox 952 5146 1071 5185; x_wconf 92' lang='lat' dir='ltr'><strong>non</strong></span> <span class='ocrx_word' id='word_1_808' title='bbox 1096 5133 1223 5194; x_wconf 89' lang='lat' dir='ltr'><strong>sibi,</strong></span> <span class='ocrx_word' id='word_1_809' title='bbox 1250 5136 1350 5186; x_wconf 90' lang='lat' dir='ltr'><strong>sed</strong></span> <span class='ocrx_word' id='word_1_810' title='bbox 1373 5135 1454 5187; x_wconf 89' lang='lat' dir='ltr'><strong>illi</strong></span> <span class='ocrx_word' id='word_1_811' title='bbox 1480 5151 1493 5187; x_wconf 90' lang='lat'><strong>:</strong></span> <span class='ocrx_word' id='word_1_812' title='bbox 1529 5137 1666 5199; x_wconf 89' lang='lat' dir='ltr'><strong>quia</strong></span> <span class='ocrx_word' id='word_1_813' title='bbox 1691 5138 1774 5187; x_wconf 90' lang='lat' dir='ltr'><strong>sic</strong></span> <span class='ocrx_word' id='word_1_814' title='bbox 1795 5150 2026 5190; x_wconf 89' lang='lat' dir='ltr'><strong>annun-</strong></span> 
     </span>
    </p>
   </div>
   <div class='ocr_carea' id='block_1_107' title="bbox 433 5202 2025 5274">
    <p class='ocr_par' dir='ltr' id='par_1_107' title="bbox 433 5202 2025 5274">
     <span class='ocr_line' id='line_1_109' title="bbox 433 5202 2025 5274; baseline 0.005 -20"><span class='ocrx_word' id='word_1_815' title='bbox 433 5202 616 5266; x_wconf 85' lang='lat' dir='ltr'><strong>tiavit,</strong></span> <span class='ocrx_word' id='word_1_816' title='bbox 645 5207 709 5254; x_wconf 91' lang='lat' dir='ltr'><strong>ut</strong></span> <span class='ocrx_word' id='word_1_817' title='bbox 730 5202 808 5255; x_wconf 87' lang='lat' dir='ltr'><strong>illi</strong></span> <span class='ocrx_word' id='word_1_818' title='bbox 834 5204 1178 5271; x_wconf 88' lang='lat' dir='ltr'><strong>crederetur,</strong></span> <span class='ocrx_word' id='word_1_819' title='bbox 1219 5219 1336 5257; x_wconf 90' lang='lat' dir='ltr'><strong>non</strong></span> <span class='ocrx_word' id='word_1_820' title='bbox 1369 5207 1442 5257; x_wconf 90' lang='lat' dir='ltr'><strong>ad</strong></span> <span class='ocrx_word' id='word_1_821' title='bbox 1469 5218 1576 5258; x_wconf 90' lang='lat' dir='ltr'><strong>sua</strong></span> <span class='ocrx_word' id='word_1_822' title='bbox 1596 5207 1756 5259; x_wconf 90' lang='lat' dir='ltr'><strong>lucra</strong></span> <span class='ocrx_word' id='word_1_823' title='bbox 1779 5212 2025 5274; x_wconf 87' lang='lat' dir='ltr'><strong>tantum,</strong></span> 
     </span>
    </p>
   </div>
   <div class='ocr_carea' id='block_1_108' title="bbox 430 5273 2029 5342">
    <p class='ocr_par' dir='ltr' id='par_1_108' title="bbox 430 5273 2029 5342">
     <span class='ocr_line' id='line_1_110' title="bbox 430 5273 2029 5342; baseline 0.006 -17"><span class='ocrx_word' id='word_1_824' title='bbox 430 5275 531 5326; x_wconf 88' lang='lat' dir='ltr'><strong>sed</strong></span> <span class='ocrx_word' id='word_1_825' title='bbox 580 5273 749 5326; x_wconf 90' lang='lat' dir='ltr'><strong>illius.</strong></span> <span class='ocrx_word' id='word_1_826' title='bbox 795 5276 851 5326; x_wconf 91' lang='lat' dir='ltr'><strong>Si</strong></span> <span class='ocrx_word' id='word_1_827' title='bbox 885 5280 1185 5341; x_wconf 89' lang='lat' dir='ltr'><strong>propterea</strong></span> <span class='ocrx_word' id='word_1_828' title='bbox 1221 5280 1533 5330; x_wconf 89' lang='lat' dir='ltr'><strong>annuntias</strong></span> <span class='ocrx_word' id='word_1_829' title='bbox 1556 5279 1736 5331; x_wconf 88' lang='lat' dir='ltr'><strong>vitam</strong></span> <span class='ocrx_word' id='word_1_830' title='bbox 1761 5285 1935 5342; x_wconf 88' lang='lat' dir='ltr'><strong>tuam,</strong></span> <span class='ocrx_word' id='word_1_831' title='bbox 1962 5285 2029 5334; x_wconf 87' lang='lat' dir='ltr'><strong>ut</strong></span> 
     </span>
    </p>
   </div>
   <div class='ocr_carea' id='block_1_109' title="bbox 426 5347 2026 5416">
    <p class='ocr_par' dir='ltr' id='par_1_109' title="bbox 426 5347 2026 5416">
     <span class='ocr_line' id='line_1_111' title="bbox 426 5347 2026 5416; baseline 0.006 -19"><span class='ocrx_word' id='word_1_832' title='bbox 426 5347 569 5398; x_wconf 85' lang='lat' dir='ltr'><strong>alios</strong></span> <span class='ocrx_word' id='word_1_833' title='bbox 612 5348 875 5412; x_wconf 87' lang='lat' dir='ltr'><strong>exemplo</strong></span> <span class='ocrx_word' id='word_1_834' title='bbox 922 5354 1018 5401; x_wconf 91' lang='lat' dir='ltr'><strong>tuo</strong></span> <span class='ocrx_word' id='word_1_835' title='bbox 1052 5350 1264 5401; x_wconf 90' lang='lat' dir='ltr'><strong>invites</strong></span> <span class='ocrx_word' id='word_1_836' title='bbox 1296 5350 1369 5401; x_wconf 90' lang='lat' dir='ltr'><strong>ad</strong></span> <span class='ocrx_word' id='word_1_837' title='bbox 1404 5350 1847 5416; x_wconf 88' lang='lat' dir='ltr'><strong>confessionem,</strong></span> <span class='ocrx_word' id='word_1_838' title='bbox 1873 5358 1931 5405; x_wconf 90' lang='lat' dir='ltr'><strong>et</strong></span> <span class='ocrx_word' id='word_1_839' title='bbox 1953 5354 2026 5406; x_wconf 89' lang='lat' dir='ltr'><strong>ad</strong></span> 
     </span>
    </p>
   </div>
   <div class='ocr_carea' id='block_1_110' title="bbox 424 5419 2026 5487">
    <p class='ocr_par' dir='ltr' id='par_1_110' title="bbox 424 5419 2026 5487">
     <span class='ocr_line' id='line_1_112' title="bbox 424 5419 2026 5487; baseline 0.004 -17"><span class='ocrx_word' id='word_1_840' title='bbox 424 5419 811 5483; x_wconf 88' lang='lat' dir='ltr'><strong>accipiendam</strong></span> <span class='ocrx_word' id='word_1_841' title='bbox 842 5420 1036 5480; x_wconf 89' lang='lat' dir='ltr'><strong>vitam,</strong></span> <span class='ocrx_word' id='word_1_842' title='bbox 1066 5434 1239 5485; x_wconf 78' lang='lat' dir='ltr'><strong>quam</strong></span> <span class='ocrx_word' id='word_1_843' title='bbox 1270 5427 1334 5473; x_wconf 90' lang='lat' dir='ltr'><strong>tu</strong></span> <span class='ocrx_word' id='word_1_844' title='bbox 1366 5423 1637 5487; x_wconf 87' lang='lat' dir='ltr'><strong>accepisti</strong></span> <span class='ocrx_word' id='word_1_845' title='bbox 1669 5442 1679 5472; x_wconf 93' lang='lat'><strong>:</strong></span> <span class='ocrx_word' id='word_1_846' title='bbox 1717 5427 2026 5477; x_wconf 79' lang='lat' dir='ltr'><strong>annuntias</strong></span> 
     </span>
    </p>
   </div>
   <div class='ocr_carea' id='block_1_111' title="bbox 428 5491 2025 5559">
    <p class='ocr_par' dir='ltr' id='par_1_111' title="bbox 428 5491 2025 5559">
     <span class='ocr_line' id='line_1_113' title="bbox 428 5491 2025 5559; baseline 0.004 -18"><span class='ocrx_word' id='word_1_847' title='bbox 428 5491 604 5541; x_wconf 86' lang='lat' dir='ltr'><strong>vitam</strong></span> <span class='ocrx_word' id='word_1_848' title='bbox 630 5496 789 5541; x_wconf 88' lang='lat' dir='ltr'><strong>tuam</strong></span> <span class='ocrx_word' id='word_1_849' title='bbox 814 5493 952 5554; x_wconf 89' lang='lat' dir='ltr'><strong>Deo,</strong></span> <span class='ocrx_word' id='word_1_850' title='bbox 985 5505 1017 5544; x_wconf 90' lang='lat' dir='ltr'><strong>a</strong></span> <span class='ocrx_word' id='word_1_851' title='bbox 1042 5505 1155 5556; x_wconf 93' lang='lat' dir='ltr'><strong>quo</strong></span> <span class='ocrx_word' id='word_1_852' title='bbox 1172 5494 1414 5557; x_wconf 85' lang='lat' dir='ltr'><strong>gratiam</strong></span> <span class='ocrx_word' id='word_1_853' title='bbox 1438 5495 1729 5559; x_wconf 87' lang='lat' dir='ltr'><strong>accepisti,</strong></span> <span class='ocrx_word' id='word_1_854' title='bbox 1748 5500 2025 5548; x_wconf 78' lang='lat' dir='ltr'><strong>ethabebis</strong></span> 
     </span>
    </p>
   </div>
   <div class='ocr_carea' id='block_1_112' title="bbox 425 5562 2021 5633">
    <p class='ocr_par' dir='ltr' id='par_1_112' title="bbox 425 5562 2021 5633">
     <span class='ocr_line' id='line_1_114' title="bbox 425 5562 2021 5633; baseline 0.006 -22"><span class='ocrx_word' id='word_1_855' title='bbox 425 5562 751 5613; x_wconf 86' lang='lat' dir='ltr'><strong>mercedem</strong></span> <span class='ocrx_word' id='word_1_856' title='bbox 780 5564 1135 5627; x_wconf 88' lang='lat' dir='ltr'><strong>ampliorem,</strong></span> <span class='ocrx_word' id='word_1_857' title='bbox 1179 5566 1312 5628; x_wconf 90' lang='lat' dir='ltr'><strong>quia</strong></span> <span class='ocrx_word' id='word_1_858' title='bbox 1346 5579 1419 5617; x_wconf 88' lang='lat' dir='ltr'><strong>ex</strong></span> <span class='ocrx_word' id='word_1_859' title='bbox 1444 5580 1529 5631; x_wconf 90' lang='lat' dir='ltr'><strong>eo,</strong></span> <span class='ocrx_word' id='word_1_860' title='bbox 1557 5569 1707 5630; x_wconf 89' lang='lat' dir='ltr'><strong>quod</strong></span> <span class='ocrx_word' id='word_1_861' title='bbox 1732 5570 2021 5633; x_wconf 85' lang='lat' dir='ltr'><strong>accepisti,</strong></span> 
     </span>
    </p>
   </div>
   <div class='ocr_carea' id='block_1_113' title="bbox 424 5634 2029 5702">
    <p class='ocr_par' dir='ltr' id='par_1_113' title="bbox 424 5634 2029 5702">
     <span class='ocr_line' id='line_1_115' title="bbox 424 5634 2029 5702; baseline 0.003 -19"><span class='ocrx_word' id='word_1_862' title='bbox 424 5645 542 5683; x_wconf 92' lang='lat' dir='ltr'><strong>non</strong></span> <span class='ocrx_word' id='word_1_863' title='bbox 567 5634 831 5697; x_wconf 78' lang='lat' dir='ltr'><strong>ingratus</strong></span> <span class='ocrx_word' id='word_1_864' title='bbox 847 5636 1108 5687; x_wconf 77' lang='lat' dir='ltr'><strong>extitisti.</strong></span> <span class='ocrx_word' id='word_1_865' title='bbox 1128 5637 1363 5686; x_wconf 77' lang='lat' dir='ltr'><strong>Posuisti</strong></span> <span class='ocrx_word' id='word_1_866' title='bbox 1379 5638 1651 5702; x_wconf 80' lang='lat' dir='ltr'><strong>lacrymas</strong></span> <span class='ocrx_word' id='word_1_867' title='bbox 1666 5654 1808 5688; x_wconf 84' lang='lat' dir='ltr'><strong>meas</strong></span> <span class='ocrx_word' id='word_1_868' title='bbox 1822 5642 1881 5689; x_wconf 76' lang='lat' dir='ltr'><strong>in</strong></span> <span class='ocrx_word' id='word_1_869' title='bbox 1900 5656 2029 5689; x_wconf 83' lang='lat' dir='ltr'><strong>con-</strong></span> 
     </span>
    </p>
   </div>
   <div class='ocr_carea' id='block_1_114' title="bbox 422 5706 2025 5776">
    <p class='ocr_par' dir='ltr' id='par_1_114' title="bbox 422 5706 2025 5776">
     <span class='ocr_line' id='line_1_116' title="bbox 422 5706 2025 5776; baseline 0.007 -25"><span class='ocrx_word' id='word_1_870' title='bbox 422 5708 597 5764; x_wconf 73' lang='lat' dir='ltr'><strong>speclu</strong></span> <span class='ocrx_word' id='word_1_871' title='bbox 645 5711 753 5756; x_wconf 87' lang='lat' dir='ltr'><strong>tuo.</strong></span> <span class='ocrx_word' id='word_1_872' title='bbox 802 5708 934 5758; x_wconf 90' lang='lat' dir='ltr'><strong>Illas</strong></span> <span class='ocrx_word' id='word_1_873' title='bbox 975 5706 1276 5771; x_wconf 86' lang='lat' dir='ltr'><strong>lacrymas,</strong></span> <span class='ocrx_word' id='word_1_874' title='bbox 1316 5722 1461 5772; x_wconf 81' lang='lat' dir='ltr'><strong>quas</strong></span> <span class='ocrx_word' id='word_1_875' title='bbox 1494 5722 1602 5774; x_wconf 86' lang='lat' dir='ltr'><strong>ego</strong></span> <span class='ocrx_word' id='word_1_876' title='bbox 1629 5711 1766 5775; x_wconf 89' lang='lat' dir='ltr'><strong>fudi,</strong></span> <span class='ocrx_word' id='word_1_877' title='bbox 1790 5714 2025 5776; x_wconf 87' lang='lat' dir='ltr'><strong>peccata</strong></span> 
     </span>
    </p>
   </div>
   <div class='ocr_carea' id='block_1_115' title="bbox 426 5778 2021 5849">
    <p class='ocr_par' dir='ltr' id='par_1_115' title="bbox 426 5778 2021 5849">
     <span class='ocr_line' id='line_1_117' title="bbox 426 5778 2021 5849; baseline 0.008 -25"><span class='ocrx_word' id='word_1_878' title='bbox 426 5784 557 5826; x_wconf 89' lang='lat' dir='ltr'><strong>mea</strong></span> <span class='ocrx_word' id='word_1_879' title='bbox 578 5778 996 5842; x_wconf 89' lang='lat' dir='ltr'><strong>annuntiando,</strong></span> <span class='ocrx_word' id='word_1_880' title='bbox 1020 5779 1265 5843; x_wconf 91' lang='lat' dir='ltr'><strong>posuisti</strong></span> <span class='ocrx_word' id='word_1_881' title='bbox 1286 5781 1347 5832; x_wconf 91' lang='lat' dir='ltr'><strong>in</strong></span> <span class='ocrx_word' id='word_1_882' title='bbox 1369 5785 1679 5846; x_wconf 87' lang='lat' dir='ltr'><strong>conspectu</strong></span> <span class='ocrx_word' id='word_1_883' title='bbox 1702 5786 1822 5845; x_wconf 87' lang='lat' dir='ltr'><strong>tuo,</strong></span> <span class='ocrx_word' id='word_1_884' title='bbox 1838 5784 1895 5833; x_wconf 87' lang='lat' dir='ltr'><strong>id</strong></span> <span class='ocrx_word' id='word_1_885' title='bbox 1912 5788 2021 5849; x_wconf 90' lang='lat' dir='ltr'><strong>est,</strong></span> 
     </span>
    </p>
   </div>
   <div class='ocr_carea' id='block_1_116' title="bbox 2151 3423 3753 3489">
    <p class='ocr_par' dir='ltr' id='par_1_116' title="bbox 2151 3423 3753 3489">
     <span class='ocr_line' id='line_1_118' title="bbox 2151 3423 3753 3489; baseline 0.002 -16"><span class='ocrx_word' id='word_1_886' title='bbox 2151 3423 2289 3476; x_wconf 89' lang='lat' dir='ltr'><strong>dicit</strong></span> <span class='ocrx_word' id='word_1_887' title='bbox 2311 3425 2626 3489; x_wconf 85' lang='lat' dir='ltr'><strong>Apostolus</strong></span> <span class='ocrx_word' id='word_1_888' title='bbox 2653 3441 2664 3472; x_wconf 89' lang='lat'><strong>:</strong></span> <span class='ocrx_word' id='word_1_889' title='bbox 2685 3436 2858 3489; x_wconf 90' lang='lat' dir='ltr'><strong>prope</strong></span> <span class='ocrx_word' id='word_1_890' title='bbox 2887 3429 2976 3475; x_wconf 89' lang='lat' dir='ltr'><strong>est</strong></span> <span class='ocrx_word' id='word_1_891' title='bbox 3000 3426 3245 3476; x_wconf 89' lang='lat' dir='ltr'><strong>verbum</strong></span> <span class='ocrx_word' id='word_1_892' title='bbox 3266 3424 3326 3475; x_wconf 87' lang='lat' dir='ltr'><strong>in</strong></span> <span class='ocrx_word' id='word_1_893' title='bbox 3352 3436 3448 3475; x_wconf 92' lang='lat' dir='ltr'><strong>ore</strong></span> <span class='ocrx_word' id='word_1_894' title='bbox 3472 3427 3589 3484; x_wconf 89' lang='lat' dir='ltr'><strong>tuo,</strong></span> <span class='ocrx_word' id='word_1_895' title='bbox 3616 3426 3753 3477; x_wconf 87' lang='lat' dir='ltr'><strong>etin</strong></span> 
     </span>
    </p>
   </div>
   <div class='ocr_carea' id='block_1_117' title="bbox 2150 3496 3753 3560">
    <p class='ocr_par' dir='ltr' id='par_1_117' title="bbox 2150 3496 3753 3560">
     <span class='ocr_line' id='line_1_119' title="bbox 2150 3496 3753 3560; baseline 0.002 -14"><span class='ocrx_word' id='word_1_896' title='bbox 2150 3497 2320 3547; x_wconf 87' lang='lat' dir='ltr'><strong>corde</strong></span> <span class='ocrx_word' id='word_1_897' title='bbox 2357 3500 2476 3557; x_wconf 89' lang='lat' dir='ltr'><strong>tuo,</strong></span> <span class='ocrx_word' id='word_1_898' title='bbox 2512 3496 2621 3548; x_wconf 91' lang='lat' dir='ltr'><strong>hoc</strong></span> <span class='ocrx_word' id='word_1_899' title='bbox 2647 3501 2739 3547; x_wconf 91' lang='lat' dir='ltr'><strong>est</strong></span> <span class='ocrx_word' id='word_1_900' title='bbox 2762 3497 3009 3548; x_wconf 90' lang='lat' dir='ltr'><strong>verbum</strong></span> <span class='ocrx_word' id='word_1_901' title='bbox 3032 3497 3168 3548; x_wconf 80' lang='lat' dir='ltr'><strong>fidei</strong></span> <span class='ocrx_word' id='word_1_902' title='bbox 3190 3496 3343 3559; x_wconf 88' lang='lat' dir='ltr'><strong>quod</strong></span> <span class='ocrx_word' id='word_1_903' title='bbox 3365 3496 3753 3560; x_wconf 64' lang='lat' dir='ltr'><strong>praedicamus</strong></span> 
     </span>
    </p>
   </div>
   <div class='ocr_carea' id='block_1_118' title="bbox 2150 3567 3753 3632">
    <p class='ocr_par' dir='ltr' id='par_1_118' title="bbox 2150 3567 3753 3632">
     <span class='ocr_line' id='line_1_120' title="bbox 2150 3567 3753 3632; baseline 0.003 -15"><span class='ocrx_word' id='word_1_904' title='bbox 2150 3568 2318 3629; x_wconf 87' lang='lat' dir='ltr'><strong>(Rom.</strong></span> <span class='ocrx_word' id='word_1_905' title='bbox 2366 3567 2494 3630; x_wconf 76' lang='lat'><strong>10.).</strong></span> <span class='ocrx_word' id='word_1_906' title='bbox 2534 3568 2730 3619; x_wconf 89' lang='lat' dir='ltr'><strong>Sermo</strong></span> <span class='ocrx_word' id='word_1_907' title='bbox 2764 3573 2854 3619; x_wconf 89' lang='lat' dir='ltr'><strong>est</strong></span> <span class='ocrx_word' id='word_1_908' title='bbox 2887 3569 2956 3620; x_wconf 89' lang='lat' dir='ltr'><strong>de</strong></span> <span class='ocrx_word' id='word_1_909' title='bbox 2979 3569 3257 3630; x_wconf 89' lang='lat' dir='ltr'><strong>moribus,</strong></span> <span class='ocrx_word' id='word_1_910' title='bbox 3286 3567 3517 3631; x_wconf 87' lang='lat' dir='ltr'><strong>quando</strong></span> <span class='ocrx_word' id='word_1_911' title='bbox 3541 3569 3753 3632; x_wconf 66' lang='lat' dir='ltr'><strong>praedi-</strong></span> 
     </span>
    </p>
   </div>
   <div class='ocr_carea' id='block_1_119' title="bbox 2149 3639 3747 3704">
    <p class='ocr_par' dir='ltr' id='par_1_119' title="bbox 2149 3639 3747 3704">
     <span class='ocr_line' id='line_1_121' title="bbox 2149 3639 3747 3704; baseline 0.002 -15"><span class='ocrx_word' id='word_1_912' title='bbox 2149 3644 2313 3690; x_wconf 89' lang='lat' dir='ltr'><strong>catur</strong></span> <span class='ocrx_word' id='word_1_913' title='bbox 2347 3639 2515 3690; x_wconf 89' lang='lat' dir='ltr'><strong>nobis</strong></span> <span class='ocrx_word' id='word_1_914' title='bbox 2541 3639 2789 3703; x_wconf 83' lang='lat' dir='ltr'><strong>qualiter</strong></span> <span class='ocrx_word' id='word_1_915' title='bbox 2817 3640 3100 3692; x_wconf 88' lang='lat' dir='ltr'><strong>debemus</strong></span> <span class='ocrx_word' id='word_1_916' title='bbox 3123 3640 3336 3700; x_wconf 88' lang='lat' dir='ltr'><strong>vivere,</strong></span> <span class='ocrx_word' id='word_1_917' title='bbox 3367 3651 3540 3703; x_wconf 88' lang='lat' dir='ltr'><strong>quam</strong></span> <span class='ocrx_word' id='word_1_918' title='bbox 3571 3645 3747 3704; x_wconf 85' lang='lat' dir='ltr'><strong>caste,</strong></span> 
     </span>
    </p>
   </div>
   <div class='ocr_carea' id='block_1_120' title="bbox 2148 3712 3750 3776">
    <p class='ocr_par' dir='ltr' id='par_1_120' title="bbox 2148 3712 3750 3776">
     <span class='ocr_line' id='line_1_122' title="bbox 2148 3712 3750 3776; baseline 0.001 -14"><span class='ocrx_word' id='word_1_919' title='bbox 2148 3723 2325 3774; x_wconf 88' lang='lat' dir='ltr'><strong>quam</strong></span> <span class='ocrx_word' id='word_1_920' title='bbox 2351 3712 2557 3771; x_wconf 89' lang='lat' dir='ltr'><strong>sobrie,</strong></span> <span class='ocrx_word' id='word_1_921' title='bbox 2576 3722 2751 3775; x_wconf 88' lang='lat' dir='ltr'><strong>quam</strong></span> <span class='ocrx_word' id='word_1_922' title='bbox 2769 3712 2946 3776; x_wconf 88' lang='lat' dir='ltr'><strong>juste,</strong></span> <span class='ocrx_word' id='word_1_923' title='bbox 2972 3724 3147 3776; x_wconf 90' lang='lat' dir='ltr'><strong>quam</strong></span> <span class='ocrx_word' id='word_1_924' title='bbox 3172 3712 3279 3775; x_wconf 89' lang='lat' dir='ltr'><strong>pie.</strong></span> <span class='ocrx_word' id='word_1_925' title='bbox 3309 3713 3377 3763; x_wconf 88' lang='lat' dir='ltr'><strong>Et</strong></span> <span class='ocrx_word' id='word_1_926' title='bbox 3398 3712 3527 3763; x_wconf 56' lang='lat' dir='ltr'><strong>haec</strong></span> <span class='ocrx_word' id='word_1_927' title='bbox 3553 3712 3750 3764; x_wconf 86' lang='lat' dir='ltr'><strong>omnia</strong></span> 
     </span>
    </p>
   </div>
   <div class='ocr_carea' id='block_1_121' title="bbox 2146 3782 3748 3847">
    <p class='ocr_par' dir='ltr' id='par_1_121' title="bbox 2146 3782 3748 3847">
     <span class='ocr_line' id='line_1_123' title="bbox 2146 3782 3748 3847; baseline 0 -15"><span class='ocrx_word' id='word_1_928' title='bbox 2146 3782 2427 3833; x_wconf 89' lang='lat' dir='ltr'><strong>debemus</strong></span> <span class='ocrx_word' id='word_1_929' title='bbox 2451 3783 2524 3834; x_wconf 91' lang='lat' dir='ltr'><strong>ad</strong></span> <span class='ocrx_word' id='word_1_930' title='bbox 2554 3784 2735 3833; x_wconf 91' lang='lat' dir='ltr'><strong>Deum</strong></span> <span class='ocrx_word' id='word_1_931' title='bbox 2748 3783 2976 3847; x_wconf 89' lang='lat' dir='ltr'><strong>referre,</strong></span> <span class='ocrx_word' id='word_1_932' title='bbox 2997 3787 3285 3846; x_wconf 89' lang='lat' dir='ltr'><strong>quatenus</strong></span> <span class='ocrx_word' id='word_1_933' title='bbox 3301 3783 3362 3833; x_wconf 90' lang='lat' dir='ltr'><strong>in</strong></span> <span class='ocrx_word' id='word_1_934' title='bbox 3379 3794 3443 3833; x_wconf 89' lang='lat' dir='ltr'><strong>eo</strong></span> <span class='ocrx_word' id='word_1_935' title='bbox 3455 3783 3612 3845; x_wconf 91' lang='lat' dir='ltr'><strong>quod</strong></span> <span class='ocrx_word' id='word_1_936' title='bbox 3624 3785 3748 3832; x_wconf 85' lang='lat' dir='ltr'><strong>bene</strong></span> 
     </span>
    </p>
   </div>
   <div class='ocr_carea' id='block_1_122' title="bbox 2144 3852 3750 3917">
    <p class='ocr_par' dir='ltr' id='par_1_122' title="bbox 2144 3852 3750 3917">
     <span class='ocr_line' id='line_1_124' title="bbox 2144 3852 3750 3917; baseline 0.001 -14"><span class='ocrx_word' id='word_1_937' title='bbox 2144 3853 2456 3916; x_wconf 88' lang='lat' dir='ltr'><strong>credimus,</strong></span> <span class='ocrx_word' id='word_1_938' title='bbox 2505 3858 2610 3905; x_wconf 89' lang='lat' dir='ltr'><strong>aut</strong></span> <span class='ocrx_word' id='word_1_939' title='bbox 2637 3854 2798 3917; x_wconf 86' lang='lat' dir='ltr'><strong>juste</strong></span> <span class='ocrx_word' id='word_1_940' title='bbox 2832 3855 3106 3917; x_wconf 89' lang='lat' dir='ltr'><strong>vivimus,</strong></span> <span class='ocrx_word' id='word_1_941' title='bbox 3139 3856 3241 3905; x_wconf 90' lang='lat' dir='ltr'><strong>aut</strong></span> <span class='ocrx_word' id='word_1_942' title='bbox 3283 3857 3436 3905; x_wconf 88' lang='lat' dir='ltr'><strong>recte</strong></span> <span class='ocrx_word' id='word_1_943' title='bbox 3456 3852 3750 3916; x_wconf 89' lang='lat' dir='ltr'><strong>loquimur</strong></span> 
     </span>
    </p>
   </div>
   <div class='ocr_carea' id='block_1_123' title="bbox 2143 3923 3748 3989">
    <p class='ocr_par' dir='ltr' id='par_1_123' title="bbox 2143 3923 3748 3989">
     <span class='ocr_line' id='line_1_125' title="bbox 2143 3923 3748 3989; baseline 0.002 -16"><span class='ocrx_word' id='word_1_944' title='bbox 2143 3924 2266 3987; x_wconf 82' lang='lat' dir='ltr'><strong>(Tit.</strong></span> <span class='ocrx_word' id='word_1_945' title='bbox 2307 3923 2379 3987; x_wconf 77' lang='lat'><strong>‘2.)</strong></span> <span class='ocrx_word' id='word_1_946' title='bbox 2411 3939 2424 3975; x_wconf 92' lang='lat'><strong>:</strong></span> <span class='ocrx_word' id='word_1_947' title='bbox 2468 3929 2526 3977; x_wconf 93' lang='lat' dir='ltr'><strong>et</strong></span> <span class='ocrx_word' id='word_1_948' title='bbox 2561 3938 2668 3977; x_wconf 87' lang='lat' dir='ltr'><strong>nos</strong></span> <span class='ocrx_word' id='word_1_949' title='bbox 2701 3925 2760 3976; x_wconf 93' lang='lat' dir='ltr'><strong>in</strong></span> <span class='ocrx_word' id='word_1_950' title='bbox 2786 3927 2922 3989; x_wconf 91' lang='lat' dir='ltr'><strong>Deo,</strong></span> <span class='ocrx_word' id='word_1_951' title='bbox 2949 3930 3006 3977; x_wconf 91' lang='lat' dir='ltr'><strong>et</strong></span> <span class='ocrx_word' id='word_1_952' title='bbox 3028 3927 3183 3977; x_wconf 92' lang='lat' dir='ltr'><strong>Deus</strong></span> <span class='ocrx_word' id='word_1_953' title='bbox 3205 3926 3267 3977; x_wconf 88' lang='lat' dir='ltr'><strong>in</strong></span> <span class='ocrx_word' id='word_1_954' title='bbox 3289 3924 3456 3976; x_wconf 90' lang='lat' dir='ltr'><strong>nobis</strong></span> <span class='ocrx_word' id='word_1_955' title='bbox 3479 3924 3748 3978; x_wconf 88' lang='lat' dir='ltr'><strong>laudetur</strong></span> 
     </span>
    </p>
   </div>
   <div class='ocr_carea' id='block_1_124' title="bbox 2142 3996 3745 4061">
    <p class='ocr_par' dir='ltr' id='par_1_124' title="bbox 2142 3996 3745 4061">
     <span class='ocr_line' id='line_1_126' title="bbox 2142 3996 3745 4061; baseline 0.001 -14"><span class='ocrx_word' id='word_1_956' title='bbox 2142 4000 2200 4047; x_wconf 89' lang='lat' dir='ltr'><strong>et</strong></span> <span class='ocrx_word' id='word_1_957' title='bbox 2228 3996 2562 4048; x_wconf 88' lang='lat' dir='ltr'><strong>honoretur.</strong></span> <span class='ocrx_word' id='word_1_958' title='bbox 2594 3999 2665 4048; x_wconf 87' lang='lat' dir='ltr'><strong>Et</strong></span> <span class='ocrx_word' id='word_1_959' title='bbox 2689 3998 2826 4061; x_wconf 83' lang='lat' dir='ltr'><strong>quia</strong></span> <span class='ocrx_word' id='word_1_960' title='bbox 2847 3998 2981 4049; x_wconf 81' lang='lat' dir='ltr'><strong>fidei</strong></span> <span class='ocrx_word' id='word_1_961' title='bbox 3002 4008 3329 4050; x_wconf 90' lang='lat' dir='ltr'><strong>sermonem</strong></span> <span class='ocrx_word' id='word_1_962' title='bbox 3355 3996 3634 4060; x_wconf 90' lang='lat' dir='ltr'><strong>subsequi</strong></span> <span class='ocrx_word' id='word_1_963' title='bbox 3654 3996 3745 4048; x_wconf 89' lang='lat' dir='ltr'><strong>de-</strong></span> 
     </span>
    </p>
   </div>
   <div class='ocr_carea' id='block_1_125' title="bbox 2139 4067 3746 4134">
    <p class='ocr_par' dir='ltr' id='par_1_125' title="bbox 2139 4067 3746 4134">
     <span class='ocr_line' id='line_1_127' title="bbox 2139 4067 3746 4134; baseline 0 -17"><span class='ocrx_word' id='word_1_964' title='bbox 2139 4067 2237 4118; x_wconf 87' lang='lat' dir='ltr'><strong>bet</strong></span> <span class='ocrx_word' id='word_1_965' title='bbox 2256 4067 2530 4120; x_wconf 84' lang='lat' dir='ltr'><strong>fortitudo</strong></span> <span class='ocrx_word' id='word_1_966' title='bbox 2570 4069 2709 4133; x_wconf 90' lang='lat' dir='ltr'><strong>spei,</strong></span> <span class='ocrx_word' id='word_1_967' title='bbox 2725 4072 2879 4120; x_wconf 89' lang='lat' dir='ltr'><strong>recte</strong></span> <span class='ocrx_word' id='word_1_968' title='bbox 2906 4069 3247 4134; x_wconf 90' lang='lat' dir='ltr'><strong>adjunctum</strong></span> <span class='ocrx_word' id='word_1_969' title='bbox 3271 4073 3387 4120; x_wconf 88' lang='lat' dir='ltr'><strong>est:</strong></span> <span class='ocrx_word' id='word_1_970' title='bbox 3412 4067 3477 4116; x_wconf 83' lang='lat' dir='ltr'><strong>In</strong></span> <span class='ocrx_word' id='word_1_971' title='bbox 3496 4068 3604 4118; x_wconf 90' lang='lat' dir='ltr'><strong>Deo</strong></span> <span class='ocrx_word' id='word_1_972' title='bbox 3627 4083 3746 4133; x_wconf 81' lang='lat' dir='ltr'><strong>spe-</strong></span> 
     </span>
    </p>
   </div>
   <div class='ocr_carea' id='block_1_126' title="bbox 2137 4139 3742 4205">
    <p class='ocr_par' dir='ltr' id='par_1_126' title="bbox 2137 4139 3742 4205">
     <span class='ocr_line' id='line_1_128' title="bbox 2137 4139 3742 4205; baseline 0.003 -19"><span class='ocrx_word' id='word_1_973' title='bbox 2137 4139 2277 4199; x_wconf 70' lang='lat' dir='ltr'><strong>ravi,</strong></span> <span class='ocrx_word' id='word_1_974' title='bbox 2304 4155 2415 4189; x_wconf 84' lang='lat' dir='ltr'><strong>non</strong></span> <span class='ocrx_word' id='word_1_975' title='bbox 2434 4140 2623 4189; x_wconf 80' lang='lat' dir='ltr'><strong>timebo</strong></span> <span class='ocrx_word' id='word_1_976' title='bbox 2645 4141 2781 4205; x_wconf 76' lang='lat' dir='ltr'><strong>quid</strong></span> <span class='ocrx_word' id='word_1_977' title='bbox 2789 4142 2960 4204; x_wconf 80' lang='lat' dir='ltr'><strong>faciat</strong></span> <span class='ocrx_word' id='word_1_978' title='bbox 2975 4141 3118 4190; x_wconf 73' lang='lat' dir='ltr'><strong>mihi</strong></span> <span class='ocrx_word' id='word_1_979' title='bbox 3132 4142 3309 4191; x_wconf 87' lang='lat' dir='ltr'><strong>homo.</strong></span> <span class='ocrx_word' id='word_1_980' title='bbox 3329 4140 3495 4192; x_wconf 87' lang='lat' dir='ltr'><strong>Fides</strong></span> <span class='ocrx_word' id='word_1_981' title='bbox 3512 4139 3742 4200; x_wconf 89' lang='lat' dir='ltr'><strong>dicitur,</strong></span> 
     </span>
    </p>
   </div>
   <div class='ocr_carea' id='block_1_127' title="bbox 2139 4210 3743 4277">
    <p class='ocr_par' dir='ltr' id='par_1_127' title="bbox 2139 4210 3743 4277">
     <span class='ocr_line' id='line_1_129' title="bbox 2139 4210 3743 4277; baseline 0.002 -16"><span class='ocrx_word' id='word_1_982' title='bbox 2139 4210 2276 4274; x_wconf 88' lang='lat' dir='ltr'><strong>quia</strong></span> <span class='ocrx_word' id='word_1_983' title='bbox 2300 4211 2448 4262; x_wconf 88' lang='grc'>111111</span> <span class='ocrx_word' id='word_1_984' title='bbox 2483 4213 2620 4263; x_wconf 92' lang='lat' dir='ltr'><strong>Deo.</strong></span> <span class='ocrx_word' id='word_1_985' title='bbox 2660 4215 2801 4277; x_wconf 88' lang='lat' dir='ltr'><strong>Spes</strong></span> <span class='ocrx_word' id='word_1_986' title='bbox 2837 4218 3035 4264; x_wconf 90' lang='lat' dir='ltr'><strong>autem</strong></span> <span class='ocrx_word' id='word_1_987' title='bbox 3072 4212 3237 4276; x_wconf 89' lang='lat' dir='ltr'><strong>quasi</strong></span> <span class='ocrx_word' id='word_1_988' title='bbox 3264 4225 3384 4276; x_wconf 90' lang='lat' dir='ltr'><strong>pes,</strong></span> <span class='ocrx_word' id='word_1_989' title='bbox 3419 4211 3555 4275; x_wconf 89' lang='lat' dir='ltr'><strong>quia</strong></span> <span class='ocrx_word' id='word_1_990' title='bbox 3588 4212 3651 4262; x_wconf 91' lang='lat' dir='ltr'><strong>in</strong></span> <span class='ocrx_word' id='word_1_991' title='bbox 3674 4224 3743 4264; x_wconf 91' lang='lat' dir='ltr'><strong>eo</strong></span> 
     </span>
    </p>
   </div>
   <div class='ocr_carea' id='block_1_128' title="bbox 2136 4282 3741 4348">
    <p class='ocr_par' dir='ltr' id='par_1_128' title="bbox 2136 4282 3741 4348">
     <span class='ocr_line' id='line_1_130' title="bbox 2136 4282 3741 4348; baseline -0.001 -16"><span class='ocrx_word' id='word_1_992' title='bbox 2136 4282 2418 4334; x_wconf 89' lang='lat' dir='ltr'><strong>innititur.</strong></span> <span class='ocrx_word' id='word_1_993' title='bbox 2446 4283 2610 4334; x_wconf 88' lang='lat' dir='ltr'><strong>Fides</strong></span> <span class='ocrx_word' id='word_1_994' title='bbox 2638 4286 2790 4335; x_wconf 87' lang='lat' dir='ltr'><strong>valet</strong></span> <span class='ocrx_word' id='word_1_995' title='bbox 2812 4285 2981 4335; x_wconf 92' lang='lat' dir='ltr'><strong>nobis</strong></span> <span class='ocrx_word' id='word_1_996' title='bbox 3010 4285 3081 4336; x_wconf 87' lang='lat' dir='ltr'><strong>ad</strong></span> <span class='ocrx_word' id='word_1_997' title='bbox 3105 4283 3561 4348; x_wconf 88' lang='lat' dir='ltr'><strong>justitiam,quia</strong></span> <span class='ocrx_word' id='word_1_998' title='bbox 3570 4286 3741 4343; x_wconf 84' lang='lat' dir='ltr'><strong>justus</strong></span> 
     </span>
    </p>
   </div>
   <div class='ocr_carea' id='block_1_129' title="bbox 2136 4353 3737 4417">
    <p class='ocr_par' dir='ltr' id='par_1_129' title="bbox 2136 4353 3737 4417">
     <span class='ocr_line' id='line_1_131' title="bbox 2136 4353 3737 4417; baseline 0.001 -14"><span class='ocrx_word' id='word_1_999' title='bbox 2136 4366 2209 4404; x_wconf 88' lang='lat' dir='ltr'><strong>ex</strong></span> <span class='ocrx_word' id='word_1_1000' title='bbox 2236 4353 2349 4405; x_wconf 82' lang='lat' dir='ltr'><strong>fide</strong></span> <span class='ocrx_word' id='word_1_1001' title='bbox 2374 4354 2518 4406; x_wconf 89' lang='lat' dir='ltr'><strong>vivit</strong></span> <span class='ocrx_word' id='word_1_1002' title='bbox 2552 4356 2724 4415; x_wconf 84' lang='lat' dir='ltr'><strong>(Rom.</strong></span> <span class='ocrx_word' id='word_1_1003' title='bbox 2758 4357 2843 4417; x_wconf 82' lang='grc'>1.),</span> <span class='ocrx_word' id='word_1_1004' title='bbox 2872 4355 3166 4408; x_wconf 90' lang='lat' dir='ltr'><strong>Credendo</strong></span> <span class='ocrx_word' id='word_1_1005' title='bbox 3185 4355 3245 4406; x_wconf 93' lang='lat' dir='ltr'><strong>in</strong></span> <span class='ocrx_word' id='word_1_1006' title='bbox 3271 4357 3457 4407; x_wconf 91' lang='lat' dir='ltr'><strong>Deum</strong></span> <span class='ocrx_word' id='word_1_1007' title='bbox 3481 4354 3737 4406; x_wconf 75' lang='lat' dir='ltr'><strong>declines</strong></span> 
     </span>
    </p>
   </div>
   <div class='ocr_carea' id='block_1_130' title="bbox 2134 4425 3735 4491">
    <p class='ocr_par' dir='ltr' id='par_1_130' title="bbox 2134 4425 3735 4491">
     <span class='ocr_line' id='line_1_132' title="bbox 2134 4425 3735 4491; baseline 0.001 -16"><span class='ocrx_word' id='word_1_1008' title='bbox 2134 4437 2168 4475; x_wconf 91' lang='lat' dir='ltr'><strong>a</strong></span> <span class='ocrx_word' id='word_1_1009' title='bbox 2190 4425 2362 4489; x_wconf 89' lang='lat' dir='ltr'><strong>malo,</strong></span> <span class='ocrx_word' id='word_1_1010' title='bbox 2388 4430 2447 4477; x_wconf 91' lang='lat' dir='ltr'><strong>et</strong></span> <span class='ocrx_word' id='word_1_1011' title='bbox 2461 4426 2602 4477; x_wconf 89' lang='lat' dir='ltr'><strong>facis</strong></span> <span class='ocrx_word' id='word_1_1012' title='bbox 2627 4427 2840 4477; x_wconf 90' lang='lat' dir='ltr'><strong>bonum</strong></span> <span class='ocrx_word' id='word_1_1013' title='bbox 2865 4428 3028 4488; x_wconf 83' lang='lat' dir='ltr'><strong>(Psat.</strong></span> <span class='ocrx_word' id='word_1_1014' title='bbox 3053 4426 3185 4491; x_wconf 79' lang='lat'><strong>33.).</strong></span> <span class='ocrx_word' id='word_1_1015' title='bbox 3214 4428 3354 4479; x_wconf 68' lang='lat' dir='ltr'><strong>Haec</strong></span> <span class='ocrx_word' id='word_1_1016' title='bbox 3381 4432 3470 4479; x_wconf 91' lang='lat' dir='ltr'><strong>est</strong></span> <span class='ocrx_word' id='word_1_1017' title='bbox 3490 4426 3735 4490; x_wconf 90' lang='lat' dir='ltr'><strong>justitia.</strong></span> 
     </span>
    </p>
   </div>
   <div class='ocr_carea' id='block_1_131' title="bbox 2134 4498 3736 4563">
    <p class='ocr_par' dir='ltr' id='par_1_131' title="bbox 2134 4498 3736 4563">
     <span class='ocr_line' id='line_1_133' title="bbox 2134 4498 3736 4563; baseline -0.001 -15"><span class='ocrx_word' id='word_1_1018' title='bbox 2134 4498 2273 4560; x_wconf 90' lang='lat' dir='ltr'><strong>Spes</strong></span> <span class='ocrx_word' id='word_1_1019' title='bbox 2285 4498 2454 4548; x_wconf 83' lang='lat' dir='ltr'><strong>nobis</strong></span> <span class='ocrx_word' id='word_1_1020' title='bbox 2472 4499 2623 4549; x_wconf 87' lang='lat' dir='ltr'><strong>valet</strong></span> <span class='ocrx_word' id='word_1_1021' title='bbox 2653 4499 2727 4549; x_wconf 89' lang='lat' dir='ltr'><strong>ad</strong></span> <span class='ocrx_word' id='word_1_1022' title='bbox 2741 4500 3074 4563; x_wconf 89' lang='lat' dir='ltr'><strong>patientiam</strong></span> <span class='ocrx_word' id='word_1_1023' title='bbox 3089 4504 3147 4551; x_wconf 92' lang='lat' dir='ltr'><strong>et</strong></span> <span class='ocrx_word' id='word_1_1024' title='bbox 3163 4503 3518 4551; x_wconf 90' lang='lat' dir='ltr'><strong>contemtum</strong></span> <span class='ocrx_word' id='word_1_1025' title='bbox 3536 4500 3736 4547; x_wconf 87' lang='lat' dir='ltr'><strong>mundi.</strong></span> 
     </span>
    </p>
   </div>
   <div class='ocr_carea' id='block_1_132' title="bbox 2143 4568 3740 4631">
    <p class='ocr_par' dir='ltr' id='par_1_132' title="bbox 2143 4568 3740 4631">
     <span class='ocr_line' id='line_1_134' title="bbox 2143 4568 3740 4631; baseline 0.001 -12"><span class='ocrx_word' id='word_1_1026' title='bbox 2143 4568 2433 4631; x_wconf 88' lang='lat' dir='ltr'><strong>Sperando</strong></span> <span class='ocrx_word' id='word_1_1027' title='bbox 2482 4574 2715 4630; x_wconf 73' lang='lat' dir='ltr'><strong>aeterna,</strong></span> <span class='ocrx_word' id='word_1_1028' title='bbox 2740 4570 2900 4623; x_wconf 85' lang='lat' dir='ltr'><strong>facile</strong></span> <span class='ocrx_word' id='word_1_1029' title='bbox 2944 4571 3372 4623; x_wconf 91' lang='lat' dir='ltr'><strong>contemnimus</strong></span> <span class='ocrx_word' id='word_1_1030' title='bbox 3395 4575 3634 4631; x_wconf 85' lang='lat' dir='ltr'><strong>terrena,</strong></span> <span class='ocrx_word' id='word_1_1031' title='bbox 3683 4571 3740 4621; x_wconf 87' lang='lat' dir='ltr'><strong>et</strong></span> 
     </span>
    </p>
   </div>
   <div class='ocr_carea' id='block_1_133' title="bbox 2139 4638 3734 4707">
    <p class='ocr_par' dir='ltr' id='par_1_133' title="bbox 2139 4638 3734 4707">
     <span class='ocr_line' id='line_1_135' title="bbox 2139 4638 3734 4707; baseline 0.002 -18"><span class='ocrx_word' id='word_1_1032' title='bbox 2139 4638 2357 4691; x_wconf 87' lang='lat' dir='ltr'><strong>fortiter</strong></span> <span class='ocrx_word' id='word_1_1033' title='bbox 2409 4639 2723 4693; x_wconf 90' lang='lat' dir='ltr'><strong>toleramus</strong></span> <span class='ocrx_word' id='word_1_1034' title='bbox 2766 4642 3011 4694; x_wconf 87' lang='lat' dir='ltr'><strong>adversa</strong></span> <span class='ocrx_word' id='word_1_1035' title='bbox 3054 4641 3229 4707; x_wconf 80' lang='lat' dir='ltr'><strong>(Hebr.</strong></span> <span class='ocrx_word' id='word_1_1036' title='bbox 3270 4642 3361 4704; x_wconf 87' lang='lat'><strong>6.).</strong></span> <span class='ocrx_word' id='word_1_1037' title='bbox 3405 4643 3505 4692; x_wconf 91' lang='lat' dir='ltr'><strong>Est</strong></span> <span class='ocrx_word' id='word_1_1038' title='bbox 3539 4644 3734 4692; x_wconf 86' lang='lat' dir='ltr'><strong>autem</strong></span> 
     </span>
    </p>
   </div>
   <div class='ocr_carea' id='block_1_134' title="bbox 2139 4712 3736 4778">
    <p class='ocr_par' dir='ltr' id='par_1_134' title="bbox 2139 4712 3736 4778">
     <span class='ocr_line' id='line_1_136' title="bbox 2139 4712 3736 4778; baseline 0.002 -17"><span class='ocrx_word' id='word_1_1039' title='bbox 2139 4712 2303 4774; x_wconf 89' lang='lat' dir='ltr'><strong>quasi</strong></span> <span class='ocrx_word' id='word_1_1040' title='bbox 2325 4712 2582 4764; x_wconf 88' lang='lat' dir='ltr'><strong>anchora</strong></span> <span class='ocrx_word' id='word_1_1041' title='bbox 2600 4716 2797 4765; x_wconf 90' lang='lat' dir='ltr'><strong>nostra</strong></span> <span class='ocrx_word' id='word_1_1042' title='bbox 2822 4726 2956 4778; x_wconf 91' lang='lat' dir='ltr'><strong>spes</strong></span> <span class='ocrx_word' id='word_1_1043' title='bbox 2979 4714 3039 4765; x_wconf 89' lang='lat' dir='ltr'><strong>in</strong></span> <span class='ocrx_word' id='word_1_1044' title='bbox 3060 4716 3198 4765; x_wconf 91' lang='lat' dir='ltr'><strong>Deo.</strong></span> <span class='ocrx_word' id='word_1_1045' title='bbox 3225 4715 3554 4765; x_wconf 87' lang='lat' dir='ltr'><strong>Nautacum</strong></span> <span class='ocrx_word' id='word_1_1046' title='bbox 3570 4714 3736 4764; x_wconf 87' lang='lat' dir='ltr'><strong>timet</strong></span> 
     </span>
    </p>
   </div>
   <div class='ocr_carea' id='block_1_135' title="bbox 2132 4785 3732 4848">
    <p class='ocr_par' dir='ltr' id='par_1_135' title="bbox 2132 4785 3732 4848">
     <span class='ocr_line' id='line_1_137' title="bbox 2132 4785 3732 4848; baseline -0.001 -15"><span class='ocrx_word' id='word_1_1047' title='bbox 2132 4786 2553 4847; x_wconf 83' lang='lat' dir='ltr'><strong>tempestatem,</strong></span> <span class='ocrx_word' id='word_1_1048' title='bbox 2582 4785 2706 4848; x_wconf 81' lang='lat' dir='ltr'><strong>figit</strong></span> <span class='ocrx_word' id='word_1_1049' title='bbox 2721 4786 3033 4838; x_wconf 90' lang='lat' dir='ltr'><strong>anchoram</strong></span> <span class='ocrx_word' id='word_1_1050' title='bbox 3059 4798 3243 4838; x_wconf 89' lang='lat' dir='ltr'><strong>suam.</strong></span> <span class='ocrx_word' id='word_1_1051' title='bbox 3264 4785 3319 4837; x_wconf 91' lang='lat' dir='ltr'><strong>Si</strong></span> <span class='ocrx_word' id='word_1_1052' title='bbox 3341 4797 3450 4837; x_wconf 89' lang='lat' dir='ltr'><strong>nos</strong></span> <span class='ocrx_word' id='word_1_1053' title='bbox 3464 4788 3732 4834; x_wconf 83' lang='lat' dir='ltr'><strong>anchoram</strong></span> 
     </span>
    </p>
   </div>
   <div class='ocr_carea' id='block_1_136' title="bbox 2131 4854 3735 4921">
    <p class='ocr_par' dir='ltr' id='par_1_136' title="bbox 2131 4854 3735 4921">
     <span class='ocr_line' id='line_1_138' title="bbox 2131 4854 3735 4921; baseline 0.001 -16"><span class='ocrx_word' id='word_1_1054' title='bbox 2131 4855 2255 4917; x_wconf 88' lang='lat' dir='ltr'><strong>spei</strong></span> <span class='ocrx_word' id='word_1_1055' title='bbox 2276 4855 2455 4907; x_wconf 81' lang='lat' dir='ltr'><strong>fixam</strong></span> <span class='ocrx_word' id='word_1_1056' title='bbox 2478 4856 2540 4906; x_wconf 93' lang='lat' dir='ltr'><strong>in</strong></span> <span class='ocrx_word' id='word_1_1057' title='bbox 2562 4857 2679 4908; x_wconf 90' lang='lat' dir='ltr'><strong>Deo</strong></span> <span class='ocrx_word' id='word_1_1058' title='bbox 2695 4857 3089 4920; x_wconf 87' lang='lat' dir='ltr'><strong>habuerimus,</strong></span> <span class='ocrx_word' id='word_1_1059' title='bbox 3107 4857 3323 4910; x_wconf 88' lang='lat' dir='ltr'><strong>nullam</strong></span> <span class='ocrx_word' id='word_1_1060' title='bbox 3338 4857 3514 4921; x_wconf 91' lang='lat' dir='ltr'><strong>hujus</strong></span> <span class='ocrx_word' id='word_1_1061' title='bbox 3531 4854 3735 4907; x_wconf 88' lang='lat' dir='ltr'><strong>mundi</strong></span> 
     </span>
    </p>
   </div>
   <div class='ocr_carea' id='block_1_137' title="bbox 2132 4926 3731 4993">
    <p class='ocr_par' dir='ltr' id='par_1_137' title="bbox 2132 4926 3731 4993">
     <span class='ocr_line' id='line_1_139' title="bbox 2132 4926 3731 4993; baseline 0.001 -18"><span class='ocrx_word' id='word_1_1062' title='bbox 2132 4929 2537 4990; x_wconf 89' lang='lat' dir='ltr'><strong>tempestatem</strong></span> <span class='ocrx_word' id='word_1_1063' title='bbox 2562 4926 3021 4981; x_wconf 88' lang='lat' dir='ltr'><strong>formidabimus.</strong></span> <span class='ocrx_word' id='word_1_1064' title='bbox 3061 4930 3187 4981; x_wconf 91' lang='lat' dir='ltr'><strong>Non</strong></span> <span class='ocrx_word' id='word_1_1065' title='bbox 3211 4929 3424 4980; x_wconf 89' lang='lat' dir='ltr'><strong>timebo</strong></span> <span class='ocrx_word' id='word_1_1066' title='bbox 3452 4928 3561 4993; x_wconf 85' lang='lat' dir='ltr'><strong>(ait)</strong></span> <span class='ocrx_word' id='word_1_1067' title='bbox 3592 4926 3731 4992; x_wconf 90' lang='lat' dir='ltr'><strong>quid</strong></span> 
     </span>
    </p>
   </div>
   <div class='ocr_carea' id='block_1_138' title="bbox 2131 4997 3729 5065">
    <p class='ocr_par' dir='ltr' id='par_1_138' title="bbox 2131 4997 3729 5065">
     <span class='ocr_line' id='line_1_140' title="bbox 2131 4997 3729 5065; baseline 0.004 -18"><span class='ocrx_word' id='word_1_1068' title='bbox 2131 4997 2297 5049; x_wconf 88' lang='lat' dir='ltr'><strong>faciat</strong></span> <span class='ocrx_word' id='word_1_1069' title='bbox 2324 4998 2469 5049; x_wconf 89' lang='lat' dir='ltr'><strong>mihi</strong></span> <span class='ocrx_word' id='word_1_1070' title='bbox 2492 5000 2664 5050; x_wconf 90' lang='lat' dir='ltr'><strong>homo</strong></span> <span class='ocrx_word' id='word_1_1071' title='bbox 2690 5013 2703 5050; x_wconf 90' lang='lat'><strong>:</strong></span> <span class='ocrx_word' id='word_1_1072' title='bbox 2730 5001 2864 5064; x_wconf 87' lang='lat' dir='ltr'><strong>quia</strong></span> <span class='ocrx_word' id='word_1_1073' title='bbox 2887 5006 2944 5052; x_wconf 92' lang='lat' dir='ltr'><strong>et</strong></span> <span class='ocrx_word' id='word_1_1074' title='bbox 2967 5002 3017 5052; x_wconf 90' lang='lat' dir='ltr'><strong>si</strong></span> <span class='ocrx_word' id='word_1_1075' title='bbox 3037 5000 3223 5052; x_wconf 88' lang='lat' dir='ltr'><strong>aufert</strong></span> <span class='ocrx_word' id='word_1_1076' title='bbox 3248 4999 3598 5065; x_wconf 87' lang='lat' dir='ltr'><strong>temporalia,</strong></span> <span class='ocrx_word' id='word_1_1077' title='bbox 3622 5000 3729 5053; x_wconf 86' lang='lat' dir='ltr'><strong>ha-</strong></span> 
     </span>
    </p>
   </div>
   <div class='ocr_carea' id='block_1_139' title="bbox 2130 5069 3351 5137">
    <p class='ocr_par' dir='ltr' id='par_1_139' title="bbox 2130 5069 3351 5137">
     <span class='ocr_line' id='line_1_141' title="bbox 2130 5069 3351 5137; baseline 0.002 -18"><span class='ocrx_word' id='word_1_1078' title='bbox 2130 5069 2236 5120; x_wconf 91' lang='lat' dir='ltr'><strong>beo</strong></span> <span class='ocrx_word' id='word_1_1079' title='bbox 2263 5075 2458 5122; x_wconf 89' lang='lat' dir='ltr'><strong>tamen</strong></span> <span class='ocrx_word' id='word_1_1080' title='bbox 2482 5083 2615 5134; x_wconf 61' lang='lat' dir='ltr'><strong>qua</strong></span> <span class='ocrx_word' id='word_1_1081' title='bbox 2641 5072 2743 5123; x_wconf 87' lang='lat' dir='ltr'><strong>tibi</strong></span> <span class='ocrx_word' id='word_1_1082' title='bbox 2769 5073 3002 5124; x_wconf 79' lang='lat' dir='ltr'><strong>offeram</strong></span> <span class='ocrx_word' id='word_1_1083' title='bbox 3019 5072 3351 5137; x_wconf 87' lang='lat' dir='ltr'><strong>spiritualia.</strong></span> 
     </span>
    </p>
   </div>
   <div class='ocr_carea' id='block_1_140' title="bbox 2189 5139 3726 5208">
    <p class='ocr_par' dir='ltr' id='par_1_140' title="bbox 2189 5139 3726 5208">
     <span class='ocr_line' id='line_1_142' title="bbox 2189 5139 3726 5208; baseline 0 -14"><span class='ocrx_word' id='word_1_1084' title='bbox 2189 5139 2275 5194; x_wconf 73' lang='lat'><strong>1‘2.</strong></span> <span class='ocrx_word' id='word_1_1085' title='bbox 2336 5144 2400 5190; x_wconf 81' lang='grc' dir='ltr'>1η</span> <span class='ocrx_word' id='word_1_1086' title='bbox 2444 5157 2528 5190; x_wconf 85' lang='lat' dir='ltr'><strong>me</strong></span> <span class='ocrx_word' id='word_1_1087' title='bbox 2581 5148 2724 5204; x_wconf 81' lang='lat' dir='ltr'><strong>sunt,</strong></span> <span class='ocrx_word' id='word_1_1088' title='bbox 2770 5144 2909 5193; x_wconf 83' lang='lat' dir='ltr'><strong>Deus</strong></span> <span class='ocrx_word' id='word_1_1089' title='bbox 2956 5150 3080 5193; x_wconf 86' lang='lat' dir='ltr'><strong>vota</strong></span> <span class='ocrx_word' id='word_1_1090' title='bbox 3133 5149 3247 5207; x_wconf 82' lang='lat' dir='ltr'><strong>tua,</strong></span> <span class='ocrx_word' id='word_1_1091' title='bbox 3305 5159 3421 5208; x_wconf 81' lang='lat' dir='ltr'><strong>quae</strong></span> <span class='ocrx_word' id='word_1_1092' title='bbox 3479 5142 3726 5206; x_wconf 78' lang='lat' dir='ltr'><strong>reddam,</strong></span> 
     </span>
    </p>
   </div>
   <div class='ocr_carea' id='block_1_141' title="bbox 2129 5211 3727 5279">
    <p class='ocr_par' dir='ltr' id='par_1_141' title="bbox 2129 5211 3727 5279">
     <span class='ocr_line' id='line_1_143' title="bbox 2129 5211 3727 5279; baseline 0.003 -19"><span class='ocrx_word' id='word_1_1093' title='bbox 2129 5211 2470 5262; x_wconf 75' lang='lat' dir='ltr'><strong>laudationes</strong></span> <span class='ocrx_word' id='word_1_1094' title='bbox 2494 5213 2605 5262; x_wconf 83' lang='lat' dir='ltr'><strong>tibi.</strong></span> <span class='ocrx_word' id='word_1_1095' title='bbox 2631 5216 2772 5266; x_wconf 58' lang='lat' dir='ltr'><strong>Hac</strong></span> <span class='ocrx_word' id='word_1_1096' title='bbox 2795 5219 2932 5266; x_wconf 91' lang='lat' dir='ltr'><strong>sunt</strong></span> <span class='ocrx_word' id='word_1_1097' title='bbox 2954 5228 3090 5268; x_wconf 88' lang='lat' dir='ltr'><strong>vera</strong></span> <span class='ocrx_word' id='word_1_1098' title='bbox 3109 5215 3259 5267; x_wconf 88' lang='lat' dir='ltr'><strong>dona</strong></span> <span class='ocrx_word' id='word_1_1099' title='bbox 3269 5218 3324 5266; x_wconf 89' lang='lat' dir='ltr'><strong>et</strong></span> <span class='ocrx_word' id='word_1_1100' title='bbox 3339 5214 3521 5279; x_wconf 87' lang='lat' dir='ltr'><strong>gratia</strong></span> <span class='ocrx_word' id='word_1_1101' title='bbox 3531 5219 3727 5265; x_wconf 73' lang='lat' dir='ltr'><strong>sacrifi-</strong></span> 
     </span>
    </p>
   </div>
   <div class='ocr_carea' id='block_1_142' title="bbox 2126 5283 3729 5352">
    <p class='ocr_par' dir='ltr' id='par_1_142' title="bbox 2126 5283 3729 5352">
     <span class='ocr_line' id='line_1_144' title="bbox 2126 5283 3729 5352; baseline 0.004 -18"><span class='ocrx_word' id='word_1_1102' title='bbox 2126 5283 2213 5335; x_wconf 91' lang='lat' dir='ltr'><strong>cia</strong></span> <span class='ocrx_word' id='word_1_1103' title='bbox 2237 5297 2370 5347; x_wconf 67' lang='lat' dir='ltr'><strong>quae</strong></span> <span class='ocrx_word' id='word_1_1104' title='bbox 2392 5297 2425 5335; x_wconf 89' lang='lat' dir='ltr'><strong>a</strong></span> <span class='ocrx_word' id='word_1_1105' title='bbox 2448 5286 2614 5337; x_wconf 87' lang='lat' dir='ltr'><strong>nobis</strong></span> <span class='ocrx_word' id='word_1_1106' title='bbox 2648 5286 2829 5351; x_wconf 86' lang='lat' dir='ltr'><strong>exigit</strong></span> <span class='ocrx_word' id='word_1_1107' title='bbox 2852 5289 3023 5352; x_wconf 90' lang='lat' dir='ltr'><strong>Deus,</strong></span> <span class='ocrx_word' id='word_1_1108' title='bbox 3050 5287 3267 5339; x_wconf 89' lang='lat' dir='ltr'><strong>scilicet</strong></span> <span class='ocrx_word' id='word_1_1109' title='bbox 3294 5287 3388 5352; x_wconf 91' lang='lat' dir='ltr'><strong>pia</strong></span> <span class='ocrx_word' id='word_1_1110' title='bbox 3418 5292 3569 5347; x_wconf 89' lang='lat' dir='ltr'><strong>vota,</strong></span> <span class='ocrx_word' id='word_1_1111' title='bbox 3599 5301 3729 5340; x_wconf 84' lang='lat' dir='ltr'><strong>san-</strong></span> 
     </span>
    </p>
   </div>
   <div class='ocr_carea' id='block_1_143' title="bbox 2126 5355 3723 5424">
    <p class='ocr_par' dir='ltr' id='par_1_143' title="bbox 2126 5355 3723 5424">
     <span class='ocr_line' id='line_1_145' title="bbox 2126 5355 3723 5424; baseline 0.005 -19"><span class='ocrx_word' id='word_1_1112' title='bbox 2126 5359 2220 5406; x_wconf 89' lang='lat' dir='ltr'><strong>cta</strong></span> <span class='ocrx_word' id='word_1_1113' title='bbox 2253 5355 2554 5421; x_wconf 89' lang='lat' dir='ltr'><strong>desideria,</strong></span> <span class='ocrx_word' id='word_1_1114' title='bbox 2591 5357 2735 5409; x_wconf 86' lang='lat' dir='ltr'><strong>ﬂdes</strong></span> <span class='ocrx_word' id='word_1_1115' title='bbox 2783 5364 2956 5421; x_wconf 88' lang='lat' dir='ltr'><strong>recta,</strong></span> <span class='ocrx_word' id='word_1_1116' title='bbox 2997 5373 3130 5423; x_wconf 90' lang='lat' dir='ltr'><strong>spes</strong></span> <span class='ocrx_word' id='word_1_1117' title='bbox 3163 5362 3333 5421; x_wconf 89' lang='lat' dir='ltr'><strong>certa,</strong></span> <span class='ocrx_word' id='word_1_1118' title='bbox 3375 5359 3581 5409; x_wconf 82' lang='lat' dir='ltr'><strong>caritas</strong></span> <span class='ocrx_word' id='word_1_1119' title='bbox 3607 5373 3723 5424; x_wconf 84' lang='lat' dir='ltr'><strong>per-</strong></span> 
     </span>
    </p>
   </div>
   <div class='ocr_carea' id='block_1_144' title="bbox 2128 5426 3724 5496">
    <p class='ocr_par' dir='ltr' id='par_1_144' title="bbox 2128 5426 3724 5496">
     <span class='ocr_line' id='line_1_146' title="bbox 2128 5426 3724 5496; baseline 0.003 -19"><span class='ocrx_word' id='word_1_1120' title='bbox 2128 5426 2288 5478; x_wconf 88' lang='lat' dir='ltr'><strong>fecta.</strong></span> <span class='ocrx_word' id='word_1_1121' title='bbox 2328 5428 2597 5491; x_wconf 89' lang='lat' dir='ltr'><strong>Quisquis</strong></span> <span class='ocrx_word' id='word_1_1122' title='bbox 2626 5430 2762 5481; x_wconf 87' lang='lat' dir='ltr'><strong>talia</strong></span> <span class='ocrx_word' id='word_1_1123' title='bbox 2783 5437 2920 5482; x_wconf 87' lang='lat' dir='ltr'><strong>vota</strong></span> <span class='ocrx_word' id='word_1_1124' title='bbox 2944 5431 3236 5494; x_wconf 89' lang='lat' dir='ltr'><strong>persolvit,</strong></span> <span class='ocrx_word' id='word_1_1125' title='bbox 3248 5430 3447 5484; x_wconf 87' lang='lat' dir='ltr'><strong>laudes</strong></span> <span class='ocrx_word' id='word_1_1126' title='bbox 3464 5431 3724 5496; x_wconf 88' lang='lat' dir='ltr'><strong>omnipo-</strong></span> 
     </span>
    </p>
   </div>
   <div class='ocr_carea' id='block_1_145' title="bbox 2126 5499 3723 5567">
    <p class='ocr_par' dir='ltr' id='par_1_145' title="bbox 2126 5499 3723 5567">
     <span class='ocr_line' id='line_1_147' title="bbox 2126 5499 3723 5567; baseline 0.001 -16"><span class='ocrx_word' id='word_1_1127' title='bbox 2126 5499 2271 5551; x_wconf 87' lang='lat' dir='ltr'><strong>tenti</strong></span> <span class='ocrx_word' id='word_1_1128' title='bbox 2308 5500 2552 5551; x_wconf 90' lang='lat' dir='ltr'><strong>Domino</strong></span> <span class='ocrx_word' id='word_1_1129' title='bbox 2586 5501 2790 5552; x_wconf 90' lang='lat' dir='ltr'><strong>reddit.</strong></span> <span class='ocrx_word' id='word_1_1130' title='bbox 2820 5504 2952 5554; x_wconf 62' lang='lat' dir='ltr'><strong>Ista)</strong></span> <span class='ocrx_word' id='word_1_1131' title='bbox 2978 5508 3116 5553; x_wconf 89' lang='lat' dir='ltr'><strong>sunt</strong></span> <span class='ocrx_word' id='word_1_1132' title='bbox 3139 5515 3293 5554; x_wconf 65' lang='lat' dir='ltr'><strong>vera:</strong></span> <span class='ocrx_word' id='word_1_1133' title='bbox 3317 5502 3552 5565; x_wconf 67' lang='lat' dir='ltr'><strong>divitiae,</strong></span> <span class='ocrx_word' id='word_1_1134' title='bbox 3581 5515 3723 5567; x_wconf 88' lang='lat' dir='ltr'><strong>quas</strong></span> 
     </span>
    </p>
   </div>
   <div class='ocr_carea' id='block_1_146' title="bbox 2124 5570 3720 5639">
    <p class='ocr_par' dir='ltr' id='par_1_146' title="bbox 2124 5570 3720 5639">
     <span class='ocr_line' id='line_1_148' title="bbox 2124 5570 3720 5639; baseline 0.004 -19"><span class='ocrx_word' id='word_1_1135' title='bbox 2124 5582 2242 5621; x_wconf 94' lang='lat' dir='ltr'><strong>non</strong></span> <span class='ocrx_word' id='word_1_1136' title='bbox 2282 5570 2445 5621; x_wconf 90' lang='lat' dir='ltr'><strong>timet</strong></span> <span class='ocrx_word' id='word_1_1137' title='bbox 2472 5571 2646 5623; x_wconf 91' lang='lat' dir='ltr'><strong>homo</strong></span> <span class='ocrx_word' id='word_1_1138' title='bbox 2694 5573 2949 5637; x_wconf 89' lang='lat' dir='ltr'><strong>perdere,</strong></span> <span class='ocrx_word' id='word_1_1139' title='bbox 2990 5574 3100 5625; x_wconf 90' lang='lat' dir='ltr'><strong>nisi</strong></span> <span class='ocrx_word' id='word_1_1140' title='bbox 3144 5574 3268 5639; x_wconf 90' lang='lat' dir='ltr'><strong>ipse</strong></span> <span class='ocrx_word' id='word_1_1141' title='bbox 3301 5574 3439 5625; x_wconf 87' lang='lat' dir='ltr'><strong>velit</strong></span> <span class='ocrx_word' id='word_1_1142' title='bbox 3484 5575 3720 5626; x_wconf 87' lang='lat' dir='ltr'><strong>auferre.</strong></span> 
     </span>
    </p>
   </div>
   <div class='ocr_carea' id='block_1_147' title="bbox 2125 5642 3725 5706">
    <p class='ocr_par' dir='ltr' id='par_1_147' title="bbox 2125 5642 3725 5706">
     <span class='ocr_line' id='line_1_149' title="bbox 2125 5642 3725 5706; baseline 0.004 -15"><span class='ocrx_word' id='word_1_1143' title='bbox 2125 5642 2394 5705; x_wconf 88' lang='lat' dir='ltr'><strong>Quisquis</strong></span> <span class='ocrx_word' id='word_1_1144' title='bbox 2420 5643 2545 5695; x_wconf 90' lang='lat' dir='ltr'><strong>vult</strong></span> <span class='ocrx_word' id='word_1_1145' title='bbox 2567 5646 2810 5697; x_wconf 91' lang='lat' dir='ltr'><strong>Domino</strong></span> <span class='ocrx_word' id='word_1_1146' title='bbox 2832 5649 2949 5697; x_wconf 91' lang='lat' dir='ltr'><strong>Deo</strong></span> <span class='ocrx_word' id='word_1_1147' title='bbox 2976 5660 3185 5699; x_wconf 90' lang='lat' dir='ltr'><strong>vovere</strong></span> <span class='ocrx_word' id='word_1_1148' title='bbox 3214 5646 3520 5697; x_wconf 89' lang='lat' dir='ltr'><strong>etreddere</strong></span> <span class='ocrx_word' id='word_1_1149' title='bbox 3536 5648 3725 5706; x_wconf 77' lang='lat' dir='ltr'><strong>gratui-</strong></span> 
     </span>
    </p>
   </div>
   <div class='ocr_carea' id='block_1_148' title="bbox 2126 5716 3720 5781">
    <p class='ocr_par' dir='ltr' id='par_1_148' title="bbox 2126 5716 3720 5781">
     <span class='ocr_line' id='line_1_150' title="bbox 2126 5716 3720 5781; baseline 0.002 -15"><span class='ocrx_word' id='word_1_1150' title='bbox 2126 5718 2249 5766; x_wconf 89' lang='lat' dir='ltr'><strong>tum</strong></span> <span class='ocrx_word' id='word_1_1151' title='bbox 2290 5717 2507 5781; x_wconf 87' lang='lat' dir='ltr'><strong>votum,</strong></span> <span class='ocrx_word' id='word_1_1152' title='bbox 2545 5716 2802 5780; x_wconf 89' lang='lat' dir='ltr'><strong>seipsum</strong></span> <span class='ocrx_word' id='word_1_1153' title='bbox 2840 5720 3049 5769; x_wconf 88' lang='lat' dir='ltr'><strong>voveat</strong></span> <span class='ocrx_word' id='word_1_1154' title='bbox 3077 5721 3135 5769; x_wconf 89' lang='lat' dir='ltr'><strong>et</strong></span> <span class='ocrx_word' id='word_1_1155' title='bbox 3173 5718 3392 5769; x_wconf 86' lang='lat' dir='ltr'><strong>reddat.</strong></span> <span class='ocrx_word' id='word_1_1156' title='bbox 3424 5719 3546 5769; x_wconf 90' lang='lat' dir='ltr'><strong>Hoc</strong></span> <span class='ocrx_word' id='word_1_1157' title='bbox 3570 5718 3720 5770; x_wconf 89' lang='lat' dir='ltr'><strong>enim</strong></span> 
     </span>
    </p>
   </div>
   <div class='ocr_carea' id='block_1_149' title="bbox 2124 5785 3721 5855">
    <p class='ocr_par' dir='ltr' id='par_1_149' title="bbox 2124 5785 3721 5855">
     <span class='ocr_line' id='line_1_151' title="bbox 2124 5785 3721 5855; baseline 0.004 -19"><span class='ocrx_word' id='word_1_1158' title='bbox 2124 5785 2396 5851; x_wconf 85' lang='lat' dir='ltr'><strong>exigitur,</strong></span> <span class='ocrx_word' id='word_1_1159' title='bbox 2416 5786 2524 5839; x_wconf 91' lang='lat' dir='ltr'><strong>hoc</strong></span> <span class='ocrx_word' id='word_1_1160' title='bbox 2544 5788 2803 5842; x_wconf 89' lang='lat' dir='ltr'><strong>debetur.</strong></span> <span class='ocrx_word' id='word_1_1161' title='bbox 2826 5790 3024 5855; x_wconf 88' lang='lat' dir='ltr'><strong>Imago</strong></span> <span class='ocrx_word' id='word_1_1162' title='bbox 3048 5790 3291 5842; x_wconf 65' lang='lat' dir='ltr'><strong>Caesaris</strong></span> <span class='ocrx_word' id='word_1_1163' title='bbox 3317 5789 3587 5842; x_wconf 88' lang='lat' dir='ltr'><strong>reddatur</strong></span> <span class='ocrx_word' id='word_1_1164' title='bbox 3603 5793 3721 5842; x_wconf 78' lang='lat' dir='ltr'><strong>Cec-</strong></span> 
     </span>
    </p>
   </div>
   <div class='ocr_carea' id='block_1_150' title="bbox 499 5913 3285 5992">
    <p class='ocr_par' dir='ltr' id='par_1_150' title="bbox 499 5913 3285 5992">
     <span class='ocr_line' id='line_1_152' title="bbox 499 5913 3285 5992; baseline 0.005 -27"><span class='ocrx_word' id='word_1_1165' title='bbox 499 5923 516 5942; x_wconf 73' lang='grc'>⁸</span> <span class='ocrx_word' id='word_1_1166' title='bbox 551 5913 810 5976; x_wconf 88' lang='lat' dir='ltr'><strong>Negandi</strong></span> <span class='ocrx_word' id='word_1_1167' title='bbox 833 5914 1109 5977; x_wconf 86' lang='lat' dir='ltr'><strong>particula</strong></span> <span class='ocrx_word' id='word_1_1168' title='bbox 1136 5916 1359 5968; x_wconf 89' lang='lat' dir='ltr'><strong>videtur</strong></span> <span class='ocrx_word' id='word_1_1169' title='bbox 1381 5920 1782 5985; x_wconf 86' lang='lat' dir='ltr'><strong>expungenda,</strong></span> <span class='ocrx_word' id='word_1_1170' title='bbox 1806 5922 1908 5974; x_wconf 86' lang='lat' dir='ltr'><strong>aut</strong></span> <span class='ocrx_word' id='word_1_1171' title='bbox 1930 5922 2336 5988; x_wconf 87' lang='lat' dir='ltr'><strong>supplendum,</strong></span> <span class='ocrx_word' id='word_1_1172' title='bbox 2360 5927 2600 5989; x_wconf 79' lang='lat' dir='ltr'><strong>cognovi,</strong></span> <span class='ocrx_word' id='word_1_1173' title='bbox 2623 5927 2731 5991; x_wconf 84' lang='lat' dir='ltr'><strong>sed,</strong></span> <span class='ocrx_word' id='word_1_1174' title='bbox 2755 5928 2857 5980; x_wconf 86' lang='lat' dir='ltr'><strong>aut</strong></span> <span class='ocrx_word' id='word_1_1175' title='bbox 2878 5927 3019 5992; x_wconf 90' lang='lat' dir='ltr'><strong>quid</strong></span> <span class='ocrx_word' id='word_1_1176' title='bbox 3042 5926 3241 5979; x_wconf 88' lang='lat' dir='ltr'><strong>simile.</strong></span> <span class='ocrx_word' id='word_1_1177' title='bbox 3274 5986 3285 5991; x_wconf 22' lang='grc' dir='ltr'>ι</span> 
     </span>
    </p>
   </div>
  </div>
