3884 6438
463 418 564 477 871

1516 416 1784 503 ΒῌΡΙΝΟ
1817 416 2280 469 PRESBYTERO
2314 413 2704 468 ASCRIPTUS

3659 409 3757 465 872

464 531 834 604 ﬂagellatam.
858 528 1097 604 spininis
1120 503 1474 604 coronatum,
1501 526 1656 604 ligno
1686 540 2055 604 suspensum.
2084 534 2139 604 Α
2160 526 2593 580 commendetur
2629 528 2686 604 et
2718 534 2907 604 opere.
2935 520 3165 604 Deinde
3200 521 3430 604 expleta
3470 522 3758 604 passione,

459 604 593 655 Illos
625 602 952 661 saevientes,
976 598 1136 648 illum
1169 610 1302 649 vero
1343 596 1699 649 tolerantem.
1726 598 1861 649 Illos
1890 599 2059 650 exul-

461 680 672 736 tantes,
697 673 857 723 illum
881 670 1046 733 quasi
1071 670 1305 720 victum.
1324 671 1390 719 Et
1414 672 1777 731 postlantum
1794 670 2061 721 humilia-

462 747 673 797 tionem
698 741 968 806 cognovit
990 753 1121 791 eum
1154 746 1626 803 resurrecturum,
1654 747 1710 792 et
1747 742 1940 793 omnia
1964 741 2061 792 illa

461 829 593 880 quae
626 815 882 867 fecerunt
910 812 1100 863 Judmi
1126 813 1452 876 saevientes,
1488 812 1639 863 facta
1665 825 1793 863 esse
1826 813 2057 864 inania:

460 888 642 939 elatus
687 884 897 949 gaudio
941 888 1215 947 tanquam
1263 883 1484 936 videret
1520 884 1661 946 fieri,
1695 885 1981 936 exclamat
2004 888 2061 936 et

459 958 599 1009 dicit
623 972 635 1008 :

519 1027 570 1082 6.
616 1026 876 1076 Exaltare
918 1040 1083 1090 super
1130 1025 1292 1084 caelos,
1330 1026 1486 1075 Deus.
1535 1027 1720 1077 Homo
1767 1026 1828 1077 in
1871 1039 2057 1078 cruce.

458 1101 613 1151 Deus
631 1110 804 1162 super
828 1096 1021 1149 caelos.
1040 1097 1461 1148 Remaneantin
1483 1101 1629 1149 terra
1646 1098 1956 1150 saevientes
1971 1112 1983 1148 :
1996 1101 2060 1149 tu

457 1170 515 1221 in
539 1169 682 1222 caelo
726 1167 1163 1232 estojudicans.
1210 1168 1277 1217 Et
1304 1169 1363 1217 in
1393 1170 1545 1217 omni
1570 1174 1713 1217 terra
1735 1169 1913 1233 gloria
1945 1175 2059 1219 t'..a.

457 1242 702 1293 Domino
726 1240 882 1292 enim
904 1240 1193 1291 residente
1215 1240 1273 1290 in
1285 1241 1425 1291 caelo
1441 1241 1513 1291 ad
1531 1240 1829 1292 dexteram
1854 1242 1979 1291 Pati
2014 1254 2060 1303 s,

456 1314 673 1377 ubique
700 1317 976 1362 terrarum
992 1311 1299 1373 prmdicata
1317 1316 1408 1361 est
1422 1312 1603 1375 gloria
1624 1311 2060 1363 resurrectionis

456 1385 601 1448 ejus,
630 1388 685 1435 et
727 1381 1045 1432 divinitatis
1072 1383 1254 1443 (Marc.
1302 1380 1424 1443 16.).
1476 1382 1803 1433 Exaltatum
1829 1383 1889 1433 in
1916 1381 2061 1434 caalo

457 1455 765 1506 Dominum
788 1466 904 1503 non
928 1453 1214 1515 videmus,
1235 1453 1338 1504 sed
1362 1453 1669 1505 credimus.
1687 1456 1753 1505 In
1772 1454 1931 1505 omni
1957 1468 2061 1505 au-

460 1532 575 1577 tem
602 1529 750 1577 terra
773 1523 1012 1588 gloriam
1046 1524 1172 1587 ejus
1217 1537 1335 1574 non
1361 1526 1586 1575 tantum
1617 1524 1931 1587 credimus,
1957 1524 2057 1576 sed

458 1598 632 1650 etiam
653 1595 939 1648 videmus.
966 1595 1180 1646 Deinde
1201 1596 1271 1645 ad
1284 1597 1459 1647 verba
1475 1597 1759 1660 passionis
1780 1597 1948 1656 redit,
1974 1601 2065 1649 ate

459 1680 571 1732 que
595 1668 655 1719 in
671 1679 918 1731 persona
940 1666 1169 1716 Domini
1201 1666 1339 1717 dicit
1368 1684 1380 1717 :

523 1739 573 1793 7.
600 1741 881 1803 Laqueum
899 1743 1233 1802 paraverunt
1249 1737 1474 1802 pedibus
1491 1739 1640 1799 meis,
1666 1738 1836 1803 idest,
1863 1738 2063 1803 decep-

458 1811 674 1862 tionem
694 1810 921 1860 actibus
944 1809 1090 1860 meis
1120 1809 1555 1872 praetenderant
1586 1826 1597 1860 :
1626 1822 1661 1861 a
1683 1809 2058 1862 similitudine

2160 612 2391 651 carnem
2438 609 2605 649 suam
2650 593 2955 646 denuntiat
2985 591 3403 655 suscitandam,
3459 605 3595 647 cum
3624 594 3757 645 sub-

2166 671 2353 721 iungit
2383 684 2395 719 :
3242 674 3251 683 ’

2156 683 2557 803 Jugggmsurge
2599 737 2777 803 gloria
2810 752 2947 800 mea,
2978 750 3205 797 exsurge
3238 734 3557 799 psalterium
3604 739 3656 786 et
3686 735 3759 783 ci—

2161 813 2344 864 thara.
2374 809 2714 875 Imperando
2742 808 2897 868 dicit,
2927 808 3192 870 Exsurge,
3219 809 3522 869 tamquam
3540 806 3757 857 habens

2160 883 2477 949 potentiam
2520 879 2771 945 ponendi
2821 878 3074 929 animam
3110 889 3295 938 suam,
3339 877 3656 949 etiterum
3680 890 3762 928 su-

2160 948 2357 1007 mendi
2381 966 2506 1005 eam
2525 953 2705 1015 (Joan.
2738 950 2857 1014 10.).
2874 950 3123 1001 Gloriam
3146 955 3340 1000 autem
3370 948 3508 999 dicit
3529 961 3761 1000 carnem

2162 1039 2347 1089 suam,
2365 1028 2595 1089 propter
2609 1020 3100 1073 immortalitatem
3118 1024 3176 1070 et
3188 1019 3568 1071 divinitatem.
3584 1023 3757 1079 Magna

2160 1099 2313 1150 enim
2329 1096 2509 1161 gloria
2531 1095 2636 1146 fuit
2664 1093 2886 1145 Christo
2911 1104 3238 1155 exsurgere,
3264 1096 3439 1153 atque
3462 1091 3535 1141 ad
3566 1090 3761 1142 dexte-

2160 1182 2284 1221 ram
2308 1168 2492 1220 Patris
2511 1166 2726 1218 sedere.
2752 1164 3016 1215 Declarat
3035 1164 3210 1214 etiam
3234 1174 3358 1213 suae
3379 1164 3760 1211 resurrectionis

2160 1241 2378 1301 horam,
2405 1252 2535 1290 cum
2558 1236 2755 1288 subdit
2780 1251 2792 1285 :
2820 1236 3131 1297 Etcsurgam
3145 1233 3398 1283 diluculo.
3420 1234 3583 1284 Mane
3610 1233 3762 1284 enim

2161 1313 2344 1376 prima
2367 1309 2591 1361 sabbati
2607 1307 2918 1359 resurrexit
2933 1306 3212 1357 Dominus
3236 1306 3609 1367 Jesus(Marc.
3639 1304 3763 1366 16.).

2162 1385 2231 1434 Et
2254 1382 2407 1434 unde
2424 1393 2542 1432 una
2562 1391 2694 1431 caro
2718 1378 3053 1438 resurrexit,
3087 1377 3221 1428 inde
3251 1381 3627 1429 surrexerunt
3650 1376 3764 1427 duo

2162 1467 2375 1519 organa
2397 1469 2409 1503 :
2432 1450 2769 1503 Psalterium
2791 1448 3056 1502 videlicet
3077 1454 3135 1501 et
3160 1449 3401 1501 Cithara.
3421 1447 3767 1500 Psalterium

2163 1527 2332 1577 sonat
2373 1537 2409 1576 a
2449 1520 2728 1587 superiori
2760 1525 2938 1585 parte,
2991 1521 3218 1572 Cithara
3239 1522 3312 1572 ab
3350 1520 3619 1572 inferiori.
3662 1522 3768 1570 Per

2162 1608 2394 1648 carnem
2419 1607 2586 1646 suam
2608 1593 2897 1644 Dominus
2921 1592 3036 1644 duo
3060 1605 3269 1655 genera
3292 1592 3574 1643 factorum
3586 1606 3765 1652 opera-

2160 1672 2256 1718 tus
2282 1672 2387 1727 est,
2404 1665 2623 1717 scilicet
2644 1663 2919 1715 miracula
2951 1667 3006 1713 et
3029 1664 3345 1727 passiones.
3373 1662 3643 1715 Miracula
3664 1661 3768 1714 de-

2162 1752 2337 1803 super
2359 1738 2610 1799 fuerunt,
2636 1735 2936 1800 passiones
2958 1734 3031 1785 ab
3059 1734 3323 1786 inferiori.
3348 1734 3451 1789 Illa
3480 1746 3613 1798 quae
3634 1733 3769 1786 fecit

2158 1808 2432 1861 miracula
2475 1808 2671 1860 divina
2713 1811 2893 1867 erant,
2931 1805 3035 1858 sed
3058 1819 3155 1869 per
3190 1818 3423 1857 carnem
3449 1806 3593 1857 fecit.
3622 1806 3766 1857 Caro

457 1882 601 1973 amis’:
628 1892 768 1973 qui?
783 1880 1072 1973 331353903.
1090 1879 2059 1973 11391.3?‘f‘lﬁel‘ifﬂff‘ﬂf"???
2085 1900 2139 1973 Β
2165 1895 2312 1973 θνξεῖ
2334 1881 2549 1973 “illi.
2558 1890 2809 1973 9331'???
2844 1877 3769 1973 ἒῗὲἷὶῗῗὶλῗέ..ῗδίλξὲ¹τ’.ἷ¹ἓξ¹ῗὲῗῗ

460 1958 596 2002 runt
617 1951 869 2000 animam
902 1952 1401 2012 meam.Quantum
1426 1951 1499 2002 ad
1525 1951 1851 2015 opinionem
1871 1966 2057 2018 suam,

461 2026 545 2075 Ita
574 2023 726 2074 enim
738 2025 1088 2086 putaverunt
1102 2022 1601 2084 eamincurvasse,
1615 2029 1678 2074 ut
1688 2024 1937 2087 amplius
1961 2041 2060 2074 non

462 2099 662 2159 posset
708 2092 780 2144 ad
827 2106 1031 2152 corpus
1076 2092 1260 2144 redire
1299 2098 1357 2144 et
1378 2106 1693 2158 resurgere.
1716 2096 1837 2146 Hoc
1866 2101 2061 2147 autem

462 2165 617 2230 quod
644 2164 714 2215 de
739 2166 936 2214 nostro
952 2164 1291 2216 Redemtore
1317 2164 1543 2224 dicitur,
1565 2166 1819 2228 quotidie
1843 2179 1877 2217 a
1900 2166 2065 2218 mali-

463 2238 594 2302 gnis
612 2235 906 2300 spiritibus
931 2239 1127 2286 contra
1141 2248 1248 2286 nos
1260 2235 1467 2299 agitur.
1485 2238 1783 2299 Laqueum
1809 2238 1961 2288 enim
1975 2251 2066 2302 pe-

464 2309 635 2359 dibus
656 2308 869 2359 nostris
886 2311 1105 2370 parant,
1131 2307 1267 2370 quia
1277 2306 1501 2359 occulta
1518 2312 1875 2360 tentamenta
1895 2309 2062 2360 bonis

462 2379 678 2431 nostris
708 2379 936 2430 actibus
981 2379 1368 2443 pmtendunt,
1394 2383 1461 2430 ut
1495 2379 1828 2444 impediant.
1855 2382 2064 2432 Anima

460 2464 598 2504 vero
620 2451 974 2513 incurvatur,
999 2463 1132 2501 cum
1157 2450 1226 2501 de
1250 2452 1400 2502 bono
1415 2451 1486 2502 ad
1504 2452 1718 2503 malum
1736 2452 2061 2504 reﬂectitur.

460 2522 670 2575 Anima
690 2522 1042 2582 incurvatur,
1072 2522 1340 2584 quotiens
1365 2522 1607 2574 terrenis
1632 2523 1928 2575 desideriis
1951 2524 2064 2575 im-

465 2594 723 2659 plicatur.
750 2592 1188 2656 HincPropheta
1212 2593 1612 2645 deimmundis
1629 2594 1928 2658 spiritibus
1951 2595 2062 2646 ait:

462 2665 567 2727 Qui
593 2663 1080 2715 dixeruntanimee
1097 2669 1238 2716 tuae:
1260 2666 1578 2725 Incurvare,
1605 2670 1673 2717 ut
1697 2670 2064 2717 transeamus

466 2736 610 2801 (Isai.
636 2734 763 2798 51.).
783 2735 958 2787 Recta
972 2735 1183 2798 quippe
1201 2738 1315 2786 stat
1325 2736 1535 2800 anima,
1550 2749 1682 2787 cum
1709 2750 1961 2801 superna
1976 2741 2063 2786 de-
2097 2762 2104 2771 -

466 2806 696 2869 siderat,
722 2808 780 2857 et
812 2818 1180 2869 nequaquam
1203 2806 1449 2859 ﬂectitur
1469 2807 1542 2857 ad
1565 2808 1699 2859 ima.
1726 2808 1836 2859 Sed
1852 2811 2066 2869 maligni

467 2878 722 2942 spiritus,
759 2890 894 2928 cum
921 2876 1071 2927 hanc
1085 2877 1145 2927 in
1173 2890 1279 2928 sua
1300 2879 1641 2930 rectitudine
1669 2881 1819 2931 stare
1842 2880 2067 2944 conspi-

466 2950 646 3008 ciunt,
672 2962 773 3013 per
794 2960 922 2999 eam
949 2948 1191 3000 transire
1201 2963 1319 3001 non
1339 2955 1602 3014 possunt.
1626 2951 1889 3003 Transire
1900 2964 2068 3002 nam-

464 3033 575 3085 que
601 3033 799 3072 eorum
816 3024 907 3071 est
935 3020 1234 3071 immunda
1257 3020 1336 3072 illi
1358 3021 1639 3073 desideria
1664 3036 1950 3087 spargere.
1972 3023 2069 3074 Di-

464 3097 604 3144 cunt
627 3105 788 3156 ergo,
801 3093 1129 3156 Incurvare,
1142 3095 1207 3143 ut
1223 3094 1587 3145 transeamus
1606 3110 1617 3144 :
1634 3095 1769 3157 quia
1784 3094 1844 3145 in
1862 3095 1991 3158 ipsa
2005 3107 2067 3146 se

457 3164 529 3215 ad
553 3164 668 3216 ima
701 3163 1022 3228 appetenda
1049 3176 1165 3215 non
1199 3164 1411 3228 dejicit,
1440 3168 1637 3217 contra
1658 3166 1808 3217 hanc
1833 3165 2062 3219 illorum

455 3236 803 3300 perversitas
828 3234 1160 3287 nullatenus
1193 3235 1564 3300 convalescit,
1599 3240 1657 3289 et
1690 3237 1932 3289 transire
1961 3250 2062 3302 per

2166 1955 2391 2018 patiens
2436 1952 2654 2003 cithara
2676 1953 2805 2001 est:
2852 1948 3249 2000 illuminentur
3292 1949 3445 2009 caeci,
3482 1952 3768 2001 sanentur

2166 2026 2388 2090 aegroti,
2412 2026 2722 2085 resurgant
2741 2021 2974 2083 mortui,
3012 2032 3190 2071 sonus
3212 2018 3466 2085 psalterii
3489 2024 3593 2071 est.
3626 2022 3770 2071 Esu-

2164 2097 2292 2158 riat,
2329 2095 2504 2158 sitiat,
2552 2092 2817 2155 dormiat,
2844 2090 3177 2154 ﬂagelletur,
3233 2091 3543 2155 occidatur,
3598 2103 3770 2155 sepe-

2165 2168 2357 2230 liatur,
2383 2178 2565 2217 sonus
2589 2164 2825 2215 citharas
2855 2167 2963 2214 est.
2990 2163 3183 2213 Habes
3210 2174 3345 2226 ergo
3367 2163 3430 2214 in
3453 2176 3568 2215 una
3592 2175 3769 2215 carne

2166 2238 2502 2303 psalterium
2526 2242 2584 2288 et
2598 2235 2894 2286 citharam.
2925 2234 2993 2284 Et
3014 2233 3128 2284 ista
3149 2233 3264 2285 duo
3288 2246 3498 2298 genera
3522 2236 3765 2283 factorum

2166 2309 2553 2374 impleverunt
2577 2304 2974 2370 Evangelium,
2994 2308 3051 2356 et
3072 2305 3459 2369 praedicantur
3469 2306 3765 2358 Gentibus.

2167 2383 2237 2432 Et
2256 2381 2352 2432 hic
2378 2381 2600 2432 fructus
2625 2377 2912 2443 passionis
2936 2380 2994 2428 et
3013 2376 3464 2428 resurrectionis.

2229 2451 2314 2507 10.
2344 2450 2643 2514 Conﬁtebor
2666 2448 2761 2498 tibi
2804 2449 2865 2496 in
2890 2448 3126 2512 populis,
3152 2447 3321 2511 idest,
3347 2449 3639 2512 acquiram
3661 2448 3766 2499 tibi

2166 2523 2527 2575 confessores
2570 2521 2632 2587 in
2674 2520 2915 2581 Judaais,
2961 2524 3018 2571 et
3050 2519 3330 2569 Psalmum
3370 2519 3549 2569 dicam
3578 2519 3673 2569 tibi
3703 2520 3768 2568 in

2167 2595 2437 2655 Gentibus,
2454 2594 2622 2652 idest,
2640 2592 2779 2643 tales
2801 2591 3096 2654 acquiram
3121 2591 3181 2641 in
3203 2590 3501 2654 Gentibus,
3517 2592 3613 2655 qui
3631 2594 3764 2652 psal-

2166 2680 2328 2718 mum
2353 2666 2564 2728 dicent,
2580 2664 2746 2723 idest,
2765 2664 2909 2714 bene
2931 2663 3338 2727 operabuntur.
3363 2662 3467 2713 Vel
3489 2662 3601 2723 tibi,
3618 2664 3768 2727 idest,

2165 2740 2237 2791 ad
2290 2739 2567 2790 honorem
2611 2740 2798 2797 tuum,
2849 2733 3136 2797 conﬁtebor
3176 2739 3232 2786 et
3269 2734 3545 2799 psalmum
3566 2734 3768 2799 dicam,

2165 2810 2333 2873 idest,
2368 2809 2597 2860 laudem
2642 2812 2699 2858 et
2742 2808 2953 2857 bonam
2996 2806 3385 2869 operationem
3420 2804 3767 2871 praedicabo,

2165 2895 2281 2933 non
2307 2881 2496 2932 solum
2528 2880 2586 2930 in
2610 2877 2858 2940 Judmis,
2898 2877 3001 2929 sed
3041 2877 3217 2928 etiam
3240 2877 3302 2928 in
3351 2878 3645 2929 Gentibus.
3669 2880 3770 2929 At-

2168 2952 2337 3005 tende
2350 2952 2504 3016 quod
2520 2951 2644 3015 ipse
2666 2949 2849 3001 Filius
2878 2949 2978 3000 Dei
3008 2961 3083 3000 ex
3106 2948 3517 3013 tantajustitiaa
3539 2948 3769 3002 actione

2165 3037 2283 3076 non
2296 3024 2505 3088 quierit
2525 3021 2767 3086 gloriam
2792 3033 2978 3086 suam,
3005 3020 3105 3072 sed
3130 3021 3256 3085 ejus
3280 3021 3379 3084 qui
3405 3020 3566 3072 misit
3586 3033 3760 3073 eum:

2166 3099 2230 3148 ut
2250 3108 2368 3147 non
2399 3094 2673 3159 glorietur
2694 3094 2752 3144 in
2778 3105 2839 3144 se
2863 3092 3054 3143 omnis
3077 3104 3228 3156 caro,
3253 3092 3355 3144 sed
3374 3094 3473 3156 qui
3498 3094 3766 3154 gloriatur,

2163 3168 2223 3219 in
2249 3167 2495 3219 Domino
2534 3165 2812 3231 glorietur
2836 3162 2906 3225 (2.
2949 3164 3071 3215 Cor.
3108 3163 3235 3227 10.).
3268 3165 3338 3216 Et
3357 3164 3559 3217 merito
3583 3164 3766 3217 confl-

2162 3240 2325 3292 tebor
2349 3239 2451 3290 tibi
2474 3240 2500 3289 ?
2527 3242 2585 3289 et
2614 3235 2857 3301 psallam
2882 3251 2893 3286 :

454 3319 582 3400 eam
605 3311 937 3400 nequeunt,l
957 3319 1128 3370 quam
1154 3311 1352 3400 contra
1374 3321 1435 3359 se
1458 3308 1699 3400 rigidam
1722 3309 1784 3359 in
1807 3321 2061 3391 superna
2089 3324 2138 3400 ρ
2223 3310 2310 3365 11.
2330 3310 2602 3369 Quoniam
2639 3308 2993 3400 magnjﬁcalta
3007 3312 3079 3357 est
3105 3321 3274 3388 usque
3294 3306 3367 3357 ad
3381 3306 3526 3400 (italos
3550 3308 3766 3400 miseri-

452 3378 771 3430 intentione
795 3379 1230 3441 pertimescunt.
1246 3381 1360 3429 Nos
1373 3392 1526 3443 ergo,
1542 3379 1745 3431 fratres
1757 3380 2055 3446 carissimi,

455 3461 563 3499 nos
599 3450 751 3500 viam
775 3448 1043 3512 malignis
1071 3448 1133 3499 in
1156 3448 1324 3500 nobis
1344 3449 1642 3513 spirltibus
1666 3449 1893 3511 damus,
1922 3464 2057 3502 cum

456 3526 681 3572 terrena
692 3520 1176 3583 concupiscimus,
1195 3532 1328 3571 cum
1344 3521 1415 3572 ad
1434 3522 1764 3585 temporalia
1780 3526 2059 3582 appetenda

455 3602 784 3643 curvamur.
833 3590 1050 3641 Pudeat
1092 3603 1228 3654 ergo
1274 3595 1497 3643 terrena
1540 3593 1964 3658 concupiscere,
2000 3598 2058 3647 et

454 3661 627 3712 dorsa
654 3661 941 3712 mentium
963 3661 1411 3714 ascendentibus
1423 3662 1769 3715 adversariis
1782 3667 2054 3729 prmbere.

456 3732 730 3782 Foderunt
752 3738 876 3781 ante
916 3732 1112 3795 faciem
1138 3749 1314 3782 meam
1336 3737 1572 3798 foveam:
1592 3741 1638 3785 et
1659 3736 1969 3786 inciderunt
1994 3738 2055 3787 in

455 3819 593 3855 eam.
619 3805 974 3856 Paraverunt
988 3804 1129 3855 mihi
1153 3810 1415 3867 mortem,
1444 3807 1545 3858 sed
1570 3809 1791 3872 seipsos
1816 3809 2055 3861 interius

454 3875 804 3927 occiderunt.
840 3877 1018 3928 Nemo
1040 3876 1199 3940 prius
1224 3878 1489 3941 peccatin
1508 3878 1770 3943 alterum,
1797 3893 1971 3944 quam
1993 3881 2054 3933 in

453 3947 727 4011 seipsum.
742 3948 931 4001 Fovea
954 3950 1266 4013 peccatoris
1293 3955 1382 4002 est
1406 3950 1555 4002 mala
1578 3952 1946 4004 conscientia.
1970 3953 2056 4005 lbi

451 4031 692 4071 necesse
715 4024 806 4072 est
837 4032 1040 4071 omnes
1062 4020 1246 4073 malos
1271 4021 1495 4073 cadere.
1530 4024 1705 4074 Putas
1729 4036 1863 4075 eum
1890 4023 1950 4074 in
1974 4023 2057 4075 fo-

452 4103 621 4143 veam
644 4103 764 4144 non
789 4091 1085 4155 cecidisse,
1111 4092 1208 4156 qui
1252 4091 1442 4145 lucem
1474 4092 1683 4145 Christi
1710 4095 1973 4158 perdidit,
2000 4101 2058 4147 et

451 4162 709 4215 caecitate
733 4176 1046 4227 percussus
1080 4169 1169 4216 est
1191 4167 1219 4214 ?
1241 4165 1298 4216 Si
1330 4177 1446 4216 non
1470 4165 1698 4218 caderet
1718 4165 1779 4217 in
1808 4166 2054 4229 foveam,

450 4234 674 4287 videret
690 4237 827 4286 ante
854 4247 933 4286 se.
960 4235 1153 4286 Nescit
1169 4249 1283 4300 quo
1301 4240 1409 4288 eat.
1434 4237 1731 4298 Quomodo
1749 4237 1846 4301 qui
1863 4240 2059 4290 ambu-

450 4305 616 4357 latin
640 4306 751 4369 via,
787 4318 919 4357 cum
957 4306 1224 4358 ceciderit
1267 4307 1329 4358 in
1374 4308 1619 4373 foveam,
1661 4310 1845 4373 perdit
1867 4310 2046 4362 viam.

451 4377 673 4441 Afﬂigit
695 4381 752 4428 te
775 4376 965 4428 malus
980 4379 1007 4427 ?
1025 4378 1301 4430 Parattibi
1324 4378 1570 4440 foveam,
1595 4385 1661 4432 ut
1679 4382 1947 4435 intereas.
1970 4385 2057 4435 Tu

451 4447 513 4499 in
536 4460 809 4511 pressura
823 4460 886 4501 es
910 4463 923 4500 :
950 4446 1043 4500 ille
1059 4449 1288 4512 gaudet.
1314 4451 1539 4502 Laatitia
1562 4450 1758 4516 iniqua
1773 4454 2049 4518 facientis,

457 4518 605 4587 281
637 4520 859 4591 ipsaest
878 4519 1057 4572 fovea.
1078 4520 1216 4573 Illuc
1242 4521 1591 4587 quicumque
1608 4525 1890 4591 ceciderit,
1917 4540 2056 4578 ocu-

449 4591 538 4642 los
560 4590 744 4655 perdit
767 4606 779 4642 :
799 4592 983 4656 perdit
1004 4596 1061 4643 et
1079 4592 1258 4645 vitam
1274 4606 1373 4658 per
1386 4594 1600 4647 malam
1619 4597 2052 4649 conscientiam.

451 4664 522 4714 Et
544 4663 691 4714 bene
706 4664 804 4726 ait,
830 4669 954 4712 ante
971 4663 1168 4726 faciem
1187 4680 1363 4715 meam
1377 4682 1393 4715 :
1410 4667 1545 4731 quia
1565 4679 1683 4719 non
1706 4680 1840 4720 eum
1861 4668 2045 4721 latuit.

2163 3382 2351 3433 cordia
2377 3387 2488 3442 tua,
2508 3386 2552 3430 et
2568 3395 2735 3443 usque
2752 3378 2826 3428 ad
2842 3378 3004 3428 nubes
3028 3378 3224 3428 veritas
3246 3384 3357 3429 tua.
3387 3380 3489 3430 Per
3512 3379 3687 3431 cmlos
3703 3379 3766 3431 in

2161 3454 2272 3505 hoc
2290 3454 2416 3507 loco
2437 3451 2815 3516 intelligimus
2838 3449 3098 3514 angelos,
3122 3449 3499 3515 archangelos
3521 3454 3582 3501 et
3605 3450 3768 3502 caele-

2159 3530 2278 3577 stes
2303 3524 2443 3576 alias
2480 3524 2742 3577 virtutes.
2784 3524 2889 3574 Per
2917 3522 3104 3573 nubes
3127 3526 3325 3573 autem
3357 3521 3766 3586 prtedicatores

2158 3596 2437 3656 veritatis,
2455 3595 2719 3646 homines
2736 3597 3035 3658 portantes
3053 3592 3102 3659 2
3112 3592 3164 3658 8
3176 3592 3224 3659 2
3240 3592 3414 3644 istam
3429 3604 3667 3643 carnem
3677 3606 3764 3645 ca-

2156 3669 2465 3732 liginosam
2490 3684 2502 3716 :
2534 3665 2687 3717 unde
2712 3667 2868 3717 Deus
2891 3669 3056 3717 tonat
3069 3664 3391 3729 prmceptis,
3418 3669 3476 3716 et
3498 3668 3764 3716 coruscat

2156 3738 2470 3791 miraculis.
2514 3739 2581 3788 In
2604 3737 2746 3789 caelo
2783 3736 2973 3800 angeli
3005 3736 3243 3787 laudant
3266 3738 3470 3797 Deum,
3497 3736 3762 3788 videntes

2159 3811 2345 3875 ipsam
2370 3810 2621 3874 speciem
2647 3810 2923 3872 veritatis,
2950 3808 3074 3859 sine
3098 3806 3214 3860 ulla
3237 3808 3475 3872 caligine
3501 3808 3761 3859 visionis.

2159 3882 2243 3934 Ibi
2267 3881 2512 3934 veritas:
2553 3886 2753 3932 etnon
2792 3883 2883 3932 est
2916 3892 3062 3944 opus
3097 3879 3485 3931 misericordia
3506 3892 3758 3943 sursum,

2159 3954 2256 4005 ubi
2279 3952 2473 4005 nullus
2502 3955 2592 4005 est
2617 3952 2809 4003 miser.
2846 3952 2953 4002 Hic
2984 3954 3181 4003 autem
3214 3951 3275 4002 in
3306 3956 3504 4003 nostra
3529 3951 3765 4004 miseria

2157 4025 2360 4089 utique
2393 4024 2786 4076 misericordia
2812 4022 3137 4075 necessaria
3170 4027 3275 4075 est.
3302 4022 3604 4075 Videretur
3624 4036 3760 4088 ergo

2159 4096 2573 4162 congruentius
2585 4096 2700 4147 dici
2719 4094 2998 4160 potuisse,
3013 4095 3295 4157 Quoniam
3310 4094 3761 4158 magniﬁcataest

2160 4181 2346 4232 usque
2375 4168 2447 4219 ad
2470 4168 2644 4220 caelos
2670 4167 2879 4219 veritas
2908 4170 3027 4228 tua,
3052 4168 3110 4218 et
3130 4177 3319 4229 usque
3348 4165 3422 4217 ad
3444 4168 3629 4218 nubes
3653 4166 3763 4217 mi-

2162 4240 2469 4293 sericordia
2501 4244 2621 4291 tua.
2659 4238 2769 4290 Sed
2804 4238 2853 4289 si
2889 4238 3175 4290 subtiliter
3205 4237 3554 4301 attendatur,
3592 4238 3762 4290 valde

2158 4310 2532 4377 praestantius
2561 4315 2619 4363 et
2641 4309 2961 4361 mirabilius
2985 4313 3076 4361 est
3097 4308 3249 4373 quod
3267 4308 3491 4368 dicitur,
3523 4309 3764 4362 etmise—

2156 4383 2397 4435 ricordia
2419 4395 2605 4446 usque
2628 4381 2700 4433 ad
2727 4382 2919 4445 cmlos,
2946 4385 3005 4432 ct
3023 4394 3209 4444 usque
3230 4380 3301 4431 ad
3334 4381 3523 4433 nubes
3547 4381 3759 4433 veritas

2157 4454 2426 4507 exaltata.
2457 4454 2835 4519 Omnipotens
2855 4453 3011 4505 enim
3025 4455 3180 4505 Deus
3195 4465 3296 4518 per
3306 4452 3758 4505 misericordiam

2158 4539 2324 4579 suam
2348 4531 2677 4591 peccatores
2700 4526 2965 4577 homines
2987 4524 3397 4589 levavitusque
3413 4524 3488 4576 ad
3498 4525 3755 4590 angelos.

2157 4600 2320 4652 Unde
2348 4612 2505 4650 nunc
2528 4598 2737 4650 dicitur
2752 4613 2765 4649 :
2780 4598 3056 4656 Quoniam
3081 4598 3433 4662 magniﬁcam
3456 4603 3526 4647 est
3539 4598 3755 4647 miseri-

2158 4671 2345 4721 cordia
2370 4686 2535 4735 usque
2557 4671 2630 4719 ad
2651 4670 2814 4720 caelos.
2835 4672 2902 4721 Et
2922 4670 3059 4734 quia
3074 4672 3286 4723 veritas
3301 4682 3433 4734 qua:
3453 4669 3513 4721 in
3535 4669 3754 4735 angelis

452 4733 649 4808 Sciens
672 4738 763 4784 est
784 4718 1047 4808 traditus,
1084 4736 1290 4788 volens
1319 4718 1565 4790 occisus.
1591 4718 2050 4802 musaea};
2078 4718 2135 4792 D
2162 4718 2351 4808 alia,
2377 4718 2536 4795 tam
2557 4718 2631 4794 ai
2656 4718 3757 4807 itaiges'é".;cie‘gasjagitas1;;

450 4803 544 4876 bis
564 4815 705 4876 vera
727 4805 895 4856 nobis
936 4806 1262 4861 insinuatur
1284 4810 1513 4862 Domini
1556 4811 1739 4864 nostri
1758 4811 2051 4876 patientia.

455 4875 618 4927 Unde
640 4880 697 4928 et
722 4876 990 4929 subditur
1014 4894 1027 4929 :

512 4946 563 5001 8.
603 4948 870 4999 Paratum
894 4965 986 4999 cor
1027 4965 1226 5017 meum,
1259 4953 1418 5016 Deus,
1456 4959 1715 5018 paratum
1740 4970 1831 5004 eor
1853 4970 2047 5005 meum.

449 5018 534 5071 Illi
556 5025 907 5084 paraverunt
928 5025 1190 5081 mortem,
1209 5028 1268 5075 et
1283 5036 1381 5075 cor
1394 5037 1590 5076 meum
1602 5030 1867 5089 paratum
1884 5032 1975 5079 est
1989 5031 2051 5077 ad

450 5091 643 5144 omnia
664 5091 863 5143 libenti
876 5093 1070 5144 animo
1083 5094 1441 5147 sustinenda.
1458 5095 1592 5147 Ideo
1604 5098 1827 5163 repetit,
1853 5103 1916 5150 ut
1932 5112 2052 5163 per-

448 5164 830 5216 severantiam
855 5167 1015 5216 notet
1041 5164 1104 5215 in
1129 5166 1416 5228 patientia.
1454 5168 1653 5219 Posset
1676 5169 1830 5221 enim
1853 5169 1926 5222 ad
1945 5170 2052 5223 ho-

447 5248 572 5288 ram
593 5236 897 5298 sustinere,
925 5238 981 5287 et
1002 5240 1204 5301 postea
1218 5236 1473 5289 deﬁcere.
1495 5239 1669 5290 Verbi
1690 5241 1885 5305 itaque
1901 5256 2053 5307 repe-

447 5307 587 5368 titio,
614 5307 974 5358 confirmatio
995 5312 1101 5359 est.
1117 5309 1404 5359 Bonorum
1421 5316 1616 5361 autem
1630 5312 1905 5376 patientia
1917 5328 2054 5378 prte-

445 5378 737 5443 paratione
753 5378 943 5430 cordis
961 5378 1176 5443 excipit
1193 5378 1551 5433 voluntatem
1575 5383 1698 5447 Dei,
1725 5388 1783 5436 et
1808 5387 2051 5446 gloriatur

445 5453 504 5501 in
516 5450 984 5502 tribulationibus
1009 5450 1235 5502 dicens:
1263 5451 1530 5502 Paratum
1554 5470 1645 5503 cor
1669 5471 1868 5517 meum,
1892 5457 2051 5520 Deus,

444 5527 708 5585 paratum
734 5538 826 5571 cor
847 5537 1046 5573 meum.
1085 5521 1171 5573 Illi
1208 5523 1312 5586 (Eat:
1343 5524 1670 5590 Augustino)
1701 5534 2054 5591 paraverunt

448 5591 674 5644 foveam
699 5593 772 5644 ad
796 5594 1253 5658 Opprimendum,
1282 5608 1387 5660 ego
1411 5602 1607 5649 autem
1634 5601 1846 5663 parabo
1870 5602 2050 5652 corad

448 5664 825 5715 tolerandum.
855 5666 1157 5729 Propterea
1177 5666 1257 5718 illi
1294 5667 1619 5721 inciderunt
1645 5671 1706 5721 in
1729 5684 1893 5722 eam:
1933 5675 2050 5734 Ego

448 5739 641 5786 autem
656 5735 894 5786 Cantabo
910 5743 955 5785 et
975 5737 1252 5801 psalmum
1275 5738 1472 5789 dicam.
1493 5742 1706 5793 Cantus
1732 5742 1973 5794 refertur
1988 5746 2049 5792 ad

450 5805 626 5855 animi
654 5808 1092 5879 jocunditatem.
1131 5811 1396 5863 Psalmus
1419 5812 1492 5863 ad
1534 5815 1745 5866 bonam
1779 5815 2053 5879 operatio-

452 5886 603 5925 nem.
634 5877 723 5927 Ad
773 5878 1185 5943 omnipotentis
1226 5882 1329 5933 Dei
1389 5883 1620 5936 laudem
1666 5877 1872 5937 cantus
1917 5898 2049 5939 cum

455 5946 677 6010 psalmo
706 5948 879 6001 debet
929 5952 1290 6017 concordare,
1328 5957 1397 6006 ut
1438 5956 1593 6019 quod
1616 5969 1715 6010 ore
1745 5957 2045 6022 profertur,

942 6070 980 6088 κ

2153 4815 2291 4865 ritas
2334 4820 2429 4864 tua
2472 4829 2640 4878 usque
2680 4815 2753 4863 ad
2780 4812 2963 4865 nubes.
3001 4813 3191 4865 Gloria
3220 4814 3339 4866 Deo
3370 4818 3583 4878 nostro,
3619 4812 3757 4877 quia

2152 4899 2260 4938 nec
2305 4886 2559 4938 deseruit
2600 4898 2708 4936 nos
2752 4885 3143 4938 misericordia
3187 4885 3371 4938 facere
3394 4886 3614 4949 beatos,
3646 4897 3754 4936 nec

2152 4957 2444 5010 fraudavit
2465 4957 2765 5010 veritatem
2785 4971 2797 5007 :
2817 4957 2919 5009 sed
2945 4957 3170 5010 sanavit
3186 4956 3420 5009 oculum
3440 4956 3627 5009 cordis
3643 4968 3752 5007 no-

2154 5029 2276 5090 stri,
2299 5035 2365 5081 ut
2386 5041 2520 5081 eum
2547 5032 2749 5093 postea
2772 5027 2915 5081 facie
2929 5029 3002 5081 ad
3028 5028 3233 5081 faciem
3249 5029 3445 5082 videre
3456 5028 3753 5081 valeamus

2154 5101 2224 5163 (1.
2254 5101 2375 5152 Cor.
2414 5100 2547 5164 13.).
2582 5102 2688 5152 Pro
2731 5104 2894 5152 tanto
2934 5101 3146 5165 gaudio
3183 5105 3243 5153 et
3274 5101 3519 5153 utilitate
3550 5100 3753 5166 repetit

2152 5172 2460 5224 Psalmista
2482 5184 2735 5234 versum,
2762 5184 2934 5235 quem
2954 5174 3078 5236 jam
3106 5172 3282 5225 dixit:

2215 5241 2301 5298 12.
2342 5244 2608 5294 Exultare
2647 5258 2809 5308 super
2851 5243 2998 5293 caelos
3040 5244 3198 5305 Deus,
3242 5249 3288 5293 et
3336 5260 3496 5310 super
3538 5259 3749 5295 omnem

2152 5320 2355 5364 terram
2388 5315 2565 5379 gloria
2595 5319 2706 5366 tua.
2738 5316 2846 5376 Qui
2867 5314 3130 5367 fortassis
3149 5316 3279 5368 ideo
3300 5316 3593 5380 repetitur,
3618 5316 3751 5381 quia

2151 5387 2301 5438 circa
2310 5386 2467 5438 hunc
2483 5399 2718 5441 versum
2728 5388 2981 5441 maxime
2991 5387 3232 5441 intentio
3254 5394 3310 5441 et
3324 5388 3538 5442 utilitas
3548 5386 3749 5454 psalmi

2150 5463 2435 5512 versatur.

2452 5546 2815 5613 TITULUS
2863 5548 3186 5614 PSALMI
3230 5549 3432 5614 LVII.

2212 5657 2258 5730 1ε
2276 5652 2339 5701 In
2356 5656 2521 5730 ﬁnem
2533 5670 2603 5730 ue
2626 5655 2924 5730 disperdas,
2944 5657 3121 5730 David
3133 5659 3199 5730 in
3219 5658 3365 5730 tituli
3379 5657 3743 5730 inscriptione.

2150 5718 2378 5765 Psalmus
2416 5720 2507 5765 iste
2531 5718 2746 5767 intendit
2787 5722 2841 5767 in
2861 5724 3030 5781 linem,
3058 5722 3109 5768 id
3133 5728 3225 5779 est,
3250 5723 3522 5771 Christum.
3548 5718 3747 5768 Moriens

2150 5793 2214 5826 ne
2239 5784 2292 5827 tu
2316 5782 2577 5841 disperdas
2591 5784 2768 5841 David,
2787 5783 2840 5831 id
2856 5790 2947 5841 est,
2976 5786 3254 5834 dehonores
3270 5787 3521 5833 Christum
3540 5784 3593 5830 in
3614 5784 3743 5831 tituli

2149 5842 2477 5903 inscriptione
2513 5850 2701 5892 mutata
2723 5860 2752 5894 a
2784 5848 3108 5905 quibusdam,
3139 5848 3330 5896 scilicet
3357 5862 3420 5895 ne
3441 5849 3646 5895 minuas
3668 5861 3742 5895 re-

2150 5918 2305 5965 gnum
2330 5909 2537 5971 Christi,
2558 5910 2772 5969 teipsum
2794 5911 3136 5958 subtrahendo
3161 5926 3189 5957 a
3212 5924 3366 5966 regno
3390 5911 3530 5968 ejus:
3551 5911 3636 5957 sed
3660 5923 3744 5971 per

2145 5981 2315 6027 regem
2337 5970 2628 6019 Judmorum
2666 5974 2949 6020 confitearis
2979 5975 3253 6022 Christum.
3284 5976 3337 6021 Et
3364 5973 3469 6020 huic
3492 5979 3564 6020 est
3587 5974 3743 6020 inten-
