3884 6414
63 462 174 518 873

60 581 150 639 tio,
175 580 315 627 sicut
339 580 392 626 in
416 577 517 625 alio
539 579 758 637 psalmo:
785 590 848 625 ne
871 576 1134 636 disperdas
1167 577 1438 624 Christum.
1470 575 1667 622 Materia

59 646 184 688 sunt
206 643 369 688 Judtei
397 655 485 700 per
513 641 818 699 oppositum,
843 641 963 700 quia
989 640 1217 686 Christus
1244 639 1507 684 (IullOIOSSG
1523 640 1668 697 prin-

60 704 266 762 cipalis.
303 705 652 751 Admonentur
701 703 753 750 in
783 704 874 749 hoc
909 703 1117 762 psalmo,
1155 715 1216 747 ne
1265 703 1667 746 subtrahamura

61 767 256 814 Christi
302 780 476 824 regno,
505 767 555 811 id
580 770 668 826 est,
697 780 725 811 a
755 770 1037 811 sanctorum
1063 765 1332 811 consortio.
1360 765 1414 809 Et
1441 764 1531 808 hoc
1554 763 1668 808 facit

61 829 299 874 Christus
353 829 497 875 nobis
542 829 867 886 proponendo
888 829 1174 872 Jutlteorum
1196 828 1482 876 cmcitatem.
1507 830 1555 872 ct
1578 839 1668 870 eoa

63 905 178 936 rum
211 889 425 938 localem
452 891 838 948 dispersioncm,
863 894 909 936 el
934 890 1150 936 futuram
1179 902 1350 934 eorum
1386 889 1670 934 damnatio—

61 966 179 1000 nem
209 966 223 1002 :
252 957 308 999 ut
333 953 439 999 visa
463 954 708 999 malorum
737 953 862 998 facta
886 952 1208 998 damnatione
1226 958 1496 996 terreamur
1512 951 1572 996 ab
1593 963 1698 995 θος,

57 1029 176 1062 rum
225 1015 528 1061 imitatione.
555 1015 788 1073 Proponit
811 1019 955 1060 etlam
986 1015 1129 1060 nobis
1153 1014 1374 1059 lzetitiam
1399 1013 1669 1073 juslorum,

59 1091 220 1136 quam
271 1078 457 1124 habent
499 1091 585 1136 spe
613 1072 790 1123 futura)
815 1077 990 1133 gloria)
1023 1089 1033 1120 :
1065 1081 1117 1121 ut
1152 1076 1258 1122 visa
1283 1089 1454 1121 eorum
1481 1072 1664 1121 laetitia.

61 1153 157 1187 nos
182 1140 248 1187 ad
271 1154 444 1187 eorum
476 1140 806 1186 imitationem
827 1139 1034 1184 alliciat.
1061 1140 1161 1184 Vox
1191 1139 1444 1198 prophetas
1467 1150 1479 1185 :

548 1241 938 1306 PSALMUS
998 1241 1203 1306 LVII.

121 1350 176 1406 9,.
213 1350 279 1402 Si
301 1351 616 1415 vcreulique
629 1349 904 1414 Justitiam
946 1348 1258 1414 loquimini,
1283 1353 1416 1398 recte
1433 1347 1672 1412 judicate

55 1424 173 1486 filii
197 1424 602 1474 hominum.Ac
627 1423 674 1473 si
697 1421 878 1472 dicat:
900 1421 1016 1472 Vos
1039 1421 1246 1473 Judaei.
1279 1421 1380 1484 qui
1409 1419 1549 1471 estis
1575 1417 1675 1468 lilii

53 1495 394 1556 hominum,
426 1495 524 1558 qui
557 1493 777 1546 debetis
802 1505 931 1544 esse
960 1492 1272 1544 imitatores
1297 1496 1521 1556 patrum
1547 1503 1678 1542 ves-

54 1570 292 1619 trorum
336 1566 744 1633 prophetarum
789 1563 1199 1616 rationabiliter
1235 1563 1589 1616 viventium:
1630 1561 1677 1609 si

57 1653 186 1688 vere
217 1637 518 1703 loquimini
539 1636 814 1702 justitiam
852 1635 910 1686 in
946 1635 1071 1698 lege
1097 1640 1151 1687 et
1183 1634 1476 1699 prophetis
1506 1633 1677 1697 (quod

55 1711 272 1773 utique
312 1708 516 1770 facitis)
562 1712 714 1760 recte
757 1705 1032 1770 judicate,
1077 1706 1246 1769 idest,
1283 1705 1587 1756 discernite
1623 1709 1681 1756 et

54 1781 304 1839 credite,
329 1780 464 1844 quia
487 1779 749 1830 Christus
769 1779 1052 1830 Dominus
1075 1777 1508 1840 nosteripseest
1529 1779 1678 1826 Deus.

55 1853 238 1903 Hunc
263 1853 422 1903 enim
450 1851 616 1903 vobis
663 1849 1030 1901 commendat
1049 1853 1106 1900 et
1129 1847 1429 1912 prophetat
1445 1847 1672 1911 justitia

57 1929 287 1975 vestrae
310 1922 474 1987 legis.
490 1921 612 1985 Vel,
634 1923 777 1971 Recte
784 1921 1042 1985 judicate,
1067 1919 1238 1978 idest,
1253 1919 1451 1982 vivite,
1475 1922 1670 1967 discer-

57 1999 284 2046 nentes
321 1995 540 2044 bonum
577 2005 611 2043 a
642 1993 814 2050 malo,
847 1990 1167 2042 secundum
1185 1990 1472 2055 justitiam
1497 2002 1670 2052 quam

50 2065 394 2130 loquimini.
419 2065 564 2116 Nam
589 2065 740 2115 bona
755 2062 1161 2127 loqui,etmala
1183 2073 1370 2126 agere,
1390 2061 1675 2125 judicium

55 2136 464 2189 damnationis
511 2139 614 2187 est.
663 2135 827 2188 Unde
867 2139 926 2186 et
961 2135 1086 2198 ipsa
1122 2135 1349 2185 Veritas
1375 2133 1676 2185 Pharismis

55 2211 142 2262 ait
167 2227 180 2258 :
222 2207 573 2273 Hypocritte.
591 2206 882 2272 quomodo
907 2205 1148 2271 potestis
1173 2206 1323 2258 bona
1345 2204 1522 2269 loqui,
1545 2217 1678 2256 cum

61 2281 201 2333 sitis
225 2279 368 2331 mali
391 2279 604 2341 (Matth.
633 2277 738 2341 1‘2.)
761 2281 789 2328 ‘t

125 2353 181 2408 3.
215 2351 436 2402 Etenim
472 2352 534 2400 in
557 2351 710 2401 corde
735 2351 1050 2415 iniquitates
1070 2350 1394 2415 operamini,
1427 2349 1489 2399 in
1513 2353 1676 2399 terra.

64 2422 252 2492 283
280 2424 618 2487 Iniquitates
640 2423 699 2475 in
723 2423 892 2475 corde
915 2424 1153 2488 operari,
1172 2427 1262 2475 est
1277 2423 1486 2474 malam
1511 2434 1678 2482 gerere

56 2497 457 2548 voluntatem.
488 2493 774 2546 Voluntas
799 2495 950 2546 enim
982 2507 1158 2558 prava
1180 2494 1334 2558 apud
1358 2497 1540 2544 Deum
1559 2504 1682 2556 pro-

58 2569 217 2619 facto
247 2571 570 2632 reputatur.
611 2558 680 2617 Et
704 2567 848 2618 bene
875 2567 974 2630 ait,
1001 2568 1061 2615 In
1097 2571 1261 2625 terra,
1293 2565 1350 2616 id
1375 2568 1480 2625 est,
1509 2568 1681 2614 terre-

52 2641 155 2691 nis
181 2639 557 2691 inhaerentes.
585 2640 752 2700 Nam,
780 2651 912 2689 cum
937 2639 998 2689 in
1029 2642 1176 2688 terra
1192 2649 1290 2688 cor
1317 2637 1532 2700 ﬂgitur,
1549 2633 1682 2686 inde

53 2711 350 2775 iniquitas
371 2710 428 2761 in
444 2709 614 2761 corde
632 2713 954 2774 generatur.
980 2709 1039 2758 In
1038 2708 1066 2772 j
1073 2710 1282 2758 ustitias
1294 2722 1490 2756 manus
1507 2711 1682 2755 vestra:

56 2782 257 2833 concin
267 2781 493 2831 nanl.ld
509 2781 816 2845 est,pravis
835 2780 1235 2832 voluntatibus
1252 2791 1446 2844 pravae
1463 2781 1683 2826 actiones

54 2859 284 2906 vestrae
319 2852 686 2904 concordant.
723 2851 826 2902 Vel
871 2851 1183 2915 injustitias
1216 2864 1423 2902 manus
1454 2849 1682 2901 concin-

55 2939 226 2983 nare,
254 2928 350 2976 est
384 2923 632 2988 injustas
656 2924 914 2975 actiones
939 2923 1170 2986 injustis
1187 2934 1514 2987 aggregare.
1539 2925 1686 2968 Juxta

56 2996 225 3062 quod
244 2995 388 3048 alibi
411 3007 507 3058 per
527 2994 889 3046 Psalmistam
919 2993 1146 3054 dicitur,
1175 2998 1414 3058 Appone
1438 2995 1687 3054 iniquita-

57 3075 180 3122 tem
207 3079 390 3132 super
415 3066 778 3130 iniquitatem
799 3078 1014 3125 eorum,
1037 3067 1091 3116 et
1107 3078 1222 3116 non
1236 3065 1452 3116 intrent
1467 3065 1527 3114 in
1539 3065 1689 3123 justi-

61 3142 209 3193 liam
235 3145 404 3191 tuam
441 3137 609 3200 (Psal.
651 3137 778 3200 68.).
817 3136 1074 3200 Etjuxta
1093 3139 1404 3187 Joannem:
1433 3135 1540 3196 Qui
1565 3146 1688 3184 sor-

60 3213 243 3266 didus
288 3213 398 3272 est,
433 3207 726 3260 sordescat
747 3208 938 3259 adhuc
971 3209 1150 3272 (Apoc.
1175 3205 1284 3270 ‘29.).
1314 3206 1529 3259 Deinde
1559 3218 1690 3257 con.

62 3283 249 3336 vertit
290 3292 355 3332 se
379 3279 454 3330 ad
477 3280 787 3342 auditores,
813 3284 988 3344 atque
1015 3291 1214 3330 eorum
1241 3291 1488 3330 errorem
1515 3281 1571 3328 et
1593 3275 1690 3326 du.

63 3357 266 3407 ritiam
313 3351 504 3402 cordis
532 3351 802 3414 ostendit,
847 3357 912 3402 ut
935 3351 1164 3401 auditor
1187 3351 1436 3414 quisque
1458 3353 1682 3405 caveat,

63 3442 138 3479 ne
179 3423 453 3476 similiter
473 3435 672 3474 errans
702 3423 964 3474 similiter
989 3425 1202 3486 pereat.
1229 3423 1323 3473 Ait
1347 3433 1482 3485 ergo
1512 3438 1523 3468 :

127 3498 183 3552 4.
224 3494 471 3546 Alienati
493 3499 619 3543 sunt
639 3499 933 3558 peccatores
977 3510 1011 3542 α
1045 3493 1224 3554 vulva,
1252 3492 1309 3543 id
1333 3497 1440 3554 est,
1467 3493 1539 3543 ab
1565 3492 1688 3556 ipsa

64 3567 415 3633 egressione
441 3583 451 3614 :
473 3571 790 3614 erraverunt
810 3565 876 3614 ab
901 3571 1068 3628 utero,
1094 3565 1203 3615 hoc
1225 3569 1316 3615 est
1333 3565 1406 3614 ab
1420 3564 1542 3627 ipsa
1559 3577 1690 3614 con-

62 3641 356 3706 ceptione.
395 3636 584 3686 Loculi
625 3641 751 3684 sunt
799 3636 960 3697 falsa.
1010 3635 1231 3687 Relicta
1272 3637 1531 3686 veritate.
1562 3637 1688 3686 Non

62 3714 172 3765 hoc
189 3713 278 3763 ita
301 3707 701 3772 accipiendum
728 3713 836 3768 est,
855 3712 918 3758 ut
944 3720 1044 3758 eos
1062 3708 1122 3758 in
1144 3711 1307 3758 utero
1341 3707 1542 3757 matris
1567 3717 1688 3756 sum

61 3794 294 3836 errasse
314 3779 710 3842 intelligamus
745 3793 758 3830 :
786 3791 974 3842 neque
999 3779 1153 3829 enim
1178 3783 1318 3830 tunc
1346 3781 1536 3842 potest
1559 3790 1690 3829 esse

59 3868 209 3921 puer
225 3861 418 3916 caan
443 3864 680 3914 sensus,
701 3853 805 3902 aut
833 3851 1178 3902 intellectus.
1202 3849 1312 3901 Sed
1335 3851 1414 3900 ita
1439 3850 1691 3900 sentien-

59 3928 204 3978 dum
229 3930 348 3987 est,
377 3921 534 3986 quod
559 3922 930 3986 omnipotens
961 3923 1114 3972 Deus
1140 3921 1212 3971 ab
1237 3921 1362 3983 ipso
1379 3925 1542 3971 utero
1555 3925 1690 3971 ante

63 4010 246 4062 quam
270 3998 610 4057 nascantur,
639 3992 1078 4058 prmeognoscit,
1105 3991 1203 4054 qui
1241 3991 1528 4054 peccaturi
1554 3995 1692 4041 sunt

60 4073 248 4133 atque
295 4067 360 4118 in
407 4077 594 4118 errore
639 4069 697 4116 et
725 4063 974 4115 falsitate
998 4063 1383 4127 permansuri.
1410 4062 1551 4112 Hinc
1578 4067 1688 4126 est,

65 4139 228 4204 quod
276 4150 418 4190 cum
451 4136 640 4188 adhuc
685 4147 1002 4200 prmgnans
1029 4139 1189 4186 esset
1211 4135 1484 4190 Rebecca,
1511 4137 1570 4184 et
1591 4146 1692 4196 ge-

61 4215 258 4264 minos
285 4215 453 4263 utero
485 4213 750 4273 portaret,
777 4209 998 4258 dictum
1020 4207 1334 4258 estzJacob
1351 4205 1544 4268 dilexi,
1565 4209 1690 4254 Esau

61 4291 266 4336 autem
291 4281 430 4333 odio
459 4279 636 4330 habui
664 4280 814 4341 (Gen.
841 4277 958 4340 £25.;
993 4279 1150 4327 Rom.
1179 4275 1269 4338 9.).
1288 4277 1590 4328 Occultum
1615 4275 1693 4326 ibi

59 4355 360 4418 judicium
375 4350 498 4413 Dei,
523 4355 578 4401 et
602 4351 727 4401 ideo
761 4349 948 4411 magis
979 4347 1320 4400 timendum.
1352 4347 1532 4398 Aliter
1557 4359 1693 4398 nas-

63 4431 290 4479 cuntur
305 4425 460 4475 inter
491 4423 714 4474 viscera
739 4421 1009 4473 Ecclesiae
1034 4419 1257 4484 parvuli
1285 4436 1296 4468 :
1331 4421 1554 4470 Bonum
1581 4422 1692 4484 est,

67 4503 129 4550 ut
151 4495 398 4550 formati
423 4498 652 4553 exeant,
679 4506 751 4544 ne
785 4494 856 4544 ab
877 4497 1006 4544 ortu
1033 4492 1319 4542 labantur.
1353 4492 1598 4542 Generet
1639 4491 1695 4540 te

63 4576 282 4628 mater,
313 4579 435 4619 non
459 4565 720 4617 abortiat.
749 4565 980 4616 Patiens
1010 4569 1154 4626 esto,
1178 4575 1479 4625 usquequo
1496 4562 1698 4612 forme-

67 4643 161 4694 ris.
191 4642 465 4693 Teneant
489 4643 543 4690 te
559 4641 820 4688 materna
844 4637 1084 4699 viscera,
1108 4639 1594 4708 usquequocerta
1617 4632 1697 4708 sit

71 4714 126 4765 in
153 4719 216 4766 te
242 4710 515 4764 doctrina
538 4709 813 4760 veritatis.
837 4706 1468 4770 Siautemimpatientia
1482 4709 1543 4757 tu
1561 4706 1690 4758 con;

65 4784 339 4838 cusseris
363 4781 587 4834 viscera
610 4779 827 4837 matris,
867 4792 1000 4832 cum
1037 4779 1230 4831 dolore
1269 4777 1500 4842 quidem
1523 4781 1577 4828 te
1595 4789 1694 4828 ex-

66 4860 215 4909 cutit
253 4855 434 4916 foras,
466 4852 569 4904 sed
600 4855 699 4903 tuo
725 4851 908 4916 magis
933 4849 1101 4914 malo,
1125 4863 1298 4913 quam
1315 4849 1691 4911 suo.Quieru-

71 4928 232 4981 ditus
258 4930 356 4978 est
384 4925 447 4975 in
476 4923 752 4986 doctrina,
777 4927 837 4974 et
857 4935 970 4974 non
986 4921 1182 4982 credit,
1213 4927 1313 4974 aut
1347 4921 1497 4972 male
1524 4921 1687 4982 vivit,

69 5012 102 5050 a
130 5000 321 5052 vulva
349 4996 645 5061 egreditur
667 5001 942 5058 tanquam
975 4994 1382 5057 formatus,sed
1395 4993 1688 5058 repellitur

74 5075 371 5136 tanquam
392 5068 637 5120 alienus.
664 5067 770 5129 Qui
792 5066 992 5130 incipit
1013 5066 1242 5129 erudiri,
1261 5070 1319 5117 et
1334 5066 1591 5116 nondum
1615 5063 1688 5114 ad

73 5143 322 5205 plenum
369 5139 613 5192 edoctus
644 5151 678 5190 a
708 5139 980 5190 societate
1003 5143 1336 5188 sanctorum
1359 5137 1646 5201 egreditur
1672 5150 1684 5185 :

70 5212 160 5265 hic
189 5221 492 5276 tanquam
514 5211 812 5262 abortivus
827 5211 900 5260 ab
919 5213 1079 5261 utero
1094 5209 1289 5260 Matris
1308 5207 1573 5260 Ecclesiae
1586 5207 1689 5270 eji-

73 5286 220 5337 citur
267 5285 423 5347 Quia
447 5296 581 5347 ergo
596 5282 804 5345 Judaei,
821 5294 892 5334 ex
916 5294 1031 5346 quo
1048 5283 1254 5343 Legem
1273 5285 1685 5344 cognoverunt,

73 5366 104 5405 θ.
126 5357 244 5408 ﬁde
275 5361 340 5407 et
357 5355 588 5417 justitia
612 5353 797 5418 ipsius
823 5358 1098 5404 maternae
1111 5352 1278 5415 chis
1299 5355 1684 5402 recesserunt:

71 5433 226 5480 recte
252 5428 332 5480 de
360 5427 447 5478 eis
471 5439 628 5477 nunc
662 5425 872 5476 dicitur
896 5439 908 5474 :
934 5420 1280 5475 Erraverunt
1303 5427 1630 5486 peccatores
1654 5434 1690 5474 a

73 5500 268 5552 vulva.
299 5498 450 5560 Quia
474 5509 609 5550 vero
642 5497 836 5548 minus
864 5508 1102 5560 capaces
1129 5493 1362 5558 quidam
1387 5506 1460 5546 ex
1486 5493 1688 5545 eodem

77 5573 290 5636 populo
316 5569 536 5622 erudiri
561 5572 1029 5633 contempserunt
1060 5582 1072 5618 :
1099 5566 1318 5618 dictum
1348 5570 1440 5616 est
1461 5565 1531 5617 de
1556 5565 1687 5628 illis,

77 5643 430 5695 Ertaverunt
473 5640 547 5692 ab
591 5642 772 5692 utero.
800 5641 868 5690 Et
893 5638 1026 5702 quia
1047 5636 1276 5690 alienati
1299 5641 1436 5688 sunt
1459 5641 1515 5688 et
1538 5649 1691 5687 erra-

77 5719 306 5776 verunt,
344 5712 480 5764 ideo
524 5711 701 5762 locuti
751 5714 888 5761 sunt
927 5710 1080 5760 falsa.
1113 5708 1220 5770 Qui
1243 5708 1397 5758 enim
1421 5707 1692 5770 relinquit

79 5787 407 5846 veritatem,
433 5795 672 5834 necesse
697 5785 787 5834 est
810 5785 874 5832 ut
897 5779 1164 5844 loquatur
1197 5779 1522 5831 falsitatem.
1548 5781 1690 5830 Ecce

77 5855 142 5906 ad
177 5861 473 5921 quantam
499 5854 798 5906 vesaniam
821 5852 1180 5904 devenerunt
1209 5853 1484 5902 errantes.

140 5927 189 5979 5.
243 5929 432 5978 Furor
477 5925 585 5975 illis
622 5925 918 5975 secundum
959 5921 1376 5973 similitudinem
1411 5921 1685 5986 serpentis.

82 6002 245 6056 Error
270 6009 482 6054 eorum
503 6009 708 6050 versus
733 5995 904 6048 estin
932 5993 1328 6060 furorem,nou
1346 5992 1684 6054 humanum,

377 6091 673 6147 PATROL.
713 6087 884 6146 XXI.

1075 462 1147 512 IN
1186 457 1507 511 PSALMOS
1541 457 1746 509 LXXV
1781 457 2365 511 COMMENTARIUS.

1716 4745 1772 4818 D

3261 465 3366 519 874

1684 576 1737 649 Α
1769 572 1870 624 sed
1889 575 2280 649 serpentinum
2304 579 2362 625 et
2386 586 2762 649 venenosum.
2794 577 2927 629 Erat
2953 577 3108 630 enim
3133 578 3366 633 invidias

1768 657 2058 696 venenum
2071 645 2130 696 in
2148 645 2334 696 furore
2348 657 2564 697 eorum.
2581 647 2730 698 Audi
2744 649 2914 711 cujus
2929 649 3211 713 serpentis
3228 652 3368 700 furor

1766 715 1825 767 in
1854 716 1964 766 illis
1988 722 2124 767 erat.
2155 716 2301 765 Sicut
2335 718 2540 778 aspidis
2568 719 2762 782 surdae,
2800 725 2845 767 et
2882 719 3188 770 obturantis
3205 737 3366 772 aures

1763 802 1906 836 suas.
1934 787 2064 838 Ideo
2088 787 2300 850 surdae,
2326 789 2463 849 quia
2479 789 2708 840 obturat
2730 802 2900 841 aures
2927 803 3083 844 suas.

1830 859 1880 911 6.
1921 859 2046 916 Quae
2082 873 2187 906 non
2215 859 2465 907 exaudiet
2500 874 2672 908 vocem
2703 861 3129 923 incantantium,
3155 869 3200 913 et
3222 879 3369 914 vene-

1766 931 1854 994 fici
1879 930 2212 978 incantantis
2236 931 2518 992 sapienter.
2547 931 2651 981 llic
2673 933 2804 984 data
2820 938 2907 984 est
2923 935 3192 996 quaedam
3212 937 3367 987 simi-

1769 1000 1951 1052 litudo
1975 1001 2046 1052 de
2065 1002 2270 1052 Marso.
2296 1002 2402 1062 Qui
2425 1001 2698 1062 incantat,
2713 1009 2777 1055 ut
2793 1004 2998 1057 educat
3013 1007 3273 1071 aspidem
3295 1008 3366 1060 de

1771 1072 2076 1123 tenebrosa
2098 1084 2363 1129 caverna,
2392 1072 2591 1135 utique
2625 1073 2687 1124 in
2720 1073 2906 1126 lucem
2942 1076 3068 1128 vult
3100 1077 3362 1129 educere.

1771 1143 1872 1194 Illa
1899 1147 2092 1193 autem
2116 1143 2364 1194 amando
2387 1155 2666 1195 cavernas
2684 1147 3066 1210 suas,quibus
3083 1161 3144 1199 se
3163 1150 3369 1200 involu-

1772 1219 1890 1264 tam
1915 1213 2181 1276 occultat,
2206 1213 2430 1277 dicitur,
2454 1215 2608 1278 quod
2645 1229 2779 1268 cum
2807 1218 2962 1270 exire
3005 1218 3272 1283 noluerit,
3291 1233 3373 1274 re-

1773 1297 1987 1336 cusans
1997 1284 2195 1336 audire
2214 1284 2341 1335 illas
2351 1298 2540 1349 voces,
2553 1285 2765 1350 quibus
2783 1300 2845 1339 se
2857 1289 2984 1352 cogi
3001 1291 3191 1353 sentit,
3206 1293 3374 1340 allidit

1771 1368 1950 1408 unam
1984 1354 2157 1424 284
2189 1369 2377 1408 aurem
2404 1361 2588 1417 terrae,
2615 1362 2672 1412 et
2694 1357 2765 1410 de
2779 1360 2964 1411 cauda
2985 1361 3214 1414 obturat
3240 1362 3374 1414 alte-

1774 1441 1913 1480 ram.
1950 1429 2140 1490 Atque
2163 1428 2243 1479 ita
2268 1441 2438 1479 voces
2462 1428 2604 1491 illas,
2629 1434 2910 1492 quantum
2947 1436 3136 1494 potest
3156 1434 3370 1496 evitans,

1775 1511 1894 1550 non
1921 1500 2042 1549 exit
2064 1499 2136 1550 ad
2160 1500 2568 1550 incantantem.
2593 1501 2741 1551 l-Iuic
2758 1501 2974 1553 similes
2991 1503 3137 1554 dixit
3153 1504 3370 1565 Spiritus

1776 1570 1880 1621 Dei
1903 1570 2183 1634 quosdam
2203 1583 2320 1622 non
2343 1570 2644 1622 audientes
2668 1573 2908 1624 verbum
2930 1573 3034 1624 Dei
3049 1573 3366 1636 (Matth/25.

1778 1642 1903 1692 Luc.
1940 1641 2064 1706 11.),
2105 1645 2162 1693 et
2190 1655 2308 1693 non
2336 1641 2524 1694 solum
2548 1655 2662 1694 non
2685 1643 2980 1708 facientes,
3008 1646 3110 1697 sed
3135 1646 3371 1698 omnino

1779 1726 1851 1765 ne
1877 1712 2106 1775 faciant,
2138 1713 2336 1764 audire
2374 1714 2656 1766 nolentes.
2686 1716 2771 1766 Ita
2794 1717 2908 1773 isti,
2934 1730 3065 1768 cum
3091 1717 3373 1782 praedica-

1779 1790 1952 1849 tores,
2003 1784 2200 1836 volunt
2235 1797 2335 1836 eos
2369 1785 2440 1836 de
2475 1787 2652 1846 fovea,
2677 1785 2732 1836 id
2762 1790 2869 1851 est,
2893 1787 2964 1839 de
2986 1787 3375 1852 profunditate

1773 1856 2043 1907 vitiorum
2061 1868 2297 1906 suorum
2321 1856 2640 1918 extrahere,
2663 1857 3027 1921 ethoc,quod
3048 1864 3376 1924 peccatores

1701 1947 1756 2020 B
1779 1931 2238 2020 TELH‘Eﬁti‘I‘?
2275 1927 2446 2020 (Ἠίξὲ
2478 1927 2860 2020 ἐξίοὲίέξτὶέῗῖἱ
2877 1931 3377 2020 Ρῖξτίῖἑιλξίὲθέῧῗὲ

1777 1998 2067 2051 manduca
2113 1997 2246 2062 [Act
2300 1998 2384 2052 10.
2393 2000 2428 2062 υ
2475 2003 2533 2050 et
2576 2011 2885 2062 venenum,
2929 2001 2986 2052 id
3016 2006 3123 2065 est,
3148 2007 3379 2066 peccata

1778 2070 1913 2122 inde
1937 2069 2263 2122 extrahere:
2291 2069 2398 2134 ipsi
2414 2069 2674 2122 nolentes
2692 2071 2991 2123 veritatem
3013 2075 3274 2137 obaudire,
3291 2077 3376 2123 sed

1779 2143 1840 2194 in
1865 2141 2026 2194 fovea
2045 2154 2150 2192 sua
2171 2146 2590 2206 permanentes,
2621 2141 2694 2193 ad
2721 2154 2915 2194 veram
2941 2143 3130 2196 lucem
3155 2147 3378 2206 aspirare

1780 2213 2062 2275 nolentes,
2106 2213 2342 2264 alteram
2386 2223 2584 2264 aurem
2609 2213 2796 2265 cordis
2823 2216 3006 2276 terra},
3037 2214 3206 2272 idest,
3235 2227 3380 2278 prte-

1780 2284 1931 2336 senti
1954 2283 2316 2335 delectationi
2333 2287 2631 2347 apponunt
2651 2283 2911 2336 :alteram
2930 2297 3066 2337 vero
3088 2285 3274 2338 cauda
3287 2287 3381 2338 ob-

1782 2359 1994 2418 turant,
2018 2354 2075 2405 id
2091 2357 2196 2416 est,
2214 2356 2487 2406 memoria
2509 2355 2928 2418 praeteritarum
2973 2359 3376 2408 delectationem.

1783 2428 1910 2478 Non
1933 2425 2060 2476 ideo
2091 2425 2199 2486 (Ea:
2220 2425 2542 2488 Augustino)
2579 2425 2716 2478 dicit
2753 2426 3054 2490 Sapienter,
3101 2432 3167 2479 ut
3189 2428 3381 2480 incan-

1785 2498 2059 2550 tationem
2083 2495 2296 2557 laudet,
2333 2495 2432 2546 sed
2444 2495 2516 2548 ad
2535 2497 2970 2550 similitudinem
2988 2499 3156 2552 valet.
3177 2503 3376 2549 Factum

1783 2573 1873 2621 est
1899 2569 2030 2631 hoc,
2055 2571 2114 2619 et
2137 2567 2202 2618 in
2233 2567 2430 2632 primis
2455 2569 2806 2633 temporibus
2850 2570 3000 2622 fidei.
3053 2571 3380 2636 Stephanus

1783 2639 2002 2704 martyr
2027 2639 2379 2704 prmdicabat
2402 2640 2702 2690 veritatem
2735 2641 2870 2703 (Aet.
2897 2640 2987 2696 6.).
3018 2646 3076 2693 et
3104 2648 3380 2706 tanquam

1785 2711 2108 2764 tenebrosis
2133 2711 2446 2771 mentibus,
2467 2713 2532 2761 ut
2561 2723 2657 2763 eas
2689 2711 2750 2762 in
2775 2712 2964 2764 lucem
2989 2713 3278 2774 educeret,
3296 2714 3384 2765 in-

1785 2783 2073 2833 cantabat.
2100 2780 2207 2834 Ubi
2243 2783 2402 2832 venit
2425 2780 2498 2832 ad
2521 2783 3128 2835 commemorationem
3151 2785 3382 2846 Christi,

1785 2865 1957 2916 quem
1985 2851 2062 2903 illi
2087 2851 2321 2903 omnino
2354 2851 2551 2903 audire
2575 2851 2811 2916 nollent,
2835 2853 2974 2916 quid
2997 2854 3067 2906 de
3091 2855 3175 2906 eis
3197 2856 3387 2920 Scrip-

1786 2929 1916 2976 tura
1948 2923 2124 2975 dicit?
2139 2923 2480 2974 Clauserunt
2507 2923 2724 2986 (inquit)
2756 2935 2926 2976 aures
2947 2937 3100 2976 suas.
3121 2926 3268 2987 Quid
3279 2939 3385 2978 au-

1786 2999 1902 3047 tem
1927 3000 2126 3059 postea
2148 2995 2440 3046 fecerunt?
2483 2994 2681 3045 Passio
2719 2995 2988 3058 Stephani
3026 2999 3253 3048 narrata
3285 2997 3387 3050 de-

1787 3067 1962 3118 clarat
1983 3067 2116 3128 (Act.
2143 3065 2230 3127 7.).
2262 3067 2387 3116 Non
2409 3069 2572 3116 erant
2598 3065 2777 3128 surdi,
2803 3067 2905 3118 sed
2923 3067 3130 3118 surdos
3155 3081 3218 3120 se
3243 3068 3386 3120 fece-

1787 3143 1936 3189 runt.
1955 3136 2058 3198 Illi,
2084 3137 2341 3200 inquam,
2369 3136 2542 3188 locuti
2569 3141 2709 3188 sunt
2735 3136 2894 3199 falsa,
2924 3137 3026 3190 sed
3049 3139 3190 3202 quid
3219 3139 3388 3194 faciet

1789 3211 1987 3260 Deus?
2013 3208 2165 3260 Audi
2189 3207 2514 3270 sequentia.

1851 3279 1902 3334 7.
1947 3280 2085 3329 Deus
2120 3283 2345 3328 conteret
2390 3279 2565 3328 dentes
2597 3293 2784 3329 eorum
2811 3279 2873 3330 in
2909 3296 2998 3332 ore
3036 3281 3300 3347 ipsorum.
3325 3283 3388 3336 Id

1712 3371 1761 3447 c
1788 3349 2912 3447 essetest..m9333931q2sw29s
2936 3353 2996 3447 ξιξ
3020 3355 3388 3447 repnsion
3468 3349 3472 3353 ‘

1789 3436 1986 3476 eorum
2026 3440 2036 3472 :
2080 3423 2228 3474 sicut
2279 3422 2555 3486 scriptum
2603 3428 2712 3485 est,
2762 3424 2834 3476 de
2885 3425 3096 3478 tributo
3146 3427 3390 3480 Caesaris

1785 3497 1996 3558 (Matth.
2045 3493 2171 3558 ‘22.).
2220 3494 2367 3557 Quid
2411 3499 2500 3545 est
2537 3495 2598 3543 in
2637 3511 2726 3544 ore
2748 3495 3034 3558 ipsorum?
3056 3500 3130 3552 Ut
3163 3511 3260 3551 ore
3285 3513 3390 3552 suo

1785 3572 1985 3620 contra
2011 3580 2073 3617 se
2099 3566 2554 3631 pronuntiarent.
2586 3567 2782 3631 Coegit
2809 3568 2964 3620 enim
2989 3568 3135 3633 illos,
3172 3584 3266 3624 ore
3284 3585 3391 3625 suo

1790 3639 2136 3690 sententiam
2153 3637 2473 3696 dare,uude
2497 3637 2700 3690 dentes
2717 3652 2914 3691 eorum
2939 3646 3105 3692 conte
3115 3648 3387 3696 rerentur.

1789 3711 1931 3762 Cum
1956 3709 2110 3762 enim
2135 3709 2407 3770 dicerent,
2440 3709 2502 3759 in
2523 3722 2764 3762 nummo
2787 3723 2917 3763 esse
2940 3711 3251 3777 imaginem
3277 3718 3394 3768 Cse-

1791 3783 1954 3846 saris,
1969 3786 2028 3833 et
2050 3781 2335 3834 Dominus
2352 3791 2485 3844 quae
2511 3781 2756 3833 Caesaris
2781 3787 2934 3844 sunt,
2957 3785 3164 3836 Ctesari
3189 3789 3391 3850 etquae

1790 3853 1889 3904 Dei
1912 3854 2067 3914 sunt,
2089 3853 2208 3902 Deo
2231 3851 2555 3915 persolvere
2579 3852 2946 3916 praecepisset
2979 3869 2991 3903 :
3031 3867 3146 3906 non
3175 3857 3386 3910 habue-

1789 3925 1927 3975 runt
1963 3922 2102 3986 quid
2139 3921 2555 3986 responderent
2603 3921 2796 3986 (lbid.),
2844 3924 2996 3975 unde
3039 3928 3386 3990 morderent,

1791 3995 1925 4059 quia
1953 3993 2181 4046 contriti
2203 3996 2364 4043 erant
2386 3993 2588 4044 dentes
2605 4005 2802 4044 eorum
2819 3993 2880 4044 in
2901 3995 3280 4059 oreipsorum.
3299 4001 3391 4050 Sic

1791 4071 1846 4117 et
1870 4065 1940 4116 de
1962 4064 2202 4116 Joannis
2226 4063 2573 4127 baptismate
2596 4063 2885 4127 inquisiti.
2910 4066 3389 4132 nescieruntquid

1789 4138 2204 4201 responderent
2227 4135 2442 4196 (Matth.
2469 4133 2596 4196 ‘21.).
2612 4134 2858 4198 Aspides
2875 4148 3010 4199 ergo
3021 4141 3228 4190 eruntJ
3236 4143 3386 4204 udaei,

1793 4207 2024 4273 quando
2047 4206 2472 4258 insidiabantur
2494 4206 2738 4270 Christo,
2762 4205 3056 4260 insibilare
3077 4214 3136 4260 et
3170 4224 3392 4264 venena

1791 4280 2102 4332 immittere
2117 4278 2420 4329 molientes
2443 4295 2453 4326 :
2479 4277 2581 4330 sed
2597 4278 2826 4328 contriti
2845 4283 2983 4330 sunt
2996 4280 3200 4333 dentes
3217 4299 3384 4333 eorum

1791 4352 1852 4403 in
1875 4364 1973 4404 ore
1995 4351 2248 4422 ipsorum
2259 4351 2496 4422 ._Postea
2512 4348 2919 4422 clamaverunt,
2944 4353 3388 4417 Crucifige,cru-

1793 4423 1959 4487 cifige
1999 4419 2169 4486 (Joan.
2229 4419 2333 4481 19.)
2375 4423 2504 4472 Jam
2547 4433 2662 4472 non
2695 4427 2786 4472 est
2807 4420 3002 4485 lingua
3021 4425 3258 4488 aspidis,
3285 4428 3386 4479 sed

1793 4495 2056 4546 fremitus
2081 4492 2281 4544 leonis.
2307 4491 2417 4543 Sed
2440 4492 2609 4541 molas
2634 4491 2848 4541 leonum
2867 4493 3164 4558 confringet
3199 4497 3390 4547 Domi-

1793 4580 1918 4616 nus.
1949 4566 2106 4617 Sicut
2129 4576 2230 4629 per
2253 4563 2456 4614 dentes
2479 4563 2792 4627 accipimus
2813 4563 3143 4618 mordentes
3168 4572 3388 4628 questio-

1793 4649 1930 4689 nes:
1965 4637 2044 4688 ita
2067 4648 2166 4701 per
2189 4634 2371 4686 molas
2395 4633 2770 4699 intelligimus
2794 4634 3050 4688 fortiores
3074 4640 3389 4694 alacriores

1799 4708 1869 4760 de
1912 4713 2096 4759 morte
2131 4706 2341 4758 Christi
2367 4705 2786 4770 persuasiones.
2809 4706 2971 4758 Prius
2995 4708 3213 4761 occulte
3236 4711 3390 4763 deci-

1801 4792 1931 4845 pere
1948 4784 2223 4843 tanquam
2239 4777 2468 4843 aspides
2487 4779 2804 4841 tentabant,
2819 4780 3182 4842 postmodum
3197 4795 3384 4848 cmpe-

1793 4855 1931 4903 runt
1981 4851 2040 4902 in
2064 4855 2308 4903 mortem
2331 4850 2536 4902 Christi
2561 4856 2754 4914 aperte
2779 4849 3056 4916 frendere,
3083 4855 3145 4904 ut
3173 4853 3383 4919 leones,

1788 4923 2111 4974 Cruciﬂxus
2136 4927 2244 4986 est,
2269 4923 2598 4988 resurrexit,
2613 4922 2874 4974 ascendit
2895 4922 2954 4974 in
2979 4925 3387 4991 emtum,glori-

1788 4995 1990 5046 ticatus
2007 4997 2114 5051 est,
2130 4995 2404 5046 adoratus
2426 4995 2500 5046 ab
2528 4995 2874 5056 hominibus,
2892 5007 2926 5046 a
2954 4997 3198 5060 regibus.
3220 4999 3386 5052 Mela)

1789 5078 1922 5129 ergo
1944 5065 2178 5116 leonum
2204 5065 2512 5116 contractae
2536 5069 2692 5128 sunt,
2714 5065 2772 5116 id
2796 5069 2900 5124 est,
2917 5067 3312 5122 accusationes
3328 5077 3388 5123 et

1789 5137 1929 5188 falsa
1955 5135 2298 5198 testimonia,
2323 5147 2455 5198 quae
2474 5135 2596 5199 jam
2619 5135 2903 5188 adversus
2933 5137 3223 5191 Christum
3252 5155 3384 5207 pro-

1787 5209 1929 5260 ferre
1953 5221 2065 5258 non
2089 5209 2346 5268 possunt.
2385 5207 2465 5258 De
2489 5207 2702 5270 quibus
2735 5207 2925 5258 adhuc
2951 5210 3216 5264 subditur
3245 5227 3258 5264 :

1849 5278 1898 5334 8.
1922 5279 2010 5328 Ad
2035 5277 2278 5326 nihilum
2302 5277 2579 5326 devenient
2601 5283 2868 5342 tanquam
2892 5295 3043 5342 aqua
3079 5283 3383 5338 decurrens.

1788 5351 2002 5404 Omnes
2017 5349 2248 5411 superbi
2271 5353 2327 5400 et
2353 5348 2515 5412 impii
2541 5353 2813 5400 sonantes
2837 5350 2910 5401 ad
2937 5363 3077 5402 saxa
3095 5359 3382 5419 superbia;

1789 5435 1913 5475 suae
1939 5427 2214 5484 tanquam
2234 5432 2383 5483 aqua
2405 5419 2737 5482 decurrunt,
2765 5421 2821 5471 et
2848 5421 2920 5472 ad
2945 5422 3184 5476 nihilum
3221 5427 3387 5482 deve-

1787 5494 1971 5546 niunt.
2014 5492 2259 5544 Attende
2301 5493 2700 5556 persecutores
2746 5495 3098 5556 martyrum:
3144 5508 3382 5552 sonave.

1788 5570 1926 5619 runt
1948 5565 2020 5617 ad
2042 5569 2270 5628 tempus
2295 5562 2455 5614 velut
2479 5567 2702 5633 torrens
2723 5563 3134 5617 :Cucurrerunt
3152 5566 3210 5618 in
3225 5569 3382 5633 rivis,

1789 5641 2075 5700 quantum
2120 5637 2464 5700 potuerunt:
2509 5631 2704 5684 siccati
2734 5638 2870 5684 sunt
2911 5634 3036 5693 rivi,
3065 5637 3160 5689 vix
3188 5631 3382 5693 eorum

1789 5711 2068 5773 reperitur
2081 5705 2376 5758 memoria.
2394 5706 2461 5756 Et
2485 5718 2599 5755 non
2627 5703 2814 5756 solum
2835 5705 2960 5769 ipsi,
2981 5707 3078 5758 sed
3094 5712 3276 5764 totum
3296 5717 3388 5763 lion

1791 5781 2049 5832 secutum
2067 5779 2139 5830 ad
2155 5783 2383 5842 tempus
2402 5775 2723 5840 perstrepit,
2739 5777 2918 5828 currit
2935 5782 3212 5842 tanquam
3239 5801 3370 5846 aqua

1790 5851 1942 5903 Fluit
1992 5852 2051 5901 in
2096 5850 2254 5903 vitiis
2300 5854 2358 5901 et
2394 5847 2897 5920 concupiscentiis,
2923 5861 3193 5913 quaerens
3218 5870 3393 5920 quem

1793 5921 1997 5973 trahat.
2027 5923 2151 5974 Non
2169 5922 2481 5999 timeantur
2503 5933 2637 5999 ergo
2666 5919 2824 5999 mali:
2852 5933 2967 5999 non
2983 5932 3192 5999 possunt
3219 5919 3392 5999 285

1795 6005 2152 6058 permanere.
2182 5995 2428 6045 Necesse
2453 5991 2660 6055 est(b‘.c
2673 5991 2716 6042 Α
2729 5992 2995 6056 ugttstino)
3015 5991 3322 6054 decurrant
3336 5991 3400 6074 ᾖ

2975 6085 3043 6141 9.8
