3884 6402
476 454 584 508 875

481 641 640 688 rente
686 637 827 687 bibit
873 638 1027 687 Deus
1062 636 1165 696 (Ps.
1213 635 1374 697 109.).
1428 637 1496 685 Et
1533 637 1667 699 quia
1709 636 1867 695 bibit,
1902 649 2074 700 prop-

482 712 636 759 terea
659 708 934 758 exaltavit
964 710 1170 769 caput:
1219 707 1354 768 quia
1391 719 1601 770 passus
1626 713 1734 770 est,
1779 713 2077 771 propterea

482 779 813 829 resurrexit.
838 778 892 828 Si
922 776 1098 827 nollet
1120 777 1313 827 bibere
1351 777 1409 826 in
1436 778 1529 828 via
1563 778 1634 828 de
1664 783 1933 839 torrente,
1960 791 2075 828 non

480 852 810 908 moreretur,
836 862 949 898 non
976 851 1319 909 resurgeret,
1353 861 1473 899 non
1496 848 1924 913 gloriticaretur.
1954 852 2077 908 Ergo

483 922 553 971 de
576 924 823 971 torrente
847 920 905 970 in
932 920 1021 970 via
1045 920 1208 982 bibit,
1249 925 1546 983 propterea
1588 920 1863 970 exaltavit
1885 925 2075 984 caput.

481 992 809 1042 Exaltatum
833 997 924 1042 est
939 992 1059 1054 jam
1084 996 1261 1054 caput
1281 995 1572 1042 nostrum:
1601 995 1920 1053 sequantur
1942 1004 2077 1042 eum

481 1064 737 1114 membra
754 1075 877 1123 sua,
892 1062 1140 1135 bibendo
1154 1062 1223 1112 de
1251 1067 1512 1135 torrente.
1531 1064 1652 1135 Non
1670 1064 1911 1114 timeant
1923 1078 2078 1122 aquas

481 1134 1176 1198 perstrepentes,populos
1187 1134 1915 1198 minantes,persequentes
1931 1148 1942 1183 :
1957 1137 2079 1195 quia

480 1207 661 1257 Deus:
685 1205 919 1254 lntcndit
944 1220 1134 1253 arcum
1163 1220 1323 1253 suum
1351 1204 1513 1253 donec
1530 1206 1900 1268 inﬁrme‘ntur.
1920 1211 2079 1254 Arcus

482 1277 583 1328 Dei
601 1282 739 1327 sunt
762 1277 937 1327 minae
948 1277 1070 1341 Dei,
1097 1288 1229 1338 quin
1247 1289 1364 1326 non
1383 1279 1633 1327 cessant.
1660 1276 1984 1327 Intenditur
1997 1288 2080 1326 ar-

481 1362 602 1411 cus,
621 1349 881 1399 nondum
897 1349 1037 1399 ferit.
1053 1348 1215 1398 Multi
1229 1348 1503 1399 inﬁrmati
1528 1353 1685 1411 sunt,
1709 1349 1893 1412 ipsius
1909 1361 2077 1399 arcus

480 1420 806 1471 intensione
828 1419 1022 1471 territi.
1053 1421 1193 1469 Nam
1221 1419 1355 1469 hinc
1380 1420 1704 1472 inﬁrmatus
1727 1425 1818 1472 est
1841 1419 1952 1480 ille,
1979 1419 2077 1482 qui

480 1490 655 1541 dixit:
684 1492 828 1553 Quid
854 1504 947 1541 me
968 1490 1378 1554 jubesfacere?
1402 1493 1519 1555 Ego
1546 1505 1677 1543 sum
1701 1492 1920 1556 (inquit)
1936 1494 2077 1539 Jesus

482 1565 830 1623 Nazarenus,
859 1575 1031 1625 quem
1059 1567 1119 1613 tu
1162 1563 1524 1626 persequeris
1559 1564 1688 1627 (Act.
1715 1562 1808 1626 9.).
1834 1562 1941 1624 Qui
1964 1562 2079 1613 cla-

479 1635 675 1685 mabat
712 1634 782 1685 de
821 1635 981 1697 caelo,
1027 1646 1225 1685 arcum
1265 1634 1554 1686 tendebat.
1595 1634 1760 1686 Multi
1798 1648 1951 1699 ergo,
1978 1632 2079 1697 qui

479 1706 958 1770 fueruntinimici,
973 1705 1241 1757 inﬁrmati
1261 1711 1317 1758 et
1340 1706 1604 1758 conversi
1630 1708 1783 1757 sunt.
1797 1708 2080 1755 Noluerunt

479 1777 579 1829 diu
602 1778 819 1839 erigere
837 1777 1093 1829 cervices
1119 1789 1258 1828 suas
1283 1777 1563 1828 adversus
1595 1776 2077 1841 perseverantiam

479 1849 697 1901 extenti
721 1861 909 1900 arcus.
939 1850 1082 1899 Nam
1109 1848 1510 1899 etinﬁrmatus
1539 1852 1631 1899 est
1653 1848 1765 1910 ille,
1780 1848 1877 1911 qui
1903 1846 2076 1898 dixit:

1532 454 1800 505 RUFINO
1836 452 2300 504 PRESBYTERO
2334 453 2721 504 ASCRIPTUS

478 565 671 616 locum
702 577 890 623 suum,
916 564 987 615 ad
1012 565 1183 614 ﬁnem
1208 576 1401 636 suum.
1430 565 1494 614 Et
1522 567 1713 615 tamen
1743 564 1814 615 de
1838 564 1947 615 isto
1968 569 2075 615 tor—
2097 565 2153 636 Α

3672 452 3776 505 876

2179 564 2545 627 compunctio
2570 561 2944 627 pmnitentize,
2972 561 3074 613 sed
3110 574 3255 613 serae
3288 566 3345 612 et
3379 561 3773 622 infructuosae,

2180 636 2633 699 sicutspinarum
2653 634 2943 686 sterilitas.
2962 634 3296 685 Peenitentia
3311 634 3485 694 hujus
3505 636 3776 699 temporis

2175 706 2336 757 dolor
2358 707 2715 758 medicinalis
2760 711 2867 757 est.
2915 705 3262 757 Pcenitentia
3302 705 3457 757 illius
3505 706 3777 770 temporis

2176 778 2337 828 dolor
2362 778 2604 841 pcenalis
2635 784 2742 829 est.
2778 780 2900 828 Hoc
2937 790 3054 827 non
3079 776 3428 839 intelligunt,
3455 778 3553 839 qui
3576 782 3776 828 amant

2175 847 2326 899 hanc
2360 851 2746 901 transitoriam
2780 849 3125 912 voluptatem
3147 848 3163 897 ἐ
3199 849 3336 910 quia
3389 849 3775 909 Supercecidit

2176 919 2346 982 ignis,
2372 926 2428 970 et
2450 933 2568 971 non
2592 920 2859 971 viderunt
2875 919 3072 970 solem.
3088 920 3243 983 Ignis
3264 920 3391 979 iste,
3420 920 3570 969 Sicut
3595 921 3778 968 viven-

2179 997 2266 1048 tes,
2290 992 2425 1039 sicut
2450 993 2509 1039 in
2529 992 2617 1040 ira
2651 991 2885 1039 absorbet
2908 1006 3011 1040 eos.
3042 992 3101 1041 Id
3127 995 3235 1043 est.
3263 990 3539 1053 deglutiet
3560 996 3618 1042 et
3647 1002 3779 1041 vas-

2179 1061 2335 1112 tabit.
2362 1068 2543 1124 Quare
2579 1075 2696 1113 non
2718 1062 2855 1113 dicit
2887 1062 3178 1121 viventes,
3212 1062 3312 1114 sed
3360 1062 3493 1109 sicut
3526 1062 3775 1122 viventes,

2176 1133 2286 1183 nisi
2311 1134 2445 1196 quia
2474 1132 2620 1185 falsa
2648 1137 2736 1185 est
2771 1134 2887 1185 vita.
2928 1134 3235 1197 impiorum
3262 1137 3285 1181 7
3314 1134 3442 1183 Non
3465 1132 3617 1183 enim
3640 1145 3777 1183 vere

2178 1204 2337 1261 vivit,
2364 1205 2461 1268 qui
2484 1217 2520 1256 a
2540 1206 2785 1257 Domino
2812 1209 3128 1269 separatur.
3148 1207 3218 1255 Et
3241 1216 3416 1268 quare
3437 1216 3553 1254 non
3570 1204 3675 1265 ira,
3690 1206 3775 1251 sed

2176 1275 2311 1324 sicut
2333 1275 2391 1326 in
2419 1277 2507 1326 ira
2533 1290 2545 1326 :
2579 1277 2692 1327 nisi
2718 1276 2855 1340 quia
2879 1274 3225 1339 tranquillus
3266 1275 3374 1327 hoc
3415 1275 3549 1326 facit
3571 1277 3731 1326 Deus
3753 1277 3779 1323 εἰ

2178 1346 2334 1398 Sicut
2368 1348 2647 1412 scriptum
2672 1353 2760 1398 est
2786 1358 2800 1400 :
2842 1348 2924 1397 Tu
2954 1352 3173 1405 autem,
3209 1347 3454 1399 Domine
3475 1347 3775 1406 virtutum,

2178 1430 2311 1468 cum
2327 1418 2735 1481 tranquillitate
2744 1417 2972 1481 judicas
2992 1418 3137 1481 (Sap.
3160 1416 3283 1480 12.).
3298 1417 3401 1468 Vel
3424 1418 3561 1466 sicut
3581 1418 3642 1465 in
3666 1417 3774 1475 ira,

2177 1490 2235 1538 et
2258 1502 2374 1539 non
2387 1489 2630 1540 dicenda
2651 1490 2874 1540 vereira
2897 1489 2967 1539 ad
2996 1489 3480 1553 comparationem
3491 1489 3637 1553 ejus,
3661 1501 3778 1549 qua:

2180 1564 2423 1611 ventura
2446 1566 2537 1612 est
2559 1560 2617 1611 in
2636 1559 2869 1624 judicio.
2889 1560 3052 1613 Unde
3080 1565 3276 1611 autem
3300 1560 3613 1625 puniuntur
3632 1561 3778 1621 mali,

2174 1629 2309 1682 inde
2332 1632 2404 1682 ad
2431 1632 2717 1696 justitiam
2760 1631 3065 1696 proﬁciunt
3098 1632 3258 1684 boni.
3300 1633 3443 1683 Nam
3469 1630 3739 1683 subditur
3764 1646 3778 1681 ε

2239 1720 2325 1774 11.
2353 1721 2637 1772 Laetabitur
2671 1721 2872 1785 justus,
2917 1737 3040 1771 cum
3073 1720 3266 1773 viderit
3308 1721 3622 1772 vindictam.
3649 1721 3781 1771 Non

2178 1789 2306 1843 ideo
2318 1791 2629 1857 laetabitur,
2644 1797 2707 1844 ut
2721 1805 3023 1857 pravorum
3061 1793 3318 1846 vindicta
3340 1792 3585 1857 sitjusto
3599 1807 3781 1841 caussa

2177 1861 2414 1915 laetitias.
2442 1864 2552 1915 Sed
2576 1864 2704 1915 ideo
2718 1862 3026 1927 laetabitur,
3043 1864 3181 1928 quia
3203 1864 3326 1928 ipse
3344 1876 3464 1915 non
3487 1864 3593 1915 erit
3617 1867 3781 1923 parti-

479 1920 715 2004 Quando
757 1920 1032 2004 inﬁrmor,
1081 1921 1219 2004 tunc
1256 1923 1469 2004 potens
1505 1932 1636 1970 sum
1681 1918 1749 2001 t2.
1942 1916 2064 1980 12.).

2180 1946 2316 1997 ceps
2341 1947 2539 1986 eorum
2564 1948 2773 1999 poena.
2790 1916 3039 1987 Attende
3056 1916 3289 2001 ptena‘m
3309 1935 3587 1987 malorum
3599 1916 3778 1987 etiam

478 1993 695 2044 Etcum
721 1996 909 2043 oraret
933 2004 967 2042 a
997 2003 1060 2042 se
1084 1989 1202 2041 tolli
1221 1989 1521 2041 stimulum
1538 1991 1748 2051 carnis,
1772 1989 1825 2041 ei
1840 2002 2070 2053 respon-

477 2076 605 2114 sum
636 2068 751 2115 est:
774 2064 975 2113 Virtus
992 2063 1051 2112 in
1074 2061 1405 2112 inﬁrmitate
1422 2061 1730 2126 perﬁcitur.
1757 2060 1859 2111 Vel
1887 2061 2077 2111 inten-

477 2135 609 2186 dere
620 2147 819 2185 arcum
832 2131 1247 2184 estvindictam
1260 2144 1607 2196 praeparare;
1623 2133 2078 2183 doneclnﬁrmen-

475 2210 585 2269 tur,
603 2206 658 2256 id
679 2211 787 2268 est,
804 2205 1080 2268 penitusa
1103 2203 1224 2253 suis
1243 2203 1462 2254 viribus
1479 2202 1862 2259 debilitentur,
1880 2206 2078 2253 utulte-

473 2278 594 2327 rius
611 2290 725 2328 non
739 2275 970 2327 valeant
980 2287 1183 2325 nocere
1195 2275 1381 2325 bonis.
1406 2276 1653 2326 Tantum
1671 2276 1824 2326 enim
1838 2276 2075 2335 permittit

470 2348 627 2399 Deus
654 2347 835 2398 malos
859 2346 919 2395 in
944 2345 1111 2396 bonis
1136 2345 1434 2405 destevire,
1470 2351 1749 2409 quantum
1773 2347 1882 2397 hoc
1908 2346 2074 2396 bonis

471 2420 634 2469 novit
668 2417 962 2483 prodesse.
990 2415 1082 2467 vel
1128 2417 1201 2467 ad
1245 2418 1655 2468 correctionem
1699 2429 1942 2475 morum,
1980 2415 2073 2467 vel

472 2495 857 2553 augmentum
883 2488 1186 2549 virtutum,
1222 2487 1372 2538 sicut
1396 2488 1673 2552 scriptum
1710 2492 1797 2539 est
1822 2503 1834 2539 :
1861 2486 2073 2537 Fidelis

474 2560 648 2620 Deus,
700 2559 798 2622 qui
828 2570 944 2608 non
988 2558 1267 2623 permittit
1311 2572 1416 2609 vos
1448 2558 1651 2609 tentari
1686 2572 1858 2621 supra
1895 2570 2071 2622 quam

469 2630 621 2681 ferre
646 2630 900 2694 possitis,
929 2631 1030 2680 sed
1057 2630 1184 2680 facit
1217 2629 1385 2680 etiam
1403 2642 1477 2681 ex
1503 2630 1815 2681 tentatione
1829 2642 2069 2694 proven-

470 2705 596 2751 tum
622 2700 693 2762 (1.
723 2701 842 2750 Cor.
859 2701 983 2764 10.).
1002 2700 1167 2751 Unde
1189 2700 1378 2751 adhuc
1404 2700 1473 2751 de
1490 2701 1744 2765 reprobis
1771 2701 2063 2752 subditur:

533 2772 584 2823 9.
612 2770 761 2821 Sicut
801 2786 938 2833 cera,
964 2787 1081 2834 qua:
1119 2773 1258 2833 ﬂuit,
1293 2773 1624 2835 auferantur.
1661 2774 1787 2823 Non
1826 2772 1907 2822 ait
1930 2785 2069 2821 con-

467 2846 783 2903 vertentur,
812 2842 913 2893 sed
928 2844 1263 2905 auferantur.
1282 2843 1580 2894 Consumit
1594 2844 1746 2894 enim
1761 2856 1859 2894 eos
1883 2847 2067 2894 aestus

468 2914 920 2977 vitiorum,sicut
942 2914 1093 2978 ignis
1106 2927 1313 2965 ceram.
1334 2914 1646 2967 Solvuntur
1669 2916 1740 2966 ab
1757 2914 1913 2966 omni
1927 2927 2067 2964 con-

467 2987 683 3039 stantia
710 2986 954 3049 virtutis,
1002 2990 1209 3038 euntes
1252 2985 1312 3037 in
1348 2986 1615 3039 libidines
1649 2998 1787 3038 suas
1815 2986 1986 3036 soluti
2009 2988 2066 3035 et

466 3057 624 3108 ﬂuxi.
651 3059 734 3108 De
756 3056 966 3108 talibus
990 3056 1128 3107 dicit
1157 3056 1469 3121 Apostolus
1494 3072 1507 3107 :
1536 3057 1791 3108 Tradidit
1825 3069 1924 3107 eos
1951 3057 2065 3105 Do-

464 3129 659 3181 minus
684 3129 744 3180 in
767 3128 1263 3193 concupiscentiae
1287 3128 1476 3180 cordis
1490 3141 1705 3189 eorum,
1732 3129 1792 3179 in
1815 3128 2064 3179 immun-

463 3201 681 3263 ditiam,
720 3206 783 3251 ut
818 3200 1029 3251 faciant
1057 3212 1191 3263 quae
1228 3214 1344 3251 non
1375 3200 1730 3251 conveniunt
1766 3200 1938 3262 (Rom.
1966 3199 2056 3260 1.).

461 3273 682 3326 Deinde
706 3278 1005 3324 enumerat
1029 3271 1209 3323 multa
1237 3271 1389 3322 mala
1412 3272 1471 3322 in
1495 3285 1629 3336 quae
1654 3272 1915 3322 defluunt
1938 3272 2058 3336 dis-

459 3346 635 3397 soluti
657 3349 937 3408 tanquam
951 3356 1107 3395 cera:
1127 3348 1186 3394 et
1206 3348 1409 3406 postea
1425 3330 1637 3403 subdit,
1660 3342 1943 3404 Quoniam
1958 3330 2055 3406 qui

460 3417 595 3468 talia
619 3420 826 3481 agunt,
851 3415 1010 3478 digni
1056 3418 1194 3464 sunt
1219 3418 1403 3465 morte
1430 3413 1616 3477 (Ibid).
1646 3415 1811 3465 Unde
1835 3414 1943 3465 hoc
1970 3427 2062 3465 se-

460 3487 675 3550 quitur,
707 3490 765 3536 et
800 3485 937 3535 dicit
963 3500 975 3535 :
1009 3483 1369 3548 Supcrcecidit
1404 3484 1549 3547 ignis
1577 3489 1625 3533 et
1665 3498 1783 3534 non
1810 3485 2061 3535 viderunt

455 3557 637 3607 solem.
662 3556 825 3607 Alius
856 3557 959 3615 (Eae
992 3555 1249 3617 Augusto)
1284 3555 1436 3618 ignis
1471 3560 1559 3606 est
1606 3557 1884 3618 avaritia,
1916 3556 2061 3607 alius

456 3626 723 3687 luxuriae,
749 3626 898 3677 alius
911 3626 1214 3689 superbiae,
1243 3625 1390 3676 alius
1408 3626 1657 3685 invidiae,
1675 3626 2063 3679 aliusiracun-

460 3698 591 3749 diaa.
620 3697 772 3748 Talis
806 3698 957 3760 ignis
982 3698 1243 3747 fumosus
1260 3703 1368 3760 est,
1395 3702 1451 3747 et
1474 3699 1815 3749 tenebrosus
1845 3717 1855 3747 :
1888 3713 2062 3764 super

459 3782 633 3833 quem
655 3768 939 3831 ceciderit,
964 3781 1082 3819 non
1108 3768 1327 3820 videbit
1350 3768 1548 3820 solem.
1580 3772 1704 3820 Non
1731 3770 1859 3821 dico
1876 3771 2056 3835 illum,

461 3854 637 3905 quem
690 3841 824 3892 fecit
868 3841 1153 3891 Dominus
1200 3841 1332 3892 oriri
1368 3855 1540 3906 super
1564 3842 1747 3893 bonos
1776 3847 1835 3893 et
1878 3844 2060 3895 malos

392 3932 398 3938 -
460 3913 670 3975 (Matth.
691 3910 914 3975 5.):sed
929 3911 1089 3962 illum
1117 3912 1261 3972 dico,
1299 3913 1492 3975 dequo
1522 3912 1973 3965 illidicturisunt
1999 3915 2058 3965 in

451 3984 692 4048 judicio:
716 3987 788 4035 Et
820 3984 903 4035 sol
933 3997 1052 4036 non
1076 3988 1238 4035 ortus
1262 3990 1351 4036 est
1375 3985 1541 4035 nobis
1569 3984 1817 4049 (Sa.p.5.).
1849 3988 2062 4037 Trans-

454 4057 648 4108 ierunt
671 4056 868 4107 omnia
891 4054 986 4107 illa
1012 4061 1289 4119 tanquam
1316 4057 1554 4107 umbra:
1572 4059 1885 4108 erravimus
1907 4070 1940 4109 a
1966 4059 2059 4110 via

454 4127 734 4187 veritatis,
758 4131 815 4178 et
854 4126 1098 4190 justitize
1123 4127 1317 4177 lumen
1351 4140 1468 4178 non
1493 4126 1643 4178 luxit
1677 4128 1843 4179 nobis
1889 4130 2054 4193 Ergo,

455 4198 660 4249 fratres
689 4198 885 4262 ignem
898 4197 1385 4261 concupiscentia:
1413 4198 1627 4259 timete,
1656 4199 1701 4249 si
1732 4212 1848 4250 non
1877 4200 2056 4253 vultis

452 4269 733 4333 liqueﬁeri
757 4270 909 4319 sicut
933 4281 1063 4319 cera
1086 4281 1120 4319 a
1154 4269 1294 4320 facie
1325 4269 1448 4320 Dei.
1484 4274 1541 4320 et
1586 4270 1901 4322 notandum
1946 4277 2054 4335 est,

454 4342 593 4404 quia
615 4352 787 4404 paena
812 4340 1120 4403 impiorum
1145 4339 1290 4390 duas
1315 4340 1535 4403 species
1559 4339 1733 4393 habet
1758 4359 1768 4389 :
1799 4356 1973 4395 unam
1997 4344 2057 4395 in

451 4412 745 4477 prmsenti,
763 4411 1296 4462 alteraminfuturo.
1326 4411 1618 4475 Unaignis
1645 4415 2057 4479 concupiscen-

454 4482 569 4545 tiae,
587 4482 765 4534 altera
789 4482 943 4545 ignis
966 4486 1239 4533 aeternus.
1267 4483 1428 4533 lIanc
1446 4494 1679 4546 pcenam
1691 4488 2054 4546 concupiscen-

452 4554 551 4605 tim
575 4553 946 4605 commendat
968 4554 1136 4604 nobis
1162 4552 1404 4617 Spiritus
1437 4554 1556 4617 Dei,
1591 4568 1774 4619 usque
1796 4556 1856 4607 in
1876 4557 2051 4608 ﬁnem

453 4624 676 4689 psalmi.
705 4626 867 4675 Hanc
898 4636 1225 4685 caveamus,
1253 4630 1311 4676 et
1332 4624 1393 4676 in
1414 4625 1572 4677 illam
1604 4627 1911 4679 terribilem
1935 4641 2053 4681 non

452 4695 792 4748 incidemus.
828 4696 1139 4747 Delectatio
1171 4695 1404 4759 quidem
1435 4697 1542 4759 (Em
1564 4698 1760 4761 eodem)
1783 4700 2025 4751 carnalis

2175 2005 2236 2056 in
2259 2007 2368 2058 hoc
2384 2005 2771 2068 seculo,etiam
2791 2007 2939 2059 inter
2961 2019 3099 2058 suas
3122 2006 3609 2072 voluptates.Ecce
3634 2006 3779 2058 dum

2176 2076 2410 2140 quidam
2433 2078 2759 2129 desiderata
2782 2079 3099 2143 possident,
3125 2078 3392 2143 quadam
3416 2078 3528 2130 alia
3544 2077 3776 2130 deside~

2174 2152 2322 2207 rant,
2346 2149 2418 2199 ad
2435 2162 2568 2212 quae
2585 2152 2877 2214 pervenire
2893 2163 3011 2201 non
3028 2151 3240 2203 valent.
3259 2152 3363 2202 Pro
3378 2149 3487 2214 his,
3512 2161 3642 2213 quas
3654 2162 3776 2201 non

2174 2217 2407 2283 habent,
2433 2222 2757 2272 cruciantur
2775 2221 3056 2273 desiderio
3081 2237 3093 2272 :
3119 2235 3221 2286 pro
3246 2222 3356 2284 his,
3382 2232 3515 2284 qum
3538 2220 3772 2283 habent,

2173 2295 2276 2342 aut
2318 2292 2467 2342 tedio
2513 2293 2857 2355 cruciantur,
2908 2298 3009 2343 aut
3029 2292 3249 2345 timore.
3276 2294 3418 2344 Ecce
3440 2291 3534 2343 ille
3558 2296 3775 2344 metuat

2173 2363 2427 2424 avaritia,
2449 2363 2597 2415 alius
2623 2363 3050 2425 fervetluxuria,
3076 2363 3225 2415 alius
3248 2364 3543 2415 iracundia
3563 2376 3774 2415 accen-

2173 2434 2344 2497 ditur,
2370 2435 2763 2487 aliusinvidite
2779 2435 3001 2486 facibus
3017 2437 3423 2487 inﬂammatur.
3446 2436 3535 2487 Sic
3557 2448 3617 2486 se
3644 2446 3774 2485 om-

2169 2508 2228 2558 ni
2237 2511 2440 2570 potens
2475 2509 2632 2559 Deus
2650 2508 2723 2569 [in
2740 2506 3011 2572 praisenti
3026 2507 3239 2559 amalis
3260 2507 3530 2569 vindicat,
3555 2518 3772 2569 eosque

2171 2578 2315 2642 ipsis
2342 2578 2465 2629 suis
2489 2578 2806 2641 desideriis,
2833 2583 2890 2630 et
2908 2579 3061 2629 vitiis
3082 2577 3523 2643 flagellatHanc
3549 2577 3774 2628 vindic-

2172 2654 2310 2712 tam,
2337 2663 2469 2700 cum
2493 2649 2699 2701 viderit
2706 2648 3249 2713 justus,laetabitur:
3276 2649 3546 2713 quoniam
3560 2650 3768 2707 adjutus

2169 2733 2270 2783 per
2293 2720 2445 2783 piam
2474 2720 2701 2770 Domini
2723 2720 2986 2784 gratiam,
3014 2719 3222 2772 talibus
3256 2733 3375 2773 non
3416 2720 3765 2785 implicatur.

2172 2793 2291 2842 Iloc
2305 2804 2533 2854 quoque
2547 2791 2815 2853 vivendo,
2836 2793 3035 2841 Manus
3049 2807 3176 2841 suas
3199 2791 3396 2841 levabit
3419 2793 3477 2840 in
3494 2793 3767 2856 sanguine

2165 2869 2524 2926 peccatorum,
2544 2863 2600 2913 id
2624 2869 2731 2925 est,
2748 2864 3003 2915 actiones
3023 2877 3157 2915 suas
3167 2864 3623 2915 manducabitex
3643 2880 3764 2913 con-

2165 2933 2790 2985 siderationevindictaa
2807 2936 3194 2998 reproborum.
3208 2935 3446 2997 Quando
3463 2936 3766 3001 videtpec—

2164 3006 2375 3056 catoris
2399 3018 2650 3070 pcenam,
2678 3007 2903 3070 proﬁcit
2925 3007 3067 3070 ipse,
3094 3012 3151 3058 et
3171 3020 3327 3058 mors
3352 3007 3585 3059 alterius
3610 3007 3767 3059 valet

2162 3076 2235 3127 ad
2254 3078 2431 3128 vitam
2447 3077 2646 3141 ipsius.
2666 3078 2915 3129 Attende
2930 3091 3063 3140 ergo
3083 3079 3323 3142 impium
3336 3084 3689 3143 pereuntem,
3716 3086 3766 3128 et

2161 3161 2344 3212 purga
2378 3154 2431 3199 te
2446 3161 2480 3200 a
2499 3149 2767 3213 peccatis.
2788 3151 2871 3201 Ita
2884 3148 3101 3201 lavabis
3118 3150 3541 3214 quodammodo
3554 3164 3766 3203 manus

2162 3224 2294 3271 tuas
2317 3221 2376 3271 in
2401 3222 2682 3284 sanguine
2706 3221 3037 3285 peccatoris.

2079 3298 2128 3374 C
2222 3308 2306 3363 1‘2.
2347 3310 2415 3358 Et
2454 3310 2583 3361 dicet
2608 3311 2784 3369 homo,
2810 3310 2870 3361 Si
2903 3312 3091 3375 utique
3133 3312 3619 3375 cstfmwtusjuclo:
3656 3312 3770 3363 uti-

2161 3393 2263 3443 que
2286 3386 2356 3429 est
2379 3381 2521 3431 Deus
2528 3381 2793 3445 judicans
2808 3397 2893 3431 cos
2917 3382 2975 3430 in
2998 3388 3159 3433 terra.
3186 3382 3284 3435 Ille
3298 3383 3576 3434 veraciter
3589 3382 3765 3436 homo

2161 3451 2389 3515 dicitur,
2416 3454 2514 3516 qui
2539 3466 2644 3505 sua
2665 3453 2845 3504 utitur
2868 3453 3105 3505 ratione.
3133 3454 3238 3504 Hic
3262 3454 3430 3516 dicet,
3464 3455 3660 3518 Utique
3694 3461 3765 3504 cst

2156 3523 2368 3585 fructus
2384 3525 2550 3588 justo.
2578 3526 2765 3575 Etiam
2785 3526 2846 3576 in
2869 3524 2980 3576 hac
3004 3526 3139 3587 vita,
3157 3531 3472 3589 antequam
3494 3526 3694 3577 veniat
3706 3543 3770 3574 ae-

2162 3599 2340 3647 terna.
2374 3598 2440 3647 In
2464 3596 2577 3647 ﬁde
2615 3600 2704 3647 est
2728 3596 2965 3660 fructus,
2999 3598 3061 3647 in
3100 3598 3414 3648 tentatione
3444 3602 3500 3648 et
3524 3597 3767 3649 tribula-

2162 3667 2311 3718 tione
2335 3673 2425 3719 est
2439 3668 2679 3730 fructus,
2698 3667 2757 3718 in
2778 3669 3053 3733 patientia
3070 3674 3159 3719 est
3184 3669 3422 3733 fructus,
3448 3670 3509 3720 in
3524 3670 3763 3721 caritate

2159 3738 2481 3790 estfructus
2487 3741 2665 3803 justo.
2693 3739 2856 3799 Quod
2891 3741 2937 3789 si
2972 3741 3051 3790 ita
3066 3745 3174 3803 est,
3198 3740 3380 3804 utique
3403 3746 3475 3789 cst
3509 3741 3651 3791 Deus
3664 3741 3763 3805 ju—

2159 3810 2366 3874 dicans,
2380 3811 2549 3873 idest,
2565 3811 2935 3861 damnatione
2947 3810 3153 3875 dignos
3169 3816 3444 3876 reputans
3457 3824 3557 3863 eos
3580 3816 3758 3869 malos,

2158 3882 2417 3933 nondum
2464 3884 2523 3934 in
2546 3887 2805 3934 extremo
2836 3882 2946 3944 die,
2982 3882 3241 3934 nondum
3276 3883 3339 3934 in
3360 3883 3494 3946 igne
3517 3886 3755 3944 aeterno,

2157 3954 2418 4005 nondum
2442 3954 2591 4017 apud
2626 3953 2867 4004 inferos:
2911 3953 3011 4004 sed
3036 3953 3130 4005 hic
3152 3954 3215 4005 in
3261 3958 3425 4006 terra.
3456 3955 3666 4007 Probat
3685 3956 3759 4005 ab

2158 4026 2437 4088 opposito,
2471 4038 2538 4075 ac
2571 4025 2619 4076 si
2652 4025 2902 4076 breviter
2938 4023 3092 4076 dicat
3119 4040 3131 4075 :
3158 4025 3213 4077 Si
3235 4025 3395 4088 justo
3418 4031 3507 4077 est
3535 4026 3763 4078 fructus

2160 4096 2362 4147 salutis
2386 4096 2445 4147 in
2469 4096 2576 4147 liac
2621 4101 2787 4154 terra,
2819 4097 2880 4147 in
2914 4109 2981 4147 eo
3004 4097 3156 4160 quod
3190 4094 3362 4163 287
3393 4101 3592 4160 justus
3648 4101 3758 4159 est,

2156 4167 2355 4230 utique
2368 4174 2425 4217 et
2437 4168 2513 4218 im
2523 4168 2612 4231 pio
2626 4173 2715 4219 est
2730 4167 3015 4231 judicium
3031 4167 3419 4219 damnationis
3433 4166 3694 4221 similiter
3706 4173 3760 4217 in

2155 4237 2264 4288 hac
2304 4243 2472 4302 terra,
2506 4240 2566 4290 in
2605 4252 2673 4289 eo
2714 4239 2868 4302 quod
2906 4240 3118 4303 impius
3147 4244 3253 4290 est.
3281 4239 3576 4291 Contraria
3598 4240 3760 4292 enim

2156 4310 2458 4361 contrariis
2471 4310 2838 4363 conveniunt.
2853 4311 3133 4363 Attendat
3146 4311 3322 4375 igitur
3331 4312 3502 4363 homo
3513 4313 3763 4360 discretus

2156 4387 2213 4432 et
2230 4381 2466 4445 judicet.
2497 4382 2585 4432 Sic
2609 4383 2762 4433 enim
2785 4382 3064 4435 admonet
3084 4384 3344 4448 psalmus
3369 4399 3382 4435 ε
3404 4384 3577 4435 Recte
3593 4382 3760 4445 judi-

2155 4457 2298 4512 cate,
2330 4453 2429 4506 ﬁlii
2452 4454 2775 4505 hominum.
2801 4454 3102 4506 Discernat
3124 4456 3308 4507 bonos
3331 4467 3365 4506 a
3388 4455 3552 4506 malis
3576 4460 3635 4505 et
3657 4470 3759 4506 eo-

2154 4536 2283 4575 rum
2314 4525 2578 4589 exemplo
2623 4526 2805 4590 fugiat
2848 4539 2968 4590 eos,
3015 4526 3117 4590 qui
3160 4530 3416 4591 pereunt,
3451 4539 3523 4577 ne
3545 4530 3604 4577 et
3627 4526 3757 4589 ipse

2154 4595 2329 4647 simul
2374 4599 2583 4660 pereat.
2630 4599 2742 4649 Eos
2789 4601 2982 4649 autem
3027 4598 3125 4661 qui
3167 4598 3314 4651 salvi
3354 4598 3516 4661 ﬁunt,
3542 4597 3757 4649 imitari

2154 4667 2401 4731 studeat,
2414 4673 2479 4719 ut
2504 4674 2561 4719 et
2586 4669 2726 4733 ipse,
2740 4669 3055 4722 auxiliante
3066 4670 3331 4735 Domino,
3344 4668 3579 4723 eandem
3595 4670 3755 4721 salu-

455 4779 589 4819 cum
618 4766 851 4817 homine
874 4767 1148 4828 nascitur,
1175 4740 1289 4817 sed
1331 4740 1601 4831 qui‘bene
1629 4740 2045 4834 eruditu‘rj‘citvo
2072 4743 2130 4817 Ι)
2160 4741 2277 4791 tem
2300 4740 2578 4803 οοῐλδθίιυί
2602 4740 2805 4793 valeat-

454 4839 613 4892 videt
635 4838 863 4890 hostem
890 4852 1080 4900 suum,
1095 4842 1148 4888 et
1163 4840 1510 4903 aggreditur,
1536 4845 1593 4891 et
1610 4839 1859 4892 luctatur
1870 4847 1927 4893 et
1941 4844 2053 4894 cito

452 4911 652 4962 vincit.
673 4910 781 4972 Qui
802 4915 996 4961 autem
1020 4909 1175 4961 illam
1207 4912 1755 4975 concupiscentiam,
1782 4926 1912 4965 cum
1938 4928 2054 4978 qua

454 4983 526 5034 de
550 4983 769 5047 peccati
795 4982 1108 5047 prepagine
1131 4988 1304 5034 natus
1329 4990 1437 5046 est,
1458 4982 1702 5046 negligit
1724 4984 1969 5049 vincere,
1996 4993 2055 5039 et

452 5054 667 5105 multas
690 5054 881 5105 adhuc
892 5055 1123 5116 excitat,
1143 5053 1736 5117 exeritquelibidines,
1750 5056 2055 5111 difﬁculter

460 5124 634 5193 286
670 5139 769 5177 eos
795 5131 1046 5190 superat,
1064 5131 1120 5176 et
1137 5126 1499 5195 adversusse
1523 5126 1645 5189 ipse
1669 5126 2053 5195 divisus,igne

455 5199 681 5261 proprio
724 5201 1143 5248 concrematur.
1190 5198 1257 5247 Et
1301 5208 1375 5246 ne
1402 5194 1480 5245 illi
1524 5196 2053 5267 intelligerenthoc

456 5273 683 5320 tantum
708 5270 826 5319 ﬁeri
853 5269 912 5319 in
938 5268 1147 5329 futuro,
1174 5270 1516 5318 convertens
1551 5281 1610 5318 se
1635 5271 1707 5319 ad
1731 5283 1849 5331 eos,
1874 5278 1939 5325 ut
1966 5281 2054 5327 at—

455 5341 731 5392 tentiores
744 5339 965 5403 reddat,
990 5338 1334 5390 determinat
1359 5338 1441 5390 sic
1468 5354 1480 5389 :
1512 5340 1694 5404 Super
1717 5354 1822 5395 vos
1850 5346 2054 5398 cecidit

452 5411 625 5476 ignis,
658 5425 691 5462 o
724 5410 935 5463 Judtei.

518 5482 604 5536 10.
632 5482 969 5546 Priusquam
985 5480 1340 5545 intelligerent
1354 5482 1522 5548 spina:
1538 5489 1713 5535 vestrae
1727 5488 2050 5539 rhamnum.

456 5552 514 5602 Id
548 5558 655 5612 est,
692 5553 1031 5616 priusquam
1074 5552 1388 5617 intelligere
1414 5568 1518 5607 vos
1544 5556 1796 5608 facerent
1820 5565 2056 5623 peccata

454 5629 648 5675 vestra
660 5624 901 5675 rhamno
918 5637 1048 5675 esse
1062 5624 1285 5675 similia.
1302 5626 1601 5679 Rhamnus
1620 5634 1710 5679 est
1724 5629 1899 5681 herba
1913 5634 2054 5691 prius

454 5695 661 5755 mollis,
686 5694 890 5746 deinde
916 5697 1144 5758 quando
1160 5698 1514 5761 maturescit,
1532 5700 1901 5752 acutissimos
1917 5714 2055 5754 acu-

452 5764 573 5815 leos
595 5764 788 5815 habet.
805 5767 892 5815 Sic
909 5770 1320 5830 suntpeccata:
1341 5769 1498 5830 prius
1515 5770 1751 5832 quidem
1777 5773 1969 5825 mollia
1996 5778 2054 5827 et

455 5835 813 5909 delectabilia
838 5842 990 5909 sunt,
1018 5838 1123 5909 sed
1153 5839 1359 5909 deinde
1393 5841 1731 5903 gravissime
1760 5851 2050 5909 pungunt.

455 5905 853 5968 Temporalem
897 5908 1051 5958 enim
1095 5908 1532 5961 delectationem
1557 5912 1783 5963 dolores
1818 5905 2054 5968 etcom-

453 5975 799 6037 punctiones
845 5980 1168 6039 sequuntur
1218 5982 1654 6034 tormentorum.
1684 5984 1843 6038 Tunc
1867 5988 1973 6040 erit
1995 5993 2054 6043 et

2437 4854 2797 4922 TITULUS
2850 4857 3180 4923 PSALMI
3232 4857 3465 4925 LVIII.

2219 4994 2316 5055 17.ct
2330 4990 3280 5055 ‘2.Sieut(EacAugust.)soletScriptura
3295 4993 3597 5052 psalmorum
3612 5006 3751 5052 mys-

2158 5054 2349 5101 teriain
2370 5054 2537 5101 titulis
2554 5056 3021 5115 ponere,etfrontem
3044 5056 3225 5115 psalmi
3251 5056 3559 5103 sublimitate
3577 5069 3752 5102 saera-

2154 5118 2309 5163 menti
2329 5118 2559 5163 decorare
2576 5131 2588 5167 :
2607 5124 2659 5163 ut
2675 5119 2993 5177 scinmusqui
3015 5120 3249 5165 intraturi
3275 5132 3471 5179 sumus,
3491 5131 3603 5165 cum
3624 5123 3750 5164 tam-

2155 5193 2304 5237 quam
2318 5192 2468 5237 super
2484 5183 2961 5240 postemquidintus
2983 5188 3157 5241 agatur
3185 5182 3472 5242 legerimus,
3498 5181 3575 5228 vel
3599 5184 3751 5239 cujus

2155 5244 2334 5288 domus
2348 5243 2428 5303 sit,
2448 5244 2525 5289 vet
2548 5245 2784 5302 quisnam
2808 5245 2872 5291 sit
2894 5245 3036 5290 illius
3052 5245 3233 5303 praedii
3248 5258 3525 5304 possessor:
3549 5246 3745 5290 itaetin

2156 5305 2248 5351 lioc
2299 5306 2493 5365 psalmo
2530 5307 2746 5365 scriptus
2790 5311 2861 5353 est
2897 5308 3071 5353 titulus
3114 5308 3175 5353 de
3215 5307 3377 5355 titulo.
3406 5307 3559 5353 liabet
3585 5307 3744 5361 enim,

2154 5364 2388 5428 [Vere-.1.)
2401 5364 3017 5430 lp/inenLnedispcrdas
3031 5368 3206 5416 David
3220 5370 3276 5417 in
3290 5367 3432 5416 tituli
3446 5367 3748 5429 inscriptio-

2153 5428 2624 5493 ne,qunndo'misit
2639 5428 3361 5491 Saut,etcustodioitdomum
3378 5428 3750 5493 ejus,utiiiter-

2152 5491 2326 5550 liceret
2351 5504 2485 5555 cum
2530 5493 2594 5553 (1.
2628 5493 2750 5555 Reg.
2793 5497 2869 5544 18.
2896 5498 2941 5542 et
2974 5492 3095 5555 19.).
3124 5495 3351 5542 Psalmus
3389 5491 3480 5542 iste
3515 5495 3668 5540 tendit
3691 5494 3740 5538 in

2158 5543 2327 5609 tinem,
2346 5554 2393 5600 id
2407 5560 2497 5615 est,
2524 5543 2576 5602 in
2597 5543 2868 5605 Christum.
2884 5543 3189 5611 Admonens,
3208 5571 3270 5603 ne
3285 5563 3333 5604 tu
3345 5557 3648 5615 quicumque
3672 5569 3742 5611 es,

2154 5617 2414 5675 disperdas
2434 5619 2605 5680 David,
2625 5621 2777 5673 idest,
2802 5621 3053 5667 Christum
3071 5620 3124 5665 in
3141 5620 3269 5666 tituli
3289 5619 3632 5677 inscriptione,
3656 5620 3745 5664 hoc

2154 5680 2373 5736 estquod
2393 5682 2519 5733 dixi,
2540 5683 2718 5730 titulus
2732 5684 2793 5728 de
2810 5684 2973 5729 titulo.
2996 5684 3236 5736 Quaenam
3262 5683 3395 5730 enim
3411 5684 3475 5728 sit
3494 5682 3622 5727 tituli
3646 5684 3746 5727 hu-

2148 5746 2237 5800 jus
2265 5743 2547 5803 inscriptio,
2568 5758 2717 5803 quam
2744 5746 2997 5803 corrumpi
3015 5750 3164 5799 vetat,
3193 5745 3513 5804 Evangelium
3539 5743 3738 5790 indicat.

2155 5809 2275 5852 Nam
2299 5818 2417 5853 cum
2440 5808 2679 5853 Dominus
2710 5809 3102 5865 cruciﬁgeretur,
3132 5810 3307 5856 titulus
3334 5806 3605 5865 inscriptus
3618 5814 3689 5851 est
3712 5819 3744 5849 τι

2154 5868 2709 5928 I’ilato,etpositus,Rex
2728 5870 3198 5931 Judteorumhliatt.
3225 5871 3345 5931 27.),
3371 5870 3528 5917 tribus
3550 5868 3745 5927 linguis

2156 5931 2380 5987 Hebraea,
2404 5934 2590 5989 (Ξτωιτα,
2617 5937 2661 5979 et
2681 5933 2878 5979 Latina:
2898 5946 3012 5991 qua;
3047 5934 3232 5993 linguae
3271 5938 3365 5980 toto
3391 5933 3507 5980 orbo
3526 5932 3742 5993 maxime

2154 5994 2423 6045 excellunt.
2444 5995 2600 6054 Igitur
2614 5995 2658 6043 si
2678 5997 2776 6045 Rex
2795 5996 3083 6045 Judteorum
3104 5991 3374 6046 cruciﬁxus
3394 5998 3486 6055 est,
3512 5998 3561 6042 et
3577 5991 3741 6042 Judaei
