3884 6400
437 415 542 471 879

1498 411 1762 464 RUFINO
1795 407 2259 461 PRESBYTERO
2294 408 2674 458 ASGRIPTUS

3622 406 3726 461 880

440 543 637 592 mente
650 537 1052 602 investigando
1081 532 1192 602 29
1203 533 1252 602 ο
1282 534 1462 585 vitam
1477 540 1734 585 etmores
1749 539 2032 582 sanctorum
2065 525 2119 598 Α
2135 530 2498 602 monstravit,
2516 529 2575 580 in
2591 529 2802 602 quibus
2824 540 2943 602 non
2955 527 3178 602 habuit.
3204 527 3329 602 Nisi
3341 529 3494 602 enim
3507 529 3729 602 debitor

439 617 688 677 patrum,
714 623 786 661 ex
811 609 1021 672 quibus
1059 608 1262 657 civitas
1291 606 1390 656 Dei
1438 611 1770 656 constructa
1794 609 1900 677 est.
1930 604 2032 656 Vel

441 675 617 733 canes
635 677 1070 745 poSsuntaccipi
1089 677 1272 727 sancti
1299 677 1721 740 praedicatores,
1743 677 1841 739 qui
1863 675 1922 726 in
1945 687 2035 725 as-

441 753 694 803 sertione
725 749 986 801 veritatis
1011 752 1211 798 contra
1233 747 1389 798 fures
1414 751 1472 798 et
1495 747 1766 810 latrones,
1791 759 2034 809 magnos

441 823 526 886 (ut
548 823 626 872 ita
649 818 855 882 dicam)
887 817 1094 869 dedere
1126 817 1388 868 latratus.
1433 819 1666 869 Famem
1693 818 1847 882 passi
1877 818 2030 876 sunt,

437 905 642 943 omnes
671 891 778 941 sibi
805 890 1150 952 incorporari
1175 893 1233 939 et
1256 889 1404 940 uniri
1428 902 1528 952 per
1543 889 1713 939 [idem
1741 890 2035 937 desideran-

436 969 542 1024 tes,
571 968 628 1014 et
651 961 1000 1013 circuierunt
1031 960 1416 1024 civitatem,id
1441 966 1548 1018 est,
1574 960 1878 1022 mundum,
1903 959 2036 1010 ubi-

434 1047 546 1098 quc
575 1032 1060 1096 evangelizantes.
1085 1031 1246 1083 Unde
1279 1037 1338 1082 et
1361 1031 1588 1082 subdit:

495 1103 545 1158 8.
572 1105 704 1154 Ecce
735 1105 1040 1167 loquentur,
1066 1102 1123 1152 id
1141 1107 1248 1164 est,
1262 1101 1628 1154 manifestate
1640 1101 2036 1166 praedicabunt

433 1177 497 1224 in
528 1191 618 1225 ore
639 1191 756 1237 suo,
781 1175 841 1225 id
863 1179 968 1236 est,
997 1186 1156 1224 more
1184 1173 1294 1224 sibi
1328 1173 1710 1224 convenienti.
1735 1173 1878 1234 Quia
1899 1176 2032 1234 quod

433 1247 748 1310 loquentur
772 1246 967 1304 verbo,
999 1246 1422 1296 conﬁrmabunt
1447 1257 1632 1308 opere,
1672 1249 1731 1295 et
1753 1243 2031 1306 exemplo.

434 1319 566 1369 Sive
588 1319 646 1368 in
671 1329 767 1368 ore
791 1330 918 1380 suo,
951 1315 1008 1366 id
1047 1320 1154 1374 est,
1190 1315 1381 1379 libere,
1425 1316 1714 1375 audacter,
1743 1327 1875 1366 cum
1909 1326 2035 1365 auc-

434 1389 677 1441 toritate.
703 1389 770 1438 Et
795 1387 1010 1452 gladi-us
1031 1387 1092 1435 in
1117 1387 1274 1436 labiis
1289 1402 1492 1438 eorum.
1519 1386 1754 1438 Gladius
1785 1387 1874 1436 bis
1897 1398 2036 1437 acu-

432 1463 549 1523 tus,
573 1460 645 1512 de
685 1471 801 1522 quo
831 1458 977 1510 dixit
1026 1457 1339 1522 Apostolus
1367 1473 1378 1508 :
1412 1460 1480 1509 Et
1503 1457 1757 1521 gladium
1779 1457 2032 1521 spiritus,

434 1532 589 1594 quod
618 1535 708 1582 est
731 1531 975 1582 verbum
997 1530 1102 1581 Dei
1130 1529 1342 1594 (Ephes.
1370 1528 1656 1592 6.).Quare
1675 1528 1762 1579 bis
1785 1530 2035 1580 acutus?

430 1603 516 1653 Ex
550 1607 798 1665 utroque
820 1605 1168 1654 testamento
1202 1599 1433 1652 feriens.
1466 1603 1586 1652 Hoc
1609 1600 1799 1664 gladio
1818 1601 2036 1650 macta-

429 1674 661 1736 bantur,
687 1673 758 1724 de
779 1673 990 1737 quibus
1017 1675 1179 1724 Petro
1215 1672 1546 1724 dicebatur:
1574 1673 1763 1724 Macta
1795 1676 1850 1722 et
1869 1683 2034 1722 man-

429 1745 578 1796 duca
627 1745 757 1805 (Act.
808 1744 934 1807 10.).
981 1743 1444 1808 Indignabuntur
1498 1747 1712 1804 autem,
1755 1742 2030 1806 quoniam

428 1815 597 1867 multi
610 1818 797 1878 erunt,
821 1815 920 1876 qui
946 1827 1064 1865 non
1093 1815 1332 1866 audient
1353 1827 1490 1865 aure
1513 1813 1804 1865 audiendi.
1830 1815 1899 1864 Et
1921 1813 2030 1864 hoc

429 1890 539 1950 est,
570 1885 726 1950 quod
755 1885 1022 1956 subditur
1047 1901 1058 1936 :
1087 1885 1358 1944 Quoniam
1382 1886 1504 1949 quis
1527 1885 1738 1934 audivit
1755 1886 1940 1934 ?Hinc
1955 1891 2027 1932 est
2054 1882 2108 1956 B

430 1957 586 2022 quod
610 1955 890 2020 propheta
912 1956 1016 2006 ait:
1043 1957 1183 2017 Quis
1209 1956 1448 2008 credidit
1475 1955 1692 2006 auditui
1717 1958 1936 2019 nostro,
1971 1959 2030 2006 et

428 2028 732 2080 brachium
756 2027 985 2078 Domini
1007 2027 1099 2078 cui
1122 2029 1436 2079 revelatum
1457 2027 1710 2089 est(1sai.
1735 2025 1840 2088 53.)
1862 2029 2029 2076 ‘lPrtn-

431 2100 694 2151 dicamus
719 2099 930 2163 (inquit
949 2097 1278 2162 Apostolus)
1309 2098 1648 2162 sapientiam
1667 2100 1728 2148 in
1753 2097 2026 2162 mysterio

427 2170 828 2222 absconditam
877 2169 942 2234 (1.
989 2169 1109 2220 Cor.
1156 2167 1249 2232 2.),
1291 2181 1465 2232 quam
1500 2168 1756 2220 mundus
1792 2181 1904 2220 non
1931 2181 2028 2220 co-

427 2245 646 2310 gnovit.
674 2246 947 2308 Tempore
963 2257 1192 2308 quoque
1215 2246 1535 2308 martyrum
1551 2257 1678 2296 raro
1695 2245 2023 2292 invenieban-

426 2321 520 2370 tur
540 2317 641 2380 qui
675 2317 943 2368 audirent
983 2317 1224 2368 verbum
1251 2317 1372 2367 Dei.
1396 2315 1530 2368 Dixi
1554 2328 1672 2366 non
1699 2316 2026 2367 miserearis

426 2389 716 2452 omnibus,
734 2389 832 2450 qui
845 2391 1154 2452 operantur
1166 2387 1556 2451 iniquitatem:
1575 2392 1633 2438 et
1655 2385 1730 2438 ila
1745 2387 1870 2438 erit.
1887 2389 2025 2436 Unde

426 2465 484 2512 et
508 2459 810 2524 subjungit
833 2474 847 2509 :

487 2531 538 2584 9.
585 2533 653 2580 Et
693 2537 768 2594 tu,
814 2529 1060 2591 Domine,
1107 2529 1369 2580 deridebis
1417 2545 1518 2591 eos,
1562 2530 1621 2581 id
1663 2534 1769 2591 est,
1817 2530 2026 2594 dignos

426 2603 710 2655 derisione
757 2604 1029 2654 ostendes
1075 2616 1194 2654 eos.
1237 2604 1358 2653 Hoc
1401 2604 1460 2654 in
1501 2603 1714 2667 judicio
1736 2603 1858 2666 erit,
1891 2615 2026 2654 cum

426 2675 579 2726 dicet
601 2677 713 2726 eis:
733 2678 815 2726 Ite
841 2675 899 2726 in
917 2675 1107 2738 ignem
1123 2680 1408 2726 internum
1437 2676 1646 2738 (Matth.
1667 2675 1794 2738 25.).
1811 2678 1892 2726 Ex
1916 2676 2026 2726 hoc

427 2748 605 2798 etiam
627 2751 882 2809 apparet,
907 2746 1042 2808 quia
1067 2749 1276 2798 Gentes
1299 2751 1732 2798 convertentur:
1751 2747 2026 2810 quoniam

427 2818 501 2867 ad
518 2817 765 2866 nihilum
791 2817 1010 2866 deduces
1033 2823 1416 2880 onmesgentes.
1435 2817 1656 2876 Omnis,
1684 2819 1780 2881 qui
1795 2821 1856 2866 ad
1876 2821 2024 2866 Deum

425 2889 804 2951 convertitur,
830 2900 1068 2939 necesse
1085 2893 1173 2939 est
1192 2890 1350 2952 prius
1365 2888 1440 2938 ad
1464 2888 1708 2940 nihilum
1733 2891 2024 2937 deducatur.

425 2960 572 3010 Hinc
601 2959 826 3010 Veritas
849 2960 928 3010 ait
952 2973 964 3008 :
994 2959 1099 3021 Qui
1121 2961 1247 3010 vult
1264 2965 1393 3022 post
1416 2973 1510 3010 me
1536 2961 1752 3024 venire,
1777 2961 2028 3024 abneget

427 3030 801 3094 semetipsum
822 3031 966 3093 (Luc.
991 3030 1080 3092 9.).
1115 3031 1501 3095 Semetipsum
1539 3032 1806 3095 abnegat,
1832 3032 1930 3095 qui
1965 3045 2026 3082 se

421 3102 698 3154 mutando
718 3102 779 3153 in
803 3101 1250 3164 melius,desinit
1272 3115 1418 3168 esse,
1445 3103 1598 3166 quod
1635 3105 1773 3166 erat,
1803 3108 1862 3154 et
1882 3103 2026 3154 inci-

421 3175 508 3239 pit
539 3188 671 3227 esse
699 3175 852 3238 quod
876 3189 994 3226 non
1026 3181 1166 3226 erat.
1203 3176 1294 3227 Ad
1321 3176 1564 3227 nihilum
1592 3175 1878 3228 deductus
1901 3181 2024 3227 erat

416 3246 652 3310 Paulus,
677 3259 812 3298 eum
842 3247 1058 3298 diceret
1091 3261 1104 3296 :
1129 3249 1273 3298 Vivo
1297 3260 1418 3311 ego,
1441 3247 1562 3310 jam
1584 3260 1703 3298 non
1725 3261 1854 3312 ego,
1879 3249 2024 3300 vivit

419 3323 622 3368 autem
651 3317 709 3367 in
755 3329 848 3368 me
871 3317 1132 3368 Christus
1173 3317 1364 3382 (Galat.
1413 3317 1504 3380 ‘12.).
1532 3318 1678 3368 Hinc
1703 3319 1876 3369 etiam
1901 3319 1980 3370 ait
2003 3335 2014 3367 :

421 3389 526 3448 Qui
553 3401 614 3438 se
647 3393 812 3452 putat
831 3388 1048 3450 aliquid
1063 3358 1207 3452 esse,
1240 3401 1372 3438 cum
1396 3358 1539 3439 nihil
1564 3390 1655 3448 sit,
1689 3389 1812 3452 ipse
1837 3402 1898 3440 se
1923 3403 2018 3441 se-
2045 3358 2094 3432 C

421 3459 734 3521 ducit(Gal.
770 3458 860 3522 6.).
886 3458 1226 3510 Adnihilum
1253 3459 1540 3510 deductus
1569 3464 1692 3510 erat
1713 3461 2020 3524 Abraham,

421 3544 552 3581 cum
578 3530 796 3580 diceret
821 3545 835 3576 :
859 3532 1086 3592 Loquar
1107 3529 1181 3580 ad
1206 3531 1518 3580 Dominum
1535 3544 1750 3594 meum,
1767 3545 1898 3583 cum
1913 3533 2022 3584 sim

421 3601 570 3651 cinis
596 3605 655 3650 et
679 3599 868 3664 pulvis
892 3601 1042 3662 (Gen.
1069 3599 1194 3663 18.).
1220 3602 1308 3652 Sic
1329 3602 1573 3664 quisque
1600 3603 1757 3666 prius
1782 3606 2021 3654 deﬁciens

418 3675 480 3726 in
507 3675 716 3738 seipso,
742 3674 1078 3738 incipitesse
1104 3675 1266 3726 fortis
1290 3677 1350 3727 in
1373 3678 1512 3728 Deo.
1539 3675 1734 3729 Talem
1761 3691 1822 3730 se
1842 3691 2024 3743 agno-

421 3747 551 3809 scit,
575 3758 708 3798 cum
741 3747 1002 3808 protinus
1040 3745 1238 3798 addit:

482 3817 567 3872 10.
594 3817 990 3866 Fortitudinem
1033 3833 1212 3868 meam
1251 3823 1356 3868 ate
1397 3821 1715 3870 custodiam.
1758 3819 1842 3872 Illi
1868 3821 2020 3872 enim

421 3890 618 3950 fortes,
646 3889 743 3952 qui
777 3890 837 3940 in
869 3902 962 3940 me
984 3889 1296 3954 irruetunt,
1322 3889 1450 3942 ideo
1481 3892 1816 3944 ceciderunt
1849 3894 2022 3956 :quia

415 3961 817 4012 fortitudinem
856 3973 1022 4011 suam
1043 3974 1076 4012 a
1097 3965 1152 4012 te
1175 3975 1290 4012 non
1315 3963 1730 4026 custodierunt,
1753 3963 1853 4014 sed
1867 3964 1937 4015 de
1959 3976 2020 4015 se

417 4037 934 4097 praesumpserunt.
963 4035 1078 4096 Ego
1105 4037 1298 4085 autem
1320 4034 1700 4096 fortitudinem
1723 4049 1899 4084 meam
1924 4051 1958 4083 α
1975 4042 2020 4084 te

418 4105 746 4166 custodiam;
785 4104 918 4167 quia
942 4104 992 4154 si
1030 4105 1248 4164 recedo,
1275 4105 1448 4156 cado:
1495 4107 1543 4156 si
1565 4105 1796 4170 accedo,
1827 4106 2020 4158 fortior

419 4173 514 4226 ﬂo.
544 4174 746 4225 Videte
776 4173 912 4237 quid
929 4180 1019 4226 est
1040 4175 1102 4225 in
1121 4175 1316 4226 anima
1335 4175 1606 4227 humana.
1625 4179 1750 4228 Non
1767 4177 1945 4228 habet
1959 4193 2019 4226 ex

421 4258 484 4296 se
500 4245 695 4296 lumen
715 4257 856 4296 :non
875 4245 1132 4297 habetex
1150 4259 1213 4297 se
1240 4247 1420 4296 vires:
1449 4251 1630 4298 totum
1651 4251 1866 4311 autem,
1883 4250 2018 4310 quod

420 4315 726 4380 pulchrum
746 4320 835 4366 est
859 4316 918 4366 in
941 4317 1152 4379 anima,
1183 4318 1372 4368 virtus
1395 4322 1454 4369 et
1478 4319 1758 4382 sapientia
1781 4325 1886 4371 est.
1911 4320 2018 4372 Sed

420 4401 528 4440 nec
569 4388 694 4452 ipsa
731 4387 839 4437 sibi
875 4388 976 4438 lux
1007 4390 1114 4450 est,
1148 4401 1255 4440 nec
1288 4390 1415 4452 ipsa
1447 4389 1556 4440 sibi
1580 4390 1764 4441 virtus
1789 4395 1895 4442 est.
1920 4393 2022 4443 Est

421 4459 686 4522 quaedam
707 4459 866 4524 origo
881 4459 1129 4523 fonsque
1159 4460 1387 4511 virtutis
1411 4465 1470 4513 et
1493 4462 1790 4525 sapientiae
1814 4464 1970 4514 Deus
1991 4479 2021 4512 ει

418 4542 534 4593 quo
559 4531 834 4582 recedens
855 4531 1045 4582 anima
1057 4533 1288 4583 tenebra
1299 4537 1406 4595 tur,
1429 4533 1712 4584 accedens
1729 4533 2018 4585 illumina-

420 4605 530 4652 tur.
559 4603 705 4664 Ergo
731 4600 1125 4654 fortitudinem
1143 4616 1328 4655 meam
1347 4617 1380 4654 a
1400 4609 1455 4654 te
1473 4605 1820 4668 custodiam,
1844 4619 1958 4657 uon
1984 4617 2020 4656 a

417 4676 474 4722 te
497 4672 781 4732 recedam,
806 4685 924 4724 non
948 4673 1019 4724 de
1049 4687 1142 4725 me
1167 4688 1550 4738 praesumam:
1577 4681 1636 4727 et
1652 4680 1846 4734 merito,
1875 4677 2019 4736 Quia

416 4745 558 4792 Deus
599 4749 866 4806 susceptor
917 4760 1066 4793 meus
1108 4761 1180 4794 es.
1238 4748 1550 4811 Suscepisti
1594 4747 2012 4799 humanitatem

416 4826 624 4876 meam,
661 4815 1019 4878 conjungens
1052 4828 1178 4867 eam
1205 4819 1319 4869 tute
1361 4819 1680 4870 divinitati:
1708 4819 2014 4882 suscepisti

415 4899 510 4936 me
523 4885 594 4936 ad
615 4887 1457 4951 sanandum,quemadmodum
1473 4890 1735 4942 medicus
1751 4897 2010 4954 aegrotum,

414 4959 570 5008 Deus
595 4970 762 5008 meus
799 4958 894 5020 qui
919 4961 1124 5010 creasti
1155 4973 1262 5011 me.
1561 4966 1567 4973 ‘

481 5026 567 5080 1‘2.
592 5027 966 5078 Misericordia
999 5031 1113 5093 ejus
1155 5032 1410 5096 praevenit
1445 5047 1542 5080 me.
1570 5033 1674 5083 Ubi
1699 5034 1962 5097 jacebam
1986 5038 2012 5085 Ῠ

414 5102 536 5173 Quo
573 5103 796 5151 erectus
845 5111 974 5152 sum
1007 5104 1033 5152 τι
1078 5105 1221 5154 Ecce
1270 5115 1448 5165 quare
1494 5117 1608 5153 non
1633 5104 1814 5156 debeo
1854 5103 2000 5173 29|

411 5171 482 5222 de
515 5183 608 5222 me
633 5184 1004 5235 praesumere,
1045 5173 1182 5236 quia
1209 5185 1323 5224 non
1358 5181 1779 5237 praecesserunt
1815 5171 2010 5230 merita

410 5255 559 5305 mea,
613 5243 712 5294 sed
768 5245 1051 5307 praevenit
1107 5257 1202 5296 me
1256 5245 1451 5296 divina
1490 5247 1895 5311 misericordia,
1945 5254 2010 5301 ut

405 5316 604 5378 justus
627 5327 833 5366 essem.
864 5317 992 5366 Non
1015 5328 1246 5368 movere
1268 5330 1376 5368 nos
1400 5317 1586 5381 debet,
1605 5319 1759 5382 quod
1771 5323 2008 5382 frequen-

411 5390 497 5436 ter
528 5398 804 5450 personas
835 5391 1040 5438 mutat.
1066 5388 1218 5439 Talis
1261 5393 1350 5440 est
1395 5389 1548 5440 enim
1593 5404 1740 5442 usus
1761 5393 2008 5455 prophe-

409 5457 524 5508 tize.
557 5457 724 5508 Modo
750 5459 1034 5510 convertit
1076 5473 1138 5511 se
1165 5460 1238 5511 ad
1285 5461 1617 5513 familiarem
1652 5463 1880 5514 Domini
1924 5464 2005 5514 lo-

407 5529 718 5590 cutionem,
743 5542 776 5579 a
809 5543 924 5592 quo
959 5531 1164 5596 accipit
1196 5534 1512 5597 prophetiae
1549 5533 1954 5586 revelationem
1990 5549 2002 5585 :

405 5599 579 5651 modo
607 5613 668 5651 se
683 5600 756 5651 ad
780 5601 1070 5654 auditores
1101 5607 1402 5668 convertit,
1420 5611 1494 5656 ut
1526 5619 1626 5656 eos
1662 5605 1908 5658 aedificet
1931 5619 2004 5656 ex

405 5669 496 5720 his
521 5683 652 5733 quae
678 5673 921 5723 Domino
946 5674 1234 5728 revelante
1255 5677 1490 5740 agnovit
1515 5678 1716 5728 :modo
1732 5682 1926 5728 autem
1948 5680 2000 5726 in

405 5753 648 5812 persona
668 5756 776 5793 sua
797 5744 1072 5808 loquitur:
1097 5747 1271 5798 modo
1295 5748 1351 5798 in
1379 5761 1624 5812 persona
1637 5751 1998 5798 membrorum:

403 5812 576 5862 modo
605 5811 664 5861 in
691 5826 934 5875 persona
947 5817 1172 5867 Christi.
1209 5811 1551 5870 Unde'nunc
1565 5822 1802 5868 subditur
1828 5821 2000 5869 :Deus

405 5881 629 5953 ostendit
662 5883 804 5953 mihi
814 5899 976 5947 super
993 5887 1242 5944 inimicos
1263 5904 1414 5940 meos.
1443 5893 1728 5950 Quantam
1749 5891 1862 5953 {E03
1885 5893 2002 5940 Att-

403 5951 635 6018 gustino)
653 5951 906 6005 circame
931 5955 1133 6008 habuit
1151 5958 1616 6025 misericordiam,
1641 5951 1824 6012 initiis
1857 5963 1996 6015 mihi

2137 613 2202 652 su
2211 601 2540 665 spendatur,
2553 601 2748 652 minus
2760 600 2878 662 agit
2898 599 3114 662 gratias
3128 599 3218 650 cui
3243 599 3499 652 debitum
3517 601 3729 652 relaxa-

2135 676 2242 723 tur.
2262 675 2346 724 De
2366 673 2508 736 ipsis
2537 671 2786 722 inimicis
2800 671 2972 734 quid?
2997 671 3076 720 Ne
3101 672 3420 731 occidaseos,
3437 674 3727 736 nequando

2133 743 2522 792 obliviscantur
2537 743 2728 807 populi
2751 743 2874 792 mei.
2903 745 3066 806 Ipsos
3090 743 3352 794 inimicos
3367 745 3464 806 qui
3479 756 3576 795 me
3591 743 3732 794 occi-

2134 815 2362 875 derunt,
2388 814 2504 866 noli
2540 820 2601 865 tu
2629 814 2902 865 occidere.
2921 816 3049 864 Non
3074 814 3198 866 sine
3219 826 3428 866 caussa
3449 815 3585 865 Cain
3599 828 3726 866 cum

2133 887 2364 938 fratrem
2391 885 2720 948 occidisset,
2757 885 2951 950 posuit
2985 887 3046 936 in
3081 898 3148 936 eo
3186 887 3339 937 Deus
3373 885 3630 950 signum,
3657 899 3728 938 ne

2133 958 2264 1020 quis
2288 971 2422 1009 eum
2449 957 2732 1008 occideret
2763 958 2906 1020 (Gen.
2938 957 3026 1020 4.).
3056 959 3179 1009 Hoc
3201 962 3290 1008 est
3311 958 3544 1022 signum
3573 959 3728 1022 quod

2132 1027 2352 1079 habent
2369 1028 2574 1080 Judaei.
2604 1029 2825 1080 Tenent
2839 1029 3260 1092 reliquiaslegis
3284 1042 3424 1092 suae,
3443 1030 3730 1081 circumci-

2135 1099 2684 1159 duntur,sabbatum
2700 1101 3029 1162 observant,
3043 1113 3246 1164 azyma
3257 1101 3586 1152 comedunt.
3605 1107 3730 1150 Sunt

2133 1183 2270 1232 ergo
2291 1171 2500 1233 Judaei,
2525 1183 2644 1222 non
2677 1171 3349 1224 suntoccisi.Necessarii
3373 1175 3731 1224 suntcreden-

2135 1242 2310 1304 tibus,
2345 1245 2412 1292 ut
2435 1244 2855 1294 demonstraret
2883 1243 3052 1294 nobis
3077 1245 3232 1295 Deus
3255 1257 3425 1308 super
3465 1243 3732 1295 inimicos

2133 1317 2363 1364 nostros
2379 1313 2824 1364 misericordiam
2844 1327 3008 1365 suam
3019 1354 3032 1366 .
3047 1317 3114 1366 In
3127 1315 3301 1366 ramis
3313 1315 3596 1380 superbia
3607 1331 3731 1376 prae-

2133 1383 2268 1435 cisis
2285 1385 2502 1435 incerto
2531 1385 2980 1436 misericordiam
2997 1399 3161 1437 suam
3186 1387 3438 1439 ostendit
3459 1385 3727 1438 oleastro.

2135 1457 2276 1506 Ecce
2305 1455 2404 1506 ubi
2422 1455 2618 1518 jacent
2645 1456 2743 1518 qui
2773 1457 3003 1521 superbi
3027 1462 3208 1516 erant,
3231 1471 3360 1510 ecce
3387 1459 3462 1509 ibi
3474 1458 3728 1510 insertus

2134 1539 2218 1590 es,
2243 1527 2342 1590 qui
2373 1527 2628 1590 jaccbas.
2663 1529 2734 1579 Et
2773 1532 2836 1580 tu
2879 1527 2996 1580 noli
3030 1530 3343 1593 superbire,
3371 1543 3446 1582 ne
3494 1529 3730 1595 praecidi

2133 1598 2430 1650 merearis.
2459 1599 2604 1662 Ergo
2628 1611 2702 1651 ne
2725 1599 3140 1652 obliviscantur
3160 1601 3353 1666 populi
3377 1601 3576 1653 ﬁdeles
3599 1613 3727 1666 gra-

2133 1669 2270 1719 tiam
2287 1669 2407 1728 Dei,
2424 1669 2636 1722 vivunt
2647 1675 2781 1722 ante
2793 1670 2990 1722 oculos
3011 1685 3210 1724 eorum
3231 1673 3504 1724 excaecati
3517 1675 3548 1724 .l
3556 1673 3724 1732 udaei,

2131 1743 2198 1790 ut
2225 1754 2297 1792 ex
2331 1753 2528 1792 eorum
2563 1742 2822 1794 caecitate
2857 1755 3083 1808 semper
3114 1744 3444 1809 recolligant
3478 1748 3726 1808 quantas

2129 1813 2510 1876 omnipotenti
2529 1814 2645 1864 Deo
2668 1813 2737 1864 de
2761 1826 2867 1864 sua
2888 1813 3306 1867 illuminatione
3325 1816 3540 1878 gratias
3560 1827 3728 1879 agere

2134 1883 2398 1934 debeant.
2425 1885 2678 1949 Disperge
2699 1885 2819 1934 illos
2849 1886 2908 1934 in
2935 1885 3125 1935 cii-tute
3149 1893 3261 1936 tua.
3280 1888 3402 1938 Hoc
3426 1885 3724 1951 impletum

2133 1959 2224 2006 est
2245 1967 2281 2006 a
2315 1955 2442 2006 Tito
2478 1961 2538 2007 et
2561 1957 2938 2021 Vespasiano,
2973 1957 3072 2021 qui
3095 1958 3367 2022 populum
3390 1957 3726 2009 Judreorum

2132 2027 2586 2090 captivaverunt.
2609 2029 2726 2079 Nec
2753 2033 2944 2080 tamen
2959 2029 3065 2080 hoc
3083 2029 3278 2080 virtuti
3297 2041 3494 2082 eorum
3513 2029 3726 2080 adscri-

2129 2097 2368 2149 bendun
2389 2103 2504 2150 est:
2526 2099 2628 2150 sed
2641 2099 2760 2164 Dei,
2779 2100 2880 2163 qui
2899 2101 3168 2164 praestitit
3193 2101 3294 2157 eis.
3324 2105 3391 2152 ut
3407 2099 3518 2152 hoc
3541 2100 3724 2152 facere

2129 2170 2474 2232 potuissent.
2509 2171 2711 2222 Omnis
2736 2172 2890 2222 enim
2915 2177 3171 2236 potestas
3205 2183 3238 2224 a
3261 2174 3379 2224 Deo
3404 2173 3572 2233 (Rom.
3596 2171 3719 2234 13.).

2131 2242 2434 2304 Propterea
2455 2253 2573 2292 non
2609 2244 2828 2294 dictum
2863 2248 2970 2307 est,
3004 2244 3257 2307 Dispcrge
3290 2245 3407 2294 illos
3428 2244 3490 2295 in
3515 2243 3723 2294 virtute

2128 2310 2402 2375 hostium,
2435 2313 2556 2377 sed,
2589 2313 2652 2361 in
2688 2315 2880 2364 virtute
2919 2319 3052 2364 tua:
3079 2316 3216 2378 quia
3259 2317 3342 2378 (ut
3373 2315 3592 2368 dictum
3615 2315 3722 2378 est)

2129 2383 2317 2434 omnis
2343 2385 2528 2436 virtus
2553 2397 2588 2436 a
2611 2386 2730 2437 Deo
2753 2388 2858 2437 est.
2874 2387 2940 2436 Et
2954 2399 3072 2437 non
3090 2387 3276 2438 solum
3299 2386 3582 2451 disperge.
3600 2386 3721 2448 sed,

2128 2467 2161 2504 ο
2185 2455 2448 2513 Domine,
2487 2457 2585 2519 qui
2614 2469 2707 2508 me
2730 2457 2984 2522 protegis
3005 2463 3061 2509 et
3083 2457 3359 2521 defendis,
3382 2458 3600 2522 depone
3621 2469 3722 2510 eos

2127 2537 2163 2576 a
2193 2527 2395 2578 timore
2425 2528 2730 2592 superbiae.
2758 2531 2878 2580 Hoc
2898 2534 2989 2580 est
3005 2530 3160 2592 quod
3185 2530 3509 2594 subjungit:
3538 2529 3602 2578 Et
3636 2529 3722 2578 de-

2124 2611 2268 2662 fone
2289 2613 2389 2658 eos,
2437 2605 2697 2662 protector
2725 2615 2890 2662 meus,
2926 2601 3172 2650 Domine.
3217 2600 3430 2652 Deinde
3471 2601 3723 2654 ostendit

2129 2668 2268 2731 quid
2296 2669 2357 2720 in
2379 2669 2464 2720 eis
2487 2671 2695 2735 deponi
2725 2671 2882 2723 velit.
3421 2715 3426 2719 .

2191 2741 2278 2795 13.
2307 2742 2564 2791 Delictum
2589 2744 2699 2792 oris
2723 2759 2926 2807 eorum,
2951 2758 3244 2794 sermonem
3285 2744 3551 2794 (abiaram
3574 2744 3721 2808 ipso-

2127 2827 2273 2864 rum.
2303 2815 2498 2864 Sermo
2514 2815 2797 2866 labiorum
2821 2821 2878 2866 et
2905 2815 3181 2867 delictum
3205 2816 3322 2867 oris
3349 2815 3716 2879 fuit,quando

2127 2885 2199 2936 de
2227 2885 2453 2936 Christo
2477 2885 2750 2938 dixerunt
2778 2905 2790 2936 :
2819 2888 3181 2939 Dmmonium
3206 2889 3381 2940 habet
3405 2903 3418 2938 :
3457 2889 3610 2940 Reus
3630 2892 3720 2939 est

2128 2957 2350 3018 mortis,
2375 2962 2434 3008 et
2455 2956 2563 3008 alia
2597 2958 2932 3018 hujusmodi
2964 2960 3142 3020 (Joan.
3170 2959 3222 3014 7.
3249 2966 3296 3008 et
3321 2960 3445 3024 19.).
3471 2961 3592 3012 Hoc
3614 2971 3719 3011 au-

2128 3033 2243 3080 tem
2265 3028 2554 3091 delictum,
2580 3029 2708 3080 ideo
2732 3029 2868 3081 dicit
2890 3044 2904 3080 :
2935 3031 3247 3080 Sermonem
3280 3032 3566 3096 labiorum,
3583 3031 3719 3095 quia

2127 3099 2260 3152 talia
2283 3101 2622 3164 improperia
2637 3107 2830 3166 aperte
2848 3102 3138 3167 dixerunt,
3157 3103 3346 3168 palam
3370 3105 3719 3168 praedicave-

2124 3176 2274 3224 runt.
2320 3172 2454 3223 Tale
2493 3171 2786 3236 delictum,
2815 3173 2986 3224 talem
3027 3187 3354 3226 sermonem
3405 3175 3624 3238 depone
3657 3180 3717 3226 et

2125 3243 2446 3307 destrue,et
2467 3243 2537 3294 de
2561 3256 2656 3294 ore
2683 3249 2740 3294 et
2762 3244 2928 3295 labiis
2960 3257 3159 3297 eorum
3185 3247 3332 3299 tolle.
3367 3249 3431 3298 In
3451 3247 3560 3298 hoc
3584 3246 3714 3298 volo

2123 3315 2375 3378 deponas
2397 3327 2516 3378 eos,
2537 3327 2655 3366 non
2675 3316 2998 3368 secundum
3018 3323 3306 3380 naturam,
3325 3319 3422 3370 sed
3437 3322 3714 3368 secundum

2121 3387 2366 3450 culpam.
2395 3386 2479 3437 Illi
2505 3399 2600 3438 me
2629 3387 2953 3439 interimere
2992 3393 3379 3442 tentaverunt.
3405 3391 3488 3442 Tu
3525 3396 3720 3442 autem

2123 3459 2234 3522 (Ea:
2251 3459 2574 3522 Augustino)
2587 3460 2986 3512 resuscitando
2997 3461 3307 3526 Christum,
3325 3474 3501 3525 quem
3513 3465 3720 3524 perdere

2120 3529 2446 3590 voluerunt,
2473 3531 2734 3582 occidisti
2759 3530 3028 3583 delictum
3053 3533 3168 3584 oris
3195 3546 3414 3598 eorum,
3437 3549 3716 3583 sermonem

2120 3601 2401 3653 labiorum
2426 3602 2700 3666 ipsorum.
2721 3604 2939 3668 Quippe
2955 3616 3127 3667 quem
3146 3605 3499 3669 perdendum
3515 3605 3725 3657 clama-

2119 3677 2344 3735 verunt,
2382 3673 2576 3724 vivere
2603 3679 2962 3738 expaverunt
2987 3693 2998 3724 :
3039 3681 3097 3728 et
3124 3690 3299 3740 quem
3327 3677 3387 3728 in
3412 3679 3559 3730 terra
3580 3690 3719 3729 con-

2120 3749 2235 3796 tem
2243 3758 2414 3796 serun
2422 3749 2460 3806 t,
2473 3745 2532 3796 in
2549 3745 2693 3797 caelo
2703 3745 2929 3798 adorari
2949 3748 3022 3798 ab
3033 3749 3302 3799 omnibus
3314 3749 3586 3813 gentibus
3607 3749 3719 3800 mi-

2120 3817 2226 3868 rati
2242 3821 2393 3867 sunt.
2410 3817 2500 3868 Sic
2529 3817 2824 3869 deleantur
2849 3817 3080 3870 delicta:
3098 3819 3168 3870 Et
3190 3821 3718 3884 comprehendantur

2121 3889 2178 3936 in
2195 3887 2448 3950 superbia
2469 3890 2665 3940 sua.Et
2683 3901 2813 3941 vere
2837 3890 3236 3955 comprehensi
3258 3896 3414 3942 sunt.
3430 3891 3526 3942 Ille
3541 3892 3715 3953 enim,

2119 3972 2292 4022 quem
2329 3960 2714 4023 superbiendo
2738 3962 3088 4020 occiderunt,
3115 3963 3389 4015 surrexit:
3421 3967 3480 4015 et
3499 3963 3714 4015 factum

2120 4047 2318 4086 eorum
2359 4035 2418 4086 in
2451 4035 2674 4087 irritum
2711 4036 2886 4099 venit,
2921 4042 3220 4101 peccatum
3254 4039 3544 4090 remansit.
3569 4039 3716 4100 Quia

2121 4119 2256 4170 ergo
2273 4106 2489 4158 factum
2505 4111 2844 4159 evacuatum
2859 4113 2965 4172 est,
2979 4114 3277 4172 peccatum
3291 4115 3484 4162 autem
3496 4111 3715 4162 mansit

2325 4179 2812 4242 superfacientes:
2837 4179 3218 4244 Comprehcn—si
3236 4187 3363 4230 sunt
3382 4181 3443 4229 in
3458 4181 3713 4246 superbia

2119 4265 2256 4313 sua.,
2269 4250 2516 4302 convicti
2542 4254 2679 4300 sunt
2709 4249 2856 4302 male
2873 4264 2935 4302 se
2947 4255 3004 4302 et
3021 4253 3265 4316 superbe
3279 4253 3486 4316 egisse.
3511 4254 3716 4304 Resta-

2121 4321 2218 4372 bat
2233 4333 2366 4386 ergo
2383 4326 2447 4372 ut
2459 4321 2868 4372 confiterentur
2883 4327 3202 4386 peccatum,
3221 4323 3380 4375 etille
3393 4325 3716 4388 ignosceret

2121 4391 2216 4453 qui
2240 4397 2474 4444 venerat
2513 4392 2728 4444 solvere
2757 4397 2991 4456 peccata
3028 4393 3216 4456 (Joan.
3243 4394 3333 4458 1.).
3359 4396 3597 4446 Factum
3620 4400 3714 4448 est

2118 4461 2228 4513 hoc
2244 4463 2365 4527 jam
2388 4476 2424 4514 a
2452 4464 2818 4527 quibusdam.
2835 4465 3210 4518 Postmodum
3233 4466 3333 4518 ﬂet
3353 4467 3413 4517 in
3432 4467 3711 4531 pluribus.

2120 4534 2254 4586 Ideo
2279 4535 2651 4597 subjunclum
2675 4539 2788 4586 est:
2815 4536 2884 4584 Et
2899 4536 2962 4584 de
2984 4538 3342 4587 exsecratione
3364 4544 3409 4586 et
3432 4538 3714 4587 mendacio

2118 4621 2232 4654 ann
2243 4606 2676 4656 untiabunturin
2687 4609 3164 4660 consummatione.
3180 4609 3259 4660 De
3269 4621 3336 4662 eo
3352 4609 3502 4672 quod
3515 4610 3714 4661 Domi-

2121 4690 2262 4728 num
2287 4683 2721 4738 execraverunt,
2747 4683 2805 4730 et
2827 4692 3035 4744 corpus
3059 4682 3184 4744 ejus
3208 4681 3458 4732 furatum
3481 4681 3711 4733 mentiti

2045 4729 2103 4803 D
2123 4753 2260 4800 sunt
2281 4749 2491 4812 (Matth.
2517 4747 2649 4813 28.),
2667 4729 2768 4814 per
2780 4729 3180 4812 paenitetat;
3199 4729 3712 4803 sataesatae};

2113 4819 2250 4870 inde
2299 4819 2508 4882 educti,
2543 4821 3043 4874 annuntiabuntur
3087 4822 3148 4874 in
3194 4823 3708 4883 consummatione,

2113 4891 2283 4952 idest,
2309 4892 2782 4956 praedicabantur
2791 4905 2920 4944 esse
2936 4894 3185 4958 perfecti.
3200 4897 3281 4946 De
3293 4895 3418 4959 ipsa
3431 4894 3710 4959 magnitu-

2111 4963 2246 5016 dine
2269 4965 2484 5028 peccati
2508 4964 2637 5029 plus
2665 4964 3140 5028 humiliabuntur,
3177 4971 3236 5018 et
3256 4968 3457 5031 majori
3481 4967 3712 5019 humili-

2112 5040 2228 5088 tate
2252 5037 2392 5100 erigi
2424 5037 2818 5097 merebuntur,
2857 5041 2916 5089 et
2941 5051 3008 5090 eo
3045 5039 3233 5103 magis
3257 5039 3490 5102 perfecti
3517 5044 3708 5101 erunt,

2112 5109 2245 5172 quia
2278 5112 2396 5159 tam
2443 5107 2762 5160 execrabile
2787 5113 3086 5172 peccatum
3112 5123 3176 5162 se
3217 5111 3524 5163 commisse
3551 5109 3711 5162 dole-

2108 5179 2274 5231 bunt.
2301 5181 2370 5230 Et
2393 5179 2500 5231 hoc
2533 5179 2647 5239 fiet,

2173 5251 2258 5305 14.
2286 5252 2352 5299 In
2382 5251 2470 5299 ira
2514 5251 3000 5302 consummationis
3040 5257 3088 5301 et
3129 5268 3240 5303 non
3273 5257 3450 5303 erunt.
3503 5252 3705 5304 Omnis

2108 5322 2364 5374 vindicta
2386 5323 2488 5373 Dei
2504 5323 2589 5374 ira
2613 5323 2837 5376 dicitur.
2865 5323 2974 5376 Sed
2989 5323 3328 5388 plerumque
3351 5326 3423 5378 ad
3445 5325 3555 5376 hoc
3579 5325 3708 5376 vin-

2108 5393 2260 5446 dicat
2286 5395 2458 5458 Deus,
2483 5399 2549 5446 ut
2565 5395 2819 5458 perficiat
2842 5395 2994 5448 sicut
3025 5397 3302 5460 scriptum
3325 5401 3414 5450 est
3445 5413 3459 5447 :
3485 5396 3704 5461 Flagel-

2106 5464 2186 5515 lat
2210 5477 2440 5518 omnem
2467 5465 2646 5516 filium
2672 5478 2846 5529 quem
2871 5467 3070 5531 recipit
3103 5469 3278 5531 (Prov.
3313 5468 3364 5523 3.
3389 5469 3546 5520 Hebr.
3575 5467 3700 5528 η).

2106 5537 2448 5600 Plerumque
2493 5537 2566 5588 ad
2610 5537 2719 5590 hoc
2752 5537 3022 5601 vindicat,
3057 5545 3123 5590 ut
3147 5539 3404 5601 damnet,
3441 5542 3590 5590 sicut
3616 5539 3703 5589 di-

2105 5611 2302 5658 cturus
2329 5614 2418 5660 est
2437 5610 2694 5673 reprobis
2723 5624 2736 5660 :
2774 5613 2856 5662 Ite
2880 5611 2937 5661 in
2965 5611 3156 5672 ignem
3181 5617 3465 5663 aeternum
3489 5611 3700 5673 (Matth.

2103 5679 2230 5740 25.).
2248 5683 2337 5730 Ira
2356 5680 2530 5744 igitur
2553 5683 3086 5743 consummationis,
3114 5688 3204 5734 est
3219 5683 3302 5734 ira
3313 5682 3700 5747 correctionis,

2103 5751 2333 5813 quando
2351 5757 2587 5816 paterna
2611 5753 2692 5804 ira
2717 5754 2967 5806 vindicat
2989 5755 3140 5805 Deus
3167 5754 3364 5819 culpas
3389 5755 3448 5804 in
3472 5754 3582 5805 hoc
3599 5765 3704 5804 sa:-

2103 5821 2251 5878 culo.
2277 5827 2342 5874 ut
2365 5825 2634 5876 emendet
2663 5830 2722 5876 et
2749 5826 3020 5890 perficiat.
3049 5827 3562 5877 Annuntiabuntur
3593 5825 3703 5876 ita-

2101 5906 2210 5956 que
2234 5897 2762 5948 consummationes
2783 5897 2842 5948 in
2865 5897 2947 5949 ira
2970 5897 3502 5956 consummationis,
3523 5897 3697 5954 idest,

2101 5965 2161 6016 in
2185 5963 2281 6017 tali
2314 5965 2414 6031 ira,
2433 5980 2566 6031 qua:
2597 5973 2962 6024 consummet
2987 5981 3104 6033 eos,
3121 5973 3181 6021 et
3204 5969 3476 6034 perﬁciat.
3491 5969 3562 6018 Et
3585 5983 3698 6018 non
