3884 6414
191 427 291 483 881

1206 437 1277 487 IN
1317 436 1630 486 PSALMOS
1669 436 1871 487 LXXV
1894 435 2472 486 COMMENTARIUS.

3387 428 3494 482 88‘.)

189 544 681 624 erunttsubaudis)
696 546 834 597 tales
849 548 1191 610 qualesante
1204 549 1570 624 exstiterant:
1613 550 1796 597 scilicet
1821 551 1873 624 Α
1899 547 2221 598 versionem
2245 546 2522 597 invitans!
2553 546 2606 624 Si
2631 545 2829 624 utique
2852 545 3307 624 peccatanostra
3325 543 3493 623 nobis

187 615 447 676 superbi,
467 623 857 680 exsecrantes,
887 620 1213 670 mendaces.
1250 619 1556 671 Talimodo
1590 620 1795 670 dicitur

186 686 360 735 alibi:
405 689 578 738 Verte
618 689 842 752 impios,
870 695 925 740 et
969 705 1081 740 non
1127 695 1297 742 erunt
1345 693 1522 752 (Prov.
1580 690 1793 752 12-).le

185 759 372 817 scient,
393 761 526 821 quia
545 760 672 807 Dom
685 762 807 807 inus
821 763 1553 825 dominalii!ttrJucol),i(iest,
1571 766 1598 812 ,Ι
1611 763 1792 812 lldttici

186 828 412 890 populi:
462 831 526 878 Et
550 832 749 891 finium
788 839 937 880 terra:
965 834 1132 895 idest,
1159 835 1425 883 Gentium
1466 847 1560 896 per
1590 848 1790 884 omnes

187 905 390 951 terras.
412 903 573 951 Tunc
590 909 905 964 agnoscent
921 905 1168 955 eundem
1190 908 1372 955 Deum
1388 911 1441 956 et
1455 906 1787 955 Judzeorum

184 985 311 1022 esse
330 978 388 1023 et
412 973 698 1024 Gentium.
729 977 1076 1038 Anteajusti
1097 977 1205 1026 sibi
1243 977 1602 1038 videbantur,
1635 977 1789 1038 quod

180 1043 373 1106 legem
396 1051 756 1108 acceperant,
783 1048 935 1109 quod
960 1050 1059 1098 Dei
1091 1054 1375 1111 prmCepta
1399 1055 1785 1100 servaverant.

182 1117 658 1167 Demonstratum
685 1124 774 1168 est
797 1121 879 1168 eis
905 1119 1054 1180 quod
1087 1133 1204 1170 non
1231 1124 1632 1170 servaverunt:
1653 1121 1789 1182 quia

180 1187 240 1236 in
287 1187 372 1237 eis
405 1187 697 1239 Christum
721 1202 837 1240 non
870 1189 1288 1242 intellexerunt.
1319 1190 1607 1242 Videbunt
1633 1192 1786 1254 quod

179 1261 397 1310 Gentes
414 1272 529 1310 non
541 1260 785 1312 debeant
802 1266 1029 1312 contem
1039 1275 1191 1312 nere.
1211 1264 1424 1313 Omnes
1444 1263 1594 1312 enim
1611 1277 1786 1322 pecca-

178 1335 394 1380 verunt
432 1333 488 1381 et
518 1337 690 1394 egent
717 1333 901 1394 gratia
926 1333 1025 1382 Dei
1054 1333 1218 1395 (Item.
1249 1331 1337 1394 3.).
1368 1335 1663 1395 Deponent
1687 1346 1784 1383 su—

177 1402 459 1464 perbiam,
507 1408 563 1452 et
599 1403 770 1454 saluti
802 1405 1068 1454 Gentium
1103 1417 1217 1453 non
1242 1404 1584 1454 invidebunt
1610 1419 1621 1454 :
1648 1405 1783 1466 quia

177 1485 377 1535 parem
406 1485 572 1523 suam
600 1475 898 1524 etillorum
916 1480 1267 1537 cognoscent
1289 1475 1676 1525 infirmitatem
1697 1493 1706 1522 :
1724 1481 1782 1526 et

178 1544 236 1593 in
263 1544 525 1607 angulari
557 1544 742 1608 lapide
766 1545 1014 1609 copulati
1042 1547 1255 1609 {Ep/tes.
1284 1545 1375 1606 2.),
1398 1547 1568 1596 simul
1595 1550 1779 1598 Deum

176 1615 520 1666 adorabunt.
541 1617 755 1667 Dicitur
771 1631 904 1680 ergo
918 1618 1214 1668 deJudteis
1232 1617 1384 1680 quod
1405 1631 1575 1682 supra
1592 1621 1777 1666 dictum

175 1690 265 1736 est
289 1687 359 1736 de
405 1688 684 1738 Gentibus
708 1703 720 1738 :

245 1756 328 1810 15.
363 1758 746 1808 Convertcnlur
768 1760 842 1807 ad
873 1776 1162 1823 vesperam,
1189 1761 1354 1822 idest,
1380 1761 1436 1810 in
1463 1762 1633 1811 finem
1660 1775 1771 1812 sa)-

174 1828 602 1892 culi.Reliquia3
621 1831 771 1881 enim
798 1831 977 1882 salvae
997 1833 1149 1882 fient.
1172 1833 1234 1880 Et
1258 1833 1456 1895 [autem
1486 1833 1642 1882 verbi
1676 1834 1776 1884 Dei

171 1901 456 1963 patientur
480 1907 534 1948 ut
560 1917 732 1962 canes,
752 1902 916 1965 idest,
941 1908 1209 1965 tanquam
1227 1910 1572 1966 peccatores.
1595 1905 1656 1951 Et
1675 1905 1778 1952 cir—

172 1971 400 2020 cuibuut
425 1973 708 2035 civitatem,
727 1973 892 2034 idest,
914 1974 1221 2025 Ecclesium
1251 1980 1600 2037 sanctorum,
1621 1979 1771 2023 vitam

172 2048 233 2093 et
254 2055 443 2093 mores
461 2043 863 2106 investigando
883 2060 893 2094 :
917 2046 1004 2096 vel
1023 2047 1334 2106 civitatem,
1352 2046 1505 2096 idest
1529 2049 1774 2094 mundum

172 2114 501 2164 circuibunt
513 2115 975 2177 evangelizando.
998 2117 1158 2168 Unde
1175 2123 1365 2180 aperte
1380 2117 1504 2179 subj
1517 2118 1780 2178 ungitur:

239 2185 324 2238 16.
361 2186 470 2249 Ipsi
494 2187 870 2249 dispcrgcntur
901 2188 973 2235 ad
1005 2190 1476 2250 manducandum,
1513 2189 1678 2250 idest,
1703 2190 1775 2240 ad

169 2256 316 2307 alios
345 2257 825 2320 incorporandum
852 2259 959 2309 sibi
984 2259 1042 2310 in
1072 2260 1182 2310 tlde
1210 2261 1433 2310 Domini
1456 2263 1595 2311 Jesu
1613 2262 1774 2311 Chri-

171 2330 266 2389 sti,
294 2329 354 2379 Si
379 2344 497 2378 vero
519 2345 630 2377 non
659 2331 866 2392 fuerint
889 2334 1138 2391 saturati,
1163 2333 1328 2395 idest,
1369 2333 1416 2382 Si
1443 2332 1768 2394 praedicatio

168 2401 241 2449 ad
256 2406 453 2451 votum
467 2414 666 2451 eorum
679 2415 793 2452 non
805 2402 1254 2465 fructiticaverit,
1269 2409 1323 2454 et
1337 2404 1441 2465 ipsi
1456 2407 1640 2451 sit-utet
1655 2421 1771 2463 geu-

172 2476 258 2521 tes
276 2472 742 2521 murmurabunt:
773 2475 1059 2536 quomodo
1099 2475 1364 2538 superius
1397 2475 1616 2524 dictum
1641 2480 1766 2526 est:

169 2545 438 2602 Domine,
477 2544 608 2606 quis
645 2545 861 2595 audivit
885 2550 908 2594 Ρ
937 2546 1041 2595 Sed
1071 2547 1189 2609 jam
1215 2546 1592 2596 concludatur
1617 2545 1769 2610 psal-

165 2627 319 2664 mus.
347 2615 550 2665 Videte
575 2615 686 2677 (Ea:
708 2617 1039 2679 Augustino)
1059 2617 1335 2679 angulum
1354 2617 1766 2681 exsultantem,

161 2687 284 2746 jam
300 2685 371 2736 de
386 2691 628 2748 utroque
643 2687 853 2749 pariete
877 2692 1244 2747 gaudentem.
1259 2687 1769 2750 SuperbiebantJu-

165 2757 301 2818 diei,
350 2757 633 2808 humiliati
682 2763 835 2809 sunt.
881 2760 1268 2822 Desperabant
1305 2761 1535 2819 Gentes,
1561 2765 1767 2811 erectae

166 2833 326 2878 sunt.
353 2829 602 2880 Veniant.
629 2829 701 2880 ad
737 2830 1036 2892 angulum.
1063 2831 1147 2880 lbi
1172 2832 1517 2881 conveniant
1543 2846 1554 2880 :
1592 2830 1669 2880 illi
1695 2832 1767 2882 de

163 2900 623 2960 circumcisione,
653 2900 749 2951 isti
773 2901 840 2950 de
854 2902 1152 2964 praaputio.
1175 2903 1236 2951 In
1253 2901 1463 2962 angulo
1479 2907 1668 2952 autem
1685 2908 1768 2953 te-

162 2976 342 3022 neant
356 2973 519 3023 se.Et
544 2976 661 3022 tota
682 2973 802 3035 jam
829 2972 1081 3023 Ecclesia
1106 2973 1244 3034 quid
1267 2975 1765 3036 subjungataudiu-

160 3057 316 3095 mus.
347 3044 462 3106 Ego
474 3049 647 3092 autem
668 3044 892 3093 cantabo
907 3045 1283 3106 fortitudinem
1306 3052 1475 3104 tuam,
1494 3051 1537 3092 et
1554 3045 1764 3092 exulta-

161 3116 224 3164 bo
252 3130 420 3165 mane
447 3116 874 3164 misericordiam
903 3122 1070 3164 tuam.
1100 3118 1305 3166 Sancta
1325 3117 1635 3166 electorum
1660 3118 1764 3166 Ec.-

159 3188 340 3239 clesia
378 3187 785 3252 fortitudinem,
814 3200 929 3249 qua
961 3187 1247 3238 diabolum
1284 3188 1437 3249 vicit,
1470 3201 1583 3250 qua
1608 3201 1760 3237 mor-

161 3267 281 3311 tem
309 3259 621 3322 superavit,
640 3271 755 3320 qua
771 3259 1057 3310 infernum
1076 3260 1339 3322 spoliavit
1357 3278 1366 3306 :
1384 3265 1556 3322 atque
1586 3257 1757 3326 293

159 3333 287 3395 ejus
317 3331 1240 3411 misericordiam,qualiumanuin
1259 3333 1755 3411 genusredei‘i'iitet
1784 3339 1832 3411 Ο

161 3408 397 3468 peccata
420 3403 651 3452 dimisit.
668 3405 784 3452 Ista
796 3406 989 3453 omnia
1010 3403 1258 3454 Ecclesia
1284 3403 1533 3453 cantabit
1549 3412 1592 3450 et
1609 3408 1756 3451 exul-

161 3475 330 3525 tabit:
358 3480 415 3524 et
440 3475 547 3524 hoc
572 3487 756 3536 mane,
782 3474 838 3524 id
860 3477 964 3533 est,
990 3475 1048 3524 in
1076 3475 1503 3535 resurrectione,
1527 3475 1757 3536 quando

163 3545 466 3595 transactis
480 3545 654 3607 hujus
674 3545 848 3595 seculi
869 3546 1134 3606 tenebris,
1159 3546 1454 3608 apparebit
1487 3547 1568 3595 sol
1586 3546 1760 3608 justi—

162 3617 255 3667 tiee
286 3615 433 3678 (Mat.
462 3617 494 3668 4
517 3618 551 3677 ).
578 3620 634 3666 et
665 3617 809 3678 justi
835 3617 1133 3678 fulgebunt
1156 3622 1220 3667 ut
1255 3618 1356 3677 sol,
1389 3618 1445 3666 in
1470 3630 1645 3678 regno
1667 3632 1760 3679 pa-

165 3689 265 3738 tris
307 3700 506 3737 eorum
546 3687 694 3749 (Sap.
721 3686 780 3744 3;
806 3689 998 3738 Matth.
1031 3687 1155 3747 13.).
1185 3690 1308 3738 Non
1332 3689 1486 3738 enim
1519 3688 1760 3750 perfecte

163 3759 536 3823 potestmodo
550 3761 781 3809 cantare
797 3761 1087 3809 canticum
1102 3759 1330 3809 Domini
1346 3761 1404 3809 in
1433 3763 1576 3809 terra
1593 3764 1757 3806 aliena

163 3831 330 3892 (Psat.
383 3829 545 3891 136.),
593 3831 851 3892 quandiu
895 3832 1075 3893 sedet,
1111 3835 1167 3881 et
1201 3831 1296 3880 tiet
1322 3844 1494 3894 super
1517 3831 1624 3881 hos
1651 3834 1760 3881 llu-

163 3908 294 3953 ctus
320 3901 647 3963 Babylonis,
674 3902 824 3951 inter
848 3902 954 3951 hos
979 3902 1258 3952 decursus
1279 3903 1582 3964 j'n‘azsentis
1603 3903 1757 3953 vitm.

162 3974 268 4024 Sed
299 3972 530 4034 quando
554 3973 821 4022 transibit
841 3973 894 4022 in
909 3973 1096 4023 locum
1120 3974 1469 4023 tabernaculi
1492 3976 1762 4020 admirabi-

161 4045 248 4105 lis,
281 4057 470 4105 usque
499 4043 570 4093 ad
597 4044 828 4093 domum
863 4045 983 4100 Dei,
1015 4049 1148 4094 tunc
1175 4045 1272 4093 tiet
1306 4047 1512 4093 cantus
1537 4045 1595 4094 in
1622 4059 1759 4096 voce

160 4115 539 4166 exultationis
568 4115 826 4165 etlaudis
849 4115 1010 4175 (Psal.
1039 4115 1166 4176 41.).
1198 4115 1754 4166 Undealibidicitur:

161 4186 318 4237 Beati
351 4186 448 4248 qui
482 4186 746 4236 habitant
769 4187 822 4236 in
853 4187 1022 4236 domo
1051 4192 1164 4250 tua,
1186 4189 1356 4244 Deus,
1381 4188 1644 4237 insecuta
1674 4201 1760 4236 se-

159 4259 424 4309 culorum
449 4256 768 4308 laudabunt
792 4264 846 4308 te
881 4258 1040 4319 (Psal.
1068 4256 1135 4311 83
1160 4262 1193 4321 ).
1228 4261 1296 4309 Et
1320 4259 1502 4308 reddit
1523 4271 1757 4309 causam

161 4341 340 4392 quare
377 4334 623 4391 cantare,
649 4334 706 4380 et
729 4330 987 4380 exultare
1011 4330 1232 4390 debeat,
1261 4343 1392 4380 cum
1417 4330 1719 4392 subjungit
1745 4349 1755 4378 :

221 4400 312 4454 17.
366 4401 507 4457 Quia
549 4400 722 4462 factus
775 4416 825 4449 es
867 4407 1132 4464 susceptor
1182 4417 1346 4462 meus,
1393 4407 1438 4449 et
1482 4401 1758 4462 refugium

163 4486 346 4520 meum
359 4471 418 4519 in
434 4472 518 4519 die
532 4471 900 4521 tribulationis
911 4487 1050 4522 meae.
1072 4475 1135 4522 In
1152 4472 1424 4535 praesenti
1439 4473 1568 4534 vita,
1588 4473 1643 4521 in
1660 4488 1759 4532 qua

162 4543 473 4594 tribulatur
496 4545 701 4602 omnis,
747 4545 843 4607 qui
864 4545 1022 4606 juste
1049 4545 1208 4601 vivit,
1237 4546 1416 4594 factus
1441 4556 1504 4593 es
1530 4545 1600 4593 ab
1634 4544 1759 4605 ipsa

163 4616 534 4666 tribulatione
559 4629 722 4666 meus
761 4623 1076 4680 susceptor,
1111 4621 1283 4678 atque
1310 4617 1380 4666 ab
1407 4616 1758 4666 instantibus

159 4687 428 4750 periculis
447 4688 1082 4750 tutumfrefugiumNisi
1097 4689 1248 4738 enim
1268 4693 1327 4738 tu
1347 4688 1702 4750 suscepisses
1715 4695 1759 4734 et

160 4761 475 4820 salvasses,
521 4772 690 4810 nemo
731 4766 886 4811 esset
910 4761 1006 4822 qui
1048 4761 1196 4810 inter
1224 4764 1303 4811 tot
1326 4766 1382 4810 et
1431 4765 1589 4810 tanta
1613 4761 1761 4810 mala

160 4831 483 4881 subsistere
517 4831 820 4894 potuisset.
855 4833 985 4882 Ideo
1012 4832 1198 4882 adhuc
1227 4833 1419 4882 subdit
1447 4846 1458 4881 :

221 4903 312 4954 '18.
338 4902 574 4964 Adjutor
590 4918 754 4964 meus,
791 4905 884 4951 tibi
908 4904 1153 4967 psallam.
1179 4906 1331 4954 Bona
1356 4918 1525 4967 opera
1551 4918 1679 4968 quae
1707 4910 1760 4955 te

159 4976 456 5037 aspirante
482 4978 538 5024 et
563 4975 878 5026 auxiliante
905 4977 1077 5038 gessi,
1099 4977 1197 5026 tibi
1223 4978 1523 5027 ascribam.
1554 4980 1620 5028 Et
1647 4990 1760 5026 me-

159 5050 288 5098 rito.
341 5046 482 5104 Quia
529 5047 668 5095 Deus
704 5053 971 5110 susceptor
1017 5063 1164 5095 meus
1204 5064 1270 5095 es.
1301 5050 1419 5098 Non
1460 5053 1762 5110 susceptor

161 5119 356 5177 homo,
407 5116 509 5167 sed
558 5123 855 5181 susceptor
896 5119 1068 5175 Deus,
1104 5119 1199 5180 qui
1229 5121 1398 5170 etiam
1426 5125 1760 5183 susceptum

157 5189 411 5240 deificat.
437 5190 577 5236 Deus
601 5204 749 5237 meus
775 5190 885 5250 (Ea:
916 5190 1263 5252 Augustino],
1291 5191 1389 5252 qui
1417 5205 1506 5242 me
1534 5192 1758 5241 creasti.

156 5260 537 5308 Misericordia
561 5276 698 5322 mea,
725 5263 822 5322 qui
840 5274 931 5311 me
959 5261 1209 5311 salvasti.
1226 5263 1546 5312 Attendens
1573 5264 1763 5312 omnia

158 5334 328 5392 bona,
348 5344 709 5394 quaicunque
726 5333 938 5384 habere
965 5346 1294 5395 possumus,
1315 5335 1437 5384 sive
1454 5334 1511 5384 in
1537 5341 1760 5384 natura.

159 5404 276 5454 sive
303 5404 361 5452 in
389 5403 788 5466 conversione,
807 5403 868 5453 in
898 5404 1028 5461 fide,
1055 5405 1116 5455 in
1155 5418 1272 5466 spe,
1321 5405 1379 5454 in
1425 5406 1678 5456 caritate.
1705 5407 1762 5455 in

160 5475 328 5525 bonis
356 5474 630 5538 moribus,
656 5475 713 5525 in
733 5476 979 5537 justitia,
1006 5476 1062 5525 in
1091 5478 1292 5527 timore
1311 5477 1555 5539 Domini,
1579 5483 1762 5528 totum

158 5559 276 5597 non
301 5558 431 5596 esse
454 5546 565 5595 nisi
595 5559 667 5596 ex
694 5546 844 5597 illius
885 5557 903 5575 ⁸
935 5547 1101 5598 bonis
1131 5567 1142 5594 :
1188 5548 1266 5598 ita
1293 5549 1590 5610 conclusit,
1627 5550 1763 5597 Deus

163 5631 330 5678 meus,
380 5617 753 5665 misericordia
825 5634 960 5667 mea.
1043 5620 1166 5669 Non
1221 5620 1440 5670 invenit
1493 5620 1762 5683 impletus

161 5689 348 5750 bonis,
397 5688 535 5750 quid
570 5689 879 5752 appellaret
930 5693 1110 5740 Deum
1153 5705 1345 5752 suum,
1393 5692 1504 5741 nisi
1539 5693 1762 5742 miseri-

157 5760 412 5810 cordiam
465 5773 649 5810 suam.
688 5761 732 5811 Ο
776 5761 942 5812 dulce
993 5775 1219 5820 nomen,
1255 5764 1362 5813 sub
1407 5776 1520 5825 quo
1549 5764 1764 5813 nemini

157 5832 586 5895 desperandum
615 5836 722 5896 est,
749 5846 953 5885 omnes
971 5834 1295 5897 consolans,
1323 5847 1521 5885 omnes
1539 5834 1612 5885 ad
1631 5849 1764 5886 con—

226 5987 241 6004 ·
275 5977 445 6042 Apud
468 5977 884 6040 Augustinum,
909 5977 1084 6029 donis.

1895 624 2116 669 tantum
2158 619 2492 677 din'iisisset,
2519 617 2846 666 misericors
2875 619 3025 665 recte
3053 614 3164 664 dici
3191 613 3490 672 potuisset.

1897 691 2056 739 Nunc
2090 689 2220 752 quia
2251 693 2305 739 et
2336 693 2567 752 peccata
2592 687 2900 738 diinisit.ct
2926 687 3166 747 insuper
3180 685 3494 735 donaaddi-

1894 761 1992 822 dit,
2025 759 2603 821 ettquodincredibile
2627 761 2762 818 erat.)
2779 759 2948 806 etiam
2968 758 3255 806 czrlestem
3277 759 3489 815 gloriam

1891 831 2190 880 immeritis
2210 830 2599 892 peccatoribus
2624 829 2877 884 donavit,
2909 840 3018 876 non
3047 826 3232 875 solum
3255 827 3374 888 jam
3394 826 3490 875 mi-

1892 902 2132 952 sericors
2154 901 2376 958 dicitur,
2392 899 2489 949 sed
2507 901 2626 962 ipsa
2641 899 3028 948 misericordia
3053 897 3489 960 digneappella-

1890 977 1996 1022 tur.
2028 974 2190 1022 Dicat
2215 986 2347 1033 ergo
2374 985 2531 1031 voce,
2559 975 2614 1020 et
2641 970 2808 1019 corde
2843 970 3108 1019 Ecclesia.
3148 970 3311 1019 Dicat
3352 981 3487 1017 una-

1890 1057 2138 1106 quaeque
2175 1042 2359 1092 ﬁdelis
2385 1045 2572 1102 anima,
2594 1043 2729 1089 Deus
2758 1057 2918 1099 incus,
2949 1039 3320 1089 mis‘cricorditt
3347 1055 3488 1090 mea.

2203 1131 2566 1193 TITULUS
2622 1129 2940 1192 PSALMI
2984 1129 3160 1192 LIX.

1949 1237 1992 1281 1.
2012 1236 2055 1277 el
2068 1233 2248 1279 2.Deus
2261 1231 2505 1288 repulisti.
2520 1229 2671 1291 [\'ers.
2684 1233 2701 1277 1
2716 1267 2726 1276 .
2742 1229 2748 1288 Ι
2767 1229 2823 1275 In
2840 1231 2996 1289 [luem
3008 1243 3122 1287 ,pro
3135 1228 3337 1291 his,qui
3349 1243 3486 1276 com-

1883 1292 2243 1340 mutubuntur
2272 1292 2620 1353 inscriptione
2645 1291 2784 1337 tituli
2812 1291 2912 1352 ipsi
2939 1291 3109 1339 David
3150 1291 3207 1337 in.
3233 1293 3484 1338 doctrina.

1881 1355 2157 1419 [Videam
2181 1355 2460 1419 succeudtt_
2483 1353 3154 1419 Mcs‘opolamidpt__$yria3,
3179 1358 3221 1400 et
3251 1354 3480 1419 big/riam

1884 1415 2060 1476 Sobel,
2075 1424 2118 1465 et
2139 1417 2399 1464 'couvcrtit
2424 1416 2575 1473 ι1‹)‹ι[ι,
2596 1415 2904 1476 etpereussit
2920 1415 3095 1461 Edent
3113 1415 3168 1461 in
3186 1415 3318 1461 valle
3335 1415 3482 1462 Suti-

1881 1496 2083 1528 narum
2117 1480 2394 1527 duodecim
2416 1480 2591 1525 millia
2618 1480 2685 1537 {2.
2703 1479 2821 1537 Reg.
2839 1481 2886 1526 8.
2916 1483 2959 1524 et
2979 1482 3064 1535 1t);
3086 1483 3130 1527 1.
3153 1476 3338 1526 Paral.
3361 1481 3474 1537 18.).

1880 1545 2224 1592 MortuoSaule
2255 1549 2511 1600 postquam
2530 1542 2681 1588 David
2721 1542 2937 1586 obtinuit
2972 1555 3200 1595 regnum.
3221 1543 3480 1587 succendit

1879 1607 2294 1662 Mesopotamiam,
2309 1607 2494 1651 scilicet
2511 1610 2693 1661 partem
2711 1603 2884 1660 Syriae,
2900 1610 2942 1647 et
2963 1605 3154 1660 Syriam
3170 1604 3312 1648 Sobal
3327 1604 3475 1649 aliam

1879 1677 2064 1727 partem
2083 1669 2559 1725 Syrito,t-tconvertit
2574 1669 2633 1711 ad
2655 1680 2705 1710 se
2721 1666 2839 1709 Joab
2856 1667 3117 1710 inimicum
3135 1679 3280 1710 suum
3296 1671 3341 1709 et
3356 1680 3478 1723 per-

1879 1732 2214 1782 cussitl'ldom,
2242 1732 2289 1774 id
2315 1734 2411 1784 est,
2429 1731 2696 1774 lduniteum
2719 1729 2977 1785 populum.
2997 1728 3118 1784 quia
3136 1734 3238 1772 erat
3257 1729 3477 1784 populus

1879 1795 1965 1839 ille
1989 1796 2049 1838 de
2101 1798 2227 1837 terra
2253 1795 2467 1838 ldumwa
2519 1791 2716 1851 (ϐέλη-(ιδ.
2764 1791 2882 1848 2Ξ5.),
2909 1805 3022 1846 qua:
3062 1792 3133 1834 sic
3180 1797 3351 1834 vocata
3382 1791 3476 1835 fuit

1877 1858 1936 1901 ab
1963 1857 2087 1900 Esau
2138 1857 2427 1912 habitatore,
2477 1855 2564 1909 qui
2629 1857 2828 1897 vocatus
2875 1853 2965 1896 fuit
3001 1851 3149 1895 Edoni
3199 1857 3473 1908 l‘iroptei'ea,

1806 1918 2207 1995 Bt‘Illiit‘tiiitWii.
2237 1922 2464 1995 terrena,
2497 1918 2581 1986 lter
2625 1916 2712 1960 has
2755 1920 2916 1995 autem
2966 1914 3477 1995 victoriuas'intellexit

1882 1974 2031 2026 David
2078 1979 2307 2024 victorias
2353 1978 2556 2031 Christi,
2602 1991 2727 2034 quas
2764 1974 2984 2021 facturus
3007 1982 3109 2020 erat
3135 1976 3186 2019 in
3210 1976 3406 2021 Judaeos
3431 1983 3475 2021 et

1880 2044 1932 2088 in
1963 2045 2158 2091 (lentes.
2191 2043 2388 2087 Titulus
2428 2042 2498 2086 sic
2538 2045 2631 2083 est:
2683 2040 2772 2083 Iste.
2797 2039 3021 2096 psalmus
3062 2039 3263 2083 habitus
3292 2045 3362 2083 est
3389 2053 3474 2096 pro

1877 2106 1976 2160 his,
2002 2106 2052 2150 id
2079 2113 2170 2158 est,
2210 2104 2269 2149 ad
2298 2105 2538 2148 honorem
2569 2103 2793 2154 illorum,
2831 2102 2918 2158 qui
2944 2102 3394 2148 commulabuntur
3419 2103 3472 2146 in

1878 2177 2046 2228 tinem,
2075 2176 2124 2220 id
2147 2179 2238 2227 est,
2266 2175 2318 2220 in
2348 2174 2621 2228 Christum,
2854 2172 2930 2216 vel
2955 2172 3007 2217 in
3030 2171 3470 2229 perseverantiam,

1876 2245 2100 2291 Ostendit
2146 2245 2269 2289 duas
2301 2242 2714 2289 commutationes
2742 2242 2904 2298 justi:
2952 2255 3101 2288 unam
3137 2242 3190 2286 in
3228 2243 3320 2288 hac
3347 2244 3468 2295 vita,

1873 2319 1986 2365 qua:
2011 2308 2062 2352 ﬁt
2095 2308 2155 2351 de
2197 2311 2394 2364 peet-ato
2432 2306 2490 2349 ad
2522 2305 2797 2360 justitiam:
2839 2305 3114 2350 secundum
3143 2305 3196 2348 in
3221 2304 3321 2349 alia
3347 2305 3466 2360 vita,

1869 2383 1982 2426 qum
2007 2376 2077 2413 est
2103 2370 2162 2413 de
2189 2368 2482 2413 mortalitate
2506 2369 2566 2412 ad
2595 2367 3038 2413 immortalitatem.
3075 2368 3196 2419 Qua:
3238 2380 3468 2411 commu-

1876 2432 1990 2477 tatio
2017 2434 2096 2476 tiet
2129 2431 2453 2487 inscriptione
2489 2431 2619 2474 tituli
2653 2436 2881 2484 suscepta
2912 2442 2999 2486 per
3041 2429 3208 2482 ﬁdem,
3255 2429 3466 2482 scilicet,

1871 2494 1991 2552 quia
2007 2494 2215 2538 credunt
2231 2494 2482 2538 Christum
2499 2505 2660 2549 regem
2680 2492 2969 2536 Judzeorum
3005 2491 3336 2547 lnscriptioue
3351 2492 3466 2536 dico

1873 2557 1998 2602 facta
2022 2557 2118 2613 ipsi
2153 2556 2328 2609 David,
2357 2556 2404 2599 id
2442 2560 2533 2608 est,
2566 2554 2781 2607 Christo,
2815 2555 2981 2598 eundo
3009 2552 3060 2597 in
3088 2553 3384 2608 doctrinam,
3411 2554 3464 2600 id

1870 2619 2029 2672 est,iu
2050 2624 2288 2675 [)I‘EDCOpiil
2311 2619 2438 2674 ejus.
2466 2617 2783 2672 subiiciendo
2799 2629 2850 2660 se
2873 2616 2969 2671 legi
2990 2616 3151 2672 ipsius
3184 2616 3387 2667 Christi,
3412 2622 3465 2660 ut

1869 2680 2147 2726 secundum
2173 2694 2279 2726 eam
2300 2680 2458 2730 legem
2490 2685 2774 2736 operentur.
2814 2681 2936 2729 Quia
2954 2679 3075 2722 fides
3091 2678 3201 2722 sine
3227 2677 3464 2734 operibus

1869 2750 2063 2787 mortua
2076 2748 2147 2788 est
2189 2740 2390 2801 (Jacob.
2415 2741 2497 2798 2.).
2521 2740 2966 2787 Commutabuntur
2982 2739 3094 2784 dico
3113 2753 3225 2784 cum
3251 2752 3459 2785 succen-

1868 2807 1957 2863 dit,
1979 2806 2129 2858 idest,
2147 2818 2233 2861 per
2255 2806 2347 2850 hoc
2373 2805 2503 2862 quod
2524 2805 2782 2850 succendit
2804 2804 2919 2859 igne
2939 2802 3039 2860 Dei,
3061 2803 3459 2858 Mesopotamiam

1867 2869 2042 2924 Syriae,
2077 2868 2126 2912 id
2171 2873 2259 2918 est,
2303 2869 2518 2925 JUdiBOS,
2555 2880 2680 2924 quos
2722 2865 2945 2910 vocando
2986 2864 3201 2910 elevavit
3232 2865 3286 2909 in
3310 2865 3459 2909 altam

1866 2931 2178 2987 dignitatem,
2201 2929 2290 2987 qui
2324 2931 2465 2985 prius
2490 2934 2628 2973 erant
2653 2928 2914 2984 sublimes,
2935 2926 2982 2971 id
3022 2931 3111 2986 est,
3138 2926 3462 2987 singulariter

1865 2985 2069 3050 superbi
2084 2992 2141 3036 do
2155 2985 2438 3048 cognitione
2461 2991 2544 3035 Dei
2565 3007 2574 3034 :
2596 2989 2938 3046 Mesopotamia
2956 2989 3090 3032 enim
3103 2985 3222 3033 altu
3237 2987 3458 3044 vocalia,

1865 3049 2009 3110 Syria
2032 3068 2147 3098 vero
2180 3049 2424 3097 sublimis
2457 3053 2825 3108 interpretatur.
2855 3050 2907 3094 Et
2933 3049 3062 3094 idem
3089 3050 3318 3094 Christus
3348 3063 3462 3095 suc-

1864 3117 2027 3161 cendit
2058 3116 2252 3172 Syriam
2276 3115 2439 3170 Sobal,
2463 3113 2619 3167 idest,
2640 3111 2772 3169 ipsos
2794 3112 2992 3156 ludi-eos
3013 3113 3276 3164 sublimes,
3296 3117 3338 3157 et
3366 3125 3458 3157 su-

1863 3178 2038 3235 perbos
2056 3178 2114 3221 de
2136 3190 2259 3220 vana
2276 3181 2531 3227 vetustate,
2548 3176 2597 3221 id
2631 3181 2719 3234 est,
2738 3177 2796 3220 de
2811 3174 3098 3219 carnalibus
3123 3175 3460 3219 observantiis

1864 3241 2004 3295 legis.
2029 3240 2402 3294 Sobalnamque
2430 3252 2574 3283 vana
2593 3242 2816 3282 uetustas
2853 3239 3224 3293 interpretatur.
3254 3237 3308 3280 Et
3340 3249 3453 3282 con.

1861 3303 2074 3346 vertitab
2101 3301 2379 3346 Idololatria
2400 3302 2458 3345 ad
2485 3301 2630 3345 tidem
2648 3314 2788 3343 suam
2813 3300 2949 3353 Joab,
2966 3300 3014 3343 id
3038 3304 3126 3351 est,
3147 3297 3456 3351 inimicum,

1863 3365 2058 3410 scilicet.
2074 3363 2303 3414 :cnliletn
2322 3364 2583 3420 populum,
2606 3364 2693 3418 qui
2716 3362 2905 3406 nullam
2938 3362 3272 3415 cognitionem
3286 3362 3345 3405 de
3367 3362 3457 3404 Deo

1863 3428 2088 3473 habebat.
2116 3428 2169 3470 Et
2195 3427 2455 3482 percussit,
2479 3426 2526 3469 id
2574 3431 2663 3476 est,
2691 3424 2955 3468 emunitus“
2978 3425 3036 3467 de
3064 3424 3356 3468 itinde-litate
3378 3423 3459 3467 ad-

1861 3491 2004 3535 iidem
2040 3489 2273 3542 Edom,id
2295 3495 2384 3536 est,
2406 3488 2669 3538 gentilium
2714 3489 2948 3543 populum
2975 3486 3182 3530 terrenis
3212 3486 3454 3543 deditum,

1862 3554 1938 3597 vel
1963 3553 2011 3596 in
2037 3554 2215 3609 peccati
2237 3552 2538 3602 sanguinein
2580 3551 2730 3594 Edoni
2755 3552 3239 3605 namqueterrenus,
3260 3549 3332 3591 vel
3353 3561 3452 3591 sua

1861 3612 2089 3674 guincus
2137 3615 2505 3670 interpretatur.
2561 3613 2802 3656 Percussit
2842 3612 3170 3654 lci-renitatem
3207 3612 3456 3668 gentium,

1860 3673 1993 3733 quod
2015 3677 2118 3731 jam
2148 3682 2336 3719 terre-na
2371 3690 2464 3720 non
2495 3680 2793 3731 qua-rerent.
2829 3675 2915 3717 l'er
2939 3674 3028 3716 hoc
3053 3675 3291 3718 convertit
3316 3673 3452 3729 Joab,

1859 3739 1906 3782 id
1934 3743 2024 3786 est.
2048 3738 2282 3791 gentilem
2324 3739 2592 3794 populum:
2625 3745 2669 3780 et
2719 3738 2780 3780 ita
2816 3738 3056 3792 percussit
3081 3750 3182 3786 eos,
3213 3741 3265 3779 ut
3293 3738 3456 3778 essent

1860 3802 1914 3845 in
1939 3800 2069 3845 valle
2091 3800 2390 3845 Salinaruin.
2417 3802 2467 3844 ln
2487 3800 2616 3843 valle
2643 3801 2864 3850 fuerunt,
2894 3799 2942 3842 id
2969 3804 3062 3849 est,
3080 3798 3130 3840 in
3151 3798 3450 3841 humilitate.

1859 3877 1971 3919 qum
1987 3869 2058 3907 est
2078 3867 2228 3906 mater
2242 3862 2537 3906 virtutumet
2561 3862 2938 3904 condimentum
2961 3861 3211 3911 omnium,
3239 3857 3450 3903 sicutsal

1860 3926 2103 3971 ciborum.
2129 3925 2251 3974 Quia
2277 3926 2363 3979 qui
2391 3925 2501 3967 sine
2528 3922 3028 3966 humilitatevirtutes
3042 3926 3324 3976 congregat,
3346 3920 3454 3976 pul-

1862 4002 2020 4031 verum
2050 3987 2100 4031 in
2122 3993 2323 4030 ventum
2351 3991 2524 4041 portat.
2570 3985 2812 4028 Percussit
2837 3985 2947 4028 dico
2970 3983 3235 4027 dnodecim
3270 3982 3452 4039 millia,

1862 4050 2012 4102 idest,
2039 4063 2212 4093 omnes
2238 4049 2289 4092 in
2315 4047 2717 4103 quatuorniundi
2739 4046 3114 4099 partibuslidem
3141 4045 3453 4088 sant-tai'l‘ri-

1862 4114 2030 4156 uitatis
2053 4115 2357 4156 conlitenles.
2382 4111 2466 4153 l'er
2486 4109 2623 4152 inille
2648 4108 2882 4164 perfectio
2919 4107 3218 4160 intelligitur
3255 4106 3454 4149 Materia

1860 4181 1977 4219 sunt
2003 4175 2095 4231 ipsi
2123 4172 2652 4220 cmmnutandi.ludtei.
2674 4176 2717 4214 et
2743 4170 3036 4214 llentilcsad
3060 4169 3449 4213 ﬁdemeonversi

1859 4250 1945 4295 per
1970 4230 2149 4282 Christi
2177 4236 2538 4293 percussiones.
2569 4234 2737 4278 Modus
2763 4247 2771 4276 :
2796 4234 2846 4276 In
2868 4232 3028 4288 prima
3051 4236 3201 4295 parte
3235 4230 3450 4295 ostendit

1859 4292 1944 4357 per
1971 4301 2153 4344 multas
2180 4292 2409 4343 rationes
2444 4303 2488 4340 et
2529 4309 2612 4353 per
2655 4296 2993 4339 auctoritatem
3046 4292 3208 4350 ipsius
3237 4293 3319 4337 Dei
3342 4306 3448 4357 esse

1858 4355 2234 4407 commutandos
2258 4361 2316 4405 de
2343 4365 2536 4418 peccato
2549 4359 2606 4403 ad
2623 4358 2885 4413 justitiam
2920 4359 2969 4401 In
2984 4356 3226 4414 secunda,
3249 4368 3361 4418 qua;
3382 4355 3455 4398 iii-

1859 4423 2220 4480 cipit,Salvum
2270 4424 2342 4467 fac
2368 4423 2564 4467 dextera
2595 4426 2691 4476 tua,
2739 4419 2952 4464 ostendit
3001 4431 3084 4462 eos
3128 4417 3451 4480 pereundum

1859 4479 2296 4532 commutationem
2314 4486 2572 4543 pervenire
2589 4484 2645 4527 ad
2665 4483 2815 4526 aliain
2833 4481 3288 4533 commutationem,
3308 4479 3453 4523 scili-

1859 4553 1930 4591 cet
1949 4548 2315 4593 dei'nortalitale
2328 4549 2386 4592 ad
2412 4545 2851 4592 immortalitatem.
2874 4543 3088 4589 lnlentio
3106 4547 3194 4600 est,
3224 4546 3275 4585 ut
3309 4553 3454 4585 nemo

1861 4615 2141 4654 contemnat
2163 4612 2281 4656 istas
2305 4611 2668 4668 percussiones,
2695 4608 2775 4652 sed
2813 4608 3053 4663 patienter
3070 4606 3225 4649 ferant
3251 4604 3456 4648 adversa

1863 4672 2016 4727 hujus
2050 4673 2252 4727 mundi,
2284 4675 2404 4730 quia
2429 4686 2610 4730 pereas
2632 4672 2884 4716 habebunt
2912 4675 3158 4724 utrunque
3188 4672 3457 4730 commula-

1865 4735 2070 4808 titiut_!rn.
2099 4737 2197 4808 Υ.οκ
2231 4727 2443 4803 ᾱιῐῖάυινη-
2479 4746 2832 4780 conversurum
2860 4745 2954 4808 ‘per
2993 4731 3225 4808 victorias
3252 4727 3454 4798 Christi.

1862 4797 1916 4840 Et
1945 4798 2065 4851 quia
2095 4797 2275 4842 dicturi
2303 4802 2443 4841 erant
2469 4812 2519 4841 se
2556 4795 2952 4849 ('t_)lllllllllillld)5,
2978 4794 3256 4838 ostenditur
3296 4791 3456 4849 prius,

1862 4858 1996 4903 unde
2027 4866 2414 4918 commutentur,
2437 4873 2550 4904 cum
2584 4861 2769 4905 dicitur
2801 4871 2813 4906 :

2347 4955 2750 5018 PSALMUS
2807 4953 2978 5016 LIX.

1923 5054 1972 5106 3.
1997 5053 2134 5100 Deus
2175 5053 2417 5116 repulisti
2442 5068 2557 5114 nos,
2603 5066 2635 5102 a
2689 5051 2940 5115 paradisi
2983 5049 3226 5113 gaudiis,
3251 5061 3285 5098 δ.
3317 5060 3454 5098 con-

1861 5124 2460 5187 templationeintii'nm
2491 5124 2748 5174 visionis.
2777 5123 2840 5170 Et
2860 5122 3171 5170 (lt’Slruxl-sll
3193 5135 3304 5170 nos.
3332 5123 3458 5170 Cor-

1860 5196 2123 5258 ruptione
2173 5194 2567 5258 passibilitatis
2616 5199 2673 5244 et
2721 5193 3098 5243 mortalitatis.
3147 5194 3320 5240 Iratus
3367 5197 3457 5248 cst,

1861 5272 2088 5332 propter
2112 5270 2344 5329 peccata
2361 5271 2577 5315 nostra:
2603 5265 2701 5314 sed
2721 5269 2948 5326 promer
2966 5266 3277 5316 bonitatem
3301 5268 3458 5312 tuam

1861 5340 2108 5386 misertus
2152 5354 2201 5385 cs
2246 5335 2416 5386 nobis.
2468 5336 2612 5384 Ilinc
2659 5336 2790 5385 alibi
2827 5334 3073 5384 dicitur:
3102 5337 3241 5384 Cum
3273 5335 3454 5384 iratus

1863 5411 2053 5471 fueris,
2091 5407 2494 5459 misericordia:
2539 5406 2923 5456 recordaberis
2970 5406 3193 5466 {Hal/uc,
3220 5405 3310 5467 3.).
3337 5407 3458 5455 Ma-

1861 5496 2010 5544 gnus
2022 5494 2292 5531 accessus
2307 5479 2376 5528 ad
2392 5481 2573 5528 Deum
2589 5482 2678 5527 est
2691 5478 2937 5540 cognitio
2950 5477 3319 5526 infmlicitatis
3333 5494 3454 5528 suae.

1864 5553 2041 5603 Valde
2072 5553 2208 5602 utile
2234 5555 2321 5602 est
2344 5551 2551 5600 anima:
2580 5562 2816 5612 pensare
2843 5547 2993 5597 unde
3017 5547 3236 5606 cecidit,
3268 5547 3456 5598 videre

1863 5626 1959 5674 ubi
1989 5626 2140 5687 jacet
2175 5640 2186 5674 :
2222 5624 2484 5685 plmgere
2509 5621 2956 5671 destructionem
2985 5631 3151 5668 suam
3182 5631 3252 5667 ex
3278 5619 3455 5667 amis-

1865 5698 2024 5747 sione
2053 5696 2319 5759 justiti-.e:
2348 5700 2518 5755 atque
2544 5694 2597 5742 in
2624 5693 2714 5742 his
2741 5692 2878 5741 iram
2906 5689 3454 5751 formidarejudicis.

1865 5770 1971 5829 Qui
2003 5770 2108 5818 hoc
2137 5769 2286 5829 facit,
2311 5765 2752 5816 iiiisei'icoi"tli;tii'i
2796 5764 3018 5814 Domini
3052 5764 3452 5823 consequetur.

1864 5841 2049 5890 Iratus
2076 5855 2136 5890 es
2155 5839 2372 5902 (inquit)
2404 5843 2456 5888 et
2492 5837 2761 5886 misertus
2788 5850 2847 5885 es
2878 5835 3055 5885 inibis.
3091 5837 3170 5884 .‘ic
3196 5833 3241 5884 si
3269 5833 3418 5883 dicat
3444 5847 3456 5882 :
