3884 6402
470 378 576 434 883

1530 374 1799 428 RUFINO
1833 373 2296 427 PRESBYTERO
2330 373 2717 427 ASCRIPTUS

3664 373 3764 433 884

465 499 555 553 Ad
569 498 980 559 hocirasceris,
1018 499 1085 549 ut
1118 496 1476 549 miserearis:
1509 494 1772 547 irasceris
1801 492 1974 564 295
2010 496 2072 547 in
2094 490 2151 564 Α
2176 497 2426 548 cationes
2448 495 3114 561 praesentiummalorum
3138 493 3371 559 dantur,
3388 499 3454 547 ut
3477 494 3764 546 abietemis

467 572 758 637 praesenti,
781 575 849 621 ut
865 569 1190 621 miserearis
1205 568 1267 619 in
1289 567 1501 618 futuro.
1518 569 1650 631 Ipsa
1664 568 1747 618 ira
1766 572 1882 631 tua,
1895 569 2072 619 mise-

467 643 710 695 ricordia
736 647 844 693 est.
870 638 1486 704 Etexponitquomodo
1505 638 1883 701 sitmisertus,
1902 639 2007 690 ita:

529 716 581 769 4.
612 715 737 765 Com
747 712 961 762 movtsli
979 717 1198 771 terram,
1217 710 1277 760 id
1293 714 1400 768 est,
1420 714 1674 761 terrenos
1685 722 1917 761 vomere
1930 722 2070 774 prae-

468 784 805 839 dicationis:
835 783 903 832 Et
926 780 1255 831 conturbasti
1292 796 1429 842 cam,
1461 780 1533 831 ad
1557 781 1974 844 pcenitentiam.
2002 784 2071 832 Et

469 858 617 909 sicut
641 855 860 920 cepisti,
884 853 1144 917 Domine,
1184 852 1266 904 ita
1288 852 1513 916 perfice.
1544 852 1697 901 Sana
1723 852 2070 903 contritiones

466 928 600 993 cjus,
624 927 792 989 idest,
819 937 1051 977 remove
1061 924 1134 976 ab
1155 936 1225 975 ea
1245 924 1528 985 miserias,
1543 935 1690 986 quas
1703 926 1973 987 sustinet,
1990 926 2070 972 vel

465 1002 723 1063 peccata.
734 1009 837 1063 pro
854 997 1067 1061 quibus
1092 1008 1189 1048 cor
1204 995 1513 1047 contritum
1526 994 1718 1046 habet.
1733 996 1803 1047 Et
1826 995 2068 1060 dignum

466 1075 574 1130 est,
591 1075 658 1122 ut
680 1081 884 1121 sanes:
911 1066 1046 1133 quia
1069 1072 1337 1117 commota
1359 1071 1447 1115 est.
1468 1065 1535 1116 Et
1556 1066 1759 1130 gratim
1780 1070 1898 1119 tuae
1921 1080 2073 1118 com-

461 1141 723 1194 moventi
746 1152 848 1206 per
888 1139 1135 1192 liberum
1158 1138 1458 1191 consensit
1484 1138 1807 1190 arbitrium.
1835 1138 2069 1190 Talibus

464 1213 702 1278 quidem
717 1211 995 1277 gradibus
1010 1211 1302 1276 peccatrix
1317 1210 1527 1272 anima,
1544 1212 1664 1261 Deo
1681 1210 1989 1275 aspirante,
2007 1212 2067 1258 ad

465 1284 777 1338 sanitatem
812 1282 1016 1348 incipit
1070 1281 1359 1334 accedere.
1401 1281 1565 1333 Prius
1613 1285 2009 1333 commovetur
2036 1294 2071 1333 a

465 1356 672 1409 timore
683 1353 931 1407 Domini.
944 1352 1163 1405 Deinde
1183 1353 1561 1405 conturbatur
1576 1365 1611 1405 a
1626 1351 1818 1404 dolore
1829 1353 2066 1418 peccati.

466 1428 737 1481 Timetne
750 1430 961 1492 pereat,
980 1425 1133 1477 dolet
1158 1426 1294 1489 quia
1320 1423 1579 1489 deliquit.
1623 1425 1715 1477 Sic
1738 1425 1888 1477 inter
1910 1425 2071 1477 timo-

464 1512 591 1553 rem
605 1504 663 1552 et
675 1497 928 1551 dolorem
941 1496 1273 1556 constituta,
1294 1495 1435 1548 dum
1451 1496 1800 1548 conscientia
1814 1500 2067 1558 accusat,

467 1571 639 1635 culpa
665 1574 859 1634 terret,
888 1568 1092 1633 incipit
1114 1566 1596 1632 pcnnitere,atque
1618 1567 1911 1619 anxietate
1927 1568 2072 1620 dura

468 1654 565 1694 cor
595 1643 911 1702 conterere,
940 1643 999 1690 et
1022 1638 1273 1689 cruciare
1298 1654 1314 1686 :
1339 1640 1397 1688 et
1433 1637 1515 1688 sic
1541 1650 1641 1702 per
1665 1638 2069 1691 contritionem

465 1712 615 1765 redit
630 1711 703 1763 ad
720 1710 1044 1763 sanitatem.
1064 1708 1447 1760 Praedicatum
1462 1710 1551 1759 est
1565 1709 1757 1772 nobis,
1779 1710 1948 1773 Agite
1963 1725 2071 1771 pos-

468 1783 806 1836 nitentiam:
844 1779 1324 1846 appropinquavit
1355 1780 1510 1831 enim
1534 1792 1776 1845 regnum
1802 1781 2073 1834 caelorum

472 1855 683 1916 (Matth.
722 1854 812 1917 4.).
851 1855 995 1905 Ecce
1030 1851 1185 1904 unde
1210 1856 1514 1911 commota,
1541 1857 1600 1903 et
1622 1854 1965 1905 conturbata
1985 1858 2073 1906 est

473 1931 618 1959 θονιιςι
678 1924 911 1959 Audiuit,
933 1922 1221 1959 nnnnnlriv
1246 1922 1433 1959 anima
1486 1922 1626 1959 fnrtn
1645 1936 1758 1959 nnn
1786 1931 2052 1959 mnvotnn
2096 1884 2152 1959 B

473 1931 641 1979 terra.
668 1924 912 1976 Audivit
933 1922 1225 1988 peccatrix
1246 1922 1457 1985 anima,
1486 1922 1626 1974 forte
1645 1936 1763 1975 non
1786 1931 2069 1988 movetur,

474 2010 595 2050 non
627 1999 717 2049 est
742 1996 919 2059 digna
962 1995 1172 2045 sanari.
1196 1994 1431 2046 Audivit
1475 1995 1583 2056 (Ea:
1604 1996 1926 2060 Augustino)
1953 1997 2080 2063 alia,

474 2065 1318 2130 movetur,stimulatur,pectus
1334 2064 1538 2129 tundit,
1551 2064 1879 2129 lachrymas
1894 2071 2077 2118 fundit.

477 2140 652 2204 Sana,
698 2139 958 2202 Domine,
991 2138 1336 2187 contritiones
1372 2136 1504 2200 ejus,
1530 2140 1665 2201 quia
1694 2146 1961 2190 commota
1992 2148 2079 2191 est.

477 2211 568 2263 Sic
584 2223 862 2275 percusso
878 2214 1121 2272 terreno,
1138 2220 1421 2260 succensa
1442 2212 1751 2273 vetustate,
1776 2213 2001 2265 mutato
2024 2213 2085 2265 in

475 2283 686 2335 melius
708 2282 957 2346 homine,
991 2284 1111 2343 jam
1133 2280 1278 2333 dura
1300 2285 1358 2332 et
1380 2293 1584 2346 aspera
1607 2282 2044 2347 subsequuntur
2068 2307 2083 2345 ε

477 2354 636 2409 unde
660 2357 720 2407 et
747 2354 1041 2406 subditur:

540 2425 593 2480 5.
611 2426 897 2477 Ostendisti
908 2424 1111 2492 populo
1132 2430 1224 2476 tuo
1247 2426 1411 2477 dura.
1430 2426 1557 2478 Non
1573 2425 1761 2478 solum
1786 2439 1888 2491 per
1920 2429 2087 2482 visio-

478 2510 634 2562 nem,
648 2497 750 2550 sed
761 2498 935 2550 etiam
951 2509 1052 2563 per
1068 2496 1497 2563 experientiam,
1510 2497 1666 2549 unde
1693 2498 1973 2563 scriptum
1984 2509 2083 2551 est:

480 2570 698 2623 Omnes
711 2569 1027 2634 quivolunt
1040 2568 1133 2633 pie
1159 2569 1355 2620 vivere
1378 2568 1438 2619 in
1463 2568 1705 2633 Christo,
1732 2573 2087 2634 persecutio-

479 2652 617 2693 nem
631 2639 935 2704 patiuntur
949 2638 1017 2703 (2.
1045 2640 1181 2690 Tim.
1208 2637 1299 2701 3.).
1326 2639 1656 2691 Permultas
1671 2641 1826 2692 enim
1852 2642 2087 2695 tribula-

483 2711 672 2763 tiones
691 2723 799 2762 nos
820 2714 1051 2774 oportet
1081 2712 1295 2762 intrare
1308 2710 1371 2761 in
1409 2722 1652 2774 regnum
1674 2712 1778 2764 Dei
1794 2713 1925 2775 (Act.
1956 2714 2084 2779 14.).

483 2783 633 2835 Hinc
656 2781 943 2839 Dominus
966 2781 1264 2846 discipulis
1286 2781 1367 2833 ait
1392 2796 1404 2832 :
1432 2783 1498 2833 In
1521 2782 1740 2834 mundo
1757 2796 2085 2847 pressuram

441 2875 443 2878 ‘
482 2854 772 2906 habebitis
786 2853 964 2917 (Joan.
993 2851 1119 2913 16.).
1142 2853 1345 2901 Potasti
1364 2867 1463 2902 nos
1485 2854 1613 2902 vino
1637 2857 2084 2922 compunctionis,

484 2924 770 2978 Delectari
782 2936 889 2975 nos
907 2924 1088 2976 fecisti
1101 2923 1307 2988 poculo
1319 2924 1623 2989 passionis.
1639 2927 1937 2988 Quomodo
1949 2934 2083 2978 enim

485 2995 732 3049 delectat
770 2995 988 3059 vinum,
1014 3007 1147 3047 cum
1172 2998 1428 3060 potatur:
1467 2999 1524 3047 et
1554 2996 1663 3047 hoc
1688 2997 1900 3063 ipsum,
1931 3002 2083 3064 quod

484 3068 708 3135 pungit,
733 3067 806 3118 ad
822 3066 1263 3119 delectationem
1286 3069 1540 3132 potantis
1553 3073 1641 3119 est
1659 3086 1669 3117 :
1691 3070 1773 3121 sic
1785 3072 2086 3135 passiones

486 3146 543 3193 et
566 3139 963 3197 tribulationes
977 3139 1155 3202 hujus
1189 3138 1365 3191 seculi
1388 3138 1461 3191 ad
1485 3139 1918 3194 delectationem
1949 3152 2091 3201 sunt

486 3222 790 3264 servorum
800 3209 920 3260 Dei.
943 3209 1087 3261 Hinc
1108 3214 1197 3260 est
1209 3209 1363 3273 quod
1380 3209 1592 3262 Paulus
1618 3210 1894 3275 gloriatur
1908 3215 1967 3267 in
1984 3218 2087 3269 tri-

482 3258 2089 3346 Bassaniam;si);sitaetraiata’sigstaeKst‘.
2111 3258 2161 3334 C

486 3358 803 3420 conspectu
827 3353 1069 3417 concilii,
1096 3352 1231 3416 quia
1243 3352 1401 3417 digni
1417 3353 1611 3417 (Supp.
1636 3354 1831 3418 habiti)
1848 3362 1984 3411 sunt
2000 3376 2089 3421 pro

485 3427 721 3481 nomine
733 3428 763 3477 J
769 3438 874 3477 esu
891 3423 1300 3476 contumeliam
1313 3424 1431 3488 pati
1460 3425 1595 3487 (Act.
1621 3424 1710 3487 5.).
1737 3429 1905 3480 Hunc
1918 3439 2089 3491 potum

489 3497 835 3565 propinabat
863 3495 1149 3548 Dominus
1181 3493 1316 3547 ﬁliis
1351 3495 1633 3558 Zebedaei,
1659 3510 1788 3549 cum
1824 3500 2051 3555 dicebat
2077 3518 2090 3555 :

492 3569 746 3623 Potestis
790 3568 985 3619 bibere
1009 3566 1266 3630 calicem,
1300 3580 1472 3630 quem
1499 3580 1603 3631 ege
1649 3568 1934 3624 bibiturus
1959 3589 2090 3627 sum

496 3640 715 3705 (Matth.
737 3637 844 3701 20.)
860 3642 883 3688 Ρ
898 3637 1242 3709 Velpotasti
1261 3651 1369 3689 nos
1380 3639 1520 3690 vino
1536 3644 2013 3709 compunctionis,
2033 3647 2091 3698 id

490 3717 598 3775 est,
624 3710 911 3763 suavitate
921 3708 1348 3774 lachrymarum
1360 3711 1417 3762 et
1429 3711 1802 3775 paenitentiae,
1822 3720 1879 3766 et
1895 3708 2093 3766 confes-

495 3784 678 3838 sionis
689 3821 702 3833 .
723 3782 949 3834 Primus
960 3794 1095 3846 ergo
1111 3781 1271 3833 labor
1286 3787 1392 3844 est,
1410 3787 1476 3834 ut
1493 3782 1791 3847 displiceat
1805 3787 1977 3841 homo
1994 3793 2093 3839 sibi

491 3861 559 3908 ut
570 3859 803 3921 peccata
827 3857 1140 3919 expugnet,
1155 3857 1220 3905 ut
1241 3858 1500 3905 mutetur
1516 3854 1577 3906 in
1597 3856 2094 3911 melius.Secuudus

490 3927 652 3981 labor
674 3930 783 3987 est,
804 3939 905 3991 pro
922 3938 1010 3989 eo,
1028 3924 1184 3988 quod
1204 3929 1467 3977 mutatus
1494 3931 1599 3985 est,
1622 3929 1767 3979 ferre
1787 3930 2099 3984 tribulatio-

492 4014 600 4053 nes
624 4004 683 4052 et
698 3998 1049 4051 tentationes
1060 3996 1238 4061 hujus
1258 3996 1454 4057 seculi,
1472 4003 1647 4062 atque
1667 3999 1816 4051 inter
1828 4001 1953 4052 illas
1971 4016 2098 4067 per-

494 4082 761 4124 severare
772 4082 960 4132 usque
974 4069 1036 4119 in
1060 4068 1254 4119 finem.
1282 4070 1351 4119 Et
1370 4069 1690 4120 notandum
1705 4073 1859 4133 quod
1876 4086 1993 4124 non
2008 4078 2096 4137 ait,

494 4141 931 4207 Peremptionis:
966 4139 1069 4192 sed
1092 4140 1539 4204 compunctionis.
1565 4142 1682 4191 Iste
1705 4141 1864 4193 enim
1888 4146 2101 4208 passio-

494 4216 589 4268 nis
618 4218 794 4279 potus
828 4224 945 4265 non
987 4211 1239 4277 perdens
1283 4216 1391 4275 est,
1442 4210 1544 4262 sed
1592 4213 1882 4267 medicina
1904 4229 2100 4269 urens.

495 4286 663 4340 Unde
686 4285 878 4337 adhuc
908 4283 1282 4348 subjungitur
1308 4301 1321 4333 :

559 4358 609 4413 6.
636 4356 841 4408 Dedisti
864 4354 1217 4405 metuentibus
1235 4360 1279 4403 te
1292 4353 1761 4418 signiﬁcationem.
1776 4359 1925 4411 Istas
1941 4360 2103 4414 vide-

494 4427 1046 4482 licettribulationes
1067 4425 1390 4477 indicantes
1416 4430 1473 4477 et
1498 4426 1911 4493 significantes,
1943 4432 2006 4481 Ut
2016 4433 2103 4495 fu-

495 4502 702 4567 gianta
723 4500 862 4563 facie
884 4512 1059 4548 arcus.
1091 4496 1155 4548 Id
1184 4500 1292 4559 est,
1314 4510 1349 4548 a
1377 4500 1683 4562 praesentia
1708 4501 1886 4554 futuri
1910 4508 1968 4555 et
1992 4506 2102 4557 mi-

497 4570 930 4637 nantisjudicii.
958 4572 1061 4622 Per
1088 4568 1486 4622 tribulationes
1511 4571 1730 4636 (inquit)
1759 4576 2101 4639 temporales

501 4642 841 4709 significasti
855 4641 971 4693 tuis
998 4641 1193 4705 fugere
1205 4641 1276 4692 ab
1301 4641 1384 4693 ira
1402 4642 1555 4707 ignis
1582 4646 1933 4709 sempiterni.
1955 4649 2103 4701 Hinc

500 4714 907 4778 unusquisque
931 4712 1271 4777 consideret,
1300 4726 1432 4777 qum
1458 4721 1759 4779 peccantes
1785 4724 2103 4779 postmodum

474 4789 794 4854 .maneant,
818 4787 867 4834 si
884 4784 1055 4836 etiam
1070 4786 1263 4847 justos
1290 4790 1407 4836 tam
1432 4786 1621 4837 valida
1644 4787 1737 4839 hic
1763 4788 1989 4853 ﬂagella
2009 4805 2105 4844 ca-

504 4860 740 4923 stigant.
758 4856 905 4907 Hinc
922 4855 1142 4907 Petrius
1156 4857 1258 4907 ait:
1284 4858 1536 4921 Tempus
1559 4862 1667 4923 est,
1694 4864 1759 4910 ut
1774 4859 2108 4925 incipiatju-

502 4931 721 5001 dicium
744 4927 815 4980 de
839 4927 1011 5001 domo
1022 4928 1276 4991 Domini;
1301 4928 1667 5001 et,7Sijustus
1689 4930 1788 4982 vix
1812 4935 2102 5001 salvabitur,

507 4999 682 5071 296
713 5000 926 5066 impius
951 5004 1008 5052 et
1032 5005 1313 5065 peccator,
1338 5000 1437 5051 ubi
1464 5002 1971 5063 parebunt(1.Peti-.
1987 5007 2059 5071 4.)
2083 4999 2107 5059 .5

508 5073 805 5138 Quomodo
817 5073 977 5125 feriet
988 5085 1087 5125 eos
1100 5072 1313 5144 quibus
1330 5072 1612 5135 irascitur,
1631 5073 1680 5124 si
1705 5075 1788 5126 sic
1806 5076 1981 5142 afﬂigi
2006 5093 2106 5144 pa-

506 5147 647 5198 titur
669 5158 768 5197 eos
791 5145 851 5195 in
868 5144 1082 5208 quibus
1106 5141 1369 5194 lastatur‘?
1380 5144 1551 5194 Recte
1566 5149 1760 5197 autem
1784 5159 1885 5210 per
1905 5141 2103 5202 arcum

503 5217 845 5282 designatur
848 5214 1132 5280 judicium
1148 5230 1159 5261 :
1175 5212 1313 5275 quia
1324 5212 1476 5264 sicut
1499 5226 1574 5265 ex
1596 5226 1733 5268 arcu
1745 5218 1990 5272 mittitur
2024 5236 2107 5273 sa-

502 5290 665 5353 gitta,
691 5288 771 5339 sic
784 5300 857 5338 ex
871 5289 890 5351 j
908 5286 1098 5338 udicio
1113 5283 1460 5349 producetur
1476 5288 1776 5341 sententia.
1793 5292 2009 5344 Nervus
2027 5310 2106 5342 re-

504 5367 592 5413 tro
610 5359 885 5422 tenditur,
902 5357 1134 5422 quando
1147 5355 1241 5407 illa
1254 5356 1535 5408 mittenda
1555 5363 1646 5410 est
1663 5375 1675 5410 :
1692 5366 1748 5413 et
1762 5366 1979 5425 quanto
1990 5368 2105 5425 plus

502 5438 592 5486 est
612 5433 739 5497 ejus
753 5430 1016 5484 extensio
1030 5433 1363 5492 retrorsum,
1378 5430 1535 5481 tanto
1547 5432 1763 5495 majore
1785 5433 2005 5498 impetu
2019 5438 2107 5483 illa

502 5504 733 5557 volatin
754 5502 1056 5567 priora.Sic
1080 5505 1296 5566 quanto
1313 5501 1498 5564 magis
1526 5502 1787 5555 dill'ertur
1794 5506 2102 5571 judicium,

503 5581 665 5629 tanto
686 5574 890 5638 majori
906 5575 1125 5638 impetu
1150 5577 1461 5625 venturum
1483 5578 1590 5625 est.
1607 5576 1755 5637 Ergo
1780 5577 1850 5627 de
1868 5585 2109 5639 tempora-

501 5648 656 5699 libus
682 5646 927 5698 Domino
951 5645 1164 5711 gratias
1185 5658 1449 5709 agamus,
1476 5645 1611 5710 quia
1630 5646 1787 5697 dedit
1811 5648 1963 5711 plebi
1984 5662 2107 5703 sua)

503 5717 1002 5783 significationem,
1018 5721 1084 5769 ut
1102 5717 1331 5780 fugiant
1345 5729 1380 5767 a
1403 5717 1542 5768 facie
1570 5730 1758 5769 arcus.
1782 5720 1967 5779 Quare
1981 5724 2109 5771 hoc?

564 5789 617 5843 7.
650 5790 714 5839 Ut
743 5788 1033 5839 liberentur
1064 5788 1241 5842 dilecti
1264 5788 1363 5841 tui.
1399 5789 1488 5840 Ad
1508 5789 1616 5840 hoc
1642 5790 1849 5855 quippe
1880 5791 2105 5856 signifi-

2170 568 2338 619 malis
2364 568 2594 619 Domini
2617 567 2916 619 dilectores
2953 568 3282 618 liberentur.
3306 568 3374 617 Et
3405 571 3471 618 ut
3505 567 3619 619 hoc
3654 568 3762 628 flat,

2171 640 2502 704 suppliciter
2526 645 2741 702 exorat,
2770 638 2966 689 dicens
2994 654 3006 689 :
3035 638 3261 687 Salvum
3297 638 3383 700 fac
3412 639 3633 687 dextera
3658 645 3761 691 tua.

2170 710 2233 761 Id
2255 715 2359 773 est,
2385 711 2444 761 in
2469 711 2784 774 potioribus
2808 710 2972 761 bonis
2992 710 3130 771 tuis,
3149 710 3207 760 in
3226 709 3583 761 beatitudine
3594 726 3765 772 perpe-

2173 786 2290 832 tua.
2314 784 2398 832 Ita
2422 783 2649 832 salvum
2674 794 2765 831 me
2798 781 2901 840 fac,
2938 786 3002 831 ut
3026 781 3097 831 ad
3122 780 3418 831 dexteram
3450 786 3621 833 stem.
3649 784 3765 832 Non

2172 852 2417 903 salutem
2443 852 2813 916 temporalem
2842 857 2989 916 peto,
3023 852 3094 902 de
3114 852 3220 903 hac
3244 852 3624 904 fiatvoluntas
3644 857 3766 906 tua:

2170 929 2391 975 interna
2415 929 2564 987 pcto,
2596 937 2728 988 quae
2748 929 2806 975 tu
2836 924 3098 987 praecipis
3122 928 3328 986 petere.
3348 923 3413 971 Et
3432 925 3547 972 ideo
3567 925 3770 973 exaudi

2169 1011 2269 1046 me.
2295 996 2440 1047 Hinc
2472 998 2760 1048 convertit
2785 1008 2847 1047 se
2872 994 2944 1046 ad
2968 994 3261 1047 auditores
3288 1006 3447 1056 suos,
3476 999 3543 1047 ut
3565 995 3773 1047 confir-

2168 1070 2286 1118 met
2308 1079 2427 1130 eos,
2453 1066 2687 1119 dicens:

2232 1135 2282 1191 8.
2317 1137 2459 1187 Deus
2489 1138 2694 1187 locutus
2723 1143 2794 1187 est
2824 1138 2886 1187 in
2903 1142 3087 1188 sancto
3107 1152 3221 1189 suo.
3245 1138 3330 1188 Ex
3353 1136 3464 1189 hoc
3493 1137 3613 1189 scio
3637 1138 3775 1202 quia

2171 1207 2414 1261 salvabit
2430 1210 2672 1262 dextera
2695 1221 2803 1261 sua
2828 1224 2841 1260 :
2869 1210 3143 1273 quoniam
3167 1209 3321 1261 Deus
3353 1210 3520 1260 Pater
3539 1208 3774 1260 locutus

2170 1280 2343 1332 estin
2366 1286 2586 1340 sancto,
2606 1281 2665 1332 id
2689 1286 2798 1345 est,
2836 1280 2896 1332 in
2919 1279 3059 1331 Filio
3092 1292 3212 1331 suo.
3246 1279 3391 1330 Hinc
3415 1278 3631 1331 Paulus
3655 1282 3772 1331 ait:

2169 1352 2326 1403 Deus
2378 1354 2500 1403 erat
2544 1352 2605 1403 in
2649 1352 2875 1403 Christo
2921 1350 3205 1403 mundum
3244 1351 3621 1402 reconcilians
3665 1352 3773 1403 sibi

2174 1420 2239 1486 (2.
2271 1422 2393 1473 Cor.
2416 1420 2510 1485 5.).
2530 1424 2600 1474 Et
2623 1422 3199 1486 iterum,l\'ovissime
3223 1421 3776 1474 diebusistislocutus

2168 1494 2258 1545 est
2276 1494 2446 1545 nobis
2468 1495 2529 1545 in
2548 1494 2709 1559 Filio,
2736 1506 2908 1559 quem
2926 1492 3528 1546 constituithaaredem
3544 1493 3779 1546 univer-

2171 1578 2366 1616 sorum
2384 1564 2560 1629 (Hebr.
2583 1565 2675 1628 1.),
2700 1565 2759 1617 in
2780 1577 2895 1629 quo
2921 1564 3187 1629 promisit
3207 1564 3357 1616 hanc
3376 1565 3776 1617 salvationem.

2167 1638 2249 1688 De
2261 1648 2375 1700 qua
2388 1637 2669 1689 locutione
2681 1650 2816 1701 ergo
2828 1639 2991 1686 fidelis
3001 1639 3219 1698 pepulus
3232 1636 3466 1686 Laetabor
3478 1644 3523 1685 et
3531 1636 3779 1701 partibor

2167 1708 2490 1772 Sichimam,
2519 1716 2563 1757 et
2585 1709 2881 1759 convallem
2903 1708 3380 1757 tabernaculorum
3398 1708 3777 1761 metibor.Cum

2176 1781 2283 1843 (Eat:
2300 1782 2467 1845 Aug.)
2495 1782 2671 1832 Jacob
2706 1780 2919 1833 rediret
2963 1793 2998 1832 a
3028 1780 3221 1831 Laban
3247 1793 3445 1832 socero
3490 1793 3617 1843 suo,
3641 1793 3779 1833 cum

2180 1854 2450 1904 omnibus
2489 1854 2631 1916 suis,
2655 1852 2959 1904 abscondit
2981 1851 3194 1904 Rachel
3226 1851 3378 1903 idola
3416 1852 3479 1903 in
3508 1852 3778 1915 Sichima,

2182 1937 2292 1987 que
2315 1924 2596 1976 habuerat
2606 1929 2767 1989 pater
2789 1925 2918 1988 ejus
2933 1924 2993 1974 in
3015 1926 3194 1987 Syria.
3212 1924 3599 1977 Tabernacula
3611 1932 3778 1973 autem

2181 1996 2314 2047 fecit
2337 1997 2414 2046 ibi
2435 1997 2614 2049 Jacob
2636 2001 2865 2062 propter
2893 2008 3034 2047 oves
3057 2009 3193 2047 suas
3218 1999 3274 2047 et
3295 2001 3575 2056 armenta,
3601 2000 3660 2048 et
3677 2008 3781 2060 ap-

2181 2066 2416 2132 pellavit
2438 2067 2628 2119 locum
2651 2067 2815 2119 illum
2840 2066 3233 2119 Tabernacula
3256 2067 3405 2130 (Gen.
3430 2066 3557 2122 31.).
3579 2069 3649 2119 Et
3671 2071 3779 2116 haec

2244 2139 2511 2203 metibor,
2532 2139 2721 2203 inquit
2749 2138 3020 2191 Ecclesia.
3042 2138 3188 2200 Quid
3209 2151 3310 2203 per
3325 2138 3652 2201 Sichimam,
3677 2140 3780 2189 ubi

2183 2209 2338 2261 idola
2360 2212 2813 2265 absconduntur.
2832 2211 2942 2262 nisi
2956 2209 3208 2262 Gentiles
3231 2208 3512 2261 idolorum
3530 2210 3780 2262 cultores

2184 2281 2566 2346 designantur
2586 2285 2613 2333 ‘t
2646 2281 2900 2333 Partibor
2946 2282 3272 2339 Sichimam,
3303 2281 3360 2332 id
3385 2285 3492 2341 est,
3523 2281 3779 2333 dividam

2183 2356 2406 2416 gentes.
2425 2356 2549 2405 Non
2565 2354 2717 2406 enim
2730 2354 2991 2405 omnium
3004 2358 3093 2405 est
3108 2353 3269 2405 fides.
3283 2352 3392 2404 Alii
3409 2352 3664 2413 credunt,
3682 2354 3779 2404 alii

2182 2437 2303 2477 non
2323 2425 2583 2477 credunt.
2599 2428 2881 2477 Eteorum
2897 2426 3089 2486 etiam,
3107 2424 3206 2489 qui
3221 2424 3478 2487 credunt,
3517 2424 3610 2476 alii
3632 2425 3780 2476 bene

2184 2496 2414 2554 vivunt.
2441 2496 2536 2550 alii
2559 2497 2727 2549 male.
2754 2499 3014 2564 Ipsorum
3032 2509 3263 2560 quoque
3278 2496 3422 2547 bene
3437 2495 3780 2558 viventium,

2184 2568 2278 2620 alii
2303 2573 2441 2621 sunt
2480 2569 2916 2634 perseveraturi,
2940 2568 3035 2620 alii
3068 2568 3273 2630 casuri,
3305 2572 3361 2619 et
3382 2567 3628 2632 perituri.
3655 2569 3782 2619 Non

2187 2652 2321 2705 ergo
2344 2641 2603 2702 timeant,
2628 2641 2726 2705 qui
2750 2640 3155 2692 creduntinter
3170 2652 3285 2700 eos,
3312 2639 3410 2702 qui
3425 2651 3540 2690 non
3551 2640 3780 2703 credunt,

2186 2717 2245 2763 et
2265 2712 2323 2763 hi
2349 2712 2448 2776 qui
2472 2717 2627 2764 recte
2651 2713 2860 2764 vivunt
2876 2711 3025 2762 inter
3043 2724 3162 2772 eos,
3186 2710 3285 2773 qui
3307 2710 3501 2774 pravis
3523 2710 3783 2761 moribus

2186 2784 2485 2836 resistunt.
2520 2783 2876 2835 Dividuntur
2900 2795 3057 2835 nunc
3073 2782 3183 2833 flde
3199 2786 3257 2833 et
3270 2781 3547 2844 moribus,
3560 2783 3785 2830 dividen-

2187 2860 2281 2906 tur
2307 2855 2368 2906 in
2388 2854 2606 2919 judicio
2623 2867 2761 2907 oves
2787 2854 2861 2906 ad
2883 2854 3197 2913 dexteram,
3217 2852 3373 2904 haedi
3389 2852 3461 2904 ad
3487 2852 3783 2904 sinistram

2188 2927 2377 2988 (Matth
2412 2924 2539 2989 9.5.).
2572 2926 2821 2978 Sichima
2853 2931 3047 2977 autem
3080 2926 3483 2988 interpretatur
3506 2926 3781 2973 humerus.

2185 2997 2514 3049 Secundum
2528 2998 2781 3049 nominis
2799 2997 3323 3062 interpretationem
3336 2995 3675 3048 dividuntur
3683 2995 3785 3047 hu-

2187 3069 2350 3134 meri,
2369 3074 2433 3120 ut
2457 3069 2601 3121 alios
2617 3075 2861 3134 gravent
2880 3074 3117 3134 peccata
3138 3080 3261 3132 sua,
3279 3067 3374 3119 alii
3390 3066 3602 3119 tollant
3624 3068 3790 3119 sarci-

2190 3154 2327 3193 nam
2343 3140 2579 3193 Christi:
2607 3141 2892 3207 sicutipse
2903 3154 3010 3193 nos
3034 3139 3566 3201 admonet,dicens:
3586 3137 3788 3190 Tollite

2185 3225 2394 3277 jugum
2408 3225 2605 3263 meum
2623 3225 2796 3277 super
2810 3225 2931 3264 vos.
2946 3214 3162 3276 Jugum
3176 3213 3330 3263 enim
3341 3223 3532 3262 meum
3551 3225 3705 3258 suave
3718 3216 3792 3257 est

2189 3290 2246 3337 et
2270 3298 2417 3336 onus
2444 3298 2639 3336 meum
2673 3285 2801 3336 leve
2830 3285 3043 3346 (Matth.
3079 3284 3203 3347 11.).
3239 3283 3561 3346 Couvallem,
3583 3282 3792 3345 inquit,

2190 3356 2667 3405 tabernaculorum
2703 3356 2945 3405 metibor.
2981 3358 3153 3406 Forte
3183 3360 3412 3419 propter
3434 3367 3573 3405 oves
3594 3354 3792 3416 Jacob,

2190 3428 2469 3481 convallis
2484 3427 2987 3480 tabernaculorum
3004 3426 3342 3492 intelligitur
3352 3428 3794 3490 gensJudseorum

2190 3504 2248 3551 et
2269 3500 2395 3564 ipsa
2418 3499 2712 3551 dividitur.
2736 3502 2881 3551 Nam
2902 3498 3418 3561 transieruntinde,
3449 3497 3547 3560 qui
3572 3499 3798 3545 credide-

2190 3576 2344 3631 runt,
2370 3571 2508 3622 foris
2547 3571 2809 3634 reliquiae
2828 3575 3245 3622 remanserunt.
3281 3572 3420 3622 Haec
3438 3569 3560 3633 jam
3589 3567 3795 3619 divisio

2191 3643 2638 3707 demonstratur,
2682 3656 2813 3694 cum
2833 3642 3185 3694 subinfertur
3221 3656 3235 3692 :

2255 3714 2307 3767 9.
2338 3716 2486 3764 Meus
2524 3719 2593 3763 est
2636 3714 2866 3777 Galaad,
2903 3729 3051 3762 meus
3092 3719 3164 3763 est
3201 3713 3499 3775 Manasses,
3524 3711 3796 3777 Ephraim

2191 3786 2454 3848 fortitudo
2496 3786 2685 3850 capitis
2723 3786 2846 3836 mei.
2878 3784 3091 3836 Galaad
3134 3785 3541 3849 interpretatur
3582 3797 3797 3831 acervus

2196 3858 2502 3908 testimonii.
2522 3858 2610 3908 Sic
2625 3862 2865 3909 vocatus
2878 3863 2968 3909 est
2980 3858 3252 3909 cumulus
3269 3855 3723 3918 lapidum,quem
3738 3856 3797 3901 fe-

2197 3934 2402 3981 cerunt
2416 3930 2593 3980 Jacob
2610 3934 2667 3979 et
2680 3929 2892 3988 Laban,
2906 3928 2963 3979 in
2980 3941 3215 3993 Signum
3236 3924 3406 3994 297
3433 3927 3680 3978 foederis.
3696 3928 3797 3977 Per

2197 4014 2462 4053 acervum
2482 4000 2796 4052 testimonii
2811 3999 3120 4051 multitudo
3148 4005 3466 4062 martyrum
3485 4001 3791 4059 designatur.

2196 4075 2477 4136 Martyres
2504 4072 2658 4123 enim
2683 4072 2890 4133 Graece,
2912 4076 3053 4119 testes
3078 4070 3214 4122 dicti
3247 4073 3386 4121 sunt
3410 4068 3629 4121 Latine.
3651 4070 3797 4117 Meus

2197 4150 2269 4194 est
2293 4144 2521 4205 Galaad,
2542 4156 2709 4195 meus
2747 4146 2835 4194 est
2857 4155 3105 4194 acervus
3159 4141 3490 4204 testimonii,
3520 4152 3688 4191 meus
3711 4145 3797 4191 est

2196 4228 2476 4269 numerus
2501 4219 2840 4278 martyrum,
2870 4214 3037 4273 idest,
3068 4226 3215 4265 mea)
3240 4212 3535 4265 societatis
3556 4217 3665 4264 est.
3684 4213 3801 4262 Ma-

2198 4300 2403 4339 nasses
2420 4287 2828 4350 interpretatur
2851 4285 3060 4335 oblivio.
3089 4284 3195 4347 Qui
3220 4284 3575 4335 obliviscitur
3601 4283 3802 4346 prioris

2201 4363 2411 4418 status,
2455 4356 2547 4409 ille
2580 4357 2840 4408 similiter
2876 4362 2967 4409 est
2998 4370 3183 4408 meus.
3210 4356 3372 4408 Unde
3398 4355 3532 4406 alibi
3554 4353 3797 4405 dicitur:

2200 4430 2552 4483 Obliviscere
2575 4428 2852 4494 populum
2878 4432 3044 4480 tuum
3068 4432 3125 4480 et
3148 4428 3383 4478 domum
3408 4426 3587 4491 patris
3614 4426 3717 4486 tui,
3743 4429 3799 4475 et

2201 4503 2284 4553 sic
2314 4501 2683 4565 concupiscet
2707 4514 2806 4553 rex
2828 4500 3093 4552 decorem
3118 4505 3282 4552 tuum
3310 4497 3468 4563 (Psat.
3512 4497 3638 4559 44.).
3667 4501 3799 4557 Eph-

2200 4575 2345 4626 raim
2359 4573 2564 4624 dicitur
2576 4571 2942 4636 fructificatio.
2962 4573 3033 4623 Hi
3050 4572 3146 4636 qui
3160 4572 3342 4622 bonos
3357 4571 3576 4621 fructus
3589 4571 3756 4616 taciun
3767 4578 3802 4625 l,

2128 4678 2188 4751 Β
2205 4645 2429 4709 capitis,
2446 4644 2614 4706 idest,
2633 4643 2842 4695 Christi
2863 4649 3001 4695 sunt
3016 4643 3305 4695 fortitudo.
3325 4643 3429 4693 Per
3452 4641 3559 4692 hos
3583 4641 3798 4688 maxime

2205 4715 2881 4751 intnllinnntnrdnntnrpc
2897 4716 3164 4751 Ronlnuim
3203 4713 3297 4751 nni
3314 4714 3369 4751 in
3389 4712 3594 4751 cninaig
3610 4713 3798 4751 fructui

2205 4717 2607 4781 intelliguntur
2619 4715 2882 4767 doctores
2897 4716 3184 4777 Ecclesiae,
3203 4713 3301 4778 qui
3314 4714 3374 4764 in
3389 4712 3595 4775 seipsis
3609 4713 3800 4758 fructus

2205 4789 2424 4840 faciunt
2444 4788 2572 4839 etin
2583 4786 2727 4838 aliis.
2746 4788 2979 4839 Talibus
2996 4787 3137 4837 dicit
3142 4786 3437 4844 Dominus
3459 4784 3518 4834 in
3536 4785 3798 4844 Evange-

2205 4862 2279 4912 lio
2307 4877 2320 4912 :
2347 4862 2463 4923 Ego
2496 4873 2598 4911 vos
2639 4859 2801 4922 elegi,
2845 4864 2911 4910 ut
2952 4860 3113 4917 eatis,
3165 4862 3221 4910 et
3266 4857 3516 4909 fructum
3557 4853 3799 4905 afl‘eratis

2210 4933 2387 4996 (Joan.
2416 4930 2543 4992 15.).
2579 4931 2679 4982 Isti
2715 4934 2853 4982 sunt
2885 4929 3157 4982 fortitudo
3183 4928 3401 4993 capitis,
3427 4926 3560 4992 quia
3588 4924 3797 4976 Christi

2205 5004 2470 5056 membra
2488 5002 2804 5055 infirmiora
2828 5004 3176 5054 sustentant.

2270 5075 2361 5131 10.
2405 5075 2555 5125 Juda
2603 5076 2715 5123 Rea:
2757 5089 2923 5126 meus.
2971 5076 3212 5126 Peccata
3242 5082 3354 5123 sua
3387 5070 3722 5123 confitentes
3747 5073 3803 5118 et

2207 5149 2427 5213 seipsos
2445 5146 2814 5210 spiritualiter
2838 5149 3123 5209 regentes,
3150 5144 3259 5196 mei
3287 5141 3801 5197 sunt.Judasenim

2206 5221 2614 5284 interpretatur
2628 5218 2904 5281 confessio.
2924 5217 3025 5269 Vel
3043 5218 3322 5281 Christus,
3337 5216 3435 5279 qui
3450 5219 3539 5267 est
3553 5214 3623 5264 de
3651 5214 3802 5284 tribu

2205 5282 2595 5354 ,Ἰαὼ-(Μιλτὼ.
2644 5290 2734 5353 1.),
2767 5289 3097 5341 nasciturus
3143 5289 3250 5339 erit
3281 5291 3403 5339 Rex
3435 5298 3618 5337 meus.
3648 5282 3803 5332 Moab

2209 5364 2313 5413 olla
2334 5363 2447 5428 spei
2466 5379 2606 5411 τηρεε.
2633 5362 2797 5413 Moab
2824 5362 3227 5425 interpretatur
3248 5376 3313 5409 ea:
3331 5365 3481 5423 patre
3506 5372 3518 5407 :
3541 5356 3673 5420 quia
3698 5356 3802 5406 fuit

2207 5450 2278 5486 ex
2303 5439 2462 5499 patre
2487 5440 2542 5484 et
2566 5433 2699 5485 filia.
2727 5435 2829 5485 Per
2852 5435 3018 5485 Moab
3047 5432 3386 5496 intelligitur
3408 5430 3679 5481 Gentium
3705 5442 3802 5491 po-

2207 5507 2379 5572 pulus
2403 5511 2576 5557 natus
2602 5506 2671 5557 de
2698 5508 2947 5570 peccato,
2975 5506 3044 5556 de
3069 5505 3298 5555 filiabus
3320 5503 3482 5559 Loth,
3510 5513 3642 5566 quae
3667 5513 3800 5550 cum

2207 5581 2365 5643 patre
2388 5578 2670 5629 inebriato
2716 5578 3173 5635 concubuerunt,
3216 5575 3364 5627 male
3388 5578 3620 5626 utentes
3645 5575 3800 5635 patre

2212 5651 2357 5713 (Gen.
2378 5649 2500 5713 19.).
2526 5653 2592 5701 In
2611 5650 2719 5701 hoc
2750 5650 2828 5700 illi
2845 5650 3241 5711 significantur
3264 5648 3361 5711 qui
3385 5645 3533 5697 male
3559 5649 3802 5696 utuntur

2204 5720 2347 5786 lege.
2366 5724 2535 5773 Porro
2549 5720 3034 5786 Apostolusdicit:
3058 5723 3215 5771 Bona
3232 5718 3510 5781 cstlex(l.
3539 5716 3673 5766 Tim.
3711 5716 3798 5777 1.).

2209 5795 2256 5846 si
2269 5795 2397 5858 quis
2410 5806 2477 5846 ea
2491 5793 2741 5858 legitime
2757 5798 2968 5846 utatur.
2996 5790 3114 5846 Illa
3131 5797 3328 5845 autem
3349 5791 3483 5843 illius
3506 5788 3657 5841 Loth
3683 5799 3799 5839 non

566 5939 587 5960 ⁸
616 5931 784 5982 Anne
807 5928 1084 5992 partibor?
1114 5929 1285 5995 Apud
1307 5929 1725 5994 Augustinum,
1749 5936 1795 5981 et
1821 5931 1934 5983 haec
1968 5933 2237 6000 dividam,
2270 5934 2454 6000 inquit
2486 5934 2736 5986 Ecclesia.
