3884 6448
204 381 319 438 885

1209 389 1283 440 ΙΝ
1319 387 1641 440 PSALMOS
1676 387 1881 438 LXXV
1916 386 2501 440 COMMENTARIUS.

3399 386 3505 441 886

201 493 468 576 legitime
491 508 617 549 usas.
629 503 950 576 suntpatre.
966 499 1262 576 Quomodo
1278 503 1473 576 autem
1489 503 1810 576 nascuntur
1836 501 1889 576 Α
1913 511 2013 576 pro
2039 498 2158 550 vita
2179 511 2438 576 pugnare
2462 499 2754 576 praisenti.
2779 497 2922 576 Quia
2943 510 3080 560 ergo
3103 501 3507 576 contemnebat

204 579 385 631 Opera
403 569 574 632 bona,
599 581 732 621 cum
755 571 999 636 quisque
1015 573 1160 623 bene
1185 571 1307 636 lege
1333 571 1536 623 utitur:
1566 571 1648 621 sic
1670 583 1806 622 nas-

203 641 423 689 cuntur
446 651 618 704 opera
642 641 810 705 mala,
845 656 976 693 cum
1001 642 1248 706 quisque
1271 642 1418 693 male
1454 642 1578 705 lege
1609 641 1803 693 utitur.

204 709 579 762 Proindeillm
591 711 740 762 male
757 718 987 764 utentes
1012 717 1190 777 patre,
1215 713 1380 774 idest,
1403 713 1551 764 male
1575 717 1805 764 utentes

199 779 352 844 lege,
371 787 796 845 generaverunt
810 785 1104 845 Moabitas,
1125 797 1222 848 per
1236 797 1382 846 quos
1409 784 1807 846 significantur

201 863 382 916 opera
402 854 568 904 mala.
589 853 727 905 Inde
747 855 852 919 (Ea:
872 857 1198 918 Augustino)
1217 855 1502 906 tribulatio
1517 855 1804 920 Ecclesim,

200 923 342 974 inde
369 924 486 975 olla
528 925 796 976 bulliens.
833 927 913 978 De
952 926 1062 978 hac
1103 926 1214 978 olla
1266 925 1474 977 dicitur
1517 925 1653 976 alibi
1707 940 1807 990 per

199 995 570 1060 Brophetam,
597 996 721 1048 Olla
743 1009 1024 1048 succensa
1048 997 1108 1049 in
1152 997 1432 1061 Aquilone
1477 998 1688 1059 (Jercm.
1713 997 1802 1060 1.).

201 1067 372 1118 Unde
389 1067 500 1118 nisi
522 1081 556 1119 a
581 1073 737 1132 parte
759 1068 970 1120 diaboli
1000 1069 1101 1132 qui
1129 1069 1276 1120 dixit
1301 1085 1311 1117 :
1365 1071 1575 1119 Ponam
1605 1069 1802 1120 sedem

200 1150 398 1190 meam
413 1138 486 1190 ad
502 1139 844 1203 Aquilonem
866 1141 1012 1204 (Isai.
1045 1140 1148 1204 14.)
1173 1143 1199 1191 ‘t
1224 1140 1642 1192 Tribulationcs
1667 1153 1802 1204 ergo

197 1213 459 1265 maxime
471 1225 588 1265 non
600 1212 865 1265 oriuntur
878 1213 950 1266 ad
959 1226 1160 1264 versus
1171 1213 1502 1277 Ecclesiam,
1516 1213 1628 1264 nisi
1643 1213 1716 1264 ab
1728 1216 1803 1261 eis

198 1283 306 1348 qui
332 1283 482 1336 male
500 1283 627 1349 lege
652 1287 910 1336 utuntur.
935 1285 1093 1337 Sicut
1122 1286 1319 1336 autem
1341 1284 1400 1335 in
1427 1283 1538 1335 olla
1561 1283 1691 1346 cibi,
1721 1283 1802 1334 sic

198 1355 260 1406 in
291 1355 659 1408 tribulatione
675 1356 895 1408 excocti
914 1361 1051 1408 sunt
1075 1357 1277 1408 sancti.
1292 1358 1502 1420 Aperte
1519 1368 1654 1406 vero
1667 1355 1804 1406 dici-

199 1432 319 1486 tur,
340 1426 456 1475 Olla
477 1427 590 1491 spei
613 1442 738 1475 meae
761 1442 776 1475 :
798 1427 933 1491 quia
956 1439 1088 1491 spes
1119 1431 1449 1479 sanctorum
1474 1425 1632 1478 venit
1647 1438 1682 1476 a
1705 1425 1803 1478 tri-

197 1495 518 1559 bulatione,
542 1497 817 1561 Apostolo
836 1501 1098 1562 testante,
1130 1497 1227 1562 qui
1251 1498 1357 1550 ait:
1377 1497 1692 1549 'l‘ribulatio
1711 1509 1805 1560 pa-

198 1568 466 1620 tientiam
493 1574 778 1634 operatur,
811 1569 1083 1632 patientia
1107 1570 1518 1632 probationem,
1547 1569 1801 1633 probatio

200 1651 369 1702 spem
397 1640 566 1704 (Rom.
595 1638 686 1700 5.).
715 1639 891 1691 Ardet
913 1638 1372 1704 ollainiquitatis,
1392 1640 1493 1691 sed
1517 1641 1700 1702 major
1714 1641 1804 1690 est

198 1712 440 1762 ﬂamma
463 1710 730 1762 caritatis.
751 1711 876 1762 Noli
901 1712 1098 1762 timere
1125 1711 1420 1772 Moabitas,
1447 1710 1612 1771 idest,
1633 1721 1804 1773 opera

199 1782 358 1833 mala
391 1794 592 1834 eorum
615 1781 716 1846 qui
745 1782 867 1846 lege
894 1781 1038 1832 male
1066 1786 1325 1833 utuntur.
1364 1784 1393 1832 J
1404 1782 1513 1832 uda
1539 1795 1640 1833 rex
1669 1787 1804 1832 tuus

197 1856 518 1920 prmcessit.
547 1857 746 1908 Nescis
763 1857 1000 1908 Judaaos
1027 1857 1170 1908 male
1193 1862 1424 1909 utentes
1449 1857 1802 1921 lege,regem

1912 570 2092 621 vitam
2106 575 2472 634 praesentem,
2489 569 2618 621 ideo
2636 571 2822 622 iactus
2833 571 2921 620 est
2935 581 3174 620 acervus
3193 569 3509 622 testimonii

1909 640 1980 692 de
2004 642 2121 692 vita
2147 641 2354 692 futura.
2381 642 2467 692 Tu
2490 654 2643 705 ergo,
2671 642 2844 699 Deus,
2881 640 2980 703 qui
3004 655 3115 688 non
3137 641 3422 702 egredieris
3446 643 3506 691 in

1909 712 2194 761 virtutibus
2208 713 2568 776 nostris,quia
2579 726 2698 763 non
2711 711 2874 762 dabis
2901 711 3210 775 temporale
3233 716 3501 777 auxilium,

1910 784 1984 838 da
2008 784 2441 848 sempiternum.
2475 786 2544 834 Et
2564 784 2673 835 hoc
2706 788 2797 834 est
2819 783 2970 846 quod
2996 782 3194 833 subdit
3219 801 3230 831 :

1974 855 2058 910 '13.
2075 856 2156 904 Da
2168 855 2318 902 nobis
2337 855 2496 904 auxil
2503 857 2518 903 i
2525 871 2617 903 um
2630 855 3044 920 sempiternum
3057 854 3118 902 de
3131 853 3505 919 tribulatione,

1909 928 2076 989 idest,
2090 931 2322 990 propter
2346 926 2788 989 tribulationem,
2805 937 2981 988 quam
3004 925 3096 976 hic
3121 926 3502 978 sustinemus.

1912 1002 1980 1050 Et
2003 999 2130 1048 ideo
2147 1010 2264 1047 non
2287 997 2536 1061 petimus
2561 997 2711 1048 hanc
2741 997 2988 1048 salutem
3009 995 3340 1058 humanam,
3369 998 3506 1061 quia

1911 1083 2063 1121 vana
2078 1072 2167 1120 est
2190 1071 2248 1119 et
2277 1067 2620 1120 transitoria.
2645 1067 2807 1120 Unde
2831 1066 3088 1132 protinus
3118 1067 3186 1117 ad
3189 1068 3209 1130 j
3220 1067 3386 1131 ungit
3403 1084 3415 1118 :
3433 1069 3505 1117 Et

1910 1158 2056 1190 vana
2077 1139 2224 1190 salus
2241 1139 2654 1190 hominis.llinc
2677 1139 2942 1190 Salomon
2956 1139 3036 1190 ait
3061 1155 3071 1187 :
3091 1139 3327 1190 Vanitas
3343 1140 3504 1190 vani-

1911 1215 2116 1275 tatum,
2163 1216 2220 1263 et
2244 1211 2438 1263 omnia
2460 1211 2682 1262 vanitas
2706 1210 2916 1272 (Eccles.
2949 1209 3042 1273 1.).
3085 1211 3156 1262 Et
3183 1210 3393 1262 iterum
3416 1210 3508 1262 di-

1911 1285 2027 1336 xit:
2055 1285 2185 1337 Vidi
2211 1287 2421 1336 cuncta
2445 1294 2578 1346 quin
2594 1281 2743 1332 ilunt
2759 1282 2866 1332 sub
2883 1281 3022 1341 sole,
3041 1286 3096 1332 et
3111 1294 3242 1333 ecce
3261 1285 3505 1331 universa

1908 1355 2154 1419 vanitas,
2171 1360 2230 1407 et
2243 1354 2475 1408 afﬂictio
2488 1353 2722 1419 spiritus
2734 1351 2930 1416 (Ibid.).
2944 1352 3141 1404 Merito
3153 1365 3287 1416 ergo
3305 1353 3504 1405 subdit

1907 1427 2163 1479 Ecclesia
2189 1441 2202 1478 :

1971 1498 2057 1553 14.
2092 1501 2156 1548 1η
2179 1499 2283 1548 Deo
2311 1497 2572 1561 faciemus
2606 1497 2872 1546 virtutem.
2899 1494 3027 1546 Non
3061 1494 3122 1546 in
3153 1493 3359 1559 gladio,
3383 1507 3503 1548 non

1907 1569 1966 1620 in
1989 1571 2174 1633 equis,
2199 1582 2318 1620 non
2333 1568 2390 1619 in
2413 1567 2618 1630 loricis,
2644 1579 2763 1618 non
2781 1567 2841 1617 in
2864 1570 3164 1630 potentatu
3181 1567 3468 1618 exercitus

1905 1641 1974 1689 Et
1989 1641 2099 1705 ipse
2119 1641 2191 1689 ad
2203 1640 2440 1689 nihilum
2461 1639 2677 1688 deducet
2699 1638 3010 1686 tributantes
3024 1653 3136 1690 nos.
3154 1639 3393 1689 Factum
3411 1642 3502 1690 est

1907 1714 1921 1776 (
1931 1711 2347 1776 EacAugustino)
2362 1711 2494 1762 ltoc:
2512 1709 2829 1761 conculcati
2843 1714 3231 1769 suntmartyres
3243 1711 3497 1772 patiendo,

1905 1783 2346 1848 perseverando,
2363 1783 2423 1833 in
2440 1783 2556 1833 Deo
2586 1782 2846 1833 fecerunt
2859 1781 3154 1831 virtutem.
3169 1783 3238 1831 Et
3253 1781 3373 1844 ipse
3386 1783 3481 1829 ieci

1905 1856 2060 1918 quod
2083 1855 2361 1918 sequitur.
2380 1853 2467 1906 Ad
2485 1853 2725 1904 nihilum
2750 1852 2990 1902 deduxit
3005 1850 3347 1902 tribulantes
3369 1864 3500 1903 nos.

199 1916 372 1979 tuum
389 1927 706 1980 occidisse?
721 1930 868 1992 Ergo
881 1941 1063 1992 spera,
1082 1930 1140 1980 et
1155 1941 1269 1992 qua
1281 1942 1377 1980 rex
1393 1916 1535 1980 tuus
1550 1916 1800 1994 p'razces—
1823 1916 1877 1990 B
1906 1916 2013 1978 Ubi
2033 1916 2621 1990 sunt—persecutores?
2637 1923 2743 1974 Ubi
2767 1927 2906 1974 sunt
2925 1923 3022 1984 qui
3034 1921 3380 1994 tremebant,
3396 1925 3504 1972 tra-

197 1999 298 2062 sit,
331 2011 585 2062 sequere.
623 2001 694 2073 ln_
719 1999 826 2073 hac
861 1999 972 2050 olla
998 1999 1431 2073 tribulationum
1465 2002 1800 2073 constituta,

196 2074 482 2134 quantam
497 2083 659 2134 spem
681 2071 890 2123 habeat
908 2070 1158 2122 Ecclesia
1179 2071 1504 2124 audiamus.
1532 2070 1804 2138 Sequitur

196 2141 359 2194 enim
385 2143 481 2191 ειη
522 2142 818 2191 ldumxam
847 2143 1134 2192 extendam
1159 2143 1577 2194 calceamentum
1599 2162 1798 2203 meum.

197 2212 460 2264 Idumaaa
482 2212 889 2278 interpretatur
915 2218 1145 2278 terrena,
1191 2214 1313 2267 sive
1345 2217 1669 2278 sanguinea.
1698 2222 1803 2272 Per

196 2283 655 2336 calceamentum
668 2285 1006 2350 intelligitur
1018 2285 1544 2350 Evangelium.Unde
1556 2293 1799 2352 scriptum

195 2361 292 2408 est
311 2373 322 2404 :
339 2359 521 2419 Quam
543 2357 786 2421 speciosi
801 2356 978 2421 pedes
989 2369 1184 2409 eorum
1199 2357 1299 2427 qui
1323 2360 1674 2414 annuntiant
1699 2376 1800 2427 pa-

195 2440 346 2492 cem,
374 2427 472 2490 qui
495 2428 1011 2480 annuntiantbona
1029 2429 1171 2492 (Isai.
1191 2425 1298 2490 52.)
1317 2430 1328 2478 Ξ
1349 2430 1416 2480 Et
1440 2431 1675 2484 calceati
1700 2425 1801 2498 pe-

193 2500 304 2571 des
333 2499 402 2571 in
450 2501 863 2571 praeparatione
908 2500 1206 2563 Evangelii
1250 2502 1407 2566 pacis
1453 2504 1668 2568 (Ephcs.
1693 2509 1790 2571 6.).

191 2569 408 2622 Bulliat
419 2569 531 2622 olla
547 2577 829 2634 quantum
843 2574 1052 2636 potest,
1065 2573 1268 2624 saaviat
1282 2574 1538 2626 mundus
1550 2569 1796 2638 quantum

194 2641 374 2694 valet.
424 2644 542 2706 Ego
569 2643 628 2691 in
651 2643 965 2702 Idumaeam,
983 2643 1347 2708 idest,usque
1365 2645 1437 2697 ad
1460 2651 1716 2700 terrenos
1740 2656 1798 2702 et

193 2714 550 2778 sanguineos
561 2715 850 2764 extendam
861 2715 1276 2764 calceamentum
1290 2731 1488 2781 meum,
1506 2718 1793 2782 idestprm-

193 2785 546 2838 dicationem
573 2798 779 2837 meam.
811 2785 912 2838 Vel
934 2799 1123 2850 usque
1159 2787 1219 2838 in
1241 2787 1556 2841 Idumaeam
1577 2793 1798 2844 calcea-

192 2863 463 2909 mentum
491 2859 842 2923 extenditur,
869 2871 1003 2910 cum
1027 2859 1124 2910 Dei
1158 2859 1488 2912 humanitas
1512 2865 1795 2916 Gentibus

191 2928 561 3000 praedicatur.
589 2932 768 2981 Carne
791 2931 945 2983 enim
969 2936 1172 2982 nostra
1193 2931 1416 2983 mortali
1437 2934 1687 2986 calceata
1710 2937 1797 3000 (ut

193 3003 276 3051 ita
290 2999 497 3062 dicam)
513 3000 787 3053 divinitas
807 3001 1081 3054 fuit.Mihi
1105 3002 1417 3066 alienigenae
1431 3005 1632 3054 subditi
1645 2999 1790 3056 sunt.

188 3071 380 3123 Etiam
404 3071 487 3123 illi
510 3071 608 3136 qui
631 3085 746 3124 non
772 3073 1062 3136 pertinent
1083 3075 1153 3123 ad
1167 3086 1351 3136 genus
1362 3087 1575 3135 meum,
1593 3077 1664 3128 ad
1685 3081 1793 3126 hae-

185 3142 497 3216 redi‘tatem
510 3144 1261 3216 meam,mihisuntsubditi.
1277 3146 1439 3196 Multi
1456 3149 1590 3196 enim
1613 3145 1786 3216 298

187 3213 438 3266 veniunt
460 3214 532 3266 ad
555 3215 747 3276 ﬁdem,
775 3215 875 3280 qui
896 3229 1012 3266 non
1035 3216 1369 3280 pertingant
1391 3217 1464 3268 ad
1484 3213 1790 3272 haeredita—

191 3285 510 3362 tem,_sicut
546 3286 824 3362 scripturn
851 3291 969 3362 est:
992 3287 1170 3362 Multi
1219 3288 1372 3338 enim
1417 3293 1556 3362 sunt
1581 3291 1785 3354 vocati,
1811 3287 1866 3362 ί]

185 3357 360 3422 pauci
385 3369 521 3408 vero
559 3357 720 3408 electi
751 3358 958 3421 (Matth.
987 3355 1107 3420 ‘20.).
1141 3359 1323 3420 Quam
1359 3359 1522 3410 multi
1547 3361 1791 3414 adorant

186 3427 508 3492 Christum,
525 3429 624 3492 qui
640 3442 758 3480 non
771 3433 907 3480 sunt
922 3429 1214 3493 regnaturi
1230 3442 1362 3480 cum
1381 3431 1623 3483 Christo.
1639 3435 1792 3485 Etne

184 3500 303 3552 hoc
327 3499 618 3551 videretur
646 3501 866 3551 viribus
899 3501 1020 3552 suis
1061 3500 1388 3560 attribuere,
1417 3505 1792 3557 commendat

187 3572 438 3638 gratiam
461 3571 565 3622 Dei
588 3571 970 3624 deducentem
997 3585 1078 3630 se;
1113 3585 1243 3623 cum
1274 3573 1578 3637 subjungit
1605 3589 1618 3625 :

254 3641 344 3697 11.
378 3642 506 3701 Quis
528 3643 742 3692 deducet
767 3644 923 3692 mein
945 3643 1213 3692 civitatem
1236 3646 1512 3693 munitam
1553 3647 1789 3711 sanctis,

187 3713 362 3774 idest,
377 3713 669 3765 caelestem
683 3714 1041 3765 Jerusalem?
1053 3714 1184 3772 Quis
1207 3715 1422 3764 deducet
1437 3730 1519 3764 me
1542 3731 1708 3780 usque
1730 3718 1791 3765 in

192 3785 488 3834 Idumaeam
509 3785 717 3846 ?idest,
744 3787 804 3836 in
830 3783 1234 3845 Gentilitatem,
1252 3790 1318 3836 ut
1333 3785 1498 3837 multi
1515 3800 1586 3837 ex
1598 3788 1794 3838 Genti-

186 3857 305 3908 bus
329 3855 470 3906 mihi
494 3856 949 3921 incorporentur,
979 3860 1036 3908 et
1082 3856 1354 3907 societate
1395 3858 1790 3909 membrorum

187 3927 400 3980 civitas
411 3927 740 3993 amplietur.
765 3929 864 3980 Vel
883 3928 1088 3980 civitas
1102 3928 1443 3980 haecJudzna
1466 3931 1788 3991 intelligitur,

188 4011 328 4063 qum
350 4000 577 4050 munita
618 4004 770 4051 recte
813 3999 1039 4061 dicitur,
1079 3998 1345 4050 videlicet
1376 3999 1708 4062 patriarchis
1733 4006 1790 4052 et

188 4069 508 4138 prophetis,
530 4070 759 4134 legibus
785 4082 1033 4134 quoque,
1051 4070 1341 4134 variisque
1359 4073 1787 4122 institutionibus.

187 4143 280 4196 Ad
295 4141 443 4193 hanc
455 4142 701 4207 primum
714 4142 931 4193 missus
943 4142 1325 4194 estChristus.
1339 4143 1408 4190 Ad
1427 4144 1554 4190 hanc
1566 4144 1789 4202 primum

186 4213 352 4267 ducti
377 4217 514 4264 sunt
540 4212 814 4278 Apostoli.
844 4213 932 4264 Ad
956 4213 1104 4264 hanc
1137 4213 1383 4277 primum
1414 4213 1790 4276 prmdicatum

185 4289 281 4338 est
305 4283 698 4348 Evangelium.
717 4286 883 4336 Dicat
903 4297 1037 4347 ergo
1053 4284 1341 4349 primitiva
1365 4285 1642 4336 Ecclesia:
1660 4286 1790 4334 dicat

187 4369 309 4409 vox
331 4355 680 4420 apostolica:
707 4357 846 4418 Quis
869 4356 1114 4407 deducet
1129 4369 1222 4407 me
1238 4356 1295 4406 in
1311 4355 1604 4407 civitatem
1618 4359 1792 4404 muni-

187 4435 333 4490 tam,
357 4428 525 4492 idest,
544 4429 602 4478 in
626 4429 979 4480 Idummam?
995 4430 1130 4490 Quis
1144 4427 1388 4479 deducet
1411 4441 1504 4479 me
1527 4441 1714 4492 usque
1730 4428 1792 4480 in

184 4500 531 4562 Idumteam,
557 4499 725 4562 idest,
752 4499 810 4551 in
833 4499 1164 4552 universam
1196 4497 1598 4550 Gentilitatem.

253 4569 342 4626 12.
369 4571 566 4620 Nonne
591 4577 666 4630 tu,
693 4571 848 4628 Deus,
871 4573 969 4636 qui
1001 4570 1245 4634 repulisti
1267 4586 1365 4619 nos
1387 4574 1412 4620 .9
1435 4571 1520 4622 Tu
1545 4571 1666 4634 ipse
1691 4571 1792 4634 qui

185 4643 470 4708 repulisti,
499 4642 770 4694 deduces.
797 4643 1036 4708 Tuipse,
1063 4641 1356 4706 quiiratus
1382 4655 1462 4705 es,
1480 4642 1792 4695 miserebe-

1903 1996 2140 2056 hebant,
2166 1995 2542 2046 occidebant?
2565 1994 2704 2056 Quis
2739 2006 2938 2044 eorum
2959 1991 3050 2043 vel
3074 1992 3463 2043 reminiscitur
3479 1995 3503 2040 ?

1902 2067 2234 2119 Adnihilata
2254 2070 2344 2118 est
2359 2065 2582 2117 saavitia
2593 2069 3023 2130 persecutorum
3040 2080 3050 2111 :
3069 2064 3234 2114 ﬂoret
3247 2063 3430 2115 virtus
3442 2067 3502 2114 et

1901 2139 2082 2201 gloria
2115 2141 2467 2188 sanctorum.
2494 2137 2794 2188 Faciemus
2814 2140 2872 2188 et
2902 2147 3012 2186 nos
3035 2130 3496 2202 virtutem299

1901 2209 1960 2260 in
1989 2209 2247 2266 Domino,
2283 2210 2348 2258 ut
2385 2209 2457 2258 ab
2487 2207 2644 2258 omni
2687 2205 3053 2258 tribulatione
3097 2207 3154 2256 et
3186 2205 3500 2257 tentatione

1899 2279 2062 2332 liberi
2087 2292 2216 2331 esse
2237 2290 2578 2330 mereamur.
2617 2277 2763 2329 Nam
2789 2277 2840 2328 si
2860 2277 3016 2328 Deus
3041 2288 3140 2340 pro
3154 2275 3340 2338 nobis,
3367 2275 3498 2338 quis

1899 2355 2100 2402 contra
2115 2363 2222 2402 nos
2235 2349 2404 2413 (Rom.
2417 2347 2526 2412 8.)?
2537 2349 2618 2400 Sit
2629 2361 2764 2411 ergo
2775 2348 2835 2399 in
2849 2348 2968 2399 Deo
2981 2347 3254 2399 fortitudo
3269 2351 3468 2398 nostra
3481 2360 3495 2398 :

1900 2427 1956 2474 et
1978 2420 2138 2474 nulla
2160 2433 2369 2473 nocere
2402 2419 2795 2485 praevalebunt
2821 2419 3088 2480 adversa,

2227 2524 2588 2590 TITULUS
2633 2523 2958 2589 PSALMI
3012 2524 3154 2588 LX.

1963 2647 2005 2692 i.
2036 2647 2260 2704 Sequens
2278 2644 2500 2690 Psalmus
2517 2643 2801 2691 intitulatur
2817 2643 2910 2688 hoc
2931 2643 3109 2692 modo:
3137 2639 3198 2688 In
3221 2640 3406 2704 ﬁnem,
3432 2639 3494 2688 in

1897 2706 2121 2770 hymnis
2139 2705 2571 2770 David.rl{salmus
2595 2707 2688 2770 iste
2709 2705 2884 2770 dirigit
2908 2717 3001 2770 nos
3018 2705 3070 2770 in
3091 2705 3263 2770 tinem,
3289 2704 3494 2770 habitus

1893 2767 1958 2817 iti
1975 2768 2197 2830 hymnis
2219 2767 2404 2828 David,
2421 2769 2470 2814 id
2496 2769 2654 2828 est,in
2672 2768 2910 2814 laudibus
2923 2767 3493 2830 Christi.Ostenditurin

1895 2833 1987 2878 hoc
2003 2829 2194 2890 psalmo
2209 2838 2338 2878 totus
2355 2832 2576 2890 populus
2591 2844 2620 2876 a
2643 2830 2840 2878 cunctis
2855 2829 3081 2888 partibus
3099 2829 3277 2875 mundi
3291 2842 3378 2887 per
3389 2842 3494 2874 om-

1893 2908 1983 2940 ncs
2014 2895 2374 2951 successiones,
2399 2895 2460 2940 ad
2489 2891 2742 2940 Christum
2767 2894 2998 2938 clamare.
3023 2891 3308 2938 Ostenditur
3343 2892 3489 2937 etiam

1893 2957 2028 3016 quod
2055 2970 2142 3014 per
2183 2957 2436 3003 Christum
2461 2956 2522 3001 ad
2562 2955 2772 3000 eandam
2820 2954 3177 3011 hiereditatem,
3204 2965 3355 3016 quam
3382 2953 3490 3011 ipse

1893 3003 2118 3065 Christ-us
2140 3020 2302 3081 habet,
2345 3019 2562 3081 populus
2587 3017 2680 3081 ille
2711 3017 2984 3081 perveniet.
3009 3003 3303 3081 Materia‘est
3326 3003 3490 3061 fidelis

1893 3081 2128 3140 populus,
2157 3082 2246 3140 qui
2275 3077 2356 3126 hic
2385 3079 2624 3138 loquitur.
2649 3079 2708 3124 Et
2749 3077 2965 3140 ostendit
2998 3091 3050 3123 se
3078 3077 3131 3122 in
3167 3077 3331 3140 prima
3351 3081 3488 3134 parte

1892 3139 2074 3202 psalmi
2099 3143 2161 3188 ad
2178 3139 2460 3196 Christum,
2509 3146 2563 3186 ut
2585 3141 2772 3185 dictum
2812 3145 2885 3185 est
2917 3139 3151 3186 clamare.
3185 3139 3240 3184 In
3267 3140 3487 3202 secunda

1893 3200 2046 3264 parte,
2076 3217 2190 3263 qute
2231 3203 2445 3262 incipit:
2487 3203 2732 3258 Quoniam
2773 3207 2845 3252 tu.
2887 3203 3011 3248 Deus
3049 3213 3208 3260 meus,
3235 3200 3484 3264 exaudisti

1893 3262 2164 3314 orationem
2178 3280 2356 3323 meam,
2371 3265 2652 3311 ostenditur
2662 3264 2844 3310 Christi
2859 3264 3038 3310 literctli
3049 3269 3188 3309 tatem
3209 3262 3482 3320 possidere.

1894 3330 2108 3377 Intentio
2131 3335 2204 3375 est
2223 3329 2473 3376 exhortari
2504 3341 2614 3388 nos,
2648 3333 2704 3372 ut
2729 3339 2820 3372 suo
2835 3326 3063 3384 exemplo
3079 3331 3296 3382 orantes,
3321 3327 3368 3370 et
3395 3337 3484 3382 per

1890 3392 2204 3450 adeptionem
2230 3390 2550 3449 prwsentium
2575 3389 2816 3434 bonorum
2852 3390 3018 3434 futura
3041 3388 3170 3433 bona
3208 3392 3482 3446 sperantes,

1891 3449 2267 3514 perseveremus
2286 3454 2337 3499 in
2366 3452 2602 3498 laudibus
2633 3464 2791 3514 usque
2813 3451 2867 3496 in
2891 3449 3487 3514 ﬁnern._litlimrintontio

1891 3510 2222 3575 perpenditur
2244 3515 2296 3561 in
2323 3517 2421 3562 line
2446 3513 2643 3572 psalmi,
2671 3513 2759 3558 ubi
2793 3514 3002 3560 dicitur:
3031 3512 3110 3558 Sic
3126 3511 3374 3570 psalmum
3407 3510 3490 3555 di-

1892 3593 1999 3626 cam
2031 3579 2225 3625 nomini
2249 3584 2350 3639 tuo,
2363 3583 2451 3624 etc.
2469 3577 2700 3636 Proponit
2715 3581 2880 3622 autem
2895 3576 3039 3622 nobis
3056 3575 3233 3620 orandi
3255 3575 3484 3632 formam,

1893 3642 1968 3688 sic
1990 3641 2183 3688 dicens.

2403 3725 2802 3790 PSALMUS
2847 3725 2984 3790 LX.

1955 3861 2006 3914 2.
2067 3861 2308 3923 Exaudi,
2363 3860 2520 3922 Deus,
2566 3860 2990 3924 deprecationem
3035 3873 3214 3908 meam
3270 3859 3490 3907 intende

1892 3933 2294 3981 orationimeae.
2332 3931 2586 3983 Orationi
2611 3935 2825 3982 nostra:
2857 3929 3107 3980 intendit
3144 3931 3318 3991 Deus,
3350 3942 3486 3980 cum

1892 4007 2184 4068 gratanter
2195 4002 2433 4064 suscipit
2449 4001 2601 4065 quod
2611 4013 2862 4052 oramus.
2876 3999 3198 4051 Nonnullos
3215 4002 3490 4059 aliquando

1893 4074 2340 4137 exauditiratus,
2353 4086 2466 4124 non
2487 4077 2600 4123 tam
2613 4072 2685 4122 ad
2699 4071 2963 4133 salutem,
2978 4083 3150 4134 quam
3164 4071 3237 4122 ad
3248 4070 3492 4120 damna-

1896 4145 2128 4197 tionem.
2155 4145 2225 4196 Et
2264 4144 2391 4195 ideo
2423 4149 2726 4208 postquam
2750 4143 2914 4199 dixit,
2961 4141 3207 4203 Exaudi,
3227 4141 3490 4205 protinus

1892 4215 2130 4277 addidit,
2155 4215 2369 4264 Intende
2387 4230 2398 4265 :
2414 4220 2479 4266 ut
2499 4213 2760 4266 videlicet
2783 4217 3076 4276 gratanter
3091 4216 3147 4263 et
3169 4211 3379 4262 utiliter
3401 4211 3491 4262 di-

1893 4293 2103 4352 gnetur
2125 4286 2414 4338 exaudire.
2431 4288 2622 4336 Potest
2645 4285 2818 4336 etiam
2841 4284 2921 4336 ita
2943 4283 3249 4348 distingui:
3264 4282 3494 4332 Exaudi

1893 4359 2322 4422 deprecationem
2344 4372 2538 4417 meam,
2564 4358 2620 4408 in
2634 4355 2908 4408 cavendis
2922 4355 3114 4405 malis:
3139 4354 3360 4402 Intende
3374 4369 3494 4402 ora-

1893 4431 2031 4478 tioni
2064 4445 2208 4488 meae,
2233 4429 2294 4480 in
2315 4428 2652 4492 appetendis
2687 4427 2872 4479 bonis.
2896 4425 3137 4488 Quidam
3162 4425 3316 4476 enim
3341 4425 3492 4475 hanc

1891 4500 2317 4552 distinctionem
2337 4499 2552 4550 faciunt
2572 4500 2724 4552 inter
2745 4497 3196 4562 deprecationem
3215 4495 3489 4547 etoratio-

1889 4585 2044 4635 nem,
2058 4576 2124 4622 ut
2140 4571 2248 4622 hoc
2265 4571 2342 4622 sit
2357 4570 2645 4633 deprecari
2660 4573 2864 4629 Deum,
2895 4567 3128 4632 quando
3147 4571 3209 4618 ut
3223 4571 3446 4618 avertat
3461 4582 3491 4614 a

1891 4644 2058 4696 nobis
2083 4642 2252 4706 mala,
2271 4642 2604 4706 quaerimus.
2632 4643 2701 4694 Et
2726 4642 2836 4693 hoc
2860 4641 2936 4692 sit
2957 4651 3140 4700 orare,
3169 4638 3403 4702 quando
3430 4641 3494 4689 ut

187 4715 292 4768 ris.
333 4715 460 4764 Non
494 4713 650 4765 enim
675 4715 993 4766 continebis
1017 4715 1076 4765 in
1117 4713 1200 4764 ira
1235 4718 1335 4784 tua
1367 4713 1788 4764 misericordias
1818 4709 1876 4784 D
1897 4717 2049 4767 bona
2065 4715 2294 4777 tribuat,
2320 4712 2702 4778 postulamus.
2727 4711 2943 4776 thuia
2958 4709 3493 4784 Ecclesiatotoorbe

190 4793 342 4838 tuas.
360 4785 426 4834 Et
439 4800 550 4834 non
575 4785 882 4848 egredieris,
902 4786 1041 4834 Deus
1058 4785 1117 4833 in
1131 4783 1415 4834 virtutibus
1429 4785 1622 4833 nostris
1634 4790 1658 4836 .9
1672 4789 1789 4834 Ser-

187 4859 416 4910 viturus
441 4861 531 4908 est
554 4857 826 4919 mundus,
854 4857 1084 4908 futurus
1107 4861 1198 4908 est
1219 4869 1459 4907 acervus
1480 4857 1793 4908 testimonii

188 4929 377 4980 eﬁ‘uso
413 4931 731 4990 martyrum
771 4927 1074 4991 sanguine,
1119 4927 1323 4978 dicturi
1369 4931 1505 4978 sunt
1531 4926 1738 4990 pagani
1777 4944 1787 4975 :

187 5001 298 5051 Ubi
319 5001 577 5050 estDeus
602 5011 800 5050 eorum
818 4998 978 5062 (Psal.
1008 4997 1148 5060 113.)
1167 5002 1255 5050 ?et
1276 5003 1412 5050 tunc
1433 5011 1550 5049 non
1566 5001 1792 5056 egredie-

189 5072 289 5132 ris,
320 5073 498 5132 Deus,
524 5070 580 5122 in
607 5071 920 5121 virtutibus
942 5069 1176 5132 nostris,
1193 5083 1309 5121 non
1321 5075 1518 5121 contra
1533 5083 1793 5131 eosappa-

190 5141 364 5194 rebis.
397 5144 521 5192 Non
545 5142 817 5193 ostendes
837 5143 1152 5206 potentiam
1179 5145 1334 5192 tuam
1351 5142 1579 5206 qualem
1597 5147 1793 5192 osten-

189 5214 402 5266 distiin
427 5215 642 5277 Moyse,
669 5213 728 5264 in
761 5216 901 5265 Jesu
933 5215 1107 5276 Nave,
1137 5212 1196 5264 in
1213 5213 1418 5273 David,
1441 5214 1790 5277 etint'zeteris,

189 5285 430 5350 quando
447 5297 647 5336 eorum
669 5284 985 5336 fortitudini
1000 5289 1300 5336 cesserunt
1316 5289 1538 5348 gentes,
1563 5291 1618 5336 et
1632 5293 1792 5340 strage

187 5358 363 5418 facta,
391 5357 451 5407 in
478 5359 683 5408 terram
709 5369 882 5421 quam
919 5356 1246 5421 promisisti,
1275 5357 1496 5420 plebem
1523 5362 1682 5407 tuam
1705 5357 1794 5406 in-

189 5429 432 5480 duxisti.
448 5430 609 5480 Certe
622 5428 850 5492 quando
863 5428 1111 5480 catenati
1121 5433 1402 5492 martyres
1415 5428 1790 5490 ducebantur,

189 5499 429 5564 quando
447 5499 590 5552 ferro
602 5500 1030 5561 occidebantur,
1047 5499 1180 5562 igne
1191 5502 1612 5562 cremebantur,
1631 5501 1794 5546 diver-

189 5573 274 5624 sis
306 5572 611 5624 tormentis
629 5572 814 5622 crucia
825 5576 1054 5632 bantur,
1075 5573 1520 5619 contemnebantur
1537 5577 1789 5631 tamquam

190 5643 731 5706 deserti,tamquam
758 5644 880 5694 sine
905 5643 972 5693 ad
977 5644 1184 5706 jutore.
1205 5642 1492 5705 Numquid
1507 5655 1642 5706 ergo
1657 5642 1792 5704 quia

191 5729 313 5767 non
327 5715 731 5778 egrediebatur
752 5717 910 5766 Deus
929 5715 988 5765 in
1011 5713 1320 5764 virtutibus
1337 5726 1548 5764 eorum.
1563 5714 1692 5764 ideo
1705 5717 1794 5761 «1e-

193 5789 469 5840 serebat?
488 5788 684 5838 Nonne
698 5787 881 5847 magis
896 5799 1014 5838 non
1029 5785 1392 5849 egrediendo,
1411 5785 1471 5836 in
1484 5785 1794 5836 virtutibus

193 5871 400 5910 eorum
425 5857 667 5909 deduxit
689 5857 1007 5908 Ecclesiam
1041 5868 1226 5919 usque
1261 5855 1320 5906 in
1347 5856 1662 5907 Idumaaam
1687 5860 1714 5905 ‘2
1737 5857 1794 5906 Si

198 5928 410 5982 bellare
431 5929 586 5980 enim
605 5927 776 5981 vellet
794 5927 1062 5990 Ecclesia,
1091 5931 1148 5978 et
1162 5925 1352 5989 gladio
1375 5927 1480 5990 uti,
1503 5926 1794 5979 videretur

1895 4789 2174 4838 terrarum
2200 4786 2410 4837 ditiusa
2432 4789 2540 4850 est,
2565 4784 2822 4848 undique
2852 4797 2914 4836 se
2940 4781 3190 4834 clamare
3213 4780 3490 4843 insinuat,

1892 4871 2026 4909 cum
2051 4858 2356 4922 subjungit
2381 4874 2392 4906 :
3307 4877 3312 4884 -

1953 4927 2004 4983 3.
2029 4931 2070 4978 Α
2086 4929 2287 4993 ﬁnibus
2309 4935 2456 4978 terras
2475 4928 2549 4978 ad
2571 4934 2616 4977 te
2649 4927 2894 4977 clamavi.
2927 4925 3152 4978 Clamor
3195 4930 3394 4977 noster
3416 4923 3488 4974 ad

1892 5003 2098 5056 Deum.
2111 5005 2472 5052 estnostrum
2487 5000 2858 5051 desiderium.
2877 5002 3104 5061 Quanto
3117 4998 3362 5061 quisque
3374 4997 3492 5056 plus

1892 5071 2196 5130 desiderat.
2238 5076 2396 5122 tanto
2431 5071 2560 5134 plus
2594 5070 2823 5122 clamat.
2875 5072 2944 5121 Et
2991 5068 3188 5121 subdit
3225 5079 3491 5119 caussam

1892 5155 2086 5205 quare.
2100 5143 2240 5191 Dum
2255 5143 2682 5191 aumiareturcor
2697 5156 2893 5191 meum.
2910 5141 3176 5193 Ostendit
3191 5153 3251 5190 se
3263 5151 3391 5190 esse
3409 5152 3492 5198 per

1892 5227 2096 5264 omnes
2107 5217 2310 5278 gentes
2327 5213 2386 5264 in
2403 5226 2614 5278 magna
2625 5213 2823 5276 gloria,
2843 5224 2948 5262 nec
2967 5217 3160 5262 tamen
3176 5211 3299 5262 sine
3311 5224 3493 5269 magna

1895 5285 2226 5336 tentatione.
2274 5285 2488 5336 Omnes
2531 5285 2684 5335 enim
2718 5283 2815 5345 qui
2845 5282 2935 5347 pie
2981 5282 3186 5334 volunt
3211 5283 3406 5332 vivere
3429 5280 3491 5330 in

1893 5356 2138 5419 Christo,
2166 5356 2622 5419 persecutionem
2647 5354 2956 5418 patiuntur.
2979 5351 3048 5414 (2.
3087 5350 3334 5413 Tim.3.).
3360 5353 3494 5402 Pro-

1895 5431 2096 5478 vectus
2106 5430 2298 5476 autem
2310 5431 2506 5476 noster
2522 5438 2624 5488 per
2641 5425 3012 5475 tentationem
3026 5423 3110 5480 tit,
3125 5435 3230 5474 nec
3243 5425 3340 5470 sibi
3359 5424 3496 5482 quis-

1894 5509 2086 5560 quam,
2117 5496 2228 5546 nisi
2249 5500 2515 5556 tentetur,
2544 5495 2880 5546 innotescit:
2901 5506 3007 5544 nec
3031 5497 3222 5558 potest
3242 5495 3492 5554 coronari,

1893 5569 2006 5620 nisi
2030 5568 2224 5619 vicerit
2241 5565 2312 5629 (ἓ.
2338 5567 2469 5616 Tim.
2485 5565 2558 5629 ‘2.)
2577 5584 2587 5613 :
2605 5578 2711 5615 nec
2737 5569 2927 5628 potest
2943 5565 3192 5623 vincere,
3209 5562 3493 5613 nisicerta-

1895 5640 2042 5692 verit
2067 5657 2077 5687 :
2125 5652 2228 5690 nec
2255 5642 2444 5702 potest
2471 5639 2706 5694 certare.
2737 5635 2850 5686 nisi
2897 5635 3195 5684 inimicum
3217 5637 3278 5684 et
3306 5635 3494 5682 tenta-

1897 5711 2107 5762 tioncm
2174 5709 2459 5760 habuerit.
2515 5707 2799 5757 Anxiatur
2854 5720 2988 5769 ergo
3033 5705 3142 5754 iste
3198 5716 3232 5754 a
3274 5703 3490 5754 ﬁnibus

1897 5787 2062 5834 terra:
2108 5781 2381 5844 clamans,
2435 5779 2536 5830 sed
2582 5791 2700 5828 non
2745 5776 3127 5840 relinquitur:
3174 5774 3310 5838 quia
3353 5775 3492 5824 sub-

1895 5853 2051 5906 ditur
2091 5867 2105 5904 :
2157 5853 2222 5902 In
2264 5859 2419 5917 petra
2473 5849 2720 5900 araltasti
2772 5864 2871 5899 mc.
2926 5851 3089 5900 Petra
3135 5851 3329 5898 autem
3371 5848 3492 5896 erat

1895 5925 2157 5978 Christus
2184 5924 2251 5988 (1.
2281 5926 2402 5977 Cor.
2437 5923 2565 5989 10.).
2603 5922 2750 5974 llinc
2773 5922 2898 5988 ipsa
2919 5921 3144 5973 Veritas
3167 5919 3284 5972 ait:
3309 5917 3491 5981 Super
