3884 6444
440 387 544 442 887

1502 390 1769 441 RUFINO
1803 387 2266 441 PRESBYTERO
2299 386 2688 439 ASCRIPTUS

3647 388 3758 443 888

440 502 591 577 hanc
629 500 1176 577 petramadiﬁcabo
1195 499 1509 577 Ecclesiarn
1533 516 1694 577 meam
1721 502 1890 577 (Matt.
1913 499 2044 577 _16.).
2064 503 2121 577 Α
2145 500 2331 577 {acere
2357 512 2560 551 servus
2594 499 2698 577 Dei
2721 499 2783 551 in
2806 499 2916 577 hoc
2938 501 3152 577 seculo,
3170 512 3345 577 quam
3368 512 3530 577 orare
3545 490 3761 577 Deum.

440 575 507 623 In
546 577 707 636 petra
741 573 1051 631 exaltatur,
1083 572 1180 634 qui
1222 571 1281 621 in
1307 570 1419 621 fide
1444 572 1675 622 Domini
1699 573 1879 623 nostri
1903 575 2045 624 Jesu

446 644 659 694 Christi
696 644 968 695 fundatus
1003 646 1108 693 est.
1154 644 1222 692 Et
1260 642 1407 692 bene
1430 643 1527 705 ait,
1561 642 1835 691 Emit/isti
1865 661 1875 692 :
1911 645 2047 706 quia

440 716 637 778 justus
664 716 760 777 qui
785 728 855 766 ex
892 714 1003 765 fide
1028 713 1169 763 vivit
1199 712 1368 776 (Rom.
1408 712 1497 775 1.),
1534 719 1743 765 cuncta
1769 720 2045 775 tempora-

446 786 523 838 lia
567 785 919 837 transcendit
958 805 969 832 :
1010 789 1182 846 atque
1207 785 1265 834 in
1290 783 1446 835 caelis
1476 786 1841 836 conversatio
1866 783 2042 852 300

448 859 574 920 ejus
597 861 683 907 est
706 858 871 918 (Phil.
901 856 993 918 3.).
1020 856 1089 906 Et
1113 855 1245 918 qnia
1265 854 1359 905 ille
1384 855 1483 918 qui
1510 855 1686 907 donat
1711 857 1904 919 fidem,
1928 870 2049 921 pro-

450 932 646 980 movet
698 940 837 978 suos
880 927 951 979 ad
988 926 1377 991 operationem
1406 931 1464 976 et
1487 939 1668 990 spem,
1694 932 1868 990 atque
1893 929 1953 977 in
1981 940 2049 979 eo

449 999 573 1062 ipso
618 999 938 1062 confirmat,
966 1011 1041 1049 ne
1080 1001 1340 1049 tentatus
1356 998 1605 1061 quisque
1628 998 1873 1058 deficiat,
1898 1004 2050 1050 recte

448 1070 716 1121 subditur
764 1070 1070 1120 :Dcduxistz’
1106 1083 1208 1131 me,
1233 1067 1305 1120 de
1328 1069 1540 1121 virtute
1562 1069 1623 1121 in
1646 1071 1943 1133 virtutem,
1978 1070 2051 1121 de

446 1140 598 1194 beno
623 1144 680 1193 in
700 1141 911 1193 melius
937 1158 950 1192 :

509 1214 558 1268 4.
589 1214 732 1272 Quia
754 1213 931 1275 factus
953 1228 1002 1262 es
1023 1227 1137 1276 spes
1154 1227 1292 1270 mea,
1320 1213 1488 1262 turris
1508 1213 1849 1276 fortitudinis
1866 1230 1901 1263 a
1914 1214 2053 1277 faeie

454 1285 689 1335 inimici.
716 1285 815 1336 Ille
841 1285 949 1350 (Ex
970 1283 1300 1347 Augustino)
1319 1285 1576 1336 sinostra
1594 1298 1725 1349 spes
1739 1285 1926 1337 factus
1950 1301 2050 1334 non

449 1355 673 1419 fuisset,
690 1368 806 1406 non
831 1368 940 1407 nos
956 1355 1283 1406 deduceret.
1300 1356 1542 1407 Deducit
1556 1360 1853 1420 tamquam
1874 1360 2054 1415 dux,et

448 1426 509 1477 in
533 1438 595 1477 se
619 1426 1085 1490 ducittamquam
1108 1427 1216 1488 via,
1247 1428 1304 1478 et
1323 1426 1395 1477 ad
1431 1439 1493 1477 se
1517 1427 1776 1490 perducit
1799 1434 2051 1488 tamquam

448 1497 651 1561 patria.
682 1498 844 1549 Unde
860 1503 948 1548 est
976 1510 1107 1561 spes
1130 1502 1331 1549 nostra
1348 1500 1375 1547 ‘I
1396 1498 1538 1559 Quia
1560 1510 1773 1563 passus
1799 1503 1905 1561 est,
1920 1498 2053 1561 quia

452 1568 718 1619 surrexit.
736 1568 881 1630 Quid
912 1569 1066 1619 enim
1088 1581 1195 1620 nos
1221 1569 1484 1632 dicimus,
1506 1569 1737 1633 quando
1761 1569 1887 1621 haec
1914 1569 2053 1633 legi-

450 1641 621 1689 mus?
642 1640 769 1690 Non
803 1639 987 1703 perdit
1010 1652 1119 1691 nos
1149 1642 1322 1703 Deus,
1348 1653 1449 1703 pro
1476 1641 1684 1704 quibus
1698 1640 2053 1692 misitFilium

453 1722 627 1762 suum
663 1711 892 1773 tentari,
940 1711 1217 1775 cruciﬁgi,
1252 1711 1413 1774 mori,
1440 1724 1757 1776 resurgere.
1796 1714 1922 1762 Non
1945 1724 2053 1763 nos

450 1782 694 1846 despicit
716 1784 892 1844 Deus,
919 1787 1149 1846 propter
1172 1795 1318 1845 quos
1337 1788 1394 1834 et
1419 1783 1558 1834 Filio
1586 1796 1690 1834 suo
1714 1796 1834 1834 non
1856 1795 2053 1847 peper-

455 1854 533 1905 cit
561 1874 574 1904 :
612 1853 713 1904 sed
738 1866 840 1917 pro
865 1854 1031 1904 nobis
1056 1854 1293 1906 tradidit
1315 1854 1474 1905 illum
1503 1855 1675 1916 (Rom.
1704 1854 1794 1918 8.).
1824 1855 1912 1906 Sic
1938 1871 2052 1914 ergo

455 1924 639 1976 factus
660 1928 750 1975 est
774 1937 906 1987 spes
925 1930 1143 1975 nostra.
1175 1928 1242 1976 In
1265 1924 1360 1976 illo
1392 1925 1555 1976 vides
1572 1926 1823 1977 laborem
1849 1934 1988 1974 tuum
2008 1932 2053 1974 et

454 1995 779 2048 mercedem
793 2000 965 2047 tuam.
988 1997 1266 2048 Laborem
1278 1998 1338 2047 in
1354 1998 1639 2060 passione,
1655 1997 1977 2049 mercedem
1994 1997 2054 2049 in

453 2066 888 2118 resurrectione.
936 2067 1232 2119 Habemus
1271 2067 1417 2118 duas
1460 2068 1627 2131 vitas,
1659 2081 1834 2119 unam
1858 2068 1917 2119 in
1942 2081 2054 2132 qua

458 2151 683 2199 sumus,
713 2137 951 2188 alteram
969 2150 1142 2201 quam
1159 2151 1474 2201 speramus.
1489 2141 1553 2189 In
1578 2151 1691 2202 qua
1720 2152 1943 2198 sumus,
1960 2153 2054 2190 no-

460 2209 548 2260 bis
567 2213 704 2260 nota
726 2213 834 2260 est.
853 2212 1035 2270 Quam
1063 2222 1378 2273 speramus,
1397 2210 1595 2274 ignota
1611 2211 1777 2262 nobis
1790 2214 2056 2274 est,Tolo-

457 2293 520 2332 ra
546 2281 607 2331 in
633 2294 746 2344 qua
770 2293 850 2341 es,
869 2286 926 2333 et
947 2282 1188 2333 habebis
1213 2294 1388 2345 quam
1412 2286 1675 2335 nundnm
1692 2285 1888 2336 habes.
1904 2288 2051 2347 Quo-

458 2351 630 2403 modo
656 2352 900 2403 toleras‘?
946 2355 1071 2405 Non
1096 2354 1343 2406 vincaris
1367 2368 1401 2406 a
1420 2360 1700 2407 tentatore
1722 2366 1739 2385 ·
1762 2357 2054 2408 laboribus

462 2422 1057 2476 ullis.Tentationibns
1071 2426 1211 2487 suis,
1225 2430 1408 2478 morte
1420 2440 1525 2478 sua
1541 2427 1951 2481 demonstravit
1968 2431 2058 2477 tibi

460 2495 637 2547 vitam
660 2495 720 2545 in
740 2507 856 2559 qua
878 2509 966 2548 es:
992 2498 1409 2550 resurrectione
1433 2510 1538 2549 sua
1550 2498 1968 2552 demonstravit
1980 2500 2057 2551 vi-

463 2571 579 2617 tam
622 2566 682 2617 in
720 2579 835 2630 qua
880 2568 1009 2619 eris.
1059 2568 1192 2620 Ideo
1237 2568 1424 2621 factus
1466 2574 1555 2621 est
1592 2570 1712 2622 dux
1740 2577 1892 2623 tuus.
1928 2574 2057 2635 Ipse

460 2642 679 2688 creator
704 2642 839 2689 tuus
857 2651 1070 2703 passus
1090 2644 1197 2702 est,
1220 2652 1293 2691 ne
1318 2645 1381 2691 tu
1408 2641 1610 2692 timeas
1637 2642 1772 2706 pati.
1798 2645 2058 2694 Mortuus

460 2715 567 2769 est,
584 2714 732 2761 netu
749 2711 952 2762 timeas
965 2712 1124 2763 mori.
1139 2712 1539 2764 Resurrexitin
1556 2717 1657 2764 tua
1669 2722 1912 2775 carne,ut
1934 2720 1977 2762 et
2005 2721 2057 2762 tu

462 2792 656 2844 speres
671 2782 1099 2846 resurgere.Spe
1115 2782 1267 2833 enim
1285 2782 1488 2834 salvati
1506 2787 1618 2833 facti
1635 2800 1813 2834 sumus
1830 2784 2056 2848 (Rom.8)

460 2854 585 2915 Ipse
608 2851 783 2903 etiam
800 2852 896 2915 qui
914 2857 1003 2904 est
1030 2866 1160 2917 spes
1179 2859 1392 2917 nostra,
1411 2856 1598 2906 factus
1612 2861 1701 2907 est
1713 2859 1863 2906 nobis
1889 2857 2057 2904 turris

457 2922 801 2985 fortitudinis
823 2940 857 2971 ιι
880 2924 1038 2988 facie,
1063 2925 1230 2989 idest,
1257 2938 1292 2977 a
1314 2928 1632 2990 praesentia
1651 2928 1885 2977 inimici.
1904 2927 2057 2979 Talis

460 2994 706 3046 munitio
728 2998 817 3045 est
838 2995 1004 3046 nobis
1029 2997 1201 3058 Deus,
1234 2996 1294 3048 in
1323 3010 1439 3060 qua
1463 3002 1520 3047 et
1542 2997 1857 3050 abinimico
1875 2998 2058 3049 securi

459 3078 590 3118 esse
608 3066 918 3129 possimus,
937 3071 995 3118 et
1016 3067 1073 3117 in
1086 3067 1276 3131 ipsum
1288 3068 1853 3132 jaculariinimicum.
1872 3075 1999 3121 Auie
2017 3080 2060 3120 te

461 3138 569 3199 (Ex
590 3136 750 3200 Aug.)
778 3142 869 3188 est
884 3137 1163 3189 Christus.
1192 3138 1511 3190 Recordare
1527 3139 1835 3205 Christum,
1849 3146 1905 3193 et
1928 3146 2059 3191 intra

458 3220 518 3258 in
551 3209 769 3259 turrim.
813 3209 1095 3272 Quicquid
1140 3211 1367 3273 pateris,
1410 3211 1598 3274 cogita
1631 3213 1765 3275 quia
1793 3213 1883 3264 ille
1907 3214 2059 3278 prior

458 3296 666 3347 passus
682 3289 765 3334 est
788 3300 798 3331 :
826 3286 884 3334 et
906 3284 1095 3347 cogita
1120 3296 1234 3346 quo
1258 3282 1372 3334 line
1397 3295 1605 3346 passus
1638 3291 1744 3347 est,
1768 3287 2059 3340 scilicetut

457 3357 775 3405 moreretur
805 3358 859 3404 et
882 3358 1221 3417 resurgeret.
1249 3353 1443 3405 Talem
1465 3355 1640 3406 ﬁnem
1666 3370 1848 3420 spera,
1871 3358 2057 3422 qualis

459 3425 517 3475 in
535 3424 631 3476 illo
645 3425 944 3488 praecessit
961 3442 971 3472 :
989 3430 1047 3475 et
1061 3425 1291 3475 intrasti
1308 3428 1369 3476 in
1384 3425 1443 3475 in
1456 3427 1675 3487 turrim,
1690 3441 1803 3479 non
1822 3443 2040 3481 censen

460 3496 654 3548 tiendo
695 3496 946 3546 inimico.
987 3496 1042 3546 Si
1063 3496 1215 3546 enim
1242 3498 1599 3549 consenseris
1622 3499 1871 3561 inimico,
1902 3502 1974 3553 ad
2006 3507 2059 3554 te

461 3567 718 3630 pervenit
765 3568 1155 3630 oppugnantis
1182 3568 1456 3630 jaculum.
1484 3571 1569 3620 Tu
1598 3571 1790 3634 potius
1814 3572 1872 3623 in
1894 3572 2057 3625 illum

454 3638 711 3699 jaculare
732 3637 862 3699 tela,
890 3639 1100 3699 quibus
1123 3639 1358 3690 feriatur
1381 3645 1436 3691 et
1455 3641 1729 3693 vincatur.
1758 3646 1897 3705 Quae
1920 3650 2059 3697 sunt

459 3709 572 3760 ista
598 3707 751 3759 tela?
778 3708 970 3760 Verba
997 3710 1112 3771 Dei,
1131 3710 1273 3762 fides
1288 3714 1404 3773 tua,
1427 3725 1560 3776 spes
1579 3718 1693 3777 tua,
1708 3727 1878 3778 opera
1890 3716 2056 3769 bona.

460 3781 627 3830 Nunc
651 3778 777 3829 dicn
795 3779 893 3839 sic,
913 3785 1034 3830 esto
1055 3780 1111 3831 in
1148 3783 1260 3833 ista
1295 3784 1433 3834 turri
1466 3788 1530 3835 ut
1555 3797 1725 3836 vaces
1754 3786 1849 3850 ibi,
1870 3793 1927 3839 et
1950 3790 2061 3839 suf-

460 3851 617 3901 ﬁciat
638 3850 762 3913 tibi,
782 3851 918 3915 quia
933 3851 1119 3903 hostis
1148 3854 1256 3904 tela
1268 3854 1341 3905 ad
1368 3859 1421 3906 te
1441 3868 1555 3907 non
1574 3858 1938 3921 perveniunt.
1956 3866 2057 3921 Age

459 3922 537 3993 ibi
562 3921 797 3986 aliquid,
826 3935 942 3973 non
972 3930 1438 3977 cessentmanus.
1454 3928 1636 3988 Opera
1651 3933 1750 3979 tua
1768 3928 2059 3993 nonagno-

463 3992 538 4043 dii
563 3997 701 4044 sunt
716 3993 1453 4048 interﬁcientesinimicnm.
1477 3996 1599 4047 Tali
1619 4011 1755 4062 ergo
1775 4003 2058 4051 munitione

461 4065 836 4120 confortatus.
848 4078 1213 4129 perseverare
1226 4082 1287 4119 se
1304 4068 1602 4133 promittit,
1621 4083 1751 4119 cum
1765 4074 1875 4129 subj
1885 4077 2004 4132 ungi
2015 4081 2054 4124 t:

524 4135 575 4189 5.
602 4137 918 4187 Inhabitabo
941 4139 998 4187 in
1024 4140 1365 4188 tabernaculo
1384 4147 1476 4187 tuo
1493 4142 1551 4188 in
1575 4141 1785 4191 saecula.
1811 4144 1953 4203 Quia
1966 4144 2058 4197 hic

462 4208 569 4259 erit
586 4209 837 4259 Ecclesia
853 4222 1038 4273 usque
1052 4211 1113 4262 in
1128 4212 1304 4262 ﬁnem
1320 4210 1518 4261 saeculi
1533 4213 1652 4262 Deo
1672 4213 2055 4277 militatura,in

461 4279 766 4330 concordia
781 4283 1140 4346 permanebo,
1156 4283 1213 4332 in
1232 4282 1452 4332 unitate
1466 4282 1596 4333 fidei
1612 4287 1882 4347 pugnabo
1900 4303 2058 4349 usque

462 4351 522 4401 in
540 4352 730 4403 tinem.
752 4355 878 4403 Non
904 4353 1059 4403 enim
1076 4353 1176 4415 qui
1197 4354 1428 4416 ceperit,
1445 4354 1545 4405 sed
1560 4355 1658 4417 qui
1672 4363 2059 4415 perseveraverit

462 4435 647 4486 usque
690 4422 751 4474 in
794 4424 988 4485 tinem,
1033 4422 1125 4473 hic
1161 4424 1358 4475 salvus
1404 4426 1509 4475 erit
1549 4428 1754 4490 (Matth.
1788 4427 1913 4492 ‘24.).
1950 4432 2057 4482 Sed

461 4494 616 4546 unde
662 4494 1097 4558 perseverabis?
1141 4498 1280 4556 Qum
1325 4502 1463 4548 sunt
1488 4497 1633 4549 vires
1666 4504 1781 4552 tum
1805 4501 1951 4552 inter
1976 4507 2059 4555 tot

461 4566 748 4629 scandala,
798 4566 949 4617 inter
987 4568 1173 4617 tantas
1206 4572 1470 4630 pugnas?
1502 4571 1766 4633 Sequitur
1794 4576 1850 4623 et
1883 4573 2054 4625 dicit:

459 4636 725 4700 Protegar
748 4638 807 4685 in
832 4636 1124 4685 velamento
1145 4636 1364 4687 alarum
1389 4644 1630 4703 tuarum,
1650 4641 1818 4703 idest,
1845 4643 1903 4694 in
1928 4657 2052 4707 pro-

462 4707 709 4759 tectione
736 4707 1034 4757 virtutum.
1046 4707 1209 4759 Unde
1225 4710 1408 4762 beatae
1420 4712 1640 4775 Virgini
1655 4713 1727 4763 ab
1744 4714 1965 4778 Angelo
1977 4718 2053 4762 di-

463 4779 613 4830 citur
636 4795 645 4826 :
694 4778 937 4840 Spiritus
962 4784 1196 4831 sanctus
1221 4784 1583 4845 superveniet
1618 4784 1679 4834 in
1703 4789 1775 4848 te,
1801 4790 1857 4836 et
1879 4790 2058 4839 virtus

462 4849 742 4902 Altissimi
764 4850 1131 4902 obumbrabit
1148 4853 1390 4914 tibi(Lue
1416 4854 1503 4919 1.).
1526 4858 1669 4907 Ecce
1682 4868 1858 4919 quare
1871 4859 2057 4910 securi

464 4933 668 4971 sumus
711 4920 859 4972 inter
894 4923 1083 4973 tantas
1114 4926 1477 4987 tentationes,
1503 4926 1687 4978 donec
1711 4929 1902 4980 veniat
1927 4930 2058 4982 finis

462 4991 681 5065 saeculi,
706 4997 763 5044 et
787 4993 1101 5056 suscipiant
1118 5009 1226 5047 nos
1256 4997 1469 5048 saecula
1490 5003 1705 5049 mterna
1732 5017 1741 5048 :
1770 5000 1904 5063 quia
1927 5014 2059 5065 pro-

462 5064 714 5129 tegimur
754 5066 815 5116 in
859 5066 1184 5117 velamento
1218 5067 1438 5118 alarum
1466 5068 1666 5132 ipsius.
1696 5064 1940 5135 Magnus
1969 5077 2059 5124 est

464 5137 571 5198 (Ea:
582 5136 711 5201 eod.)
727 5140 910 5189 aestus
928 5137 1217 5195 vitiorum,
1232 5139 1332 5189 sed
1347 5137 1399 5204 3
1411 5137 1495 5206 0|
1522 5154 1730 5205 magna
1745 5148 1835 5194 est
1852 5145 2059 5197 umbra

464 5208 572 5259 sub
602 5209 706 5259 alis
740 5209 860 5262 Dei.
888 5211 957 5261 Et
978 5209 1108 5261 ideo
1130 5212 1320 5261 certus
1346 5224 1476 5260 sum
1501 5211 1569 5263 de
1596 5218 1961 5277 protectione,

526 5279 575 5334 6.
613 5282 885 5341 Quoniam
901 5288 975 5341 tu,
993 5282 1145 5338 Deus,
1165 5282 1438 5331 mandisti
1458 5286 1756 5335 orationem
1776 5303 1966 5351 meam,
1988 5288 2058 5339 de

462 5354 840 5418 percipiendis
869 5353 1053 5404 bonis.
1088 5354 1291 5403 Dedisti
1339 5356 1697 5407 luereclilatem
1750 5360 2056 5409 timentibus

461 5440 654 5473 nomen
673 5431 822 5474 tuum
835 5424 1131 5475 .Beneﬂcia
1141 5430 1332 5476 autem
1351 5425 1925 5489 coliata,argumentnni
1942 5438 2059 5480 sunt

459 5497 799 5548 futurorum.
838 5496 1232 5548 Admonemnr
1274 5497 1366 5549 hic
1402 5512 1515 5549 non
1561 5514 1786 5553 cessare
1824 5503 2056 5566 orando,

461 5567 717 5629 quandiu
742 5571 974 5631 tempus
999 5573 1088 5618 est
1107 5570 1507 5621 tentationum.
1533 5571 1701 5623 Orate
1730 5573 1932 5635 (inquit
1957 5575 2061 5624 Do-

461 5639 677 5700 minus)
700 5644 768 5689 ut
792 5652 908 5690 non
933 5640 1157 5690 intretis
1202 5640 1263 5691 in
1296 5642 1686 5694 tentationem.
1723 5645 1914 5695 Oratio
1950 5644 2055 5695 fre-

463 5722 645 5772 quens
675 5710 883 5761 diaboli
900 5710 1093 5773 jacula
1117 5713 1441 5764 submovet.
1470 5715 1575 5765 Hie
1596 5716 1773 5777 prima
1788 5720 1877 5766 est
1902 5718 2059 5764 virtus

461 5780 745 5834 adversus
773 5782 1150 5835 tentationum
1172 5783 1461 5836 incursus.
1485 5785 1637 5838 Nihil
1657 5787 1851 5840 utilius
1871 5789 2062 5851 potest

2082 3238 2131 3312 C

2079 4674 2137 4748 D

2143 572 2333 623 Oratio
2390 575 2617 622 serenat
2641 584 2753 634 cor,
2796 572 3081 623 abstrahit
3117 584 3152 622 a
3193 573 3451 636 terrenis,
3475 573 3766 625 mundata.

2147 644 2317 705 vitiis,
2355 642 2619 694 sublevat
2663 643 2735 693 ad
2773 642 3045 699 cmlestia,
3083 642 3269 694 reddit
3294 644 3565 707 capacius
3587 649 3647 696 et
3668 646 3759 696 di-

2148 714 2317 777 gnius
2342 714 2414 764 ad
2437 714 2766 778 accipienda
2782 716 2932 765 bona
2957 713 3289 778 spiritualia.
3314 716 3758 768 Perseveremus

2150 787 2284 847 ergo
2302 785 2361 835 in
2385 786 2638 836 oratione
2663 790 2721 836 et
2749 786 2946 836 timore
2962 788 3216 835 nominis
3229 786 3331 836 Dei
3344 791 3640 849 quatenus
3658 800 3767 839 caa-

2149 856 2355 907 lestem
2378 858 2685 918 promereri
2699 856 2990 919 possimus
3002 857 3418 908 hmreditatem.
3432 857 3654 909 Deinde
3666 872 3767 910 ex-

2148 928 2328 991 ponit,
2355 939 2529 989 quam
2550 927 2951 979 haereditatem
2973 928 3215 979 daturus
3240 933 3328 979 est
3348 930 3525 991 Deus,
3540 931 3712 978 dicens
3742 948 3758 979 :

2213 997 2265 1050 7.
2300 998 2423 1046 Dies
2468 1014 2629 1062 super
2675 998 2785 1047 dies
2812 1000 2951 1063 regis
2970 999 3191 1062 adjicies
3219 1014 3230 1046 :
3256 1015 3432 1049 annos
3454 1000 3569 1063 ejus
3590 1010 3765 1064 usque

2150 1070 2212 1117 in
2234 1070 2376 1118 diem
2400 1071 2765 1133 generationis
2787 1076 2833 1118 et
2856 1071 3240 1133 generationis.
3273 1073 3358 1122 Tu
3385 1071 3625 1135 adjicies
3650 1073 3764 1134 (Ex

2151 1140 2469 1203 Augustino)
2498 1141 2621 1191 dies
2646 1145 2894 1193 aeternos
2922 1155 3093 1205 super
3116 1141 3459 1205 temporales
3481 1142 3637 1207 regis
3651 1155 3765 1195 no-

2153 1213 2257 1263 stri
2283 1212 2509 1273 Christi,
2537 1217 2725 1264 utnon
2744 1212 2933 1264 solum
2954 1213 3159 1265 diebus
3175 1214 3303 1265 istis
3317 1214 3762 1267 transeuntibus

2151 1285 2354 1347 regnet
2391 1284 2654 1335 Christus
2700 1285 2761 1334 in
2796 1284 3049 1336 Ecclesia
3074 1296 3199 1347 sua,
3230 1285 3331 1337 sed
3356 1292 3601 1350 regnent
3622 1299 3765 1337 cum

2150 1354 2246 1406 illo
2266 1356 2450 1405 sancti
2467 1355 2527 1406 in
2544 1356 2749 1407 diebus
2772 1355 2904 1419 illis,
2920 1356 3144 1420 quinon
3160 1357 3375 1408 habent
3407 1358 3603 1409 tinem.
3622 1361 3766 1407 Etet-

2152 1426 2304 1477 nitas
2354 1426 2475 1490 Dei,
2510 1432 2568 1478 et
2612 1427 2736 1477 dies
2779 1427 2917 1478 anni
2939 1428 3449 1489 nominaturwan.
3480 1428 3549 1487 7.)
3585 1447 3596 1477 ε
3646 1429 3764 1480 im—

2152 1497 2374 1561 proprie
2400 1502 2608 1550 tamen.
2628 1498 2788 1549 Unde
2812 1499 2872 1548 in
2895 1499 3004 1549 alio
3019 1498 3238 1562 psalmo
3254 1499 3463 1551 dicitur
3489 1513 3501 1546 :
3528 1502 3597 1550 Et
3617 1502 3762 1552 anni

2154 1568 2237 1619 tui
2259 1581 2378 1619 non
2401 1568 2665 1620 deficient
2689 1568 2855 1626 (Psal.
2877 1568 2971 1622 101
2986 1580 3035 1631 .).
3054 1570 3348 1631 Quomodo
3359 1570 3761 1630 anni,sicdies

2155 1639 2237 1689 sic
2262 1652 2412 1689 unus
2437 1639 2577 1690 dies.
2595 1640 2880 1703 Quicquid
2902 1641 2987 1691 vis
3012 1641 3187 1705 dicas,
3214 1641 3283 1693 de
3298 1643 3621 1694 aeternitate
3644 1644 3763 1693 mi-

2154 1723 2266 1761 nus
2285 1710 2561 1762 dicis.Sed
2574 1710 2700 1762 ideo
2717 1712 2906 1775 aliqua
2917 1724 3154 1763 necesse
3170 1718 3261 1763 est
3271 1712 3518 1770 dicas,ut
3530 1714 3606 1764 sit
3618 1717 3760 1761 unde

2153 1782 2393 1846 cogites,
2416 1782 2572 1845 quod
2590 1796 2707 1834 non
2731 1787 2921 1846 potest
2936 1782 3065 1833 dici.
3092 1786 3162 1834 Et
3181 1785 3315 1846 quia
3330 1789 3523 1848 posset
3538 1787 3764 1845 adjicere

2079 1871 2133 1943 B
2153 1852 2318 1943 duas,
2339 1852 2428 1904 vel
2452 1858 2568 1905 tres
2594 1853 2736 1943 dies,
2759 1853 2853 1905 vel
2872 1866 3059 1943 annos
3086 1870 3097 1904 :
3124 1854 3766 1943 adjiciestinquitﬁfsquc

2151 1925 2213 1972 in
2238 1924 2379 1972 diem
2400 1926 2762 1987 generationis
2775 1926 3095 1989 praesentis,
3115 1931 3158 1974 et
3170 1927 3532 1988 generationis
3544 1927 3765 1979 futura-3

2152 1995 2244 2047 vel
2272 1996 2658 2059 generationis
2672 2001 2971 2051 carnemet
2989 1997 3325 2059 spiritualis:
3349 1997 3693 2061 temporalis,
3711 2004 3766 2045 et

2152 2069 2403 2119 aeternae.
2432 2069 2501 2118 Et
2526 2070 2645 2131 ipse
2668 2079 2787 2131 rex,
2807 2080 2938 2118 cum
2956 2069 3320 2131 generatione
3334 2081 3457 2123 sua,
3477 2073 3764 2118 Permanet

2152 2138 2213 2187 in
2239 2144 2497 2188 aeternum
2524 2138 2583 2186 in
2610 2146 2887 2202 conspectu
2916 2140 3027 2187 Dei.
3055 2141 3193 2190 Ilaec
3210 2142 3298 2189 est
3315 2145 3510 2190 autem
3531 2152 3762 2192 merces

2154 2214 2483 2261 sanctorum
2507 2209 2687 2273 gloria
2710 2210 2954 2261 visionis
2970 2210 3089 2261 Dei.
3119 2211 3267 2260 Hinc
3303 2213 3611 2275 Apostolus
3639 2212 3723 2262 ait
3742 2230 3757 2261 :

2155 2281 2379 2333 Similes
2403 2281 2453 2331 ei
2477 2281 2712 2345 erimus,
2731 2281 3006 2344 quoniam
3029 2281 3352 2333 videbimus
3370 2295 3502 2333 eum
3519 2285 3669 2331 sicuti
3684 2290 3764 2331 est

2154 2352 2201 2414 (1
2213 2352 2494 2415 .Joan.3.).
2511 2353 2724 2416 thuia
2741 2358 2903 2404 tanta
2914 2354 3117 2405 estDei
3133 2354 3535 2417 remuneratio,
3548 2359 3605 2405 et
3622 2361 3762 2402 tanta

2154 2428 2245 2476 est
2283 2423 2577 2475 beatitudo
2609 2440 2623 2472 :
2666 2424 3097 2473 Misericordiam
3121 2430 3166 2472 et
3198 2425 3469 2473 veritatem
3494 2424 3608 2488 ejus
3630 2426 3759 2489 quis

2153 2497 2422 2559 requiret?
2438 2495 2828 2547 Misericordia
2843 2496 3067 2557 dicitur,
3081 2495 3218 2559 quia
3234 2508 3351 2547 non
3364 2496 3566 2549 merita
3585 2504 3761 2544 nostra

2155 2568 2400 2618 attendit
2438 2569 2613 2629 Deus,
2656 2568 2757 2618 sed
2800 2568 3118 2618 bonitatem
3158 2579 3325 2619 suam
3371 2585 3381 2615 :
3420 2572 3487 2619 ut
3518 2572 3761 2632 peccata

2155 2639 2533 2689 nostranobis
2559 2638 2890 2699 dimitteret,
2906 2643 2963 2689 et
2982 2638 3157 2690 vitam
3184 2645 3459 2691 mternam
3470 2637 3763 2702 promitte-

2155 2714 2257 2760 ret.
2294 2709 2517 2760 Veritas
2559 2712 2772 2767 autem,
2818 2710 2951 2772 quia
2998 2722 3112 2760 non
3152 2710 3293 2762 fallit
3314 2710 3566 2771 reddere,
3597 2709 3760 2772 quod

2157 2781 2433 2846 promisit.
2475 2783 2877 2844 Agnoscamus
2912 2781 3006 2832 hic
3029 2793 3157 2832 eam
3172 2784 3229 2832 et
3251 2794 3377 2844 nos,
3405 2784 3462 2832 et
3476 2780 3761 2831 faciamus

2156 2855 2223 2903 ut
2234 2851 2521 2914 quomodo
2538 2852 2705 2902 nobis
2722 2851 2981 2903 exhibuit
2996 2852 3441 2903 misericordiam
3453 2853 3759 2899 dimittendo

2156 2928 2389 2988 peccata
2416 2938 2427 2973 :
2454 2923 2771 2983 veritatem,
2799 2922 2989 2975 dando
3019 2924 3324 2988 promissa:
3355 2923 3434 2974 sic
3457 2926 3514 2974 et
3539 2935 3648 2973 nos
3673 2921 3755 2973 fa-

2157 2995 2378 3045 ciamus
2402 2992 2494 3043 hic
2510 2993 2957 3045 misericordiam
2978 2994 3128 3045 circa
3141 2999 3395 3058 egentes,
3420 2994 3570 3045 circa
3590 2993 3755 3044 inﬁr-

2157 3078 2305 3125 mos,
2331 3065 2479 3115 circa
2513 3065 2686 3115 etiam
2710 3065 2972 3116 inimicos
2993 3068 3223 3117 nostros
3250 3082 3260 3114 :
3291 3065 3590 3117 veritatem
3616 3076 3756 3115 vero

2157 3148 2274 3187 non
2299 3135 2605 3199 peccando,
2621 3148 2727 3187 nec
2750 3135 3070 3199 adjiciendo
3092 3141 3390 3200 peccatum
3404 3148 3575 3199 super
3589 3149 3767 3197 pecca-

2161 3208 2306 3269 tum,
2339 3206 2472 3257 ldeo
2497 3212 2692 3258 autem
2711 3207 2822 3257 sub
2836 3207 3300 3271 interrogatione,
3318 3206 3762 3270 quasiinvitando

2162 3278 2316 3342 dicit,
2342 3280 2471 3337 Οιιιε
2495 3279 2768 3341 requiret?
2792 3278 2934 3339 Quia
2957 3279 3220 3342 quamvis
3240 3278 3351 3329 hoc
3366 3276 3650 3329 inetfabile
3664 3278 3762 3327 bo-

2156 3363 2299 3401 num
2327 3351 2418 3407 sit,
2447 3353 2608 3415 pauci
2629 3353 2767 3401 sunt
2784 3351 3109 3414 tamen,qui
3129 3352 3441 3413 requirant,
3459 3353 3558 3400 aut
3575 3350 3767 3411 reqni-

2158 3426 2349 3474 rentes
2391 3427 2775 3486 perseverent.
2827 3424 3009 3473 Tanta
3030 3425 3120 3473 est
3152 3421 3406 3473 humana
3427 3419 3676 3480 miseria,
3702 3420 3765 3471 in

2160 3498 2386 3545 tantum
2400 3494 2720 3545 abundavit
2736 3494 3025 3558 iniquitas,
3041 3495 3174 3545 utin
3190 3494 3529 3558 inquirenda
3538 3495 3764 3541 vanitate

2159 3569 2215 3615 et
2240 3566 2538 3617 mendacio
2577 3566 2694 3616 sint
2716 3566 2904 3623 multi,
2935 3566 2992 3616 in
3014 3566 3358 3628 requirenda
3384 3566 3621 3616 veritate
3646 3564 3763 3614 sint

2158 3637 2340 3700 pauci.
2372 3638 2487 3687 Nos
2507 3642 2702 3688 autem
2727 3637 2797 3689 de
2815 3637 3013 3701 paucis
3032 3638 3125 3687 his
3149 3651 3277 3688 esse
3308 3637 3669 3699 studeamus,
3694 3642 3762 3688 ut

2159 3720 2289 3758 cum
2314 3707 2510 3759 electis
2540 3707 2725 3759 dicere
2750 3708 3063 3772 possimus,
3089 3709 3241 3771 quod
3267 3708 3533 3759 subditur
3559 3725 3570 3756 :

2221 3778 2272 3831 8.
2302 3779 2389 3827 Sic
2408 3778 2683 3842 psalmum
2697 3780 2877 3828 dicam
2895 3780 3212 3828 nominittto
3228 3782 3285 3828 in
3303 3779 3537 3828 seculum
3560 3778 3754 3827 seculi:

2159 3856 2215 3898 ut
2238 3852 2461 3899 reddam
2480 3857 2597 3899 vola
2626 3866 2740 3899 mea
2765 3851 2827 3899 de
2851 3851 2937 3900 die
2962 3851 3019 3898 in
3048 3851 3204 3899 diem.
3247 3852 3362 3902 Sub
3400 3850 3507 3901 hac
3527 3863 3629 3913 spe
3656 3862 3761 3914 p0-

2159 3923 2325 3982 situs,
2356 3923 2493 3985 quia
2530 3935 2700 3986 spero
2727 3927 2781 3973 te
2808 3923 3077 3973 daturum
3113 3923 3252 3973 mihi
3275 3922 3674 3974 hmreditatem
3698 3922 3760 3972 in

2158 3992 2370 4053 futuro,
2396 3998 2452 4044 et
2474 4006 2818 4044 mansurum
2841 3994 2901 4044 in
2925 3994 3279 4044 aeternumin
3291 3995 3604 4056 conspectu
3634 3998 3754 4044 tuo.

2159 4066 2247 4115 Sic
2272 4063 2556 4128 psalmum
2574 4065 2759 4115 dicam
2783 4064 3200 4127 nominituo,id
3216 4070 3322 4127 est,
3351 4065 3432 4114 sic
3456 4064 3598 4114 bene
3617 4077 3758 4127 ope-

2156 4136 2324 4188 rabor
2352 4136 2422 4187 ad
2447 4132 2724 4188 honorem
2739 4137 2993 4188 nominis
3014 4137 3114 4197 tui,
3142 4136 3385 4187 tendens
3409 4137 3466 4186 in
3492 4134 3756 4186 seculum

2159 4208 2597 4259 subsecutivum
2611 4208 2787 4270 hujus
2806 4206 2997 4267 seculi,
3026 4213 3089 4258 ut
3111 4207 3346 4258 reddam
3369 4210 3503 4258 vota
3526 4218 3674 4270 mea,
3698 4206 3756 4257 id

2158 4284 2264 4339 est,
2287 4276 2774 4345 302meipsuni,
2808 4292 2983 4342 quem
3022 4279 3250 4342 devovi,
3292 4279 3363 4329 de
3384 4279 3475 4329 die
3498 4278 3557 4328 in
3579 4278 3757 4337 diem,

2157 4350 2214 4400 id
2237 4355 2345 4409 est,
2368 4351 2637 4401 continue
2664 4369 2673 4398 :
2712 4350 2801 4401 vel
2827 4350 2897 4402 de
2934 4350 3023 4401 die
3048 4352 3109 4401 in
3133 4351 3302 4410 diem,
3322 4350 3377 4400 id
3408 4352 3511 4413 est,
3537 4350 3609 4400 de
3642 4351 3761 4401 vir-

2160 4426 2279 4472 tute
2315 4421 2376 4471 in
2418 4422 2707 4472 virtutem.
2732 4421 2837 4472 Vel
2863 4422 2943 4472 sic
2975 4423 3265 4486 psalmum
3295 4421 3500 4481 dicam,
3526 4425 3592 4471 ut
3620 4427 3759 4472 vota

2158 4492 2412 4555 reddam,
2436 4492 2494 4543 id
2521 4497 2628 4549 est,
2655 4494 2736 4544 sic
2761 4492 3000 4556 psallam
3033 4507 3195 4555 voce,
3216 4498 3282 4543 ut
3310 4506 3426 4544 vox
3459 4492 3593 4553 oris,
3619 4505 3756 4543 cum

2156 4565 2332 4614 animi
2367 4564 2675 4615 concordet
2709 4564 3032 4617 devotione.
3067 4565 3436 4615 Psallentium
3459 4564 3609 4614 enim
3632 4564 3756 4615 Deo

2158 4648 2272 4686 vox
2297 4636 2639 4687 concordare
2672 4635 2841 4687 debet
2858 4649 2988 4686 cum
3020 4637 3207 4693 corde,
3227 4640 3291 4686 ut
3305 4634 3605 4699 impleatur
3626 4637 3756 4682 illud

2159 4707 2418 4771 Apostoli
2442 4722 2454 4757 :
2484 4707 2727 4757 Psallam
2749 4712 2805 4758 et
2826 4711 3019 4758 mente
3046 4706 3113 4766 (1.
3144 4708 3264 4757 Cor.
3305 4707 3426 4768 14.).
3453 4707 3575 4756 Non
3601 4705 3756 4756 enim

2159 4778 2343 4841 placet
2365 4780 2483 4828 Deo
2501 4777 2626 4829 laus
2648 4778 2895 4840 illorum,
2922 4778 2993 4829 de
3020 4778 3230 4841 quibus
3246 4777 3455 4829 dicitur
3482 4791 3491 4822 :
3522 4777 3626 4827 llic
3651 4789 3755 4838 po-

2157 4849 2328 4914 pulus
2352 4850 2520 4900 labiis
2542 4862 2633 4900 me
2657 4849 2918 4912 honorat,
2941 4863 3039 4900 cor
3060 4856 3251 4900 autem
3278 4862 3475 4900 eorum
3492 4848 3658 4910 longe
3682 4855 3755 4895 est

2157 4935 2190 4971 a
2212 4934 2302 4971 me
2329 4921 2468 4983 (1εαί.
2501 4919 2587 4973 9.9.
2614 4921 2801 4969 Matth.
2833 4920 2959 4982 15.).
2992 4923 3151 4972 Tunc
3183 4926 3273 4972 est
3296 4926 3486 4972 autem
3511 4921 3627 4970 Deo
3659 4932 3756 4969 ac-

2158 4991 2454 5054 ceptabilis
2477 4996 2677 5043 nostra
2687 4992 3021 5055 psalmodia,
3037 4992 3267 5055 quando
3286 4992 3367 5044 sic
3378 5004 3473 5041 ore
3488 4993 3755 5051 psallimus

2159 5068 2224 5114 ut
2240 5063 2727 5114 cordeaccendam
2738 5076 2825 5114 ur:
2846 5063 3076 5126 quando
3093 5064 3152 5114 in
3168 5063 3451 5116 laudeDei
3464 5065 3617 5110 simul
3633 5076 3757 5109 con-

2161 5136 2400 5186 veniunt
2412 5135 2817 5198 lingua,vitae_t
2833 5134 3397 5187 conscientia.’l‘alem
3413 5137 3608 5182 laudem
3620 5134 3754 5191 ,tnlia

2158 5212 2294 5259 vota
2319 5206 2656 5259 studeamus
2681 5207 2927 5259 Domino
2944 5209 3062 5259 Deo
3080 5207 3301 5259 solvere
3317 5207 3375 5257 in
3397 5206 3654 5258 seculum
3668 5216 3751 5254 se-

2159 5276 2288 5342 culi,
2316 5278 2385 5329 de
2410 5276 2501 5329 die
2526 5279 2581 5328 in
2601 5277 2774 5329 diem.
3174 5304 3178 5309 -

2478 5402 2844 5467 TITULUS
2892 5402 3212 5466 PSALMI
3257 5402 3426 5465 LXI.

2223 5543 2267 5587 1.
2306 5539 2366 5587 In
2381 5542 2562 5601 ﬁnem,
2583 5554 2681 5601 pro
2698 5538 2941 5586 ldillittm
2958 5539 3017 5599 (1.
3034 5539 3163 5588 Par.
3181 5537 3279 5599 25.)
3293 5577 3303 5587 .
3317 5538 3568 5587 Psalmus
3585 5535 3754 5586 David

2160 5603 2387 5649 Psalmus
2428 5604 2661 5648 convenit
2707 5604 2876 5659 David,
2927 5609 2974 5649 et
3003 5604 3193 5649 etuleris
3224 5605 3395 5660 justis,
3440 5603 3638 5648 habitus
3668 5616 3751 5660 pro

2160 5666 2379 5711 Iditiiutn
2420 5665 2471 5710 id
2495 5672 2565 5711 est
2590 5679 2678 5723 pro
2713 5668 3147 5712 trausilientibus:
3177 5666 3400 5722 dirigens
3426 5667 3477 5711 in
3506 5666 3672 5713 linem.
3699 5664 3746 5708 id

2160 5734 2249 5781 est,
2292 5729 2345 5773 in
2392 5728 2665 5774 Christum.
2705 5729 2900 5774 Materia
2942 5735 3063 5774 sunt
3100 5729 3452 5787 transilientes,
3487 5727 3610 5773 tales
3636 5729 3750 5785 quia

2160 5789 2303 5837 nulla
2335 5790 2676 5850 tribulatione,
2701 5792 2774 5838 vel
2797 5792 3119 5851 persuasione
3133 5790 3748 5851 possuntimpediri,quin

523 5933 541 5952 ·
576 5925 745 5988 Apud
773 5926 1183 5992 Augustinum,
1208 5934 1266 5978 ut
1289 5945 1402 5979 non
1427 5932 1667 5981 uincaris
1690 5946 1725 5981 α
1756 5936 2027 5981 tentatore.
2062 5930 2356 5983 Laboribus
2379 5933 2510 5993 suis,
2535 5933 2937 5996 lentationibus,
2956 5934 3314 5998 passionibus,
3341 5938 3526 5993 morte,
3552 5936 3657 5985 etc.
