3884 6414
93 429 206 483 889

92 546 321 592 terrenis
344 545 572 592 dimissis
596 547 654 592 ad
676 547 780 592 sola
803 547 1022 593 caelestia
1057 547 1273 593 tendant.
1310 547 1364 592 In
1383 545 1542 603 prima
1571 549 1705 603 parte

92 609 323 655 ostendit
361 623 412 654 se
439 622 536 654 non
565 623 707 668 posse
742 610 992 667 impediri,
1019 610 1143 667 quin
1175 610 1351 654 saltum
1379 622 1524 652 suum
1552 610 1703 664 perti—

93 673 199 717 ciat
235 683 246 716 :
277 672 585 728 increpando
611 674 789 729 malos,
817 672 905 729 qui
936 673 1112 716 volunt
1156 686 1269 717 eum
1312 671 1572 732 impedire,
1598 672 1703 717 sive

96 735 665 792 persuasionibus,sive
694 735 1121 781 trilmlationihus.
1152 735 1204 779 In
1229 734 1445 779 secunda
1459 736 1592 791 (qua:
1620 736 1696 778 in-

92 797 255 853 cipit:
277 798 629 842 Verumtamen
660 798 751 842 lloo
774 798 1003 841 admonet
1028 798 1267 854 suipsum,
1296 802 1338 840 et
1359 797 1503 853 alios,
1532 801 1581 842 ut
1609 799 1703 840 Deo

93 859 316 914 subjecti
348 859 466 904 sint.
509 860 561 903 In
599 861 736 904 tertia
771 858 902 916 (quale
935 859 1111 916 incipit
1142 875 1151 904 :
1194 861 1538 904 Verumtamen
1569 857 1701 918 Vani)

93 923 332 978 increpat
363 921 519 966 I‘nalos
546 921 604 966 de
631 923 854 978 netpiitia
879 921 1175 978 sun,eldicit
1195 933 1292 966 non
1320 936 1424 965 esse
1444 922 1702 965 conliden—

90 984 220 1028 duin
249 985 304 1027 in
343 985 566 1028 terrenis.
604 984 816 1029 intentio
846 991 915 1028 est
942 997 1031 1027 nos
1056 985 1337 1039 admonere,
1366 991 1418 1027 ut
1447 984 1588 1028 nulla
1614 984 1703 1028 tri.—

90 1047 363 1091 li‘ulatiene
393 1046 743 1103 impediamur,
771 1046 894 1103 quin
920 1059 947 1090 a
974 1046 1178 1091 terrenis
1202 1046 1260 1091 ad
1289 1047 1509 1090 t'tnlostia
1539 1051 1702 1090 trans-

89 1121 296 1156 eamus.
345 1109 482 1154 Unde
518 1122 652 1154 nunc
689 1121 806 1154 voce
837 1109 1104 1165 cujuslibet
1139 1109 1340 1166 perfecti
1368 1117 1542 1155 contra
1567 1108 1702 1153 invi—

88 1172 185 1216 dos
213 1171 434 1216 dicitur:

589 1231 987 1295 PSALMUS
1047 1231 1217 1293 LXI.

157 1327 213 1382 ‘2.
246 1329 448 1378 Nonne
481 1329 585 1378 Dco
631 1329 860 1392 subjecta
905 1330 1004 1378 erit
1047 1330 1237 1377 ani-ma
1268 1329 1424 1377 mea?
1455 1330 1705 1380 Noverat

89 1401 253 1450 enim
291 1401 399 1461 (Eae
422 1402 764 1463 Augustino),
791 1402 1058 1463 quoniam
1087 1400 1186 1462 qui
1211 1413 1271 1450 se
1294 1400 1504 1451 exaltat
1521 1401 1703 1451 humi-

88 1471 364 1522 liahitur:
386 1475 441 1522 et
466 1471 738 1535 trepidus,
757 1486 829 1522 ne
849 1472 1217 1522 transiliendo
1236 1471 1568 1534 superbiret,
1586 1485 1703 1522 non

89 1543 290 1593 elatus
305 1557 375 1594 ex
395 1543 505 1602 his,
533 1556 664 1606 quae
682 1543 827 1593 infra
851 1549 1079 1594 essent:
1105 1543 1204 1594 sed
1229 1543 1460 1593 humilis
1475 1556 1547 1594 ex
1565 1545 1699 1603 Deo,

90 1615 196 1675 qui
213 1627 414 1676 supra,
428 1619 602 1671 esset,
621 1618 894 1676 tanquam
912 1615 1265 1664 minantibus
1279 1614 1326 1663 ei
1341 1614 1560 1663 ruinam
1576 1618 1704 1661 invi-

89 1685 207 1746 dis,
227 1685 331 1747 qui
350 1698 482 1735 eum
502 1685 1172 1742 transiiiissedoluerunt,
1187 1685 1503 1747 respondit:
1532 1687 1703 1734 Nonne

86 1757 216 1806 Deo
230 1757 342 1806 erit
366 1757 560 1806 anima
590 1757 869 1818 subjecta,
898 1757 953 1806 id
973 1759 1078 1816 est,
1105 1755 1378 1806 obediens
1396 1760 1450 1806 et
1469 1760 1702 1803 munditia

88 1829 223 1889 ejus
248 1829 611 1877 observans?
635 1827 860 1890 Anima,
885 1827 1029 1888 dico,
1058 1840 1202 1885 mea,
1231 1828 1287 1876 id
1313 1833 1417 1888 est,
1445 1839 1589 1877 mea;
1612 1841 1705 1890 po-

89 1899 330 1947 testatis
349 1912 360 1946 :
378 1899 511 1960 quia
524 1898 652 1949 licet
664 1912 872 1961 corpus
887 1903 1094 1949 vestrae
1111 1901 1410 1961 potestatis
1425 1899 1516 1956 sit,
1540 1907 1698 1945 tamen

1112 433 1183 482 IN
1219 429 1540 482 PSALMOS
1575 427 1778 480 LXXV
1815 429 2394 482 COMMENTARIUS.

3292 428 3396 484 890

1733 548 1785 620 Α
1805 543 2069 620 linquens
2083 545 2413 620 exemplum
2429 547 2493 595 ut
2507 543 2830 620 sequamini
2845 545 3053 620 vestigia
3063 545 3172 620 ejus
3188 543 3229 607 (1
3241 544 3398 620 ,Ρςινκ

1805 615 1892 675 2.).
1923 618 2022 667 Vel
2045 619 2179 678 quia
2204 619 2323 680 ipse
2351 618 2548 667 fortem
2574 622 2629 666 et
2650 617 2960 679 patientem
2987 616 3118 666 facit
3142 615 3200 665 in
3227 616 3399 666 tribu-

1803 687 2130 737 lationibus.
2166 691 2342 738 Nemo
2380 689 2532 738 enim
2567 692 2738 750 tanta,
2773 687 2866 737 vel
2891 693 3085 750 aperta
3116 686 3277 738 bella.
3307 688 3399 738 vel

1804 760 2060 810 occultth
2084 761 2324 810 insidias
2349 763 2494 809 inter
2530 765 2755 822 apertos
2781 760 2975 809 hostes
3000 763 3055 808 et
3080 758 3254 808 falsos
3282 759 3398 810 fra-

1809 836 1919 880 tres
1947 832 2183 881 tolerare
2209 837 2420 892 posset,
2445 831 2554 880 nisi
2580 832 2940 893 omnipotens
2959 833 3110 879 Deus
3137 830 3398 893 viroSpa-

1805 902 1979 952 ticndi
1995 903 2282 953 tribueret.
2302 905 2510 952 ltt-rum
2525 902 2709 952 reddit
2733 900 2902 951 aliam
2917 913 3204 958 caussam,
3222 914 3395 963 quare

1802 965 1994 1023 aniina
2019 976 2133 1023 Deo
2159 972 2364 1023 debeat
2401 987 2528 1023 esse
2555 975 2830 1034 subjecta,
2864 972 3058 1022 dicens
3086 987 3096 1021 :
3127 973 3267 1029 Quia
3288 973 3396 1035 ipse

1802 1046 1940 1093 Deus
1964 1061 2130 1107 meus,
2163 1046 2259 1108 qui
2292 1051 2456 1096 vocat
2490 1059 2596 1096 Ine.
2626 1045 2695 1092 Et
2721 1045 2956 1092 sal-valor
3003 1059 3164 1102 meus,
3192 1046 3288 1108 qui
3308 1058 3396 1096 ΓΟ·

1803 1117 1982 1167 demit
2015 1130 2122 1168 me.
2169 1118 2396 1180 Adjuto-r
2427 1133 2588 1170 meus.
2631 1117 2720 1166 Ad
2765 1118 2907 1166 bene
2935 1115 3314 1178 operandam:
3341 1120 3397 1166 et

1803 1189 1949 1250 ideo,
2008 1189 2128 1237 Non
2165 1188 2454 1250 cmigt-abo.
2493 1191 2736 1238 Versum
2776 1187 2930 1237 hunc
2959 1188 3081 1249 jam
3130 1187 3393 1250 superius

1802 1260 2100 1321 prtemisit.
2123 1260 2231 1311 Sed
2249 1260 2383 1323 quia
2408 1260 2484 1310 ibi
2509 1260 2567 1310 in
2594 1259 2701 1310 hoc
2717 1259 3008 1309 auditores
3027 1271 3165 1310 suos
3183 1261 3394 1319 monuit,

1801 1344 1957 1381 nunc
1983 1331 2230 1382 eundem
2257 1331 2329 1380 ad
2357 1331 2447 1380 sui
2473 1330 2659 1394 ipsius
2678 1329 3132 1380 exhortationem
3154 1329 3392 1392 repetiit.

1804 1406 1903 1453 Est
1927 1408 2119 1453 autem
2133 1402 2271 1453 utile
2286 1401 2612 1462 consilium,
2636 1401 2696 1451 in
2721 1400 2992 1452 omnibus
3008 1403 3159 1448 Deum
3173 1407 3394 1448 nostrum

1805 1474 2144 1524 salvatorem
2167 1479 2338 1535 atque
2361 1473 2682 1536 adjutorem
2699 1471 2988 1523 reminisci
3007 1489 3015 1518 :
3032 1476 3318 1534 quatenus
3333 1473 3394 1518 ab

1802 1558 1866 1595 eo
1894 1545 2063 1596 nullis
2087 1545 2499 1596 tentationibus
2518 1547 2810 1596 valeamus
2835 1544 3129 1607 emigrare.
3158 1545 3293 1591 Unde
3305 1545 3392 1591 atl-

1802 1617 1916 1667 huc
1944 1619 2173 1668 subdit:

1864 1688 1913 1741 8.
1933 1690 1993 1736 In
2026 1690 2130 1737 Dm
2169 1688 2404 1736 salutare
2427 1704 2624 1739 meum.
2651 1688 2714 1738 Id
2749 1692 2855 1745 est,
2881 1700 2979 1751 per
3003 1689 3188 1737 Deum
3211 1685 3393 1736 habeo

1805 1759 2198 1810 salvationem.
2226 1762 2367 1809 'l‘ota
2381 1772 2610 1822 nanque
2637 1758 2755 1808 salu
2767 1760 2818 1821 sj
2831 1763 3094 1809 ustorum
3109 1758 3178 1807 ad
3194 1771 3308 1804 eum
3325 1771 3396 1802 re-

1803 1832 2034 1881 ferenda
2059 1837 2161 1890 cst,
2187 1831 2285 1893 qui
2305 1831 2586 1893 justiticat
2610 1831 2870 1892 impium.
2892 1830 2956 1877 Et
2973 1830 3148 1890 gloria
3168 1842 3312 1875 mea:
3340 1833 3395 1874 ut

1806 1902 2143 1961 (secundum
2161 1905 2204 1952 A
2215 1901 2515 1965 postoluni)
2543 1902 2638 1963 qui
2651 1901 2945 1962 gloriatur,
2963 1901 3021 1950 in
3036 1899 3280 1949 Domino
3293 1902 3396 1956 glo-

87 1969 296 2019 anima
332 1959 633 2032 nunquam
675 1959 784 2020 nisi
836 1983 964 2020 mea
1015 1959 1135 2020 erit.
1181 1973 1699 2032 Quantumcunque
1725 1959 1778 2032 B
1805 1959 2983 2036 rieturt’ﬂ.Corn-10.).Veluniamperipsum
3009 1971 3397 2034 gloriateternte

83 2040 392 2102 accedam,
410 2046 928 2104 quantumcunque
942 2045 1224 2104 ascendam,
1238 2051 1700 2102 quantumcumque

87 2112 443 2172 transiliam,
472 2113 581 2163 sub
604 2114 722 2164 Deo
747 2125 860 2174 ero,
887 2126 1004 2163 non
1018 2119 1216 2164 contra
1240 2115 1440 2163 Deum.
1457 2115 1702 2163 Securus

83 2196 188 2234 cro
223 2184 689 2234 transcendendo
715 2190 937 2246 cat—tera,
961 2185 1293 2247 quandoille
1315 2198 1406 2234 me
1421 2186 1529 2235 sub
1549 2198 1607 2233 se
1622 2189 1704 2234 te-

89 2259 222 2314 net,
249 2256 354 2317 qui
381 2258 470 2304 est
495 2269 668 2319 super
691 2258 902 2306 omnia.
936 2259 1002 2306 Et
1023 2259 1246 2319 justum
1266 2261 1372 2319 est,
1417 2261 1482 2307 ut
1514 2256 1705 2307 eisnb-

75 2327 272 2388 jici‘ar,
313 2325 393 2374 Ab
415 2327 528 2390 ipso
558 2327 721 2389 enim,
747 2327 804 2377 id
843 2333 949 2388 est,
977 2341 1010 2377 a
1034 2330 1151 2378 Deo
1185 2330 1346 2378 Patre
1376 2334 1444 2375 est
1468 2327 1704 2376 salutare

86 2412 302 2449 meum.
329 2397 384 2447 id
410 2403 516 2460 est,
543 2411 666 2449 mea
694 2400 955 2450 salvatio.
985 2400 1051 2448 Et
1075 2399 1182 2448 hoc
1206 2400 1476 2462 probatur
1503 2417 1512 2446 :

152 2468 209 2522 3.
243 2469 395 2517 Nam
425 2475 470 2517 εἰ
509 2471 619 2532 ipse
645 2471 784 2518 Deus
807 2486 972 2534 meus,
1004 2471 1101 2533 qui
1130 2484 1219 2520 me
1244 2471 1474 2529 creavit,
1499 2474 1543 2517 el
1565 2469 1705 2517 sal-tt-

82 2541 229 2589 taris
255 2555 427 2600 meus,
451 2541 656 2603 quime
679 2541 940 2591 salvavit.
959 2541 1238 2605 Susceptor
1253 2556 1417 2600 meus,
1439 2542 1536 2604 qui
1556 2544 1702 2589 mede

79 2617 281 2661 morte
295 2611 371 2660 ad
393 2613 850 2676 vitam,depcena
868 2612 938 2662 ad
965 2613 1199 2676 gloriam
1230 2613 1505 2675 suscepit.
1540 2612 1700 2662 Ideo-

80 2697 223 2745 que,
254 2682 386 2731 Non
416 2683 658 2731 movebar
679 2685 934 2747 amplius.
974 2685 1130 2734 Licet
1164 2683 1468 2746 aliquando
1504 2689 1699 2733 motus

82 2755 328 2815 fuerim,
343 2767 499 2804 nunc
519 2760 841 2817 susceptus,
857 2760 912 2806 et
927 2761 1165 2805 sanatus
1181 2767 1307 2805 sum
1323 2756 1394 2804 ab
1407 2759 1639 2804 auctore
1654 2761 1700 2801 et

81 2826 442 2876 Redemtore
459 2838 603 2875 meo.
625 2828 752 2876 Jam
779 2828 1018 2877 ulterius
1043 2839 1157 2876 non
1185 2828 1475 2876 movebor.
1507 2827 1573 2875 Et
1597 2839 1700 2876 no-

81 2896 360 2956 tandum,
387 2897 541 2958 quod
565 2897 710 2947 inter
735 2897 1024 2958 Salutaris,
1051 2903 1106 2947 et
1140 2897 1397 2947 Salutare
1425 2901 1511 2947 est
1538 2897 1700 2947 ditfe-

77 2969 295 3018 rentia.
321 2968 562 3019 Nomine
583 2969 733 3018 enim
760 2969 1029 3019 salutaris
1051 2969 1310 3019 Christus
1327 2971 1585 3028 accipitur.
1609 2974 1699 3015 Sa-

77 3041 136 3089 lu
149 3045 157 3085 ξ
171 3052 278 3089 are
296 3043 516 3100 autem,
534 3041 668 3102 quia
684 3053 784 3103 per
800 3053 931 3091 eum
950 3041 1190 3091 salvatio
1209 3041 1356 3090 facta
1376 3042 1694 3099 intelligitur.

79 3114 149 3161 Et.
177 3110 425 3172 quando
444 3111 677 3174 quidem
694 3115 919 3161 tantum
941 3111 1124 3162 habeo
1148 3112 1516 3174 Salvatorem,
1532 3125 1565 3162 a
1583 3123 1695 3174 quo

77 3182 348 3243 amplius
393 3194 507 3231 non
531 3183 843 3233 movebor:
872 3182 1047 3245 igitur
1068 3196 1101 3231 0
1141 3182 1319 3243 stulti,

385 3252 434 3305 4.
462 3255 747 3315 Quousque
777 3254 1010 3311 irruitis,
1035 3254 1090 3304 id
1131 3259 1236 3311 est,
1265 3253 1519 3316 quandiu
1557 3253 1697 3303 irra-

1803 2047 1943 2096 vittc
1969 2045 2250 2103 tribuitur,
2271 2045 2322 2093 in
2334 2045 2495 2094 terim
2515 2057 2669 2094 nunc
2682 2045 2826 2094 inter
2841 2047 2990 2093 tenta
3000 2044 3183 2093 tiones
3196 2049 3399 2089 ctsean-

1802 2116 1949 2175 dala,
1976 2116 2126 2167 inter
2151 2121 2379 2178 apertas
2402 2115 2864 2178 oppugnationes
2891 2119 2948 2164 et
2966 2114 3397 2164 subdolaslocu-

1801 2189 2007 2246 tiones,
2040 2188 2177 2235 Deus
2200 2187 2405 2234 auxilii
2426 2188 2549 2234 mei.
2577 2187 2684 2236 Dat
2708 2185 2856 2235 enim
2874 2185 3153 2235 auxilium
3168 2185 3399 2231 certanti-

1803 2259 1928 2308 bus.
1977 2259 2042 2306 Ει
2290 2273 2404 2320 spes
2433 2273 2549 2304 mea
2573 2258 2631 2304 in
2658 2258 2764 2305 Deo
2789 2262 2874 2304 est.
2905 2261 3023 2315 Spes
3051 2255 3154 2317 (Ea:
3176 2256 3396 2317 Augus-

1803 2330 1932 2391 tino)
1972 2331 2226 2392 quandiu
2265 2329 2522 2379 nondum
2544 2333 2651 2390 est,
2668 2327 2819 2390 quod
2839 2327 3186 2389 promissum
3204 2331 3312 2387 est,
3338 2329 3396 2376 et

1803 2401 2070 2463 creditur,
2091 2400 2246 2462 quod
2266 2413 2380 2450 non
2401 2399 2645 2450 videtur.
2666 2402 2807 2449 Cum
2831 2402 3023 2448 autem
3044 2397 3274 2454 venerit,
3300 2399 3393 2444 erit

1804 2472 2042 2522 salvatio
2061 2477 2116 2522 et
2133 2471 2485 2533 glorificatio.
2508 2472 2632 2520 Non
2651 2475 2841 2520 tamen
2857 2471 2996 2520 dum
3013 2468 3105 2518 illa
3122 2467 3393 2518 dii-ferun-

1805 2549 1914 2602 tur,
1943 2543 2428 2593 deseritnur.[)eus
2450 2542 2822 2592 enimaumilii
2847 2541 2968 2598 mei,
2995 2545 3039 2587 et
3065 2555 3174 2602 spes
3198 2554 3316 2587 mea
3335 2540 3393 2587 in

1802 2615 1907 2662 Deo
1932 2620 2018 2662 est.
2053 2616 2180 2663 Jam
2207 2618 2447 2664 caeteros
2476 2612 2739 2676 exemplo
2766 2626 2869 2662 suo
2894 2613 3243 2672 exhortatur,
3268 2615 3395 2661 tan-

1801 2697 1975 2747 quam
2000 2699 2232 2735 currens
2252 2685 2310 2734 in
2333 2685 2445 2748 siti,
2471 2685 2805 2734 desuderans
2829 2697 3030 2734 omnes
3047 2683 3237 2734 salvos
3256 2682 3392 2733 iieri.

1799 2758 2028 2806 Justum
2044 2761 2131 2807 est
2156 2757 2327 2818 enim,
2352 2760 2418 2806 ut
2441 2757 2538 2818 qui
2567 2757 2708 2806 bene
2725 2756 3057 2807 vivendoad
3075 2757 3256 2805 Deum
3279 2770 3396 2801 cur-

1799 2832 1950 2883 runt,
1979 2841 2175 2878 secum
2189 2828 2258 2878 ad
2271 2841 2404 2879 eum
2425 2827 2646 2878 trahere
2661 2827 2951 2887 festinent,
2971 2840 3115 2890 quos
3132 2831 3393 2890 possunt.

1799 2899 1894 2949 Ait
1923 2912 2056 2962 ergo
2085 2916 2096 2949 :

1859 2970 1910 3023 9.
1936 2972 2152 3034 Sperate
2187 2971 2248 3018 in
2286 2986 2341 3018 eo
2366 2971 2543 3018 omnis
2566 2970 2907 3032 congregatio
2941 2969 3148 3033 populi,
3182 2969 3393 3020 Omnes

1799 3042 1896 3103 qui
1929 3043 2260 3104 congregati
2297 3041 2435 3091 estis
2462 3042 2515 3090 in
2543 3042 2761 3091 unitate
2783 3041 2933 3090 iidei.
2953 3043 3019 3090 Et
3045 3045 3109 3090 ut
3139 3040 3310 3102 digne
3336 3041 3394 3091 in

1797 3114 1888 3162 illo
1914 3114 2147 3176 possitis
2161 3129 2357 3174 sperare
2383 3112 2660 3176 E/I'tt-nditc
2684 3127 2862 3160 coram
2892 3112 2983 3161 illo
3007 3113 3167 3160 corda
3197 3118 3377 3159 vestra.

1797 3185 1855 3234 Id
1877 3190 1986 3245 est,
2011 3190 2283 3235 evacuate
2315 3186 2384 3233 ab
2411 3184 2566 3232 omni
2587 3183 2769 3244 sorde,
2798 3188 2861 3232 ut
2883 3183 2998 3234 sint
3042 3195 3232 3233 coram
3268 3183 3381 3245 illo,

1797 3255 1852 3305 id
1874 3262 1977 3318 est,
2004 3256 2061 3305 in
2089 3255 2664 3317 beneplacitoipsius:
2690 3255 2823 3317 quia
2847 3255 2942 3316 qui
2966 3267 3079 3304 non
3104 3255 3385 3304 habetcor

76 3325 448 3377 tionabiliter
480 3325 760 3387 impetum
786 3324 988 3376 facitis.
1015 3327 1076 3372 In
1103 3326 1418 3375 hominem?
1451 3325 1695 3374 exterio-
1721 3321 1768 3394 C
1797 3340 2044 3378 vacuum
2075 3340 2107 3378 a
2138 3327 2306 3390 male,
2332 3327 2378 3376 si
2412 3330 2618 3388 speret,
2653 3339 2765 3376 non
2793 3332 2881 3376 est
2905 3339 3050 3388 spes,
3089 3326 3191 3376 sed
3234 3338 3382 3389 prae-

74 3411 223 3448 rem.
251 3396 401 3456 Quia
433 3395 568 3446 licet
601 3408 807 3458 corpus
842 3397 1076 3459 possitis
1114 3397 1384 3460 afﬂigere,
1413 3409 1597 3458 usque
1622 3396 1694 3446 ad

75 3470 346 3519 animam
372 3467 691 3530 pertingere
715 3479 832 3516 non
859 3469 1099 3530 potestis
1129 3469 1334 3531 (Matth.
1365 3467 1490 3528 '10.).
1519 3469 1694 3518 Nobis

75 3539 325 3603 quidem
372 3537 594 3588 nullum
629 3544 719 3588 est
765 3538 1190 3589 detrimentum.
1229 3539 1336 3589 Sed
1374 3552 1475 3590 vos
1509 3539 1569 3589 in
1608 3552 1691 3600 eo,

73 3611 238 3673 quod
265 3609 460 3672 agitis,
482 3615 743 3660 vestrum
771 3611 1013 3672 cogitate
1037 3611 1348 3661 inn-ritum.
1370 3611 1696 3672 Quialnter-

70 3684 240 3741 ﬁnitis
266 3681 512 3729 universi
535 3697 641 3731 vos.
688 3682 1265 3744 Quicunquebonosa
1283 3696 1388 3733 suo
1405 3683 1694 3746 proposito

69 3753 353 3816 nitimini,
385 3765 698 3811 removere,
742 3754 864 3803 sive
902 3754 1312 3812 dissuadendo,
1351 3755 1472 3804 sive
1501 3766 1696 3816 perse-

65 3825 337 3889 quendo,
380 3836 484 3874 vos
520 3823 676 3887 ipsos
710 3825 767 3874 in
800 3826 907 3874 hoc
941 3827 1098 3874 intus
1144 3825 1419 3874 occiditis.
1455 3826 1693 3874 Animas

68 3901 312 3947 vestras
353 3894 644 3944 damnatis
671 3914 682 3942 :
720 3895 934 3945 irruitis
979 3901 1171 3945 autem
1201 3902 1463 3957 tanquam
1487 3895 1689 3958 parieti

68 3969 369 4016 inclinato.
389 3965 454 4014 Id
472 3969 577 4025 est,
597 3967 744 4016 sicut
759 3965 1066 4016 inclinatus
1089 3967 1273 4030 paries
1290 3979 1506 4029 pronus
1523 3971 1611 4015 est
1625 3969 1686 4012 ad

65 4041 330 4096 ruinam,
353 4037 436 4085 sic
459 4049 566 4087 nos
587 4037 658 4086 ad
685 4037 1002 4087 cadendum
1018 4039 1319 4088 a‘stimatis
1345 4038 1554 4097 faeiles,
1581 4047 1688 4084 tan-

64 4123 254 4172 quam
282 4108 447 4158 omni
467 4108 772 4158 destituam
783 4122 850 4158 ur
865 4109 1149 4158 auxilio.Et
1167 4111 1407 4157 maceria:
1423 4109 1648 4172 depulsa:
1662 4113 1688 4158 ‘.’

65 4184 124 4232 Id
153 4185 278 4240 est,
309 4180 463 4228 sicut
497 4179 742 4230 maceria
783 4181 905 4230 sine
950 4185 1233 4232 caemento
1260 4185 1349 4231 est
1373 4181 1605 4244 fragilis,
1633 4185 1689 4230 et

149 4249 507 4315 depellatur,
524 4250 687 4301 facile
714 4253 850 4302 ruit:
878 4251 959 4301 sic
984 4264 1088 4300 nos
1109 4253 1320 4314 putatis
1341 4251 1461 4301 sine
1479 4252 1686 4310 colliga-

67 4327 230 4376 tione
256 4335 415 4381 esse,
443 4327 500 4372 et
524 4335 732 4384 pronos
766 4323 838 4373 ad
877 4324 1102 4373 ruinam
1131 4340 1142 4372 :
1172 4324 1270 4374 sed
1318 4337 1430 4374 non
1462 4329 1552 4375 est
1585 4325 1681 4374 ita.

127 4397 184 4450 5.
215 4397 609 4445 Verumtamen
623 4395 877 4445 nonideo
891 4400 1120 4446 cessant
1151 4396 1305 4459 mali,
1326 4397 1425 4446 sed
1445 4398 1685 4445 Pretium

61 4482 256 4517 meum
309 4467 678 4529 cogitaverunt
723 4467 965 4530 repellere
1007 4480 1039 4517 θ.
1084 4479 1192 4517 me.
1244 4468 1305 4517 Id
1357 4473 1462 4523 est,
1500 4470 1683 4518 Deum

63 4553 272 4591 meum
291 4543 353 4588 et
379 4539 638 4601 gloriam,
665 4551 838 4601 quam
866 4551 1028 4601 spero
1051 4538 1322 4592 futuram.
1351 4543 1683 4600 meritumque

64 4611 293 4663 laboris
317 4609 541 4659 auferre
565 4609 723 4658 mihi.
754 4611 887 4661 Ideo
916 4611 1146 4659 Cucurri
1172 4611 1230 4657 in
1253 4610 1359 4660 siti.
1381 4612 1505 4659 Non
1526 4617 1586 4661 ut
1611 4611 1686 4674 pi-

63 4698 169 4747 ger
194 4687 258 4733 et
273 4680 634 4743 fastidiosus,
656 4681 756 4732 sed
774 4687 1050 4744 tanquam
1068 4683 1288 4742 sitiens,
1308 4686 1365 4731 et
1382 4685 1684 4744 projustitia

1799 3399 2028 3449 sumtio.
2054 3399 2234 3448 Nolite
2265 3411 2398 3461 ergo
2428 3399 2531 3459 (Eae
2568 3398 2697 3457 cod.)
2724 3398 2894 3447 corda
2916 3402 3105 3447 vestra
3143 3398 3385 3449 retinere

1797 3471 1946 3520 intra
1971 3470 2140 3520 corda
2166 3474 2376 3530 vestra,
2415 3481 2606 3518 coram
2630 3468 2724 3518 illo
2750 3469 3022 3520 cilundite
3048 3470 3386 3532 plangendo,

1797 3542 2144 3603 conﬁtendo,
2164 3541 2536 3604 deprecando.
2563 3541 2702 3597 Quia
2724 3540 2860 3588 Dctts
2885 3541 3104 3602 adjulor
3127 3545 3305 3588 noster
3327 3542 3386 3588 in

1793 3619 2070 3661 aeternum.
2099 3615 2223 3662 Non
2237 3618 2324 3663 est
2349 3612 2473 3662 talis
2499 3611 2727 3674 adjutor
2744 3613 2988 3673 Deus,ut
3007 3612 3194 3661 homo.
3222 3611 3392 3674 Adju-

1795 3690 1935 3736 vant
1976 3685 2127 3734 enim
2177 3684 2440 3733 homines
2494 3682 2893 3745 temperanter.
2931 3683 3186 3745 Adjuvat
3236 3683 3390 3733 Deus

1793 3758 1965 3807 etiam
1993 3755 2063 3805 ad
2092 3755 2469 3806 aeternitatem
2501 3755 2907 3816 prmstttndatn.
2940 3755 3080 3802 Deus
3117 3755 3385 3817 (inquam)

1793 3829 2012 3889 atljttlor
2037 3832 2212 3873 noster
2244 3827 2300 3872 in
2335 3832 2609 3872 aeternum.

1854 3899 1938 3950 1t).
1973 3899 2160 3945 Verum
2171 3902 2220 3943 tu
2232 3912 2348 3943 men
2365 3912 2464 3943 van
2476 3896 2609 3956 i/ilii
2627 3895 2812 3942 homin
2827 3910 2932 3943 um.
2952 3897 3085 3945 limo
3098 3908 3214 3945 non
3227 3902 3384 3948 atten-

1791 3970 1952 4027 dunt,
1982 3969 2080 4018 sed
2109 3971 2241 4016 sunt
2261 3967 2478 4027 vani,id
2502 3971 2609 4024 est,
2636 3966 2807 4015 dediti
2837 3965 3386 4016 vanitatibus.l"ilios

1791 4043 1926 4092 dicit
1946 4041 2243 4091 hominum
2260 4039 2575 4088 imitatores
2591 4039 2889 4087 carnaliter
2910 4037 3244 4087 viventium.
3262 4043 3385 4086 Sunt

1789 4115 1959 4164 etiam
1989 4113 2265 4160 tt'tcttdaces
2288 4111 2390 4172 filii
2417 4110 2703 4157 hominum
2726 4111 2776 4157 in
2799 4110 3027 4169 sta/eris,
3045 4109 3099 4158 id
3135 4111 3388 4167 est,1nli-

1789 4187 1890 4235 bra
1931 4183 2194 4247 justitize,
2231 4182 2287 4231 in
2327 4181 2458 4231 boni
2505 4180 2753 4242 malique
2791 4180 3218 4241 deliberatione,
3246 4179 3385 4230 dum

1789 4257 1939 4306 bono
1966 4255 2180 4306 malum
2203 4252 2653 4316 praeponderent.
2675 4251 2898 4300 Dictum
2922 4257 3012 4301 est
3029 4251 3136 4301 hoc
3159 4264 3192 4302 a
3217 4252 3388 4301 simili

1787 4340 1982 4376 eorum
2009 4327 2106 4390 qui
2127 4327 2185 4375 in
2211 4324 2459 4384 stateris,
2478 4323 2758 4384 inquibus
2781 4323 3003 4373 videtur
3030 4325 3384 4384 essejustitia,

1785 4404 2069 4462 emptores
2113 4397 2426 4460 decipiunt.
2470 4395 2629 4446 Unde
2668 4399 2723 4443 et
2765 4394 2996 4444 subdit:
3025 4401 3082 4441 ut
3114 4395 3388 4456 decipiant

1786 4471 1891 4533 ipsi
1918 4472 1978 4517 de
2000 4470 2232 4517 vanitate
2257 4469 2311 4514 in
2344 4467 2606 4529 itlipstt'n:
2639 4466 2741 4516 hoc
2756 4465 2907 4528 quod
2927 4465 3100 4524 ait,ln
3125 4465 3387 4528 ’ldipsttm,

1789 4542 2090 4604 signiticet,
2112 4539 2250 4601 quia
2275 4537 2377 4588 etsi
2395 4543 2531 4587 sunt
2551 4539 2795 4588 diversae
2811 4536 3060 4599 fraudes,
3076 4535 3284 4585 diversi
3299 4548 3388 4585 cr-

1785 4625 1960 4672 rores,
1999 4612 2226 4662 diversa
2267 4609 2567 4672 dogmata:
2598 4609 2787 4658 omnia
2822 4608 3066 4656 tendunt
3106 4607 3174 4656 ad
3210 4619 3387 4656 unam

1797 4686 2130 4743 vanitatem,
2147 4684 2212 4733 att
2247 4696 2422 4732 unum
2451 4695 2690 4743 regnum
2712 4680 3119 4731 dcstructionis
3137 4685 3191 4730 et
3212 4679 3388 4744 pcrdi-

66 4739 224 4806 mori
266 4739 632 4803 desiderans;
674 4753 759 4802 Ad
797 4739 1127 4816 passionem
1174 4739 1328 4803 enim
1375 4739 1560 4804 alacer
1583 4753 1678 4804 fui.
1715 4739 1770 4810 Ι)
1797 4757 1989 4808 tionis.
2032 4739 2474 4817 Ab'hujusmodi
2502 4739 2756 4803 vanitate
2787 4765 2923 4815 ergo
2947 4753 3145 4802 nititur
3169 4739 3265 4802 eos
3289 4751 3388 4802 de-

67 4825 238 4878 Beati
267 4826 448 4884 enim,
474 4824 573 4887 qui
599 4826 860 4876 esuriant
885 4829 941 4875 et
966 4826 1169 4875 sitiunt
1199 4826 1500 4886 justitiam,
1539 4839 1683 4889 quo-

66 4901 235 4949 niam
263 4896 380 4958 ipsi
404 4896 815 4946 saturahuntur
845 4898 1053 4958 (iilatth.
1085 4895 1173 4957 5.).
1209 4899 1360 4947 Inter
1380 4897 1533 4947 hunc
1559 4911 1687 4948 cur-

65 4983 208 5020 sum
241 4973 303 5018 et
320 4965 495 5025 sitim,
515 4966 615 5014 Ore
638 4983 734 5014 suo
752 4967 1138 5017 bencdiccbanl.
1160 4969 1230 5017 Ut
1246 4967 1590 5019 adulationis
1610 4985 1687 5017 me

67 5039 274 5090 verbis
300 5036 646 5100 deciperent.
671 5038 735 5085 Et
756 5039 910 5087 corde
929 5053 1024 5086 suo
1049 5038 1446 5088 malcdicebanl.
1475 5040 1690 5100 Iniqui-

68 5119 263 5163 tatein
281 5114 344 5160 et
356 5113 598 5159 mortem
613 5110 1033 5160 machinantes.
1051 5112 1171 5159 Hoc
1186 5111 1403 5160 faciunt
1416 5111 1614 5173 iniqui,
1634 5116 1690 5162 et

66 5182 290 5238 dolosi,
323 5180 557 5243 quando
583 5186 776 5243 aperte
803 5182 985 5231 bonos
1023 5195 1141 5230 non
1166 5185 1380 5232 audent
1405 5184 1688 5245 persequi.

66 5259 180 5306 Ore
197 5252 410 5304 doloso
435 5253 750 5314 loquuntur
773 5254 1004 5315 bonum,
1024 5253 1124 5302 sed
1147 5253 1303 5303 intus
1321 5255 1374 5302 in
1390 5255 1558 5304 corde
1577 5258 1693 5302 latet

70 5337 402 5379 venenum.
431 5323 541 5374 Sed
577 5326 841 5387 quamvis
869 5325 976 5375 hoc
1004 5325 1229 5384 faciant,
1257 5325 1382 5376 hinc
1417 5327 1686 5389 cogitent,

66 5396 357 5460 quamvis
395 5394 706 5458 impellant,
748 5396 1106 5455 insidientur,
1135 5401 1570 5459 persequantur,
1598 5409 1692 5446 ca-

69 5471 194 5520 lum
207 5468 446 5518 nientur
461 5483 474 5514 :
491 5479 596 5529 ego
611 5473 801 5517 tamen
821 5468 972 5517 tixus
986 5467 1038 5516 in
1059 5470 1174 5516 Deo
1193 5470 1558 5529 permanebo.
1580 5470 1690 5515 Ideo

71 5543 345 5592 animum
364 5551 530 5589 suam
555 5540 702 5589 inter
728 5544 810 5589 tot
835 5539 1083 5591 pericula
1114 5539 1426 5589 exhortans
1455 5540 1649 5589 subdit
1675 5555 1686 5589 :

132 5614 190 5666 ti.
229 5611 595 5660 Vcrtmlamcn
622 5611 725 5659 Deo
761 5611 989 5674 subjecta
1014 5618 1116 5658 esto
1144 5611 1334 5659 anima
1360 5627 1497 5660 mea.
1537 5611 1692 5661 Sicut

68 5684 309 5748 cepisti.
334 5696 682 5744 recognosce
709 5687 762 5732 te
775 5683 844 5732 ab
867 5695 932 5732 eo
955 5684 1245 5744 accepisse
1263 5685 1426 5742 bona,
1442 5696 1570 5745 qua-3
1595 5684 1692 5734 lia-

69 5761 199 5808 bes.
221 5753 474 5805 llumilia
492 5758 542 5802 te
566 5755 643 5803 illi
666 5761 949 5815 quantum
977 5760 1154 5816 potes.
1171 5757 1238 5806 Et
1261 5768 1320 5806 re
1344 5768 1479 5805 vera
1503 5755 1580 5805 ita
1605 5755 1689 5804 fa-

69 5832 195 5881 cies
233 5843 245 5877 :
275 5827 554 5885 Quoniam
581 5826 644 5873 ab
679 5827 793 5888 ipso
809 5826 1074 5888 patientia
1100 5842 1234 5876 mea.
1281 5827 1383 5877 Vel
1407 5827 1538 5889 quia
1567 5826 1689 5889 ipse

69 5901 351 5952 Christus
377 5896 704 5960 exemplum
719 5898 907 5948 iactus
933 5904 1020 5948 est
1046 5899 1352 5961 patientiae,
1379 5899 1528 5948 sicut
1553 5897 1688 5947 dicit

72 5970 432 6038 Apostolus:
456 5967 720 6021 Christus
741 5981 952 6034 passus
971 5976 1174 6034 estpro
1199 5970 1385 6032 nobis,
1408 5971 1570 6022 vobis
1600 5983 1688 6020 re-

1786 4828 2022 4888 hortari,
2049 4841 2180 4877 cum
2209 4827 2503 4887 subjungit
2531 4842 2539 4872 :

1857 4901 1936 4954 11.
1974 4901 2150 4948 Nolite
2173 4916 2389 4962 sperare
2415 4900 2469 4946 in
2506 4899 2813 4960 iniquitate.
2856 4898 2922 4946 Et
2945 4895 3094 4946 hanc
3117 4895 3387 4956 iniquita—

1789 4979 1905 5024 tem
1932 4984 2030 5034 pcr
2060 4976 2248 5032 partes
2274 4972 2596 5033 exequitur,
2629 4983 2757 5019 cum
2793 4967 3145 5018 subiniertur
3171 4981 3182 5015 :
3204 4967 3270 5013 Et
3293 4981 3388 5013 ra.-

1787 5046 1952 5108 pinas
1977 5043 2137 5089 nolite
2155 5044 2522 5104 concupiscere
2543 5041 2768 5091 Dictum
2797 5045 2885 5090 est
2910 5039 3257 5102 pauperibus
3276 5040 3382 5084 hoc.

1794 5111 2285 5173 l‘ortassisaliqnid
2306 5112 2376 5161 de
2402 5113 2744 5162 necessitate
2772 5109 3035 5173 rapturis.
3064 5108 3316 5158 Audiant
3335 5111 3389 5157 et

1791 5185 2030 5234 divites:
2055 5183 2587 5243 1)iviti.zasia//tuant,
2615 5182 2661 5230 si
2681 5182 2998 5241 exundent,
3028 5185 3300 5242 tanquam
3319 5179 3389 5228 de

1793 5256 1944 5305 fonte
1985 5256 2232 5312 currant,
2255 5253 2428 5300 Nolite
2462 5269 2552 5300 cor
2568 5267 2853 5314 apponere.
2884 5253 3033 5302 Nein
3053 5251 3261 5302 divitiis
3288 5251 3392 5314 (Ea:

1795 5327 1930 5383 t-ml.)
1961 5325 2280 5375 cont‘idatis.
2300 5324 2756 5386 Neprzcsumatis
2787 5337 2886 5372 :ne
2913 5323 3170 5385 speretis.
3199 5325 3279 5371 Ne
3305 5322 3393 5371 di-

1796 5403 1956 5447 catur
1987 5413 1997 5447 :
2021 5399 2160 5446 i'iCCti
2187 5396 2374 5454 homo,
2415 5396 2638 5456 quinon
2667 5394 3392 5455 posuitDt-umadjutorem

1794 5481 1968 5518 suum
2007 5467 2163 5527 (Psal.
2206 5465 2344 5528 51.):
2379 5466 2479 5516 sed
2497 5467 2746 5527 speravit
2769 5465 2824 5514 in
2854 5463 3221 5514 multitudine
3247 5463 3390 5512 divi—

1796 5543 2004 5591 tiarum
2023 5553 2276 5595 suarum,
2304 5545 2359 5589 et
2378 5539 2676 5602 pum-aluit
2691 5538 2748 5587 in
2765 5538 3016 5588 vanitate
3042 5548 3162 5585 sua.
3179 5537 3388 5585 Beatus

1792 5618 1981 5663 autem
2012 5613 2180 5675 cujus
2223 5615 2309 5662 est
2357 5611 2631 5661 Dominus
2672 5612 2826 5659 Deus
2855 5621 2985 5670 spes
3020 5608 3164 5669 ejus,
3193 5612 3246 5655 et
3272 5620 3390 5656 non

1792 5686 2048 5746 respexit
2077 5688 2134 5733 in
2166 5684 2449 5734 vanitates
2493 5687 2550 5732 et
2591 5681 2844 5730 insanias
2870 5680 3040 5730 falsas
3071 5678 3230 5743 (Psal.
3260 5678 3388 5739 39.).

1794 5756 1934 5805 Ecce
1955 5755 2045 5805 ille
2084 5768 2198 5806 non
2237 5753 2552 5814 habet,iste
2579 5751 2768 5802 habet.
2803 5751 2898 5803 Ille
2923 5765 3037 5802 non
3061 5756 3280 5812 qumrat
3302 5763 3388 5800 ra-

1792 5839 1943 5888 pere,
1988 5827 2141 5888 quod
2185 5840 2298 5877 non
2333 5827 2520 5876 habet.
2553 5827 2664 5874 Istc
2692 5824 2748 5874 in
2772 5837 2838 5875 eo
2862 5823 3014 5886 quod
3052 5822 3243 5879 habet,
3271 5835 3388 5872 non

1790 5904 2040 5961 apponat
2062 5912 2183 5948 cor:
2217 5912 2331 5949 non
2372 5898 2449 5948 ibi
2472 5898 2627 5960 ligat,
2656 5896 2755 5947 sed
2777 5895 2970 5964 magis
2997 5895 3210 5947 timeat.
3238 5895 3388 5946 Prte-

1790 5969 1914 6029 cipe
1928 5969 2133 6032 (inquit
2157 5969 2380 6033 Paulus)
2411 5969 2689 6022 divitibus
2715 5967 3108 6034 hujusscculi,
3151 5979 3262 6018 non
3289 5979 3385 6016 su-
