3884 6396
575 375 679 431 891

1638 371 1906 424 RUFINO
1948 369 2406 422 PRESBYTERO
2439 370 2828 422 ASCRIPTUS

3767 371 3861 424 892

568 490 742 563 perbe
777 503 996 563 sapere,
1021 502 1132 543 nec
1158 501 1384 563 sperare
1411 489 1471 540 in
1494 487 1712 540 incerto
1735 486 2066 563 divitiarum
2093 485 2136 550 (1
2152 523 2165 536 .
2192 488 2249 563 Α
2271 497 2542 538 caussam
2564 483 2993 563 ostendit,_cum
3013 483 3350 563 subiungit:
3381 483 3652 563 Sitivit‘in
3680 490 3728 563 te
3747 489 3864 563 αηίτ

577 562 711 612 Tim.
757 562 846 625 6.).
893 564 1038 626 Ergo
1078 574 1198 613 non
1222 561 1502 620 fraudem,
1527 573 1646 610 non
1675 557 1935 621 rapinam
1959 571 2170 609 concu-

572 635 824 698 piscatis.
864 635 984 684 Non
1009 634 1068 684 in
1091 633 1182 684 his
1207 645 1339 696 qum
1365 633 1610 693 habetis,
1641 643 1804 694 spem
1825 630 2071 693 ponatis.
2101 633 2170 682 Et

573 710 638 756 ιιι
665 705 845 768 magis
871 716 969 755 eos
1007 716 1041 755 a
1066 705 1319 756 vanitate
1349 703 1700 764 dissuadeat,
1726 701 1990 766 proponit
2019 701 2164 752 duo:

573 789 817 838 quorum
863 776 1106 827 alterum
1144 775 1407 838 deterret,
1458 773 1702 826 alterum
1744 771 2046 838 demulcet,
2081 771 2168 823 di-

571 861 708 898 cens
733 862 747 898 ε

631 917 716 982 12,
762 918 932 968 Semel
963 917 1168 967 locutus
1213 923 1283 968 est
1314 918 1470 981 Deus,
1511 917 1618 966 duo
1665 916 1772 965 hac
1795 915 2005 977 audivi,
2033 915 2167 978 quia

565 995 792 1055 potestas
830 990 927 1038 Dei
962 995 1052 1051 est,
1095 989 1278 1054 [Vers.
1327 987 1436 1054 13.]
1467 994 1513 1037 et
1556 987 1650 1036 tibi
1673 989 1922 1051 Domine,
1953 987 2164 1035 miseri-

567 1061 782 1111 cordia:
831 1061 964 1124 quia
990 1066 1048 1110 tu
1070 1061 1260 1110 reddes
1279 1061 1576 1124 unicuique
1591 1059 1762 1122 juncta
1779 1073 1942 1122 opera
1963 1073 2085 1108 sua.
2110 1058 2166 1110 Si

565 1145 770 1185 vocem
792 1131 1045 1184 hominis
1068 1132 1412 1194 contemnis,
1430 1131 1662 1182 attende
1689 1129 2063 1194 quialocutus
2079 1131 2170 1180 est

563 1205 690 1269 ipse
719 1205 877 1254 Deus
904 1218 915 1253 :
943 1209 1002 1256 et
1039 1203 1147 1255 hoc
1170 1203 1342 1267 semel,
1368 1203 1426 1254 id
1451 1207 1555 1267 est,
1579 1201 2126 1252 incommutabiliter
2151 1217 2162 1249 :

564 1276 655 1328 vel
691 1275 865 1334 semel,
902 1275 960 1326 id
984 1281 1091 1340 est,
1116 1277 1174 1328 in
1203 1275 1372 1327 unico
1397 1275 1583 1326 Verbo
1619 1286 1744 1325 suo.
1772 1270 1947 1340 305
1981 1273 2167 1323 IIabet

563 1347 720 1399 enim
742 1349 898 1398 Deus
920 1348 1083 1398 Pater
1105 1359 1288 1397 unum
1313 1347 1587 1409 Verbum,
1603 1345 1970 1410 unigenitum
1983 1345 2166 1395 Deum

565 1417 746 1477 (Hebr.
793 1417 884 1481 1).
931 1420 995 1468 In
1035 1419 1130 1468 illo
1177 1423 1318 1470 sunt
1349 1419 1578 1470 omnia:
1615 1417 1751 1480 quia
1773 1429 1872 1481 per
1909 1415 2163 1466 Verbum

565 1491 713 1541 facta
741 1493 878 1540 sunt
909 1489 1104 1540 omnia
1130 1489 1310 1552 (Joan.
1336 1489 1426 1552 1.).
1451 1489 1535 1539 Ibi
1558 1501 1762 1540 omnes
1797 1485 2048 1538 thesauri
2073 1499 2167 1538 sa-

566 1560 797 1624 pientiai
841 1564 898 1610 et
955 1561 1210 1611 scientias
1258 1559 1583 1612 absconditi
1629 1563 1766 1610 sunt
1809 1558 2019 1616 (Cotoss.
2071 1555 2163 1620 2.).

564 1633 754 1683 Unum
782 1631 1035 1680 Verbum
1057 1631 1266 1682 habet:
1297 1630 1476 1682 semel
1496 1631 1727 1682 locutus
1751 1631 2024 1680 estDeus.
2041 1629 2165 1679 Duo

564 1701 692 1754 hac
715 1713 847 1764 quae
869 1701 1036 1752 vobis
1065 1701 1325 1753 dicturus
1350 1715 1501 1765 sum,
1525 1703 1604 1752 ibi
1619 1701 1832 1752 audivi.
1849 1701 1973 1751 Non
1990 1713 2061 1750 ex
2073 1712 2166 1750 me

564 1773 785 1836 loquor.
831 1772 1070 1824 Audivit
1105 1773 1250 1825 forte
1272 1773 1383 1825 alia
1405 1773 1608 1836 multa,
1635 1773 1734 1823 sed
1758 1785 1877 1823 non
1905 1783 2052 1836 opus
2079 1775 2168 1822 est

2267 572 2362 606 ma
2387 573 2522 616 mea,
2543 572 2710 620 quam
2733 557 3106 620 multipliciter
3130 555 3224 604 tibi
3247 571 3372 604 caro
3395 570 3532 606 mea.
3553 557 3756 609 Omnis
3772 560 3861 622 qui

2268 629 2377 679 sibi
2402 629 2525 679 vult
2544 628 2758 691 aliquid
2785 628 3046 691 praestari
3071 627 3132 677 in
3155 627 3357 678 ardore
3386 627 3680 687 desiderii,
3706 631 3858 689 ipsum

2265 700 2614 751 desiderium
2643 699 2770 750 sitis
2793 701 3003 750 animm
3027 701 3135 749 est.
3163 700 3309 750 Sunt
3329 703 3527 750 autem
3552 701 3781 752 diversa
3796 704 3858 754 de

2266 771 2474 822 sideria
2521 770 2580 821 in
2629 771 2897 822 cordibus
2943 770 3261 821 hominum.
3298 769 3462 822 Alius
3499 771 3623 822 sitit
3647 784 3860 834 aurum,

2265 843 2412 893 alius
2455 847 2778 906 argentum,
2804 842 2949 893 alius
2970 841 3420 906 possessionem,
3446 841 3596 894 alius
3621 842 3862 895 haeredi-

2267 919 2461 977 tatem,
2486 913 2631 965 alius
2654 913 2782 965 hoc.
2812 913 2959 964 alius
2985 912 3144 964 illud.
3187 913 3297 963 Vix
3317 913 3632 975 invenitur,
3659 916 3756 980 qui
3790 919 3860 967 si-

2262 986 2370 1038 tiat
2394 988 2594 1047 Deum,
2621 985 2729 1036 Sed
2753 986 2964 1047 anima,
2989 997 3122 1048 quae
3146 987 3347 1036 sancta
3369 991 3480 1049 est,
3503 987 3722 1050 omnia,
3737 1001 3858 1051 quae

2265 1057 2469 1108 mundi
2490 1056 2666 1120 hujus
2680 1061 2833 1112 sunt,
2847 1062 3126 1119 tanquam
3138 1068 3334 1107 amara
3355 1057 3606 1122 respuit:
3634 1067 3785 1120 atque
3805 1064 3856 1107 ad

2264 1127 2418 1180 illam
2443 1127 2788 1179 ineffabilem
2813 1127 3192 1186 dulcedinem,
3218 1140 3349 1192 quas
3371 1128 3432 1180 in
3463 1129 3578 1180 Deo
3603 1133 3713 1192 est,
3735 1133 3859 1182 totis

2265 1199 2566 1251 desideriis
2583 1199 2906 1250 inardescit.
2917 1199 3190 1251 Inebriari
3213 1199 3500 1252 desiderat
3513 1201 3589 1252 ab
3606 1201 3859 1253 ubertate

2265 1271 2474 1322 domus
2497 1271 2616 1336 Dei,
2640 1271 2736 1338 ubi
2765 1275 2855 1322 est
2873 1271 3002 1322 fons
3025 1271 3178 1334 vitm,
3204 1276 3261 1324 et
3277 1271 3434 1336 origo
3457 1272 3776 1336 sapientiai.
3803 1277 3860 1324 Et

2266 1355 2396 1394 caro
2418 1354 2564 1405 mea,
2581 1343 2786 1406 inquit.
2805 1343 2992 1395 sitivit
3012 1343 3114 1394 tibi
3137 1343 3300 1405 (Psal.
3335 1341 3464 1407 622.),
3487 1348 3556 1396 ut
3597 1343 3860 1397 videlicet

2266 1416 2328 1465 in
2365 1427 2432 1465 ea
2471 1414 2886 1465 resurrectione
2909 1417 3083 1476 atque
3116 1413 3543 1466 immortalitate
3568 1415 3672 1466 tibi
3696 1427 3863 1480 appa-

2268 1489 2405 1548 reat,
2433 1497 2608 1548 quam
2630 1485 2966 1548 promisisti.
2981 1487 3049 1536 Et
3071 1485 3180 1537 hoc
3191 1496 3365 1548 quam
3383 1485 3794 1550 multipliciter,
3813 1487 3860 1536 id

2265 1562 2374 1618 est,
2397 1557 2578 1607 multo
2600 1557 2974 1620 amplioribus
2997 1557 3211 1619 causis,
3235 1568 3412 1619 quam
3427 1557 3623 1609 anima
3643 1575 3654 1605 :
3671 1559 3861 1620 subja-

2265 1633 2358 1678 cet
2379 1629 2534 1679 enim
2557 1629 2932 1692 amplioribus
2967 1629 3234 1680 miseriis.
3267 1631 3409 1680 Nam
3429 1630 3668 1693 spiritus
3683 1643 3862 1693 prom-

2265 1703 2402 1762 ptus
2425 1705 2533 1761 est,
2560 1712 2690 1750 caro
2715 1704 2907 1751 autem
2929 1699 3158 1750 inﬁrma
3181 1701 3393 1763 (Matth.
3421 1699 3549 1764 ‘26.).
3576 1703 3648 1753 Et
3670 1714 3860 1765 quam-

2267 1769 2357 1820 vis
2379 1770 2574 1821 anima
2597 1771 2810 1822 multas
2846 1771 3208 1833 tentationes,
3231 1771 3444 1824 multas
3467 1776 3862 1832 perturbationes

565 1843 870 1931 dicinobis.
893 1844 1304 1931 Aigenimipse
1320 1845 1605 1931 Dominus
1633 1861 1644 1892 :
1675 1842 1854 1931 multa
1868 1841 2166 1931 ,habeq
2190 1860 2243 1931 Β
2271 1843 2484 1931 sentiat
2507 1859 2516 1890 :
2546 1847 2739 1931 tamen
2754 1855 2870 1893 non
2897 1843 2976 1894 ita
3004 1842 3213 1931 deﬁcit,
3231 1844 3296 1894 ut
3318 1855 3489 1926 (χιι-ο..
3507 1843 3680 1896 Modo
3713 1847 3862 1931 enim

564 1915 653 1966 bis
682 1915 887 1977 dicere,
905 1915 1006 1966 sed
1018 1928 1136 1966 non
1154 1917 1392 1978 potestis
1407 1918 1630 1978 portare
1647 1914 1816 1965 modo
1835 1914 2010 1979 (Joan.
2031 1912 2158 1977 16.),

563 1985 959 2038 Transiliendo
975 1986 1306 2037 universam
1333 1991 1672 2049 creaturam,
1691 1985 1952 2049 pervenit
1962 1987 2022 2032 ad
2040 1989 2162 2032 Ver-

562 2060 703 2110 bum
728 2057 1094 2122 unigenitum
1123 2058 1240 2118 Dei,
1259 2069 1374 2120 quo
1397 2056 1831 2119 revelante,duo
1855 2055 1981 2107 haec
1994 2054 2160 2106 valde

562 2129 730 2182 nobis
753 2130 1080 2180 necessaria
1101 2129 1342 2194 audivit,
1381 2129 1516 2192 quia
1537 2133 1763 2192 potestas
1785 2128 1992 2177 Deiest.
2027 2129 2162 2178 0m-

561 2202 654 2254 nis
677 2201 833 2252 enim
860 2201 1118 2263 potestis
1151 2212 1186 2252 a
1218 2201 1332 2251 Deo
1360 2200 1530 2263 (Rom.
1568 2198 1706 2262 13.);
1746 2205 1791 2248 et
1815 2199 1910 2248 tibi
1933 2199 2162 2248 Domine

560 2271 958 2320 misericordia.
992 2272 1096 2322 llis
1118 2271 1348 2323 duobus
1371 2270 1738 2322 continentur
1761 2283 1933 2335 prope
1957 2282 2161 2322 omnes

562 2344 894 2407 Scriptum.
920 2345 1156 2406 Propter
1177 2343 1304 2394 haec
1327 2343 1442 2394 duo
1472 2342 1834 2394 Patriarchae.
1863 2343 2162 2406 Prophetas

563 2418 701 2479 Lex,
748 2415 1035 2466 Dominus
1086 2419 1284 2466 noster
1325 2417 1498 2466 Jesus
1541 2415 1837 2478 Christus,
1879 2413 2159 2478 Apostoli.

562 2488 796 2550 Propter
808 2485 938 2536 haec
961 2485 1317 2536 annuntiatio
1340 2485 1548 2548 omnis,
1576 2489 1634 2536 et
1663 2485 1964 2536 celebratio
2004 2484 2163 2536 verbi

559 2557 620 2608 in
641 2557 918 2608 Ecclesia.
944 2559 1293 2608 Potestatem
1315 2557 1444 2620 ejus
1469 2556 1689 2608 timete:
1715 2555 2164 2608 Misericordiam

561 2630 688 2692 ejus
709 2632 916 2680 amate.
944 2630 1062 2680 Nec
1085 2629 1167 2679 sic
1189 2629 1259 2679 de
1282 2627 1668 2680 misericordia
1692 2631 1818 2692 ejus
1851 2639 2164 2692 praesuma-

561 2701 656 2763 tis,
681 2703 748 2751 ut
767 2703 1114 2763 potestatem
1139 2700 1541 2752 contemnatis.
1570 2701 1683 2750 Nec
1713 2700 1796 2750 sic
1818 2704 2164 2762 potestatem

563 2771 837 2828 timeatis,
862 2776 926 2822 ut
947 2771 1019 2822 de
1042 2771 1430 2823 misericordia
1449 2771 1783 2836 desperetis.
1801 2770 1889 2822 Ad
1905 2771 2034 2834 ejus
2064 2783 2165 2834 po—

566 2845 834 2893 testatem
865 2843 1126 2906 pertinet,
1150 2844 1333 2894 malos
1356 2856 1457 2908 pro
1478 2855 1657 2908 pravo
1673 2855 1841 2906 opere
1856 2845 2166 2903 punire.Ad-

562 2925 691 2977 ejus
726 2913 1178 2965 misericordiam
1200 2916 1468 2980 pertinet,
1490 2915 1681 2978 justos
1695 2927 1797 2977 pro
1821 2915 1972 2964 bono
1995 2927 2164 2977 opere

559 2997 945 3037 remunerare.
962 2985 1201 3049 ldeoait,
1227 2987 1370 3044 Quia
1397 2993 1455 3034 tu
1477 2985 1662 3034 reddes
1681 2985 1980 3048 unicuique
1997 2985 2165 3048 juxta

561 3073 726 3122 opera
748 3073 849 3105 sua
875 3071 887 3108 :
915 3057 1084 3108 bonis
1101 3057 1367 3109 videlicet
1391 3059 1557 3120 bona,
1571 3061 1629 3107 et
1643 3057 1812 3108 malis
1829 3056 1995 3108 male.
2017 3059 2164 3121 Ergo

564 3133 880 3191 antequam
904 3128 1014 3180 hoc
1045 3129 1163 3190 flat,
1191 3129 1526 3179 studeamus
1551 3127 1834 3179 declinare
1857 3142 1891 3178 a
1916 3127 2084 3186 malo,
2109 3134 2166 3180 et

561 3200 748 3251 facere
797 3202 1034 3250 bonum.
1067 3200 1416 3250 Studeamus
1453 3199 1696 3250 transire
1719 3199 1790 3250 de
1816 3200 1924 3250 hoc
1947 3200 2165 3251 mundo

561 3271 633 3352 ad
659 3271 1128 3353 Deu‘mxdevitio
1152 3271 1224 3353 ad
1250 3270 1540 3353 virtutem.
1569 3271 1676 3353 liic
1705 3275 1796 3321 est
1820 3270 2042 3322 fructus
2067 3271 2168 3322 hu-
2194 3278 2242 3353 ρ

557 3343 656 3406 jus
680 3341 906 3406 psalmi,
930 3345 988 3393 et
1010 3341 1251 3392 intentio
1278 3341 1668 3392 transilientis.

874 3455 1130 3518 TITUL
1143 3455 1240 3519 US
1281 3455 1605 3519 PSALMI
1651 3455 1856 3520 LXII.

629 3585 677 3630 1.
701 3580 764 3644 In
782 3581 966 3644 ﬁnem,
988 3579 1228 3644 psalmus
1245 3579 1438 3644 David,
1459 3596 1582 3629 cum
1593 3587 1717 3630 esset
1740 3583 1801 3630 in
1824 3583 2022 3632 deserto
2037 3585 2167 3633 Idu-

563 3657 702 3710 -ηιιεξιε
727 3642 790 3710 (2.
819 3641 1086 3710 38928).
1113 3644 1270 3710 David
1287 3641 1826 3710 historialilerfugiens
1843 3648 2062 3710 Saulem,
2083 3664 2168 3696 ve.-

564 3707 640 3752 nit
657 3707 710 3752 in
735 3707 930 3752 deserto
954 3705 1204 3754 Idumaeas.
1238 3707 1588 3767 Intellextique
1614 3709 1669 3755 in
1693 3711 1784 3756 hac
1809 3711 1970 3768 figura
1995 3705 2163 3758 Eccle-

564 3769 690 3816 siam
716 3769 927 3826 positam
947 3769 1000 3814 in
1017 3769 1210 3814 deserto
1225 3770 1378 3826 hujus
1399 3772 1512 3817 vita)
1527 3785 1539 3818 :
1555 3772 1615 3818 de
1633 3786 1734 3830 quo
1747 3773 2028 3831 signiﬁcato
2045 3788 2166 3820 can-

567 3836 632 3876 tat
657 3832 709 3876 in
740 3831 1306 3898 hoc_psal_mo._Psalmus
1333 3833 1681 3898 istevronvenit
1709 3836 1864 3898 David
1890 3837 2163 3898 prophetae,

565 3906 678 3939 cum
702 3894 1120 3954 omnibusjustis,
1145 3908 1259 3941 cum
1285 3896 1394 3953 ipsa
1418 3896 1636 3942 Ecclesia
1661 3899 1713 3943 in
1744 3897 1934 3944 deserto
1953 3905 2026 3945 est
2048 3894 2168 3945 ldu-'

567 3970 724 4012 mrem,
771 3957 822 4001 id
861 3959 952 4015 est,
981 3957 1146 4019 hujus
1185 3958 1316 4019 vitm,
1357 3957 1442 4002 ubi
1480 3959 1610 4004 nihil
1645 3964 1737 4018 est,
1763 3960 1863 4006 nisi.
1891 3962 2163 4015 terrenitas,

565 4019 764 4064 Materia
783 4023 858 4064 est
881 4018 1100 4064 Ecclesia
1122 4021 1284 4076 posita
1306 4018 1360 4066 in
1387 4021 1584 4066 deserto
1609 4022 1766 4078 hujus
1783 4023 1912 4068 vita).
1930 4025 1982 4069 In
2005 4025 2165 4080 prima

567 4087 704 4146 parte
727 4081 945 4146 ostendit
970 4082 1352 4146 seAadrlnonilam
1379 4095 1468 4140 per
1490 4084 1744 4130 desertum
1773 4085 1926 4142 hujus
1949 4085 2079 4146 vitai,
2102 4087 2163 4132 ad

566 4145 720 4208 Deum
744 4143 881 4208 omni
909 4143 1155 4208 desiderio
1179 4144 1420 4208 festinare.
1452 4147 1502 4191 In
1524 4152 1658 4202 parte
1686 4148 1903 4192 secunda
1929 4143 2174 4208 (qumin-

566 4205 707 4266 cipit,
747 4206 797 4250 Si
823 4219 1012 4250 memor
1037 4206 1108 4251 fui
1139 4207 1227 4265 tui)
1255 4209 1468 4254 ostendit
1495 4221 1547 4253 se
1569 4209 1750 4254 habere
1773 4205 2086 4255 securitatem
2109 4212 2162 4256 in

569 4269 660 4313 hoc
689 4267 899 4327 deserto,
928 4281 1012 4324 per
1043 4268 1211 4325 ipsum
1251 4269 1423 4316 Deum.
1465 4271 1680 4316 Intentio
1705 4275 1776 4316 est
1799 4272 2084 4330 admonere,
2112 4281 2166 4320 ut

566 4331 730 4376 solum
757 4330 905 4375 Deum
931 4331 1118 4384 eligunt
1142 4330 1266 4378 sibi:
1293 4333 1368 4378 vel
1390 4333 1580 4390 docere,
1597 4333 1848 4391 quomodo
1871 4347 2166 4382 conversen-

569 4397 648 4438 tur
675 4393 726 4438 in
752 4392 918 4438 medio
943 4394 1161 4438 nationis
1184 4407 1366 4452 pravis.
1396 4395 1492 4439 Vox
1526 4395 1676 4440 totius
1701 4396 1954 4444 Ecclesiae.

1034 4489 1434 4553 PSALMUS
1483 4489 1689 4552 LXII.

625 4611 678 4666 ‘2.
719 4613 879 4676 Deus,
925 4613 1064 4662 Deus
1105 4628 1270 4674 meus,
1316 4614 1391 4662 ad
1429 4618 1473 4662 te
1516 4615 1577 4663 de
1600 4614 1712 4664 luce
1735 4615 1914 4678 vigilo.
1941 4617 2161 4670 ODeus

565 4685 825 4766 omnium
839 4685 1150 4766 creatione,
1177 4689 1327 4766 Deus
1351 4697 1516 4766 meus
1525 4687 1846 4766 secundum
1859 4693 2166 4766 praecipuam
2191 4693 2246 4766 Ι)

567 4759 623 4805 et
665 4756 1014 4819 singularem
1051 4757 1434 4817 dilectionem,
1465 4758 1626 4820 vigilo
1650 4758 1707 4809 id
1730 4763 1839 4821 est,
1866 4759 2168 4824 diligenter

567 4827 823 4890 studens,
845 4833 903 4880 et
925 4829 1189 4879 curiosus
1207 4840 1340 4878 sum
1361 4828 1434 4879 ad
1463 4833 1516 4880 te
1535 4833 2167 4896 promerenduin,atque

565 4899 638 4950 ad
687 4899 1014 4952 voluntates
1045 4903 1174 4950 tuas
1209 4901 1600 4964 exequendas.
1633 4905 1703 4953 Et
1726 4903 1832 4954 hoc
1858 4905 1920 4953 de
1950 4905 2080 4969 luce,
2107 4906 2164 4956 id

567 4973 673 5036 est,
697 4985 796 5034 per
817 4971 1122 5034 purltatem
1154 4971 1323 5022 bonae
1339 4975 1724 5034 conscientim,
1742 4977 1823 5026 De
1841 4976 1949 5026 hac
1973 4977 2166 5040 vigila-

569 5045 723 5095 tione
755 5043 975 5094 dictum
999 5041 1168 5093 estin
1194 5043 1501 5106 Evangelio
1532 5059 1544 5095 :
1572 5047 1780 5098 Beatus
1815 5047 1909 5098 ille
1941 5061 2165 5113 servus,

567 5127 742 5177 quem
785 5127 916 5184 cum
967 5114 1186 5165 venerit
1211 5115 1510 5176 Dominus,
1536 5117 1815 5169 invenerit
1833 5119 2166 5184 vigilantem

569 5187 778 5248 (Mallh.
824 5183 954 5245 224.).
997 5186 1202 5236 Puram
1225 5188 1638 5238 conscientiam
1660 5196 1824 5242 vocat
1844 5183 2048 5243 lu'cem.
2078 5193 2167 5243 Sic

565 5263 799 5309 econtra
821 5257 1233 5308 conscientiam
1253 5258 1457 5309 malam
1474 5260 1720 5311 dicimus
1745 5264 2010 5314 tenebras
2023 5267 2166 5323 juxta

565 5328 926 5392 Apostolum,
941 5329 1155 5379 Fuistis
1172 5330 1480 5393 aliquando
1498 5334 1750 5384 tenebrae
1769 5347 1781 5381 :
1798 5347 1954 5386 nunc
1970 5341 2166 5386 autem

565 5401 665 5451 lux
695 5400 754 5451 in
783 5401 1023 5451 Domino
1063 5401 1276 5464 (Ephcs.
1303 5400 1405 5465 5.).
1424 5401 1525 5454 νει
1551 5404 1723 5467 vigilo
1751 5405 1821 5455 ad
1846 5408 1898 5456 te
1919 5407 1990 5457 de
2020 5409 2164 5469 luce,

563 5472 621 5525 id
644 5473 750 5534 est,
776 5485 850 5523 ex
864 5485 978 5534 quo
993 5472 1174 5523 habui
1191 5474 1575 5537 cognitionem
1591 5477 1691 5534 tui,
1706 5488 1838 5538 quae
1855 5481 1944 5528 est
1957 5489 2166 5529 caussa

567 5556 709 5594 metu
751 5543 984 5606 vigilite.
1027 5544 1276 5596 Somnus
1314 5545 1543 5607 animae,
1577 5544 1753 5614 306
1785 5555 1874 5599 est
1903 5549 2166 5600 oblivisci

565 5616 768 5666 Deum.
803 5614 997 5666 Talem
1039 5617 1254 5668 excitat
1306 5619 1512 5668 Paulus
1554 5621 1792 5669 dicens:
1838 5621 2036 5682 Surge,
2063 5620 2165 5682 qui

567 5685 802 5748 dormis,
827 5691 884 5737 et
900 5700 1146 5751 exsurge
1171 5700 1205 5738 a
1229 5689 1921 5753 mortuis,etilluminabit
1947 5696 2001 5742 te
2014 5692 2166 5742 Chri-

571 5761 698 5808 stus
737 5757 924 5820 (Ib-id).
966 5759 1225 5810 Christus
1249 5761 1532 5812 illuminat
1563 5761 1808 5820 animas,
1830 5766 1888 5814 et
1911 5763 2046 5815 facit
2068 5777 2166 5816 eas

572 5828 825 5900 vigilare.
853 5829 986 5880 Vita
1007 5843 1143 5894 ergo
1159 5836 1358 5883 nostra
1372 5837 1430 5884 et
1441 5846 1630 5884 mores
1645 5833 1829 5884 nostri
1843 5833 2166 5900 debentper

573 5898 862 5951 Christum
900 5900 1140 5964 vigilare
1173 5902 1248 5955 ad
1290 5904 1494 5956 Deum.
1529 5905 1718 5969 Hujus
1739 5911 1930 5958 autem
1955 5898 2166 5972 vigiliae

2271 1911 2378 1973 (Eae
2403 1913 2728 1976 Augustino)
2744 1926 2818 1964 ex
2841 1913 3200 1978 corruptione
3225 1914 3429 1977 carnis,
3444 1914 3492 1964 si
3512 1927 3632 1966 non
3650 1919 3863 1964 mandu-

2258 1995 2478 2044 cemus,
2503 1984 2824 2048 deﬁcimus,
2847 1984 3224 2037 etesurimus.
3247 1985 3302 2036 Si
3324 1997 3442 2036 non
3463 1985 3756 2048 bibamus,
3785 1987 3866 2038 de-

2259 2055 2488 2106 ﬁcimus
2511 2061 2570 2107 et
2597 2056 2914 2108 sitimus.Si
2937 2056 3035 2108 diu
3059 2055 3482 2108 manducemus
3503 2062 3562 2109 et
3573 2058 3865 2120 bibamus,

2259 2126 2385 2190 ipsa
2427 2127 2701 2179 diuturna
2743 2128 2974 2180 refectio
3017 2127 3256 2180 defectio
3293 2133 3400 2180 est.
3428 2128 3483 2179 Si
3506 2129 3608 2180 diu
3630 2129 3866 2182 dormia-

2261 2209 2411 2261 mus,
2437 2198 2757 2264 deﬁcimus,
2783 2204 2838 2251 et
2865 2199 2992 2250 ideo
3017 2199 3341 2263 vigilamus.
3365 2200 3423 2252 Si
3445 2199 3546 2251 diu
3577 2203 3865 2262 vigilemus,

2260 2269 2602 2328 deﬁcimus;
2648 2277 2707 2322 et
2747 2271 2876 2323 ideo
2901 2271 3238 2322 dormimus.
3266 2271 3321 2321 Si
3342 2271 3440 2322 diu
3464 2276 3710 2333 stemus,
3737 2273 3866 2324 fati-

2260 2353 2393 2401 gam
2405 2354 2468 2392 ur
2489 2358 2502 2398 ;
2528 2347 2586 2392 et
2603 2342 2730 2392 ideo
2752 2341 3072 2406 vigilamus.
3091 2342 3146 2394 Si
3167 2341 3262 2392 diu
3281 2341 3610 2405 sedeamus,
3631 2345 3778 2395 etihi
3801 2346 3867 2392 fa-

2261 2411 2514 2474 tigamur
2537 2431 2550 2472 ;
2577 2417 2635 2464 et
2658 2413 2786 2465 ideo
2812 2413 3124 2476 surgimus,
3145 2411 3350 2465 Nullus
3366 2425 3500 2476 ergo
3513 2417 3738 2467 nostra
3763 2430 3866 2464 car-

2262 2482 2355 2533 nis
2381 2487 2567 2535 status
2589 2489 2696 2536 est.
2725 2485 2892 2536 Modo
2916 2484 2987 2536 de
3003 2485 3238 2536 infantia
3254 2485 3543 2537 transitad
3561 2487 3862 2550 pueritiam

2262 2553 2332 2604 de
2370 2555 2611 2618 pueritia
2653 2557 2726 2608 ad
2764 2555 3229 2618 adolescentiam,
3255 2556 3328 2608 de
3350 2556 3765 2621 adolescentia,
3799 2559 3864 2609 ad

2255 2625 2651 2690 juventutem,
2675 2627 2745 2678 de
2762 2628 3068 2692 juventute
3089 2627 3162 2678 ad
3183 2630 3564 2688 senectutem,
3575 2628 3650 2680 de
3666 2641 3865 2681 senec-

2263 2701 2386 2748 tute
2408 2697 2480 2748 ad
2504 2699 2748 2764 senium,
2775 2699 2848 2751 de
2873 2701 3035 2751 senio
3056 2699 3129 2751 ad
3152 2711 3414 2752 mortem.
3441 2701 3563 2752 Non
3583 2704 3702 2752 stat
3725 2705 3865 2754 setas

2262 2773 2489 2820 nostra:
2515 2770 2725 2834 ubique
2750 2771 3018 2834 fatigatio,
3047 2771 3262 2834 ubique
3287 2771 3591 2835 corruptio.
3609 2773 3760 2823 Caro
3776 2776 3866 2820 ila-

2264 2852 2394 2903 que,
2421 2851 2594 2902 quam
2620 2841 3005 2904 multipliciter
3019 2841 3304 2905 fatigatur,
3336 2845 3451 2892 tam
3473 2840 3866 2906 multipliciter

2264 2911 2433 2961 sitita
2459 2912 2576 2961 Deo
2600 2911 3012 2975 infatigabilem
3048 2914 3554 2978 incorruptionem.
3576 2913 3686 2966 Ubi
3699 2915 3824 2965 sitit
3845 2918 3864 2963 ιν

2327 2979 2378 3034 3.
2427 2983 2489 3029 In
2514 2986 2659 3030 terra
2685 2983 2890 3032 deserta
2912 2983 3066 3032 invia
3089 2990 3137 3032 et
3161 2985 3447 3047 inaquosa.
3472 2983 3650 3047 Idest,
3673 2984 3738 3035 in
3762 2985 3862 3036 hoc

2265 3052 2476 3116 seculo,
2523 3054 2678 3116 quod
2715 3059 2807 3105 est
2829 3059 2976 3106 terra
2997 3055 3241 3118 deserta,
3267 3059 3548 3118 quantum
3577 3055 3640 3106 in
3665 3068 3732 3107 se
3763 3060 3861 3117 est,

2264 3125 2336 3174 ab
2373 3125 2531 3175 omni
2565 3126 2715 3176 bono
2748 3138 2866 3176 non
2898 3126 3120 3177 habens
3158 3127 3306 3177 viam
3340 3126 3624 3188 veritatis,
3649 3140 3764 3178 nec
3789 3141 3860 3178 re-

2267 3195 2558 3257 frigerium
2583 3209 2736 3248 verae
2749 3197 2968 3248 salutis.
2986 3199 3256 3249 Misertus
3268 3201 3358 3249 est
3367 3203 3561 3249 autem
3576 3199 3862 3249 Dominus

2267 3268 2446 3317 nostri
2493 3268 2554 3317 in
2589 3267 2698 3318 hoc
2739 3267 2986 3320 deserto.
3011 3269 3236 3320 Veritas
3257 3269 3328 3319 de
3353 3274 3501 3320 terra
3523 3273 3652 3320 orta
3675 3274 3790 3331 est,
3816 3275 3862 3319 et

2270 3341 2418 3388 terra
2446 3343 2646 3390 nostra
2667 3339 2826 3390 dedit
2850 3339 3100 3390 fructum
3125 3353 3318 3392 suum.
3344 3341 3554 3391 Factus
3571 3345 3664 3391 est
3678 3340 3776 3392 via
3790 3344 3864 3388 Do-

2266 3409 2462 3460 minus
2483 3415 2679 3462 noster
2693 3412 2865 3462 Jesus
2881 3411 3162 3463 Christus.
3207 3411 3374 3463 Dedit
3396 3411 3794 3474 nobisaquam
3814 3412 3862 3460 in

2265 3479 2512 3542 deserto.
2535 3481 2940 3545 prmdicatores
2964 3495 3103 3534 suos
3127 3483 3373 3546 implens
3398 3482 3608 3546 Spiritu
3639 3484 3860 3535 Sancto.

2265 3557 2332 3602 ut
2356 3551 2457 3602 flat
2483 3555 2542 3602 in
2562 3553 2646 3603 eis
2671 3554 2800 3605 fons
2823 3566 2992 3618 aqua:
3010 3555 3268 3606 salientis
3292 3555 3350 3604 in
3373 3553 3548 3605 vitam
3565 3559 3858 3606 aeternam.

2265 3623 2404 3674 Haec
2446 3623 2727 3675 habemus
2767 3625 2873 3676 hic.
2916 3625 3026 3677 Sed
3049 3629 3182 3676 'non
3207 3629 3342 3676 sunt
3369 3625 3439 3676 de
3461 3625 3712 3676 deserto.
3737 3625 3861 3675 Ideo

2264 3694 2665 3758 proprietatem
2688 3695 2898 3747 deserti
2921 3697 3081 3760 prius
3098 3695 3524 3748 commendavit
3539 3696 3804 3760 psalmus
3819 3702 3861 3741 ut

2265 3770 2323 3815 et
2351 3770 2409 3816 tu
2435 3778 2566 3816 cum
2591 3767 2854 3818 audisses
2876 3769 2938 3819 in
2961 3781 3074 3832 quo
3099 3770 3249 3820 malo
3262 3781 3441 3830 esses,
3461 3768 3672 3830 siquas
3691 3771 3863 3816 habere

2265 3835 2356 3888 hic
2381 3851 2582 3901 posses
2607 3839 3048 3902 consolationes,
3071 3840 3310 3904 fructus,
3330 3839 3420 3891 vel
3445 3839 3572 3901 viae,
3593 3840 3686 3890 vel
3699 3852 3860 3901 aqua,

2264 3922 2382 3960 non
2411 3911 2690 3960 tribueres
2715 3911 2958 3974 deserto,
2983 3913 3085 3963 sed
3103 3911 3182 3962 illi
3206 3913 3304 3974 qui
3335 3917 3388 3962 te
3413 3911 3648 3962 visitare
3675 3912 3866 3975 digna-

2263 3985 2358 4030 tus
2383 3983 2470 4030 est
2493 3983 2552 4032 in
2577 3982 2823 4033 deserto.
2853 3983 2970 4033 Nisi
2997 3983 3180 4046 primo
3199 3983 3329 4046 quis
3359 3982 3586 4033 sitiatin
3603 3982 3722 4033 isto
3741 3985 3865 4030 malo

2263 4051 2323 4101 in
2368 4064 2482 4114 quo
2527 4057 2632 4114 est,
2677 4066 2976 4117 nunquam
3020 4055 3280 4118 pervenit
3321 4053 3394 4104 ad
3432 4054 3668 4110 bonum,
3716 4053 3862 4117 quod

2263 4123 2418 4174 Deus
2442 4129 2548 4174 est.
2575 4125 2664 4174 Sic
2690 4126 2745 4172 in
2763 4133 2944 4174 sancto
2961 4127 3202 4190 apparati
3222 4125 3336 4188 tibi,
3359 4125 3418 4176 id
3443 4127 3546 4183 est,
3574 4123 3755 4176 talem
3781 4139 3862 4176 me

2263 4193 2490 4258 paravi,
2513 4207 2688 4258 quem
2715 4199 2775 4246 tu
2797 4197 3036 4249 deberes
3061 4209 3376 4258 respicere:
3406 4209 3504 4260 per
3517 4196 3628 4246 hoc
3654 4201 3861 4256 scilicet,

2263 4265 2419 4328 quod
2467 4271 2604 4318 sunt
2643 4267 2704 4318 in
2750 4273 2951 4319 sancto
2974 4268 3277 4328 desiderio,
3307 4269 3422 4318 sive
3443 4267 3740 4332 proposito
3775 4285 3790 4316 :
3815 4274 3862 4314 ut

2263 4339 2495 4386 viderem
2519 4339 2770 4387 virtutem
2803 4346 2956 4388 tuam
2980 4346 3025 4388 et
3046 4340 3278 4402 gloriam
3303 4345 3472 4388 tuam.
3497 4339 3560 4388 Id
3585 4343 3701 4400 est,
3720 4340 3866 4390 utin-

2264 4409 2575 4472 telligerem
2613 4410 2821 4461 Filium
2860 4415 3026 4462 tuum
3067 4411 3129 4462 in
3173 4424 3286 4474 quo
3317 4415 3408 4461 est
3429 4409 3862 4472 omnipotenti-tr

2263 4479 2448 4530 virtus
2477 4481 2628 4544 (quia
2651 4495 2750 4545 per
2773 4482 2965 4546 ipsum
2991 4483 3140 4534 facta
3163 4481 3507 4533 suntomnia
3536 4479 3726 4543 [Joan.
3757 4481 3826 4545 1.)
3852 4483 3867 4542 )

2261 4555 2318 4600 et
2361 4551 2541 4614 gloria
2597 4553 2928 4604 divinitatis.
2976 4555 3140 4605 Ilanc
3183 4555 3472 4612 virtutem,
3506 4557 3562 4602 et
3602 4553 3865 4614 gloriam,

2263 4624 2434 4674 modo
2461 4624 2659 4675 vident
2677 4638 2776 4689 per
2798 4626 2992 4687 ﬁdem,
3020 4626 3078 4676 hi
3095 4625 3191 4689 qui
3212 4625 3428 4675 habent
3454 4619 3626 4690 307
3651 4625 3869 4675 sancti-

2274 4693 2509 4745 ﬁcatum
2534 4709 2629 4746 cor
2653 4710 2665 4745 :
2699 4697 3065 4760 postmodum
3091 4696 3272 4746 visuri
3300 4699 3438 4746 sunt
3469 4707 3568 4758 per
3593 4695 3865 4756 speciem.

2271 4765 2474 4816 Adhuc
2510 4767 2696 4818 reddit
2739 4769 2910 4819 aliam
2937 4770 3234 4827 Caussam,
3276 4778 3449 4830 quare
3465 4764 3796 4830 vigilaverit
3817 4772 3866 4817 et

2267 4837 2471 4888 sitierit
2493 4838 2690 4889 dicens
2716 4855 2728 4889 :

2329 4907 2378 4960 4.
2411 4909 2683 4967 Quoniam
2709 4909 2898 4958 melior
2919 4915 2989 4959 est
3011 4910 3384 4959 misericordia
3407 4916 3501 4959 tua
3520 4923 3685 4972 super
3713 4910 3862 4957 vitas.

2269 4978 2464 5030 Mulli-13
2488 4981 2594 5041 (Em
2619 4982 2938 5045 Augustino)
2965 4984 3104 5032 sunt,
3126 4982 3261 5033 vita:
3279 4983 3570 5043 humanm.
3588 4981 3693 5031 sed
3715 4985 3864 5031 Deus

2269 5063 2444 5100 uuam
2469 5052 2643 5101 vitam
2672 5052 2968 5116 promittit.
2993 5055 3063 5104 Et
3085 5065 3202 5103 non
3229 5052 3382 5103 illam
3396 5053 3496 5104 (lat
3511 5052 3681 5102 nobis
3697 5066 3862 5116 prop-

2267 5126 2350 5171 ter
2374 5121 2574 5172 merita
2600 5128 2812 5186 nostra,
2841 5123 2941 5175 sed
2961 5129 3188 5188 propter
3210 5123 3662 5175 misericordiam
3691 5139 3863 5176 suam,

2272 5193 2432 5243 Alius
2466 5193 2574 5244 sibi
2599 5195 2754 5257 eligit
2782 5196 2957 5246 vitam
2997 5195 3345 5258 negotiandi,
3370 5194 3518 5257 alius
3547 5194 3862 5245 fenerandi.

2267 5263 2414 5312 alius
2458 5265 2790 5329 rusticandi,
2836 5265 2986 5317 alius
3025 5263 3322 5330 militandi,
3347 5265 3494 5318 alius
3517 5263 3692 5324 illam,
3721 5266 3863 5316 alius

2268 5333 2443 5384 illam.
2485 5336 2742 5388 Diversa:
2789 5343 2926 5388 sunt
2977 5338 3136 5398 vita),
3173 5337 3269 5388 sed
3305 5337 3500 5388 melior
3528 5341 3618 5386 est
3639 5337 3862 5388 miseri-

2269 5405 2459 5456 cordia
2485 5411 2584 5457 tua
2607 5420 2780 5472 super
2800 5409 2951 5461 vitas
2979 5413 3228 5460 nostras.
3244 5409 3444 5460 Melius
3469 5410 3555 5458 est
3579 5409 3736 5470 quod
3764 5409 3862 5457 das

2269 5478 2558 5538 correctis,
2580 5491 2753 5542 quam
2778 5480 2929 5544 quod
2955 5481 3202 5543 diligunt
3218 5480 3483 5544 perversi.
3505 5481 3688 5532 Unam
3707 5483 3858 5528 vitam

2269 5548 2472 5611 donas,
2499 5563 2630 5611 quae
2655 5559 3020 5614 prmponatur
3043 5552 3313 5602 omnibus
3337 5550 3857 5610 nostris,quasmun-

2269 5632 2380 5682 que
2402 5619 2462 5670 in
2490 5622 2706 5672 mundo
2729 5624 2934 5687 eligere
2961 5622 3451 5688 potuerimus.Vel
3475 5622 3664 5674 aliter:
3693 5625 3856 5670 Mullm

2267 5695 2406 5742 sunt
2430 5699 2757 5745 sanctorum
2788 5697 2919 5748 vitae
2942 5696 3002 5746 in
3023 5695 3133 5748 hoc
3159 5695 3388 5745 saeculo.
3429 5694 3586 5745 Alius
3607 5694 3723 5745 Deo
3757 5705 3859 5744 ser-

2265 5762 2352 5812 vit
2389 5763 2447 5814 in
2481 5765 2766 5829 conjugio,
2807 5769 2954 5819 alius
2988 5781 3088 5832 per
3121 5765 3548 5827 continentiam,
3591 5765 3740 5816 alius
3768 5777 3859 5828 per

2267 5848 2631 5887 communem
2669 5839 2865 5901 vitam,
2909 5839 3057 5890 alius
3101 5852 3201 5903 per
3237 5835 3566 5896 solitariam,
3591 5835 3741 5888 alius
3767 5848 3858 5900 per

2265 5906 2534 5971 activam,
2556 5909 2706 5960 alius
2736 5923 2835 5976 per
2864 5909 3370 5976 contemplativam
3393 5905 3604 5961 diversi
3633 5906 3857 5960 diverso
