3884 6416
65 405 179 459 893

1063 408 1137 460 ΙΝ
1171 407 1496 460 PSALMOS
1535 407 1740 459 LXXV
1776 407 2362 461 COMMENTARIUS.

3272 408 3381 464 894

67 518 273 601 modo,
308 521 628 601 secundum
647 533 979 601 mensuram
1009 522 1209 584 gratiae
1227 534 1359 586 quze
1376 521 1685 601 unicuique
1707 525 1759 598 Α
1792 535 1865 573 ne
1886 521 2172 601 fiatistud.
2202 524 2502 586 Propterea
2519 522 2786 586 repulsus
2801 522 3378 588 audivit:Vadei-ctm,

67 591 211 641 data
231 595 325 642 est
360 605 394 641 a
419 594 538 643 Deo
577 594 746 655 (Rom.
781 592 900 655 12.).
943 595 1480 656 Quanturmzumque
1529 593 1684 656 quis-

67 676 187 724 que
217 662 478 725 perfecte
516 665 698 724 vivat,
727 678 899 726 quam
951 670 1148 715 sancte
1175 671 1227 715 et
1255 679 1390 728 pure
1431 667 1544 713 Deo
1571 678 1690 714 ser-

68 737 192 783 viat
214 747 224 788 :
244 738 442 784 tamen
470 735 540 784 ad
559 739 788 786 caeleste.
809 750 1047 796 regnum
1075 750 1186 787 non
1215 737 1558 799 perducitur,
1579 737 1687 786 nisi

68 807 278 856 divina
299 808 692 857 misericordia
711 822 839 857 cum
862 809 1022 857 bonis
1040 811 1306 870 operibus
1324 809 1411 869 adj
1425 814 1685 869 ungatur.

69 879 322 927 Dicatur
343 891 475 940 ergo
499 882 648 928 recte
677 895 688 928 :
718 880 989 936 Quoniam
1016 881 1202 927 melior
1225 887 1293 927 est
1322 882 1689 927 miscricm-dia

68 956 170 995 tua
196 964 374 1012 super
397 951 534 997 vitas
560 969 571 1010 ;
596 951 721 1000 ideo
749 951 916 998 Laln'u
945 967 1061 999 mm
1090 951 1388 999 laudabunt
1431 958 1491 1012 te,
1519 952 1686 1011 illest,

69 1021 432 1070 laudabilem
484 1023 537 1071 te
568 1021 696 1071 aliis
744 1023 1084 1084 praedicabo.
1116 1025 1196 1074 1)e
1233 1029 1389 1073 tanta
1434 1025 1584 1072 enim
1612 1024 1687 1086 pii

72 1092 317 1141 Domini
358 1093 753 1142 misericordia
797 1106 869 1144 ne
916 1094 1120 1155 ingrati
1169 1095 1371 1152 simus,
1411 1095 1608 1144 laudes
1634 1098 1690 1145 et

68 1164 302 1225 gratias
326 1176 471 1226 quas
500 1177 812 1227 possumus
840 1165 1042 1216 referre
1067 1166 1361 1216 debemus.
1398 1165 1560 1216 Unde
1584 1165 1688 1216 ad-

70 1237 191 1286 huc
229 1235 571 1298 subjungit:

145 1304 201 1358 5.
233 1305 326 1354 Sic
353 1305 659 1354 benedicam
697 1313 740 1355 le
767 1307 820 1355 in
863 1307 972 1356 vita
1018 1323 1155 1368 mea,
1181 1314 1225 1355 rt
1263 1300 1327 1355 in
1354 1309 1574 1356 nomine
1599 1314 1687 1357 tuo

76 1375 270 1426 levabo
297 1391 500 1425 manus
541 1394 704 1427 meas.
733 1378 879 1440 Quid
912 1381 1000 1429 est
1021 1380 1094 1426 sic
1132 1384 1153 1425 ἱ)
1179 1380 1251 1429 Ut
1283 1380 1692 1430 misericordiae

76 1451 201 1499 tum
230 1449 485 1499 tribuam
531 1449 710 1500 vitam
756 1464 962 1506 meam,
1013 1451 1070 1500 in
1116 1462 1228 1513 qua
1264 1457 1317 1501 te
1360 1451 1548 1513 laudo,
1570 1464 1684 1501 non

76 1519 312 1570 meritis
337 1521 501 1570 meis.
530 1522 634 1571 Vel
683 1521 763 1571 sic
802 1521 1121 1572 laudabunt
1167 1526 1222 1572 te
1269 1521 1417 1572 labia
1453 1535 1598 1582 mea,
1623 1527 1688 1575 ut

77 1592 260 1641 etiam
284 1592 619 1642 benedicam
649 1595 701 1642 te
729 1593 786 1643 in
826 1594 944 1642 vita
975 1606 1121 1654 mea,
1169 1594 1335 1654 idest,
1384 1607 1482 1656 per
1509 1598 1685 1644 totam

76 1664 265 1714 vitam
283 1674 491 1713 meam.
522 1664 613 1715 Sic
637 1664 786 1714 enim
807 1665 978 1727 digne
996 1668 1177 1715 Deum
1204 1666 1449 1728 quisque
1474 1665 1684 1726 laudat,

75 1734 314 1797 quando
359 1748 492 1785 cum
526 1735 694 1785 labiis
740 1736 858 1786 vita
904 1737 1228 1787 concordat.
1268 1739 1468 1787 Manus
1492 1745 1685 1788 autem

74 1806 291 1867 levare,
324 1810 417 1856 est
461 1811 725 1870 respectu
772 1820 1039 1870 supernae
1091 1809 1287 1871 patria:
1325 1809 1473 1858 bona
1517 1823 1687 1872 opera

78 1890 371 1967 exercere.
402 1877 468 1925 In
493 1878 715 1958 nomine
745 1879 966 1941 (inquit)
985 1886 1092 1940 tuo,
1120 1879 1287 1938 idest,
1313 1880 1384 1929 ad
1409 1880 1683 1930 honorem
1714 1895 1765 1967 B

74 1954 132 1999 et
157 1949 406 2011 gloriam
452 1950 703 1999 nominis
748 1951 1049 2000 tui.Juxta
1093 1951 1247 2013 quod
1277 1951 1409 2001 alibi
1457 1951 1681 2009 dicitur,

77 2020 201 2069 Non
232 2019 422 2081 nobis,
469 2021 729 2080 Domine,
774 2033 886 2070 non
912 2022 1096 2082 nobis,
1124 2022 1222 2070 sed
1249 2022 1466 2071 nomini
1495 2027 1588 2071 tuo
1614 2024 1685 2072 da

74 2089 318 2152 gloriam
359 2089 518 2152 (Psal.
573 2090 733 2152 113.).
774 2094 840 2142 Et
864 2095 929 2142 ut
952 2091 1118 2141 labiis
1157 2092 1329 2154 digne
1354 2093 1602 2155 laudare,
1630 2099 1688 2144 et

76 2165 232 2222 recte
263 2161 514 2212 vivendo
546 2174 612 2212 ac
651 2163 793 2213 bene
819 2164 1108 2225 operando
1138 2165 1322 2213 Deum
1352 2165 1684 2216 benedicere

79 2232 269 2282 valeat
297 2245 309 2289 ;
337 2233 685 2297 impinguari
715 2234 865 2284 dono
891 2247 1013 2286 sua:
1039 2236 1526 2299 gratimpostulat,
1551 2248 1683 2286 cum

78 2305 386 2367 subjungit
411 2319 424 2354 :

139 2375 362 2428 6.8icut
379 2375 541 2439 adipe
564 2381 608 2424 cl
638 2377 968 2440 pinguedine
997 2379 1268 2442 rqilcalur
1309 2379 1504 2426 (mima
1533 2393 1682 2428 mea:

79 2453 122 2495 et
152 2447 314 2496 labiis
360 2449 713 2496 exultationis
737 2449 980 2498 laudabit
1019 2466 1074 2497 os
1112 2466 1307 2500 nicum.
1338 2451 1528 2513 Adeps
1553 2464 1683 2512 pro-

81 2519 198 2582 prie
223 2524 472 2570 vocatur
510 2520 793 2582 pinguedo
819 2520 930 2580 illa,
977 2533 1107 2583 qua)
1145 2526 1232 2571 est
1269 2522 1510 2571 interius
1535 2523 1685 2570 circa

81 2590 907 2653 vitalia.Significatcaritatem
929 2593 1026 2643 Dei
1045 2593 1309 2642 ditl‘usam
1335 2594 1390 2642 in
1415 2593 1682 2642 cordibus

78 2663 296 2712 nostris
345 2676 446 2725 per
474 2663 742 2726 Spiritum
770 2670 1055 2725 sanctum,
1080 2665 1178 2726 qui
1204 2665 1374 2715 datus
1409 2669 1497 2714 est
1519 2665 1683 2714 nobis

80 2732 366 2795 (Rom.5.).
403 2734 693 2797 Pinguedo
736 2748 864 2796 qua:
912 2739 1001 2786 est
1044 2736 1100 2785 in
1130 2737 1404 2786 membris
1438 2738 1684 2788 exterio-

80 2805 259 2864 ribus,
288 2804 559 2867 designat
577 2804 924 2856 alacritatem
946 2807 1154 2856 animze
1180 2807 1383 2868 ipsius.
1403 2821 1533 2870 qua).
1552 2808 1684 2857 facit

81 2889 290 2938 corpus
317 2875 584 2926 alacriter
609 2877 750 2926 bene
777 2882 1011 2940 operari.
1032 2879 1158 2928 Non
1181 2879 1334 2928 enim
1358 2880 1540 2942 placet
1566 2882 1683 2928 Deo

81 2959 275 2997 macra
298 2947 513 3008 anima,
539 2947 688 2996 sicut
712 2961 818 2998 nec
858 2947 1153 2999 dicebatur
1181 2950 1398 3012 placere
1426 2951 1481 2999 in
1510 2951 1684 3000 sacri-

81 3019 205 3069 l'icio
242 3018 424 3069 veleri
448 3030 642 3069 macra
665 3019 873 3071 hostia.
909 3020 1042 3069 Ideo
1065 3025 1258 3070 autem
1286 3023 1538 3084 positum
1578 3027 1680 3085 est,

82 3091 320 3154 scilicet,
358 3095 421 3140 ut
447 3090 836 3154 intelligamus
867 3091 976 3141 hoc
1024 3092 1404 3155 signiticative
1443 3093 1680 3156 dictum,

79 3162 366 3225 videlicet,
392 3175 508 3212 non
526 3164 810 3214 carnalem
825 3163 1234 3227 pinguedinem
1254 3164 1558 3228 postulare,
1580 3166 1681 3215 sed

80 3234 453 3298 spiritualem.
491 3236 614 3284 Non
639 3247 765 3285 eam
811 3248 941 3298 quae
972 3236 1030 3285 in
1077 3248 1245 3286 carne
1289 3242 1395 3296 est,
1423 3237 1522 3287 sed
1549 3250 1680 3300 qum

79 3307 132 3386 in
162 3306 378 3362 anima,
399 3305 558 3386 Sic‘ut
579 3306 750 3386 adipe.
769 3318 903 3369 ergo
929 3307 1574 3386 etpinguedineAanima
1599 3323 1678 3358 re-
1705 3312 1753 3386 ρ

81 3379 282 3441 pietur,
309 3377 540 3439 quando
564 3383 621 3428 et
642 3379 848 3428 caritas
873 3383 961 3428 est
988 3379 1264 3440 iumento,
1283 3384 1339 3428 et
1356 3379 1491 3429 foris
1508 3382 1677 3430 all‘ec-

81 3456 200 3499 tus:
225 3455 404 3512 atque
429 3448 687 3499 hilaritas
728 3449 1038 3513 spiritualis
1075 3455 1305 3512 apparet
1351 3451 1407 3500 in
1432 3451 1671 3501 actione.

81 3521 330 3571 Ililarem
381 3521 532 3571 enim
582 3521 840 3571 datorem
881 3521 1064 3583 diligit
1111 3523 1263 3571 Deus
1299 3521 1369 3583 (2.
1415 3524 1532 3571 Cor.
1583 3523 1672 3584 9.).

81 3593 235 3644 Unde
261 3593 502 3643 etlabiis
533 3593 900 3642 cxultationis
929 3593 1162 3644 laudare
1196 3607 1257 3643 se
1282 3596 1461 3643 Deum
1488 3596 1676 3657 perhi-

83 3667 194 3718 bet.
221 3664 357 3726 quia
381 3664 440 3713 in
458 3665 684 3715 Domini
709 3665 1004 3726 servitute,
1030 3669 1202 3728 atque
1220 3665 1277 3714 in
1296 3665 1477 3728 ipsius
1509 3666 1676 3716 laude

79 3751 190 3788 non
217 3735 466 3791 tristitia,
498 3735 598 3786 sed
633 3736 910 3799 gaudium
940 3736 1137 3786 haberi
1181 3735 1365 3786 debet.
1398 3737 1543 3786 lliuc
1569 3751 1674 3786 nos

79 3809 208 3859 alibi
231 3808 474 3870 Spiritus
519 3813 753 3857 sanctus
780 3808 1050 3856 admonet
1075 3809 1131 3856 in
1174 3807 1394 3870 psalmo
1421 3827 1429 3855 :
1462 3810 1674 3857 Servite

81 3879 319 3929 Domino
344 3879 402 3930 in
429 3878 627 3929 laetitia
644 3880 942 3941 (I’sal.99.).
971 3877 1145 3946 308
1197 3881 1309 3929 Nec
1337 3879 1522 3928 solum
1549 3880 1673 3929 laus

80 3952 177 4001 Dei
203 3950 379 4001 debet
401 3951 462 4000 in
487 3963 584 4001 ore
611 3964 760 4006 esse,
803 3952 902 4001 sed
933 3955 1102 4002 etiam
1135 3952 1192 4000 in
1228 3951 1595 4000 meditatione
1619 3956 1676 4000 et

82 4036 269 4086 opere,
302 4022 458 4072 unde
482 4032 537 4073 et
563 4023 828 4072 subditur
853 4039 865 4072 :

140 4095 190 4146 7.
225 4093 285 4141 Si
312 4109 522 4141 memor
542 4093 628 4154 fui
657 4095 734 4141 lui
768 4109 928 4157 super
959 4100 1186 4141 stratum
1212 4108 1386 4140 meum
1413 4093 1470 4140 in
1500 4099 1676 4140 mal-u-

81 4166 202 4213 linis
237 4165 533 4212 meditabor
564 4181 621 4212 τη
651 4171 712 4211 le.
752 4167 1002 4215 Stratum
1041 4177 1210 4214 suum
1239 4164 1486 4227 quietem
1517 4164 1672 4214 dicit.

81 4238 236 4300 Smpe
260 4235 495 4298 quando
521 4236 695 4298 quieti
718 4236 1148 4294 sunthomines,
1165 4249 1262 4298 per
1285 4235 1536 4298 quietem
1554 4236 1675 4284 dis-

81 4309 386 4359 solvuntur
408 4313 463 4358 et
484 4309 908 4358 obliviscuntur
919 4311 1100 4358 Deum
1117 4323 1127 4356 :
1146 4310 1282 4358 llaec
1297 4312 1495 4357 sancta
1508 4309 1676 4354 anima

78 4381 131 4430 in
175 4382 367 4443 quiete
414 4393 523 4431 sua
565 4381 746 4430 Deum
795 4381 1198 4431 reminiscitur.
1253 4380 1414 4430 Unde
1450 4382 1677 4429 constat

81 4454 207 4514 quia
232 4456 289 4502 et
328 4452 389 4501 in
418 4453 745 4502 actionibus
787 4453 912 4502 suis
958 4453 1015 4502 in
1042 4454 1158 4502 Deo
1200 4451 1587 4501 meditabitur.
1616 4452 1676 4498 Si

81 4539 282 4572 memor
325 4524 413 4586 fui
455 4525 536 4570 tui
581 4539 742 4586 super
763 4530 993 4571 stratum
1027 4538 1227 4582 meum,
1253 4523 1421 4584 idest,
1447 4521 1676 4584 quando

84 4597 311 4659 quietus
337 4595 438 4657 fui,
465 4595 763 4642 meditabor
788 4596 844 4642 in
875 4601 934 4658 lc,
956 4596 1122 4656 idest,
1151 4595 1204 4644 in
1224 4595 1489 4656 operibus
1513 4593 1675 4644 lucis.

83 4669 262 4730 Digna
307 4668 460 4716 enim
502 4667 782 4718 debemus
820 4668 1057 4729 operari,
1093 4671 1388 4728 tamquam
1430 4667 1487 4716 in
1514 4665 1676 4715 luce:

1791 595 2048 645 sathana.
2097 596 2223 645 Non
2280 596 2433 646 enim
2471 596 2623 658 sapis
2661 608 2790 657 quae
2817 596 2916 645 Dei
2941 601 3096 656 sunt,
3125 597 3224 646 sed
3251 609 3380 659 quae

1792 672 1930 716 sunt
1952 667 2249 716 hominum
2275 669 2484 729 (Matth.
2516 667 2646 728 113.);
2689 667 2788 717 sed
2810 668 2888 716 ita
2915 668 3179 730 adhwsit,
3221 675 3282 718 ut
3309 669 3382 720 sit

1791 743 1921 801 post
1974 743 2043 797 te,
2094 739 2260 797 idest,
2307 745 2370 788 ut
2396 745 2449 789 te
2484 744 2762 800 sequatur
2784 738 3031 796 assidue,
3068 743 3125 788 et
3152 740 3380 790 obediat

1791 811 1888 860 tibi
1949 812 2014 860 Et
2039 811 2172 872 quia
2199 811 2278 860 sic
2323 811 2587 864 ειᾱιιεθδη,
2637 811 2717 858 Mc
2757 813 2981 872 suscepit
3009 812 3225 857 (tartara
3265 817 3377 870 tua,

1789 882 1953 943 idest,
1982 883 2163 931 virtus.
2186 888 2242 932 et
2279 883 2459 943 gratia
2492 887 2586 931 tua
2611 882 2667 931 in
2693 895 2957 942 magnam
2985 882 3322 944 dignitatem
3347 897 3382 934 ξι

1789 953 2106 1015 dejectione
2135 954 2191 1003 in
2215 967 2499 1016 quaeram
2528 959 2752 1016 propter
2777 958 3092 1016 peccatum,
3133 967 3224 1003 me
3249 967 3380 1004 sus-

1790 1027 1948 1074 tulit:
1979 1026 2069 1075 vel
2097 1027 2347 1088 suscepit
2369 1039 2460 1075 me
2484 1025 2667 1087 gratia
2687 1030 2782 1075 tua
2806 1025 2872 1074 ad
2901 1025 3196 1074 dexteram
3219 1029 3376 1076 tuam

1788 1096 2201 1146 collooandum.
2229 1100 2346 1147 Aut
2391 1101 2579 1159 potest
2621 1097 2728 1145 hoc
2763 1095 3080 1159 specialiter
3105 1097 3282 1159 accipi
3306 1096 3377 1147 de

1787 1172 1984 1218 nostro
2019 1168 2219 1230 capite,
2235 1168 2333 1230 qui
2359 1173 2488 1232 post
2512 1168 2984 1217 resurrectionem
3005 1172 3061 1217 et
3085 1168 3375 1217 ascensio-

1789 1252 1922 1288 nem
1948 1239 2018 1288 ad
2055 1239 2352 1289 dexteram
2379 1238 2555 1302 patris
2581 1239 2889 1288 collocatus
2914 1243 3018 1288 est.
3047 1240 3108 1288 In
3134 1251 3377 1302 persona

1787 1312 1956 1373 cujus
1977 1310 2165 1361 adhuc
2191 1311 2438 1360 subtitur
2471 1327 2480 1358 :

1853 1381 1936 1435 10.
1963 1384 2071 1445 Ipsi
2096 1397 2214 1429 vero
2241 1383 2296 1429 in
2331 1397 2534 1429 vanum
2558 1382 2882 1445 quaesierunt
2907 1380 3157 1429 animam
3182 1396 3375 1432 meam.

1785 1453 1972 1503 Judzei
2012 1454 2369 1515 quaesierunt
2411 1453 2641 1516 perdere
2671 1454 2921 1504 animam
2960 1453 3166 1502 Christi
3199 1452 3375 1514 (Joan.

1788 1523 1912 1586 11.),
1960 1525 2060 1574 sed
2084 1526 2144 1574 in
2178 1538 2434 1575 vanum:
2470 1526 2604 1588 quia
2644 1538 2761 1576 non
2801 1529 3110 1588 potuerunt
3142 1525 3377 1588 implere

1786 1595 1942 1657 quod
1966 1595 2291 1647 voluerunt.
2305 1597 2463 1647 Unde
2487 1597 2611 1648 hanc
2627 1610 2794 1660 pmna
2809 1596 3140 1660 prmdicitur
3155 1596 3236 1645 eis
3250 1611 3376 1643 ven-

1787 1671 2076 1730 tura.qu2e
2092 1668 2466 1719 subinfertur:
2492 1669 2795 1716 Intro-ibunt
2819 1671 2874 1716 in
2904 1668 3171 1728 infe-riora
3196 1673 3371 1716 terrae:

1785 1740 1953 1800 [vers
1984 1739 2090 1802 11.]
2114 1741 2396 1787 tradentur
2420 1742 2474 1787 in
2505 1756 2701 1787 manus
2723 1740 2911 1802 gladii.
2938 1746 3114 1802 par-les
3131 1739 3371 1801 vulpium

1786 1815 1959 1858 (’7‘ltnl.
1988 1811 2318 1860 Ductienim
2341 1816 2476 1860 sunt
2500 1811 2554 1860 in
2574 1811 2957 1872 captivitatem
2986 1823 3172 1870 usque
3194 1810 3264 1859 ad
3291 1810 3376 1858 in—

1789 1879 2015 1930 feriores
2043 1886 2240 1939 terras,
2265 1882 2580 1945 expugnati
2609 1887 2742 1931 sunt
2777 1884 2847 1932 ab
2882 1881 3166 1937 hostibus,
3194 1886 3251 1931 et
3273 1886 3376 1932 tra-

1785 1951 1887 2001 diti
1913 1953 1966 2000 in
2000 1957 2344 2014 potestatem
2385 1958 2765 2015 pugnatorum
2793 1968 2804 2002 :
2853 1952 3016 2002 divisi
3042 1951 3255 2002 scilicet
3279 1966 3377 2015 per

1784 2027 1974 2085 partes
2011 2036 2045 2073 a
2099 2026 2327 2087 regibus
2353 2029 2410 2074 et
2452 2024 2803 2087 principibus
2841 2023 3236 2080 saecularibus,
3277 2024 3376 2085 qui

1785 2099 2014 2156 propter
2034 2095 2399 2145 calliditatem
2419 2101 2474 2146 et
2501 2099 2771 2145 astutiam
2809 2095 2945 2145 dicti
2994 2099 3129 2144 sunt
3155 2095 3372 2156 vulpes.

1785 2165 1930 2214 Hinc
1955 2169 2042 2214 est
2063 2165 2216 2227 quod
2250 2165 2533 2216 Herodem
2583 2179 2772 2227 regem
2803 2166 2925 2229 ipse
2969 2166 3248 2216 Dominus
3277 2178 3378 2226 ap-

1783 2235 1955 2299 pellat
1993 2236 2245 2300 vulpem.
2294 2239 2392 2298 lte,
2420 2237 2586 2288 dicite
2621 2238 2840 2299 (inquit)
2867 2237 3020 2299 vulpi
3059 2236 3136 2286 illi
3165 2237 3371 2296 (Matth.

1786 2306 1910 2368 13.).
1938 2308 2046 2358 Sed
2077 2308 2166 2358 his
2193 2309 2270 2358 ita
2299 2309 2592 2372 dispersis,
2615 2310 2684 2360 de
2710 2322 2840 2372 rege
2864 2313 3060 2359 nostro
3083 2309 3218 2371 quid
3237 2309 3374 2359 sub-

1778 2379 2003 2441 jungat,
2047 2379 2352 2429 audiamus
2379 2395 2390 2428 :

1849 2449 1929 2502 1‘2.
1977 2451 2090 2498 Rex
2121 2466 2239 2499 vero
2286 2451 2549 2499 lambitur
2582 2452 2636 2500 in
2684 2451 2806 2501 Dco.
2855 2451 2950 2502 Ille
2986 2452 3082 2513 qui
3123 2463 3157 2501 a
3191 2451 3374 2502 salute

1782 2534 1882 2571 rex
1905 2521 2184 2572 dicendus
2209 2527 2317 2584 est,
2345 2523 2442 2585 qui
2467 2527 2552 2572 est
2573 2536 2672 2573 rex
2700 2537 2898 2585 regum
2918 2527 2974 2573 et
2991 2523 3261 2574 dominus
3283 2524 3378 2573 do-

1782 2594 2149 2653 minantium,
2177 2595 2276 2656 qui
2313 2608 2419 2644 nos
2447 2596 2592 2657 regit
2637 2595 2958 2645 secundum
2983 2597 3161 2646 bonos
3185 2607 3375 2645 mores

1783 2669 1840 2714 et
1872 2665 2138 2722 virtutes,
2165 2667 2332 2728 cujus
2383 2667 2545 2728 regni
2571 2679 2687 2716 non
2725 2667 2832 2716 erit
2875 2667 3003 2716 finis
3032 2667 3208 2729 (Apoc.
3246 2666 3297 2718 1.
3328 2672 3374 2714 et

1785 2735 2080 2798 19.).Talis
2102 2751 2202 2788 rex
2221 2736 2529 2799 laetabitur,
2566 2739 2625 2788 in
2655 2738 2750 2788 illa
2776 2751 2907 2788 vero
2934 2738 3376 2788 incommutabi-

1783 2807 2083 2871 litatequze
2111 2814 2201 2860 est
2224 2809 2281 2858 in
2308 2811 2444 2872 Deo,
2475 2809 2692 2860 scilicet
2710 2810 2770 2860 in
2795 2809 3095 2859 divinitate
3118 2813 3370 2872 paterna.

1783 2879 2179 2927 Laudabuutur
2210 2880 2382 2930 etiam
2423 2896 2606 2928 omnes
2643 2883 2738 2943 qui
2756 2881 2955 2944 jurant
2989 2881 3048 2927 in
3089 2895 3165 2942 eo,
3205 2880 3374 2942 idest,

1782 2947 2100 3000 laudabiles
2123 2952 2478 3013 apparebunt
2500 2964 2596 3014 per
2620 2951 2807 3013 ipsum
2829 2964 3048 3010 omnes,
3073 2951 3169 3012 qui
3201 2951 3373 3000 tidem

1783 3021 1885 3071 Dei
1916 3021 2275 3084 promittunt,
2299 3027 2353 3072 et
2386 3027 2620 3072 servant
2649 3037 2659 3071 :
2687 3022 2821 3083 quia
2854 3022 3076 3071 animas
3111 3035 3248 3071 suas
3295 3021 3373 3071 illi

1782 3097 2007 3154 vovent,
2033 3097 2089 3142 et
2120 3092 2382 3142 reddunt.
2413 3089 2587 3158 309
2618 3094 2823 3154 Magna
2855 3092 3085 3153 quidem
3113 3091 3240 3142 laus
3266 3093 3372 3142 erit

1782 3164 2017 3221 sanctis,
2044 3163 2271 3225 quando
2296 3165 2367 3212 ab
2389 3164 2516 3226 ipso
2540 3163 3028 3213 Dominoaudlant
3053 3163 3370 3222 injudicio;

1781 3235 2025 3295 Esurivi,
2062 3241 2118 3285 et
2143 3234 2381 3284 dedistis
2406 3235 2544 3284 mihi
2580 3235 2941 3292 manducare,
2985 3235 3164 3296 Sitivi,
3190 3239 3247 3284 et
3273 3236 3370 3283 de—

1780 3306 1948 3355 distis
1975 3306 2112 3355 mihi
2140 3307 2345 3365 bibere,
2383 3313 2440 3356 et
2472 3306 2581 3356 alia
2608 3305 2959 3368 hujusmodi.
3010 3308 3077 3356 Et
3120 3306 3326 3356 iterum
3355 3323 3366 3355 :

1780 3377 2000 3436 Venite,
2021 3377 2302 3427 benedicti
2323 3379 2502 3427 Patris
2519 3379 2652 3440 mei,
2667 3378 2934 3440 percipite
2954 3390 3196 3438 regnum
3216 3377 3369 3440 quod

1780 3449 1946 3498 vobis
1976 3454 2236 3511 paratum
2271 3454 2358 3498 est
2393 3451 2465 3499 ab
2499 3450 2715 3511 origine
2756 3449 2956 3500 mundi
2984 3450 3212 3511 (Matth...
3243 3447 3367 3511 25.).

1780 3523 1936 3582 Rege
1977 3521 2168 3583 itaque
2193 3534 2323 3570 cum
2367 3521 2644 3571 militibus
2685 3521 2804 3570 suis
2843 3521 2899 3570 in
2926 3534 3133 3583 magno
3157 3520 3367 3582 gaudio

1781 3595 2117 3654 constituto,
2135 3604 2268 3656 pars
2291 3593 2358 3641 ad
2372 3606 2534 3654 versa
2558 3592 2958 3652 confundetur,
2973 3594 3042 3643 de
3059 3605 3172 3654 qua
3185 3598 3241 3642 et
3258 3594 3371 3639 sub-

1782 3664 1968 3713 ditur:
2004 3665 2142 3721 Quia
2187 3664 2508 3712 obstrtu'ttun
2553 3671 2620 3712 cst
2663 3680 2717 3712 os
2766 3665 3098 3726 loquentium
3155 3665 3366 3727 iniqua.

1781 3738 2005 3792 Quanta
2043 3736 2153 3796 (Ea;
2197 3737 2521 3797 Augustino)
2566 3737 2763 3798 iniqua
2791 3737 2967 3787 locuti
2989 3740 3123 3786 sunt
3146 3735 3368 3786 Judmi!

1782 3810 2007 3865 Quanta
2052 3800 2208 3854 mala'
2235 3806 2504 3855 dixerunt
2546 3808 2776 3869 l’agani,
2823 3810 2923 3868 qui
2965 3811 3192 3868 propter
3225 3805 3374 3855 idola

1781 3877 2134 3926 Christianos
2145 3883 2283 3926 sunt
2298 3878 2577 3939 persecuti
2595 3880 2604 3925 !
2622 3882 2758 3926 tium
2779 3882 2982 3939 putant
2999 3891 3031 3938 q
3044 3877 3146 3926 uod
3165 3884 3372 3936 possunt

1781 3947 1929 3997 ﬁniri
1969 3947 2299 4004 Christiani,
2334 3953 2656 4007 creverunt,
2693 3953 2747 3998 et
2773 3949 2878 4010 ipsi
2911 3949 3052 3997 [initi
3080 3953 3233 3997 sunt.
3257 3949 3371 3998 Ob-

1783 4024 2063 4069 structum
2096 4022 2184 4068 est
2207 4021 2640 4069 oscoru1n.Jam
2664 4020 3001 4068 nonaudent
3017 4019 3370 4080 loquimlver-

1783 4104 1883 4140 sus
1898 4090 2204 4141 Christum.
2225 4089 2386 4150 Quod
2407 4095 2596 4140 tamen
2622 4091 2680 4140 in
2709 4091 2927 4140 Judicio
2955 4089 3371 4153 pert‘ectiusad—

1781 4163 2124 4226 implebitur,
2140 4161 2370 4224 quando
2389 4175 2579 4224 regem
2594 4167 2854 4212 nostrum
2876 4174 3110 4222 regnare
3130 4164 3370 4210 videbunt

1782 4236 1851 4284 Et
1899 4237 2083 4284 Deum
2125 4246 2336 4296 negare
2361 4247 2473 4282 non
2509 4238 2793 4296 poterunt,
2823 4235 3051 4295 quamio
3092 4235 3370 4296 aspicient

1784 4310 2016 4355 sanctos
2031 4309 2181 4354 stare
2208 4306 2267 4353 in
2288 4316 2495 4365 magna
2511 4305 2835 4354 constantia
2850 4305 3131 4355 adversus
3157 4317 3255 4355 eos
3273 4305 3371 4366 qui

1783 4390 1845 4428 se
1869 4380 2317 4436 angustaverunt
2343 4392 2356 4423 :
2384 4376 2610 4437 quando
2640 4390 2738 4426 eos
2763 4389 2907 4438 quos
2937 4376 3243 4438 aliquando
3268 4376 3371 4425 ha-

1783 4449 2032 4498 buerunt
2051 4447 2108 4497 in
2135 4447 2402 4507 derisum,
2432 4448 2748 4510 computari
2767 4448 3040 4498 videbunt
3064 4450 3210 4497 inter
3227 4447 3372 4496 tilios

1783 4520 1883 4569 Dei
1914 4520 2060 4581 (Sap.
2093 4518 2182 4579 5.).
2227 4520 2389 4569 Tunc
2415 4520 2622 4581 quippe
2667 4519 2992 4580 iniquorum
3022 4532 3086 4568 os
3111 4519 3368 4568 obstruc-

1782 4595 1902 4640 tum
1932 4589 2302 4651 erit,quando
2321 4591 2438 4651 jam
2475 4591 2807 4652 quiddicere
2833 4589 3036 4642 valeat.
3057 4603 3170 4639 non
3197 4589 3371 4639 habe-

1781 4663 1879 4712 bit.
1903 4663 2250 4713 Studeamus
2290 4675 2424 4724 ergo
2450 4661 2518 4711 de
2545 4662 2668 4712 luce
2698 4661 2931 4723 vigilare
2965 4662 3034 4710 ad
3063 4664 3264 4723 Deum,
3288 4665 3374 4710 at—

85 4741 212 4802 quia
235 4751 351 4790 non
378 4751 581 4789 sumus
598 4739 782 4789 noctis
807 4740 1267 4798 actenebrarum,
1297 4737 1396 4787 sed
1424 4737 1544 4787 Filii
1578 4737 1677 4787 Dei
1704 4734 1757 4804 D
1782 4747 1894 4796 que
1917 4735 1975 4783 in
2010 4734 2116 4784 hoc
2142 4733 2300 4784 arido
2335 4733 2561 4783 deserto
2596 4735 2751 4784 sitire
2784 4735 2994 4783 fontem
3028 4733 3182 4783 vitae.
3210 4734 3292 4783 Sit
3315 4734 3373 4782 in

84 4825 143 4860 ac
169 4811 312 4861 lucis
334 4810 399 4873 (1.
429 4810 600 4860 Thess.
628 4809 716 4872 5.).
745 4811 890 4860 Hinc
917 4824 1022 4861 nos
1050 4809 1361 4866 Apostolus
1385 4809 1676 4871 admonet,

86 4886 144 4934 ut
171 4883 228 4932 in
259 4881 350 4931 die
371 4881 614 4932 honeste
635 4881 999 4932 ambulemus
1031 4883 1199 4944 (Rom.
1234 4881 1356 4940 13.).
1392 4883 1458 4930 lit
1485 4881 1681 4931 Domi-

85 4968 191 5004 nus
218 4955 272 5004 in
307 4954 642 5016 Evangelio;
671 4956 883 5004 Luceat
912 4953 1133 5015 (inquit)
1152 4953 1249 5003 lux
1273 4957 1463 5001 vestra
1490 4964 1678 5002 coram

86 5025 433 5087 hominibus,
461 5030 524 5075 ut
555 5026 820 5076 videntes
845 5037 1015 5088 opera
1039 5029 1233 5074 vestra
1275 5025 1441 5084 bona,
1469 5023 1680 5086 glorill-

87 5100 212 5148 cent
255 5102 476 5160 patrem
523 5099 777 5146 vestrum
816 5097 912 5158 qui
950 5097 1006 5145 in
1045 5095 1203 5146 caelis
1225 5097 1540 5155 estullauh.
1579 5093 1678 5155 5.).

87 5167 460 5218 Commendat
493 5174 687 5218 autem
715 5169 954 5230 gratiam
985 5169 1104 5230 Dei,
1129 5179 1259 5216 cum
1288 5167 1616 5228 subiungit:

147 5240 196 5289 8.
235 5239 373 5297 Quia
395 5239 552 5300 fuisti
579 5240 799 5301 adjutor
822 5255 986 5289 meus.
1007 5239 1228 5288 Etenim
1263 5239 1374 5288 nisi
1401 5239 1682 5288 Dominus

90 5311 318 5373 adjuvet
361 5311 512 5360 bona
557 5324 728 5375 opera
773 5314 988 5372 nostra,
1042 5309 1261 5372 impleri
1293 5322 1327 5359 a
1370 5310 1538 5359 nobis
1571 5321 1684 5358 non

89 5385 347 5445 possunt.
391 5383 534 5432 Ecce
559 5383 678 5445 jam
715 5382 968 5432 ostendit.
1005 5383 1254 5431 Ecclesia
1290 5394 1349 5430 se
1376 5394 1503 5430 esse
1529 5394 1684 5429 set-u-

91 5468 202 5504 ram
231 5455 285 5504 in
321 5453 568 5515 deserto,
614 5468 712 5517 per
748 5453 1094 5515 adjutorium
1145 5455 1344 5513 gratim
1377 5454 1492 5501 Dei.
1523 5453 1684 5502 Unde

91 5525 352 5576 exultans
380 5525 545 5575 dicit:
565 5526 630 5573 Et
655 5528 706 5572 in
730 5525 1022 5572 velamento
1049 5525 1267 5571 alarum
1288 5532 1504 5570 (mirum
1528 5524 1681 5570 amri-

95 5598 224 5649 ιιιιιο.
252 5597 544 5648 lIilaresco
583 5599 640 5646 in
688 5597 856 5647 bonis
890 5597 1159 5659 operibus
1187 5616 1197 5643 :
1236 5597 1370 5658 quia
1397 5609 1566 5658 supra
1591 5608 1682 5645 me

94 5677 173 5719 est
206 5670 474 5719 velamen
499 5669 717 5719 alarum
763 5674 1011 5729 tuarum,
1045 5668 1208 5722 idest,
1236 5667 1592 5729 ret'rigeriun'i
1627 5671 1685 5716 et

95 5741 359 5803 protectio
407 5741 708 5789 virtutum.
745 5741 859 5790 Nec
887 5740 1074 5789 solum
1119 5738 1408 5799 exultabo,
1445 5737 1685 5800 δράμω

97 5814 292 5864 affectu
315 5817 374 5863 et
405 5811 704 5862 desiderio.

153 5884 196 5935 tl.
224 5881 462 5933 Atlhwsit
486 5883 680 5931 anima
696 5897 814 5930 mea
831 5887 943 5945 post
970 5887 1030 5931 te.
1051 5883 1177 5934 Non
1203 5881 1282 5932 ita
1297 5886 1362 5932 ut
1378 5879 1683 5944 praecedat,

100 5956 263 6007 veluti
283 5957 502 6015 Petrus,
521 5967 653 6006 cum
670 5953 813 6006 dixit
828 5954 1073 6006 Domino
1090 5970 1101 6004 :
1118 5953 1401 6017 Propitius
1423 5952 1522 6004 tibi
1542 5955 1685 6012 esto,

1785 4810 1982 4854 sancto
2014 4804 2294 4854 desiderio
2339 4817 2435 4854 cor
2461 4811 2740 4854 nostrum.
2788 4805 3040 4854 Laudent
3070 4810 3125 4855 et
3152 4805 3374 4854 benedi-

1780 4881 1913 4928 caut
1937 4878 2117 4925 Deum
2154 4875 2304 4924 labia
2335 4881 2551 4934 nostra,
2591 4877 2708 4927 vita
2741 4882 2952 4935 nostra,
2990 4889 3159 4940 opera
3181 4882 3376 4926 nostra

1781 4949 1862 4998 Sit
1889 4946 2178 5010 pinguedo
2205 4945 2460 4995 caritatis
2487 4947 2544 4996 in
2567 4948 2754 5010 corde,
2786 4949 3105 4998 hilaritasin
3132 4949 3372 4997 actione.

1781 5020 2062 5068 Memores
2099 5018 2283 5066 simus
2314 5017 2412 5066 Dei
2435 5031 2666 5080 vespere
2689 5024 2742 5069 et
2761 5032 2945 5069 mane.
2977 5024 3056 5069 Sit
3098 5019 3371 5080 gaudium

1780 5095 2044 5141 nostrum
2069 5089 2125 5138 in
2151 5089 2290 5150 ipso.
2312 5088 2619 5139 Adhmreat
2640 5090 2715 5140 illi
2739 5093 2930 5142 anima
2948 5097 3141 5140 nostra
3162 5094 3274 5140 toto
3290 5093 3377 5137 dc-

1786 5161 1994 5211 siderio
2024 5175 2035 5209 :
2066 5171 2378 5209 caveamus
2417 5162 3092 5224 exemplumpravorum,
3120 5163 3212 5222 qui
3255 5175 3382 5224 per—

1783 5238 1924 5284 eunt
1947 5235 2254 5294 :quatenus
2273 5244 2403 5279 cum
2422 5244 2550 5291 rege
2564 5238 2761 5283 nostro
2783 5233 3171 5282 Jt.*Sii-t'_‘.liristo
3194 5236 3249 5282 in
3277 5250 3375 5279 (Ἦέ-

1783 5305 1911 5354 lesti
1945 5317 2121 5365 regno
2161 5302 2411 5365 gaudere
2437 5307 2492 5352 et
2513 5317 2750 5364 regnare
2776 5306 3084 5366 possimus.
3121 5306 3258 5356 llaec
3289 5311 3378 5356 est

1784 5375 1996 5427 utilitas
2029 5375 2253 5438 psalmi.

2059 5490 2425 5554 TITULUS
2486 5491 2804 5554 PSALMI
2849 5491 3089 5554 LXIII.

1848 5642 1890 5686 1.
1917 5638 2109 5683 Titulus
2135 5638 2308 5693 psalmi
2331 5636 2585 5692 sequentis
2623 5641 2693 5680 est
2712 5650 2722 5684 :
2742 5635 2799 5681 In
2821 5639 3000 5696 finem.
3019 5633 3256 5696 psalmus
3279 5637 3377 5684 Da-

1787 5701 1894 5748 vitl.
1923 5704 2010 5745 Iste
2038 5703 2261 5758 psalmus
2287 5700 2518 5742 min'enit
2547 5700 2714 5754 David,
2742 5701 2789 5743 id
2817 5707 2905 5757 est,
2935 5701 3148 5750 (Lhristo,
3175 5702 3262 5757 qui
3295 5701 3373 5745 hic

1786 5766 1814 5808 lt
1836 5765 2030 5821 quitur,
2057 5766 2282 5816 dirigens
2309 5764 2356 5807 in
2390 5765 2554 5808 linem.
2578 5763 2887 5808 Llhrislusest
2907 5762 3311 5820 in:ileria,passus
3330 5770 3374 5807 et

1786 5828 2109 5884 glorificatus.
2143 5827 2357 5871 Breviter
2381 5827 2512 5868 enim
2540 5826 2600 5869 de
2636 5826 2866 5881 passione
2891 5841 2978 5869 sua
2999 5827 3155 5880 tangit
3188 5834 3233 5869 et
3266 5827 3373 5883 glo-

1785 5889 2077 5936 ritlcatione.
2107 5891 2159 5934 lu
2187 5889 2347 5946 prima
2369 5894 2502 5944 parte
2533 5889 2764 5932 describit
2801 5889 3040 5933 malitiam
3066 5888 3370 5934 Judteorum.
3427 5916 3432 5920 -

1783 5957 1828 5997 et
1850 5956 1956 5996 orat
1999 5951 2202 5997 liberari
2243 5952 2304 5997 ab
2329 5953 2420 5997 eis.
2454 5951 2507 5996 Iit
2551 5954 2758 5997 allirmat
2783 5951 2915 6009 quod
2966 5951 3279 6000 liberabitur.
3319 5953 3369 5996 In
