3884 6424
533 414 638 470 895

1594 410 1861 463 RUFINO
1893 408 2355 461 PRESBYTERO
2388 408 2773 462 ASCRIP’I‘US

3746 413 3844 469 896

534 530 912 599 secunda_(quaa
939 525 1749 599 incipit,ASag~itaeparvuloru.m)
1774 527 1911 586 ponit
1926 526 2135 599 ‘irrisio-
2158 527 2213 599 Α
2240 524 2549 589 pidantqui
2568 522 3144 599 judicitradiderunt.
3180 527 3585 580 Contremiscit
3600 524 3843 591 potestas’

534 609 652 642 nem
679 594 905 641 stultitize
932 592 1361 639 eorum.0stcndit
1380 593 1431 636 in
1460 592 1552 637 hoc
1578 592 1772 649 psalmo
1796 590 2133 635 constantiam

535 671 683 704 suam
717 658 769 702 in
794 655 1057 714 passione:
1110 668 1202 699 nos
1224 655 1457 699 videlicet
1493 666 1585 699 suo
1606 653 1836 709 exemplo
1864 653 2137 697 intendens

536 720 805 779 instruere,
844 718 1058 776 qualiter
1096 718 1223 762 inter
1249 716 1481 762 inimicos
1506 729 1595 761 nos
1621 716 1893 779 debeamus
1936 714 2136 773 habere,

534 788 577 827 et
601 781 818 839 qualiter
855 786 1051 825 orantes
1085 780 1322 824 debemus
1364 779 1419 824 in
1465 778 1877 839 tribulationibus
1903 790 2140 835 perseve—

534 838 641 888 rare
663 861 673 887 :
692 843 783 887 hoc
800 839 1381 898 videlicetalleudeutes,
1402 841 1519 898 quia
1544 847 1731 899 quanto
1746 838 1895 885 fuerit
1914 839 2141 895 asperior

533 910 579 951 et
605 905 837 962 iniquior
862 904 1116 949 tribulatio
1140 909 1325 963 nostra,
1350 909 1483 949 lauto
1508 903 1561 947 iu
1586 902 1756 963 futuro
1782 901 2021 957 majorem
2048 902 2139 946 lia-

532 967 766 1012 bebimus
792 967 1085 1022 profectum,
1119 966 1197 1011 illi
1220 978 1337 1012 vero
1362 966 1599 1021 majorem
1624 962 1887 1011 defectum.
1909 964 2023 1008 Orat
2048 976 2144 1008 au-

534 1036 628 1075 tem
661 1029 743 1074 hic
767 1030 1016 1087 Christus,
1042 1041 1106 1074 ne
1135 1028 1275 1074 cedat
1300 1027 1524 1074 inimicis
1550 1027 1605 1072 in
1629 1027 1877 1084 passione,
1908 1025 2143 1083 quamvis

533 1091 817 1137 certissime
850 1104 904 1137 se
936 1092 1083 1137 sciret
1107 1103 1385 1148 numquam
1423 1090 1633 1136 deiicere
1661 1104 1670 1134 :
1715 1089 1799 1134 sed
1826 1090 1919 1134 hoc
1942 1088 2059 1133 facit
2081 1088 2143 1132 ad

533 1153 919 1199 instructionem
938 1154 1181 1212 ﬁdelium,
1198 1159 1252 1198 ut
1276 1154 1320 1198 si
1347 1152 1453 1210 ipse
1477 1152 1566 1211 qui
1590 1152 1830 1209 praescius
1847 1154 1949 1196 erat
1966 1148 2145 1200 futuri.

533 1228 674 1262 orare
719 1216 900 1275 voluit,
944 1216 1103 1261 multo
1126 1214 1287 1272 magis
1325 1216 1415 1272 qui
1452 1214 1627 1261 incerti
1659 1217 1798 1273 sunt,
1825 1212 2003 1261 sedule
2028 1212 2146 1259 dent

532 1291 737 1337 operam
764 1278 1000 1326 orationi.
1034 1278 1115 1324 Sic
1140 1277 1307 1335 itaque
1331 1277 1510 1336 incipit
1539 1292 1550 1322 :

973 1396 1370 1462 PSALMUS
1435 1396 1676 1461 LXIII.

598 1529 653 1585 2.
689 1533 935 1591 Exaudi,
982 1534 1138 1595 Deus,
1184 1533 1485 1582 oralionem
1519 1547 1697 1581 meam
1717 1548 1839 1583 cum
1875 1534 2146 1597 deprecor.

539 1606 707 1655 Nunc
737 1609 810 1668 te,
837 1609 1015 1669 pater,
1062 1605 1352 1669 deprecor.
1380 1605 1544 1654 Nunc
1569 1604 1781 1655 exaudi
1826 1607 2145 1658 orationem

539 1688 744 1725 meam.
772 1677 932 1737 Quod
952 1681 1147 1727 autem
1168 1690 1227 1726 se
1238 1675 1499 1726 exaudiri
1526 1675 1788 1726 Christus
1806 1680 2038 1737 postulat,
2057 1681 2147 1727 ltoc

542 1759 657 1796 non
677 1747 998 1796 secundum
1018 1747 1607 1809 divinitatem,verum
1627 1747 1945 1798 secundum
1963 1753 2145 1796 huma-

541 1816 780 1867 nitatem
801 1817 1042 1879 intelligi
1067 1817 1253 1868 debet.
1282 1818 1359 1866 Ea
1381 1817 1532 1866 enim
1556 1830 1628 1867 ex
1650 1822 1807 1880 parte
1832 1830 1945 1881 qua
1970 1818 2144 1871 homo

2239 601 2298 648 et
2333 609 2452 648 non
2486 596 3509 651 contremiscitimmanitas.Vultille
3529 600 3734 653 lavare
3755 617 3852 650 ma-

2237 682 2371 730 nus,
2387 672 2444 718 ct
2467 668 2547 718 illi
2573 667 2882 730 inquinant
2911 669 3137 731 linguas
3155 682 3309 719 suas.
3338 671 3447 721 Sed
3469 684 3652 734 quare
3676 675 3705 723 ξ)
3727 674 3848 723 Fir-

2239 741 2545 789 maverunt
2559 739 2665 788 sibi
2682 751 2999 790 sermonem
3013 752 3283 803 nequam,
3296 741 3847 806 Cruciﬂge,cruciﬁge

2241 811 2449 873 (Matth.
2477 808 2543 863 ‘27
2571 825 2583 859 :
2616 811 2742 859 Luc.
2791 809 2918 881 ‘23.).
2967 812 3113 861 Vere
3157 813 3361 874 utique
3399 826 3661 877 nequam
3691 832 3702 863 :
3730 828 3843 878 quo

2240 883 2485 944 nequior
2506 881 2698 933 nullus
2724 895 2852 933 esse
2868 888 3078 946 potest.
3097 884 3380 947 Repetitio
3398 884 3765 937 conﬁrmatio
3780 897 3849 935 est

2245 953 2373 1021 3||
2409 954 2689 1005 sermonis
2733 954 2983 1017 maligni.
3012 954 3418 1007 Firmaverunt
3465 961 3667 1008 autem
3714 957 3845 1019 hoc,

2242 1039 2359 1077 non
2382 1026 2646 1084 Domino,
2662 1024 2764 1075 sed
2782 1024 2911 1088 sibi,
2934 1025 2991 1075 id
3009 1030 3117 1086 est,
3131 1026 3202 1076 ad
3220 1026 3657 1079 damnationem
3682 1044 3847 1080 suam.

2244 1096 2540 1159 Quomodo
2566 1096 2719 1147 enim
2742 1109 2858 1148 non
2876 1097 3000 1153 sibi,
3028 1110 3163 1148 cum
3185 1097 3379 1150 dicant
3405 1116 3415 1147 :
3440 1100 3697 1163 Sanguis
3722 1101 3847 1164 ejus

2245 1182 2419 1232 super
2463 1181 2589 1230 nos,
2621 1172 2677 1219 et
2722 1181 2897 1232 super
2920 1167 3067 1219 filios
3100 1174 3331 1221 nostros
3354 1171 3566 1233 (Matth.
3592 1169 3708 1233 ‘27.)
3736 1174 3848 1223 ‘iEt

2245 1241 2379 1304 quia
2405 1240 2505 1304 qui
2528 1244 2725 1303 peccat
2746 1239 2807 1290 in
2832 1242 3616 1307 absconso,appetitpeccare
3645 1254 3773 1295 non
3791 1243 3846 1295 in

2244 1311 2494 1378 publico,
2524 1316 2676 1363 recte
2695 1311 2963 1363 subditur
2988 1328 3001 1362 :

2308 1384 2359 1437 6.
2384 1384 2765 1433 Narraverunt
2792 1389 2851 1432 ut
2873 1382 3248 1434 absconderant
3272 1384 3504 1448 laqueos,
3520 1385 3704 1450 idest,
3724 1402 3847 1448 qua-

2243 1455 2373 1507 liter
2387 1456 2667 1507 absconse
2691 1455 2983 1506 Christum
3000 1460 3266 1520 caperent
3288 1461 3344 1508 et
3366 1457 3717 1518 occiderent,
3736 1461 3848 1509 tra-

2247 1526 2442 1578 dendo
2466 1539 2601 1578 eum
2617 1539 2716 1591 per
2728 1526 3096 1591 discipulum,
3114 1527 3426 1590 judicando
3448 1541 3548 1592 per
3563 1531 3847 1589 principem

2247 1600 2593 1662 Romanum,
2611 1598 3003 1649 interﬁciendo
3020 1611 3118 1662 per
3133 1599 3341 1650 milites
3357 1602 3467 1659 ejus
3485 1600 3699 1661 (Matth.
3717 1599 3847 1661 9.6.).

2249 1669 2402 1721 Talis
2420 1670 2841 1721 fuitabsconsio
2858 1670 3209 1733 laqueorum,
3228 1670 3299 1722 de
3315 1672 3521 1733 quibus
3535 1673 3734 1729 etiam,
3763 1672 3851 1720 Di-

2246 1747 2446 1790 xerunt
2469 1743 2493 1789 ?
2523 1742 2652 1799 Quis
2676 1741 2868 1789 videbit
2892 1743 3212 1804 eos?Neque
3241 1742 3394 1792 enim
3415 1742 3523 1792 hoc
3547 1743 3621 1792 ab
3649 1742 3847 1805 aliquo

2245 1812 2595 1875 deprehendi
2616 1825 2787 1876 posse
2811 1816 3175 1877 putaverunt,
3208 1812 3311 1863 sed
3331 1825 3449 1863 non
3472 1811 3692 1877 profuit
3714 1813 3844 1865 illis.

541 1885 593 1968 ςξ
610 1887 629 1953 |
718 1892 838 1968 erat
861 1888 1049 1939 inﬁrm
1061 1902 1126 1968 us
1142 1893 1313 1968 atque
1325 1887 1586 1968 mortalis
1610 1892 1667 1939 et
1698 1889 1988 1968 passibilis
2007 1896 2145 1968 erat.
2172 1895 2226 1968 B
2245 1885 2679 1968 Namrsequitur
2702 1899 2714 1934 :

541 1960 659 2009 Ilac
680 1958 858 2021 igitur
883 1971 956 2009 ex
981 1963 1141 2023 parte
1157 1958 1609 2009 misericordiam
1634 1961 1886 2023 petebat,
1904 1973 2019 2024 qua
2033 1962 2143 2011 mi-

546 2030 854 2081 sericordia
870 2031 1179 2093 indigebat.
1202 2031 1342 2091 Quae
1358 2035 1551 2081 autem
1573 2031 1686 2082 ista
1713 2033 1785 2082 sit
1809 2039 1987 2083 oratio
2003 2033 2063 2083 in
2081 2048 2142 2085 se

542 2102 854 2164 quentibus
891 2101 1236 2153 declaratur.
1268 2102 1363 2152 Ait
1401 2101 1554 2152 enim
1583 2116 1595 2151 :
1630 2104 1671 2151 Α
1703 2103 1892 2152 timore
1926 2104 2142 2152 inimici

542 2175 685 2236 eripe
702 2174 952 2221 animam
970 2188 1165 2221 meam.
1180 2175 1299 2223 IIoc
1312 2179 1437 2223 orat
1453 2172 1512 2223 in
1525 2172 1746 2236 psalmo
1766 2186 1991 2236 servus,
2008 2177 2141 2236 quod

543 2245 602 2294 in
620 2244 926 2307 Evangelio
946 2245 1205 2308 praecipit
1224 2244 1501 2295 Dominus
1522 2262 1531 2292 :
1553 2243 1736 2295 Nolite
1749 2245 1972 2308 (inquit)
1998 2249 2146 2294 time-

544 2329 603 2368 re
621 2329 721 2367 cos
746 2316 845 2379 qui
868 2316 1139 2367 occidunt
1154 2328 1383 2379 corpus,
1402 2317 1653 2367 animam
1671 2322 1866 2368 autem
1878 2330 1995 2368 non
2011 2330 2145 2382 pos-

542 2393 680 2439 sunt
719 2388 976 2439 occidere
1008 2388 1217 2451 (Matth.
1246 2387 1370 2450 10.).
1394 2388 1600 2439 Oretur
1623 2400 1777 2452 ergo,
1806 2392 1870 2439 ut
1906 2393 2145 2452 praestet

542 2459 694 2523 quod
722 2459 905 2522 jubet.
937 2462 1055 2510 Nec
1078 2463 1205 2509 orat
1227 2463 1293 2509 ut
1316 2470 1433 2510 non
1454 2458 1764 2521 occidatur,
1790 2459 1893 2510 sad
1918 2464 1985 2511 ut
2005 2461 2147 2511 occi-

543 2531 776 2581 dentem
810 2543 929 2581 non
954 2530 1170 2589 timeat,
1202 2542 1276 2580 ne
1313 2532 1454 2581 forte
1497 2529 1754 2582 timendo
1784 2532 2143 2582 succumbat.

543 2604 657 2652 Nec
680 2601 791 2651 hoc
813 2601 944 2652 ideo
970 2600 1225 2664 postulat
1248 2601 1531 2652 Dominus
1554 2601 1833 2663 Christus,
1861 2606 1926 2653 ut
1944 2603 2145 2655 timore

542 2672 733 2735 aliquo
747 2672 930 2735 frangi
956 2673 1163 2728 valeat,
1191 2672 1293 2723 sed
1324 2679 1387 2723 ut
1418 2672 1847 2724 inﬁrmantibue
1869 2675 2144 2725 membris

543 2742 741 2793 orandi
766 2742 1008 2793 formam
1035 2746 1212 2805 atque
1241 2744 1299 2793 in
1325 2744 1597 2807 passione
1629 2745 2017 2796 constantiam
2047 2746 2146 2796 tri-

544 2815 702 2864 buat.
726 2815 791 2865 Et
816 2814 970 2876 quod
992 2815 1063 2865 de
1084 2815 1455 2866 exauditione
1480 2828 1721 2867 securus
1747 2816 1839 2873 sit,
1862 2830 1935 2869 ex
1954 2818 2143 2868 verbis

543 2885 925 2948 sequentibus
948 2886 1202 2937 ostendit
1248 2886 1344 2936 Ait
1367 2886 1517 2936 enim
1543 2903 1553 2934 :

603 2955 653 3009 3.
682 2956 971 3004 Protexisti
989 2972 1072 3005 me
1093 2974 1127 3005 a
1147 2964 1406 3006 conventu
1427 2957 1855 3020 malignantium
1869 2997 1881 3019 ,
1906 2957 2074 3019 idest,
2110 2971 2145 3010 a

542 3027 873 3078 collectione
889 3028 1038 3079 male
1062 3028 1133 3079 de
1150 3041 1241 3080 me
1258 3029 1652 3091 cogitantium,
1672 3033 1727 3080 et
1752 3030 1924 3080 etiam
1949 3046 1983 3078 a
2008 3030 2143 3079 mul~

542 3094 773 3147 t‘itudine
796 3100 1143 3162 operantium
1160 3100 1525 3164 iniquitatem,
1551 3100 1700 3152 idest
1735 3113 1769 3152 8.
1798 3100 1996 3152 multis
2045 3102 2142 3165 qui

541 3170 694 3220 illam
721 3170 1068 3231 singularem
1104 3171 1486 3234 iniquitatem,
1527 3171 1796 3223 videlicet
1819 3172 2143 3223 crucitixio-

544 3254 677 3291 nem
704 3241 763 3291 in
791 3254 885 3292 me
931 3242 1146 3305 operati
1191 3247 1349 3293 sunt.
1408 3244 1705 3294 Proiectus
1735 3248 1821 3294 est
1846 3247 1998 3293 enim
2037 3244 2143 3306 (Ea:

2308 1954 2356 2007 7.
2386 1954 2623 2004 Scrutati
2666 1961 2789 2004 sunt
2821 1956 3132 2020 iniquitates
3160 1973 3170 2005 :
3204 1957 3415 2020 quibus
3448 1956 3751 2008 Christum
3786 1957 3846 2008 in

2244 2028 2606 2077 sermonibus
2622 2028 2963 2091 redarguere
2980 2032 3236 2091 possent,
3255 2028 3369 2078 sivc
3386 2027 3522 2092 quia
3539 2027 3724 2079 falsos
3744 2034 3846 2075 tes-

2244 2099 2333 2148 tes
2362 2110 2537 2162 super
2560 2112 2691 2150 eum
2721 2101 3151 2150 constituerunt
3184 2100 3375 2162 (Ibid).
3403 2100 3509 2151 Sed
3538 2100 3848 2163 defecerunt

2243 2175 2539 2219 scrutantes
2559 2171 2843 2231 scrutinia,
2869 2170 2923 2221 id
2947 2176 3053 2229 est,
3071 2170 3131 2221 in
3153 2183 3221 2222 ea
3245 2170 3458 2230 subtili,
3482 2176 3540 2221 et
3553 2171 3847 2233 frequenti

2242 2239 2615 2303 inquisitione
2644 2242 2784 2292 nihil
2807 2245 3118 2305 potuerunt
3134 2242 3421 2306 prolicere.
3442 2243 3599 2305 Quod
3614 2248 3844 2304 patenter

2244 2313 2587 2375 ostenditur,
2613 2326 2745 2364 cum
2777 2312 3128 2364 subinfertur
3154 2329 3166 2363 :

2310 2385 2592 2437 8.Aeccdet
2622 2386 2747 2434 hom
2771 2386 2844 2433 ad
2867 2400 2958 2434 eor
2991 2385 3188 2435 altum:
3219 2389 3267 2436 el
3288 2383 3650 2435 exalalabitur
3684 2384 3844 2434 Deus.

2244 2458 2331 2507 Ad
2364 2472 2455 2506 cor
2487 2457 2677 2517 altum,
2699 2457 2756 2507 id
2777 2461 2887 2519 est,
2916 2457 2985 2508 ad
3011 2470 3107 2508 cor
3124 2460 3429 2521 secretum,
3463 2456 3534 2508 ad
3560 2469 3658 2508 cor
3682 2456 3845 2509 Divi-

2243 2541 2403 2591 num,
2449 2541 2567 2579 non
2604 2528 2918 2579 ostendens
2954 2529 3095 2591 quid
3128 2533 3348 2590 nosset,
3380 2541 3499 2580 non
3522 2528 3843 2579 ostendens

2245 2600 2384 2663 quid
2409 2607 2574 2651 esset.
2590 2599 2673 2650 Illi
2696 2604 2966 2663 putantes
2987 2601 3095 2651 hoc
3121 2604 3304 2651 totum
3322 2612 3470 2664 esse,
3493 2599 3650 2663 quod
3675 2599 3846 2650 vide—

2244 2673 2430 2734 batur,
2458 2671 2730 2723 occidunt
2749 2671 3037 2722 hominem
3060 2671 3120 2722 in
3138 2672 3306 2723 corde
3332 2670 3464 2723 alto.
3489 2671 3847 2721 Exaltabitur

2243 2744 2402 2804 Deus,
2421 2743 2481 2793 in
2505 2743 2674 2793 corde
2686 2742 2900 2793 divino.
2916 2742 3076 2794 Unde
3091 2742 3441 2806 humiliatur,
3465 2742 3597 2793 inde
3618 2744 3845 2803 amplius

2243 2814 2546 2865 exaltatur.
2566 2814 2829 2865 Mortuus
2853 2818 2945 2865 est
2978 2814 3134 2865 enim
3163 2815 3442 2874 Christus,
3460 2813 3787 2865 resurrexit
3813 2826 3845 2863 a

2241 2885 2502 2945 mortuis,
2521 2884 2850 2935 ascenditin
2867 2884 3092 2945 caelum,
3118 2884 3278 2936 misit
3298 2884 3707 2949 praedicatores
3720 2900 3843 2932 suos

2241 2957 2300 3006 in
2325 2956 2626 3007 mundum.
2644 2956 2906 3007 Creditus
2930 2958 3021 3007 est
3043 2957 3219 3008 Deus.
3241 2956 3636 3021 Magnificatus
3661 2958 3845 3016 est,et

2240 3028 2549 3085 exaltatus,
2568 3040 2685 3078 non
2698 3027 2851 3091 quod
2865 3032 3146 3090 quantum
3168 3027 3241 3077 ad
3257 3028 3511 3092 seipsum
3534 3026 3721 3091 possit
3737 3040 3846 3077 un-

2242 3111 2417 3160 quam
2447 3098 2710 3150 exaltari:
2739 3098 2841 3150 sed
2877 3104 3159 3162 quantum
3183 3098 3255 3149 ad
3293 3112 3446 3159 eum,
3478 3098 3632 3162 apud
3665 3111 3842 3160 quem

2243 3171 2428 3233 major
2451 3170 2521 3221 de
2537 3172 2654 3221 Deo
2667 3170 2914 3234 cognitio
2934 3170 3192 3221 habetur.
3208 3168 3359 3221 Audi
3384 3168 3674 3232 quomodo
3700 3173 3842 3217 exal-

2243 3246 2401 3292 tatus
2420 3242 2495 3292 sit
2516 3244 2690 3306 Deus,
2718 3247 2773 3292 et
2795 3241 2854 3292 hi
2879 3243 2974 3304 qui
2998 3242 3507 3305 persequebantur,
3535 3240 3841 3307 humiliati.

543 3314 580 3361 A
598 3313 1265 3392 ttgustino)L_protegeute
1290 3326 1352 3392 se
1390 3315 1526 3372 Deo,
1551 3319 1883 3392 protegente
1909 3328 2141 3366 carnem
2167 3318 2215 3392 ρ
2248 3383 2275 3392 Α
2304 3312 3629 3392 9,sagitta:parvuloru'm/‘actfeStmtplagzeeorum
3649 3326 3659 3360 :
3681 3311 3841 3392 [\icrs,

545 3384 846 3447 suamipso
875 3384 1028 3435 Filio.
1050 3385 1196 3447 Quid
1216 3386 1368 3435 enim
1394 3390 1707 3448 potuerunt
1731 3386 1915 3436 facere
1944 3387 2140 3437 inimi-

543 3455 631 3505 ci?
647 3455 995 3506 Occiderunt
1012 3470 1240 3519 corpus,
1259 3457 1513 3506 animam
1535 3463 1730 3507 autem
1756 3457 2012 3508 occidere
2041 3473 2140 3507 nou

545 3529 875 3589 potuerunt.
904 3529 1108 3577 Parum
1133 3533 1254 3577 erat
1273 3528 1519 3577 Domino
1544 3533 1826 3591 martyres
1856 3541 1991 3578 suos
2012 3529 2142 3580 hor-

548 3598 649 3647 tari
675 3599 868 3656 verbo,
912 3598 1026 3647 nisi
1064 3598 1321 3648 ﬁrmaret
1357 3599 1639 3661 exemplo.
1666 3600 1910 3662 Exaudi,
1935 3600 2140 3664 inquit,

545 3674 602 3720 et
618 3681 857 3720 necesse
883 3674 990 3727 est,
1016 3675 1078 3720 ut
1101 3670 1395 3720 exaudias.
1425 3673 1609 3731 Quare
1635 3674 1657 3718 7

606 3740 655 3793 4.
690 3740 829 3798 Quia
865 3748 1195 3789 emacuerunt
1222 3749 1277 3789 ut
1302 3742 1547 3803 gladium
1567 3743 1784 3805 linguas
1803 3759 1948 3806 suas,
1968 3744 2143 3792 inten—

544 3812 738 3860 derunt
774 3827 962 3860 arcum
987 3828 1100 3861 rem
1137 3828 1427 3861 amaram:
1464 3820 1521 3863 ut
1556 3816 1806 3876 sagiltent
1846 3816 1898 3863 in
1927 3816 2143 3864 occultis

546 3883 974 3932 immaculatum.
996 3885 1153 3935 Sicut
1176 3885 1403 3947 gladius
1425 3886 1666 3944 acuitur,
1690 3892 1755 3937 ut
1794 3887 1981 3951 magis
2004 3887 2141 3939 inci-

543 3954 641 4004 dat
673 3954 789 4005 :ita
813 3955 920 4018 ipsi
948 3955 1280 4007 acutissime
1319 3957 1725 4020 excogitabant
1768 3959 1903 4021 quid
1929 3959 1985 4008 in
2009 3972 2142 4008 eum

543 4027 706 4089 pejus
732 4027 917 4077 dicere
941 4030 1285 4091 potuissent.
1307 4031 1501 4091 Ipsum
1520 4029 1882 4080 fuitacumen
1905 4030 2141 4081 Judan-

543 4111 688 4151 rum.
719 4100 840 4149 Hoc
866 4111 965 4162 pro
990 4111 1200 4162 magno
1224 4101 1603 4161 quaesierunt,
1633 4104 1699 4150 ut
1725 4101 1771 4151 si
1798 4102 2140 4158 occiderent,

544 4174 607 4219 ut
630 4170 1015 4221 interfectores
1047 4183 1163 4221 non
1185 4174 1543 4234 apparerent.
1570 4171 1703 4222 Ideo
1729 4186 1929 4223 arcum
1953 4174 2145 4225 inten-

544 4240 771 4303 derunt,
795 4241 943 4291 idest
978 4241 1219 4292 insidias
1253 4247 1622 4305 paraverunt.
1651 4243 1829 4295 Simul
1856 4257 2143 4307 pugnave-

544 4316 697 4369 runt,
724 4316 781 4360 et
804 4311 996 4375 gladio
1022 4316 1078 4361 et
1109 4323 1261 4362 arcu.
1310 4311 1508 4362 Gladio
1533 4311 1770 4376 linguae,
1814 4327 1951 4365 arcu
1986 4316 2144 4367 dece-

544 4382 774 4446 ptionis.
803 4383 1000 4433 Gladio
1038 4384 1300 4434 cominus
1354 4390 1663 4447 pugnatur.
1713 4386 1817 4445 Qui
1869 4387 2141 4451 sagittam

548 4453 739 4517 mittit,
766 4454 926 4517 fallit,
962 4458 1025 4504 ut
1072 4454 1252 4504 feriat.
1280 4456 1349 4504 Et
1392 4455 1539 4505 bene
1562 4454 1717 4506 hunc
1749 4468 1966 4520 arcum,
1993 4457 2141 4509 hanc

547 4526 804 4576 fraudem
819 4526 956 4576 dicit
980 4539 1099 4576 rem
1122 4538 1395 4577 amaram.
1411 4527 1558 4587 Quid
1575 4527 1729 4577 enim
1755 4532 1870 4578 tam
1891 4544 2137 4588 amarum,

547 4608 721 4658 quam
745 4596 1002 4647 occidere
1026 4597 1316 4648 Christum
1334 4602 1356 4645 ?
1392 4598 1477 4648 Ad
1503 4598 1613 4648 hoc
1648 4597 1865 4649 scilicet
1888 4599 2146 4651 intende-

547 4670 681 4716 runt
710 4671 773 4716 ut
813 4668 1090 4729 sagittent
1126 4669 1582 4731 immaculatum,
1609 4669 2143 4731 idesthinterticirtnt

2246 3383 2319 3448 9.]
2341 3384 3275 3447 inﬁrmataesuntcontraeoslinguze
3298 3398 3499 3433 eorum.
3525 3381 3843 3433 Conturbati

2240 3460 2373 3505 sunt
2407 3470 2609 3517 omnes,
2655 3456 2752 3519 qui
2789 3454 3035 3503 videbant
3071 3470 3173 3504 eos.
3205 3456 3387 3518 [Vers.
3422 3452 3530 3518 10.]
3572 3453 3639 3502 Et
3660 3453 3843 3502 timuit

2241 3528 2420 3575 omnis
2444 3528 2623 3576 homo.
2668 3527 2755 3577 Illi
2780 3527 2879 3590 qui
2922 3527 3293 3591 sagittabant,
3321 3530 3376 3576 et
3399 3538 3517 3576 non
3546 3524 3841 3589 timebant,

2236 3599 2355 3661 jam
2385 3598 2613 3661 sagittis
2664 3598 3043 3662 parvulorum
3081 3598 3384 3659 feriuntur,
3408 3596 3847 3658 conturbatique

2241 3670 2673 3729 pertimescunt.
2721 3671 2791 3720 Et
2840 3669 2939 3732 qui
2985 3669 3359 3721 firmaverunt
3386 3669 3492 3718 sibi
3518 3680 3843 3718 sermonem

2240 3752 2510 3804 nequam,
2532 3742 2654 3804 jam
2692 3745 2891 3791 contra
2933 3753 3031 3791 eos
3057 3740 3270 3804 lingua:
3303 3752 3502 3791 eorum
3539 3738 3842 3789 inﬁrmat-aa

2242 3816 2380 3863 sunt
2418 3814 2810 3863 Cessaverunt
2826 3812 3022 3874 mina),
3038 3818 3210 3874 atque
3221 3810 3615 3874 blasphemiae.
3633 3810 3847 3874 Cognq

2241 3890 2453 3935 verunt
2470 3897 2575 3934 sua
2599 3885 2872 3935 scrutinia
2888 3896 3008 3935 non
3030 3884 3237 3947 valere,
3262 3887 3435 3946 atque
3460 3894 3494 3933 a
3525 3887 3683 3932 tanto
3720 3895 3845 3932 ver-

2240 3955 2444 4006 borum
2472 3956 2717 4018 strepitu
2751 3954 3221 4006 siluerunt.Talis
3248 3958 3336 4005 est
3370 3953 3612 4004 mutatio
3629 3956 3841 4001 dextera:

2240 4027 2453 4077 excelsi
2513 4026 2678 4089 (Psal.
2729 4025 2855 4089 76.).
2903 4028 3031 4077 Non
3094 4027 3249 4077 enim
3294 4024 3620 4088 potentibus
3665 4026 3841 4075 armis

2238 4098 2470 4150 fortium
2494 4103 2897 4161 pugnatorum,
2925 4098 3026 4149 sed
3045 4096 3361 4149 humilibus
3379 4095 3600 4160 sagittis
3627 4094 3845 4159 simpli—

2241 4172 2395 4224 cium
2435 4182 2760 4235 puerorum,
2814 4172 3024 4227 tantos,
3072 4173 3187 4220 tam
3220 4169 3435 4219 feroces
3473 4166 3837 4229 omnipotens

2240 4245 2394 4294 Deus
2418 4242 2733 4306 prostravit
2756 4241 2974 4292 hostes.
2997 4240 3233 4292 Intirma
3259 4239 3412 4291 enim
3441 4238 3641 4289 mundi
3672 4238 3843 4302 elegit

2241 4316 2417 4377 Deus,
2446 4318 2509 4364 ut
2535 4312 2854 4364 confundat
2885 4311 3137 4375 fortia(t.
3166 4312 3286 4361 Cor.
3306 4310 3395 4373 1.).
3421 4310 3565 4359 Nam
3590 4311 3683 4372 qui
3706 4316 3841 4362 sunt

2237 4386 2337 4437 isti
2370 4385 2615 4450 parvuli,
2662 4384 2777 4435 nisi
2807 4385 3021 4447 quibus
3047 4385 3269 4436 dictum
3301 4391 3392 4436 est
3414 4385 3470 4435 in
3496 4383 3839 4445 Evangelia:

2240 4458 2364 4508 Nisi
2393 4457 2656 4509 conversi
2687 4456 2907 4508 fueritis
2932 4495 2945 4520 ,
2969 4459 3027 4508 ct
3060 4456 3383 4507 emciamini
3409 4456 3557 4507 sicut
3582 4454 3843 4518 parvulus

2242 4530 2370 4589 iste,
2396 4542 2515 4580 non
2539 4528 2825 4580 intrabitis
2862 4529 2921 4578 in
2946 4540 3188 4591 regnum
3213 4528 3487 4579 castorum
3518 4525 3727 4591 (Matth.
3754 4525 3839 4578 18.

2242 4600 2411 4648 Marc.
2455 4599 2563 4663 10.)
2587 4602 2613 4649 ‘I
2641 4599 2957 4648 Conturbati
2993 4604 3121 4647 sunt
3161 4612 3296 4659 ergo
3334 4598 3406 4650 ad
3448 4598 3843 4663 pmnitentiam

2243 4686 2446 4731 omnes,
2489 4671 2546 4721 id
2591 4676 2697 4729 est,
2726 4684 2797 4721 ex
2822 4672 2981 4721 omni
3018 4684 3226 4735 genere
3258 4670 3542 4722 homines.
3574 4669 3640 4717 Et
3663 4668 3847 4716 timuit

547 4737 927 4789 innocentem.
974 4741 1041 4790 Et
1065 4741 1173 4791 hoc
1197 4741 1257 4790 in
1290 4742 1550 4802 occultis,
1575 4741 1744 4795 idest.
1770 4741 2028 4793 latenter.
2056 4743 2142 4794 Ad
2173 4734 2229 4806 D
2247 4744 2426 4792 omnis
2453 4742 2632 4805 homo,
2652 4742 2708 4792 id
2727 4746 2832 4804 est,
2866 4743 3054 4793 omnis
3089 4746 3255 4808 utens
3282 4742 3513 4792 ratione.
3541 4739 3613 4791 ad
3637 4738 3845 4789 intelli-

549 4808 658 4857 hoc
708 4811 1064 4871 quaesierunt
1103 4812 1392 4874 quomodo
1434 4825 1469 4863 a
1517 4812 1798 4875 discipulo
1823 4814 2146 4866 traderetur

549 4881 763 4941 (Matth.
781 4879 909 4943 ‘26.),
935 4882 1179 4942 ajudice
1204 4885 1461 4934 Romano
1484 4884 1872 4947 damnaretur,
1899 4887 1971 4936 ab
2006 4886 2146 4950 ipsis

550 4952 821 5002 Romanis
856 4952 1285 5014 cruciﬁgeretur
1308 4953 1594 5016 (1.140.221).
1626 4956 1747 5006 Hoc
1772 4955 1877 5006 fuit
1901 4970 2149 5008 acumen

548 5024 780 5086 linguae,
805 5024 911 5075 hoc
936 5036 1124 5087 arcus,
1152 5025 1259 5075 hoc
1284 5026 1529 5088 sagittm.
1567 5026 1655 5075 Sic
1681 5039 1781 5088 per
1803 5027 1946 5077 alios
1972 5029 2150 5092 sagit-

551 5099 820 5146 taverunt
854 5096 1166 5147 Christum.
1195 5097 1283 5146 Sic
1317 5095 1506 5160 gladio
1531 5099 1773 5162 propria:
1817 5099 2032 5164 linguae
2063 5113 2149 5151 oc-

548 5168 826 5219 ciderunt.
859 5170 1020 5220 Unde
1048 5172 1104 5218 et
1130 5168 1398 5219 subditur
1423 5183 1434 5218 :

688 5240 874 5288 Subito
898 5239 1231 5300 sagittabunt
1257 5254 1397 5298 eum,
1421 5246 1465 5287 et
1490 5256 1599 5288 non
1622 5241 1883 5291 timebunt
1916 5260 1926 5291 :
1959 5245 2149 5304 firma-

548 5317 737 5358 verunt
760 5311 861 5359 sibi
883 5326 1181 5359 sermonem
1205 5326 1458 5375 nequam.
1488 5312 1675 5361 Subito
1702 5313 1857 5374 dicit,
1884 5315 2051 5376 quasi
2079 5327 2150 5363 ex

552 5382 885 5445 improviso.
914 5383 1044 5433 Tria
1067 5388 1260 5434 autem
1285 5396 1354 5434 ex
1402 5383 1509 5434 hoc
1538 5397 1710 5435 versu
1739 5384 2153 5435 commendan-

553 5457 651 5503 tur
686 5467 759 5504 ex
810 5457 1187 5517 perversitate
1233 5455 1589 5507 Judaaorum.
1631 5456 1817 5507 Primo
1840 5457 2150 5508 crudelitas

550 5525 755 5588 operis,
782 5527 879 5576 ubi
915 5528 1013 5589 ait,
1053 5527 1395 5589 Sagittabunt
1440 5542 1584 5576 eum.
1622 5528 1881 5578 Secundo
1922 5541 2151 5591 perver-

551 5596 695 5645 sitas
720 5598 951 5659 mentis,
979 5599 1077 5648 ubi
1125 5598 1302 5649 dicit:
1330 5599 1397 5646 Et
1436 5614 1549 5646 non
1596 5599 1914 5648 timuerunt.
1963 5600 2149 5651 Tertio

553 5669 862 5729 pertinacia
890 5670 1106 5721 insana)
1133 5670 1457 5725 locutionis,
1489 5669 1585 5718 ubi
1619 5669 1848 5720 subdit:
1874 5672 2152 5720 Fit-mare-

556 5744 685 5784 runt
708 5739 807 5787 sibi
835 5756 1132 5789 sermonm;
1157 5756 1409 5804 nequam.
1437 5743 1577 5802 Quae
1609 5741 1776 5791 nobis
1808 5745 1984 5795 verba
2005 5745 2151 5795 insi-

552 5815 753 5871 nuant,
771 5813 905 5873 quia
937 5813 994 5862 in
1031 5812 1322 5874 omnibus,
1359 5813 1507 5863 idest
1538 5812 1598 5863 in
1624 5815 1815 5878 verbo,
1844 5828 2029 5879 opere,
2055 5829 2150 5867 co-

553 5879 825 5939 gitatione
837 5884 1085 5946 corrupti
1100 5889 1284 5934 erant.
1297 5884 1341 5935 Ο
1355 5896 1450 5936 cor
1461 5884 1673 5936 durum
1686 5890 1743 5936 et
1758 5885 2144 5950 imptenitenst

556 5951 819 6003 Traditus
846 5954 1041 6005 cstille
1074 5955 1271 6017 judici.
1306 5957 1574 6020 Trepidat
1597 5957 1797 6021 judcx,
1832 5964 2017 6013 etnon
2034 5965 2149 6013 trc-

2248 4813 2454 4876 genda,
2473 4825 2604 4875 quae
2630 4812 2778 4863 facta
2804 4817 2985 4864 erant.
3005 4814 3200 4863 Timor
3224 4812 3446 4882 Domini
3468 4823 3529 4861 se
3554 4809 3838 4860 subdidit:

2248 4884 2735 4933 Annuntiavcrmnt
2747 4898 2911 4947 opera
2922 4884 3034 4931 Dei.
3051 4883 3330 4934 Videlicet
3342 4882 3843 4943 nativitatem,pas—

2252 4956 2495 5012 sionem,
2519 4954 3018 5018 resurrectionem,
3043 4954 3481 5013 humanitatem,
3508 4957 3564 5003 et
3579 4951 3842 5002 divinita—

2250 5030 2385 5087 tem,
2404 5027 2766 5088 virtutesque
2784 5031 2840 5076 et
2870 5026 3159 5077 miracula.
3187 5027 3251 5074 Et
3276 5028 3417 5089 facta
3440 5025 3556 5088 ejus
3577 5022 3842 5071 intellexe-

2248 5104 2396 5148 runt.
2422 5100 2657 5149 Factam
2690 5096 2955 5149 videlicet
2986 5111 3116 5149 esse
3150 5101 3407 5149 nostram
3434 5109 3533 5161 per
3548 5099 3729 5148 Deum
3752 5106 3842 5145 re-

2250 5171 2598 5223 demtionem
2622 5174 2680 5220 et
2705 5168 2969 5221 salutem.
2998 5172 3067 5221 Et
3090 5170 3219 5221 ideo
3248 5170 3508 5233 sequitur
3535 5187 3547 5218 :

2316 5244 2400 5297 10.
2424 5242 2712 5291 Laetabitur
2724 5243 2924 5305 justus,
2946 5255 3058 5293 non
3074 5244 3132 5292 in
3156 5243 3363 5306 seipse,
3391 5255 3507 5293 non
3528 5242 3587 5292 in
3610 5240 3842 5302 mundo,

2252 5314 2351 5365 sed
2379 5315 2437 5362 in
2465 5313 2714 5362 Domino.
2739 5319 2782 5361 et
2810 5313 3043 5377 sperabit
3079 5314 3138 5361 in.
3162 5328 3238 5375 eo,
3259 5314 3434 5365 vitam
3457 5317 3747 5364 aeternam.
3780 5312 3844 5359 Et

2254 5385 2629 5435 laudabuntur
2652 5400 2835 5433 omnes
2858 5385 2984 5433 recti
3008 5386 3180 5435 corde.
3203 5384 3265 5435 Id
3291 5388 3397 5446 est,
3422 5383 3735 5435 laudabiles
3747 5395 3842 5445 ap-

2251 5459 2533 5521 parebunt
2555 5469 2775 5517 omnes,
2810 5456 2911 5518 qui
2950 5460 3102 5506 recte
3125 5456 3386 5519 credunt,
3424 5454 3578 5522 3|2
3608 5459 3666 5506 et
3697 5455 3835 5504 bene

2250 5529 2473 5580 vivunt.
2508 5527 2593 5578 Illi
2631 5529 2769 5578 recti
2795 5532 2931 5577 sunt
2956 5528 3144 5583 corde,
3184 5527 3283 5590 qui
3311 5528 3533 5591 propria
3558 5526 3842 5576 voluntate

2253 5601 2446 5651 relicta
2469 5598 2750 5649 voluntati
2778 5598 3008 5662 penitus
3038 5612 3099 5648 se
3124 5599 3444 5661 subjiciunt
3467 5597 3702 5648 divinae.
3734 5598 3841 5647 Nos

2252 5686 2387 5736 ergo
2411 5676 2592 5723 Deum
2633 5684 2881 5727 oremus,
2930 5673 2993 5721 ut
3015 5672 3113 5721 det
3158 5670 3325 5720 nobis
3361 5670 3841 5725 constantiam,ne

2251 5749 2601 5795 conventum
2616 5744 3058 5807 malignantium
3076 5743 3406 5800 timeamus,
3424 5753 3541 5791 non
3565 5741 3839 5800 linguarum

2250 5816 2491 5879 gladios,
2539 5830 2657 5867 non
2692 5815 3095 5879 deceptionum
3150 5826 3336 5864 arcus.
3390 5812 3747 5865 Accedamus
3776 5810 3838 5861 ad
3882 5828 3884 5835 ι

2249 5893 2435 5941 Deum
2461 5890 2521 5940 in
2537 5889 2706 5940 corde
2730 5887 2952 5950 humili,
2978 5891 3037 5939 et
3061 5886 3189 5938 ideo
3214 5885 3330 5937 alto
3360 5890 3427 5937 ut
3450 5886 3511 5936 in
3536 5885 3662 5949 ipso
3690 5884 3840 5936 exul-

2247 5963 2354 6014 tari
2365 5973 2705 6014 mereamur.
2725 5961 3053 6011 Timeamus
3069 5971 3200 6012 eum
3214 5959 3412 6011 timore
3435 5962 3612 6022 casto,
3628 5970 3841 6009 annun-
