  <div class='ocr_page' id='page_1' title='image "/cluster/home/n/w/nwhite01/storage/ocr_20150623/21/umn.319510024773153/450.png"; bbox 0 0 3884 6392; ppageno 0'>
   <div class='ocr_carea' id='block_1_1' title="bbox 39 401 120 457">
    <p class='ocr_par' dir='ltr' id='par_1_1' title="bbox 39 401 120 457">
     <span class='ocr_line' id='line_1_1' title="bbox 39 401 120 457; baseline 0 -1"><span class='ocrx_word' id='word_1_1' title='bbox 39 401 120 457; x_wconf 80' lang='lat'><strong>897</strong></span> 
     </span>
    </p>
   </div>
   <div class='ocr_carea' id='block_1_2' title="bbox 992 400 2290 460">
    <p class='ocr_par' dir='ltr' id='par_1_2' title="bbox 992 400 2290 460">
     <span class='ocr_line' id='line_1_2' title="bbox 992 400 2290 460; baseline 0.006 -8"><span class='ocrx_word' id='word_1_2' title='bbox 992 401 1068 452; x_wconf 91' lang='lat' dir='ltr'><strong>IN</strong></span> <span class='ocrx_word' id='word_1_3' title='bbox 1101 400 1428 454; x_wconf 82' lang='lat' dir='ltr'><strong>PSALMOS</strong></span> <span class='ocrx_word' id='word_1_4' title='bbox 1465 402 1671 454; x_wconf 84' lang='lat' dir='ltr'><strong>LXXV</strong></span> <span class='ocrx_word' id='word_1_5' title='bbox 1704 402 2290 460; x_wconf 80' lang='lat' dir='ltr'><strong>COMMENTARIUS.</strong></span> 
     </span>
    </p>
   </div>
   <div class='ocr_carea' id='block_1_3' title="bbox 3182 413 3286 467">
    <p class='ocr_par' dir='ltr' id='par_1_3' title="bbox 3182 413 3286 467">
     <span class='ocr_line' id='line_1_3' title="bbox 3182 413 3286 467; baseline 0.01 -1"><span class='ocrx_word' id='word_1_6' title='bbox 3182 413 3286 467; x_wconf 82' lang='lat'><strong>898</strong></span> 
     </span>
    </p>
   </div>
   <div class='ocr_carea' id='block_1_4' title="bbox 43 511 3283 593">
    <p class='ocr_par' dir='ltr' id='par_1_4' title="bbox 43 511 3283 593">
     <span class='ocr_line' id='line_1_4' title="bbox 43 511 3283 593; baseline 0.002 -27"><span class='ocrx_word' id='word_1_7' title='bbox 43 516 220 593; x_wconf 80' lang='lat' dir='ltr'><strong>tiemus</strong></span> <span class='ocrx_word' id='word_1_8' title='bbox 240 523 406 576; x_wconf 85' lang='lat' dir='ltr'><strong>opera</strong></span> <span class='ocrx_word' id='word_1_9' title='bbox 429 511 575 593; x_wconf 72' lang='lat' dir='ltr'><strong>ejus,</strong></span> <span class='ocrx_word' id='word_1_10' title='bbox 601 515 893 593; x_wconf 77' lang='lat' dir='ltr'><strong>quatenus</strong></span> <span class='ocrx_word' id='word_1_11' title='bbox 917 524 1016 577; x_wconf 92' lang='lat' dir='ltr'><strong>per</strong></span> <span class='ocrx_word' id='word_1_12' title='bbox 1039 526 1174 593; x_wconf 61' lang='lat' dir='ltr'><strong>eum</strong></span> <span class='ocrx_word' id='word_1_13' title='bbox 1192 514 1508 593; x_wconf 68' lang='lat' dir='ltr'><strong>justiticati2</strong></span> <span class='ocrx_word' id='word_1_14' title='bbox 1533 515 1592 593; x_wconf 77' lang='lat' dir='ltr'><strong>in</strong></span> <span class='ocrx_word' id='word_1_15' title='bbox 1623 519 1676 593; x_wconf 79' lang='grc' dir='ltr'><strong>Α</strong></span> <span class='ocrx_word' id='word_1_16' title='bbox 1693 518 2351 593; x_wconf 61' lang='lat' dir='ltr'><strong>perfectionemjustitim</strong></span> <span class='ocrx_word' id='word_1_17' title='bbox 2368 520 2928 593; x_wconf 68' lang='lat' dir='ltr'><strong>desideramusideo</strong></span> <span class='ocrx_word' id='word_1_18' title='bbox 2939 523 3155 575; x_wconf 90' lang='lat' dir='ltr'><strong>dictum</strong></span> <span class='ocrx_word' id='word_1_19' title='bbox 3169 529 3283 576; x_wconf 90' lang='lat' dir='ltr'><strong>est:</strong></span> 
     </span>
    </p>
   </div>
   <div class='ocr_carea' id='block_1_5' title="bbox 41 581 1593 707">
    <p class='ocr_par' dir='ltr' id='par_1_5' title="bbox 41 581 1593 707">
     <span class='ocr_line' id='line_1_5' title="bbox 41 581 1593 707; baseline 0.001 -71"><span class='ocrx_word' id='word_1_20' title='bbox 41 589 421 707; x_wconf 55' lang='lat' dir='ltr'><strong>ilisiimsemper</strong></span> <span class='ocrx_word' id='word_1_21' title='bbox 465 581 650 634; x_wconf 73' lang='lat' dir='ltr'><strong>ltetari</strong></span> <span class='ocrx_word' id='word_1_22' title='bbox 698 585 1015 636; x_wconf 87' lang='lat' dir='ltr'><strong>valeamus.</strong></span> <span class='ocrx_word' id='word_1_23' title='bbox 1061 587 1200 637; x_wconf 72' lang='lat' dir='ltr'><strong>Haec</strong></span> <span class='ocrx_word' id='word_1_24' title='bbox 1245 591 1336 638; x_wconf 90' lang='lat' dir='ltr'><strong>est</strong></span> <span class='ocrx_word' id='word_1_25' title='bbox 1387 586 1593 651; x_wconf 81' lang='lat' dir='ltr'><strong>psalmi</strong></span> 
     </span>
     <span class='ocr_line' id='line_1_6' title="bbox 41 664 238 707; baseline -0.005 0"><span class='ocrx_word' id='word_1_26' title='bbox 41 664 140 707; x_wconf 73' lang='lat' dir='ltr'><strong>util</strong></span> <span class='ocrx_word' id='word_1_27' title='bbox 197 669 238 707; x_wconf 87' lang='lat' dir='ltr'><strong>S.</strong></span> 
     </span>
    </p>
   </div>
   <div class='ocr_carea' id='block_1_6' title="bbox 41 664 238 708">
    <p class='ocr_par' dir='ltr' id='par_1_6' title="bbox 41 664 238 708">
     <span class='ocr_line' id='line_1_7' title="bbox 41 664 238 708; baseline -0.005 -1"><span class='ocrx_word' id='word_1_28' title='bbox 41 664 238 708; x_wconf 79' lang='lat' dir='ltr'><strong>utilitas.</strong></span> 
     </span>
    </p>
   </div>
   <div class='ocr_carea' id='block_1_7' title="bbox 279 743 1308 811">
    <p class='ocr_par' dir='ltr' id='par_1_7' title="bbox 279 743 1308 811">
     <span class='ocr_line' id='line_1_8' title="bbox 279 743 1308 811; baseline 0.005 -6"><span class='ocrx_word' id='word_1_29' title='bbox 279 743 642 808; x_wconf 90' lang='lat' dir='ltr'><strong>TITULUS</strong></span> <span class='ocrx_word' id='word_1_30' title='bbox 701 746 1020 810; x_wconf 86' lang='lat' dir='ltr'><strong>PSALMI</strong></span> <span class='ocrx_word' id='word_1_31' title='bbox 1072 743 1308 811; x_wconf 88' lang='lat' dir='ltr'><strong>LXIV.</strong></span> 
     </span>
    </p>
   </div>
   <div class='ocr_carea' id='block_1_8' title="bbox 88 871 1594 936">
    <p class='ocr_par' dir='ltr' id='par_1_8' title="bbox 88 871 1594 936">
     <span class='ocr_line' id='line_1_9' title="bbox 88 871 1594 936; baseline 0.003 -20"><span class='ocrx_word' id='word_1_32' title='bbox 88 871 612 936; x_wconf 64' lang='lat' dir='ltr'><strong>i.i‘_itplus_seqiientis</strong></span> <span class='ocrx_word' id='word_1_33' title='bbox 629 873 920 936; x_wconf 86' lang='lat' dir='ltr'><strong>psalmihic</strong></span> <span class='ocrx_word' id='word_1_34' title='bbox 935 879 1044 936; x_wconf 81' lang='lat' dir='ltr'><strong>est:</strong></span> <span class='ocrx_word' id='word_1_35' title='bbox 1083 872 1146 920; x_wconf 86' lang='lat' dir='ltr'><strong>In</strong></span> <span class='ocrx_word' id='word_1_36' title='bbox 1169 874 1330 935; x_wconf 79' lang='lat' dir='ltr'><strong>ﬁnem</strong></span> <span class='ocrx_word' id='word_1_37' title='bbox 1352 871 1594 936; x_wconf 72' lang='lat' dir='ltr'><strong>psalmus</strong></span> 
     </span>
    </p>
   </div>
   <div class='ocr_carea' id='block_1_9' title="bbox 38 932 1596 997">
    <p class='ocr_par' dir='ltr' id='par_1_9' title="bbox 38 932 1596 997">
     <span class='ocr_line' id='line_1_10' title="bbox 38 932 1596 997; baseline 0.001 -15"><span class='ocrx_word' id='word_1_38' title='bbox 38 933 183 982; x_wconf 71' lang='lat' dir='ltr'><strong>David</strong></span> <span class='ocrx_word' id='word_1_39' title='bbox 196 932 468 997; x_wconf 79' lang='lat' dir='ltr'><strong>Canticum</strong></span> <span class='ocrx_word' id='word_1_40' title='bbox 479 933 720 982; x_wconf 73' lang='lat' dir='ltr'><strong>Jeremzae</strong></span> <span class='ocrx_word' id='word_1_41' title='bbox 731 940 777 982; x_wconf 86' lang='lat' dir='ltr'><strong>et</strong></span> <span class='ocrx_word' id='word_1_42' title='bbox 791 935 828 982; x_wconf 84' lang='lat' dir='ltr'><strong><em>A</em></strong></span> <span class='ocrx_word' id='word_1_43' title='bbox 839 935 970 996; x_wconf 68' lang='grc' dir='ltr'><strong>ί]ρωί</strong></span> <span class='ocrx_word' id='word_1_44' title='bbox 981 935 1043 982; x_wconf 87' lang='lat' dir='ltr'><strong>de</strong></span> <span class='ocrx_word' id='word_1_45' title='bbox 1056 932 1204 982; x_wconf 77' lang='lat' dir='ltr'><strong>verbo</strong></span> <span class='ocrx_word' id='word_1_46' title='bbox 1216 932 1364 997; x_wconf 58' lang='lat' dir='ltr'><strong>peregi</strong></span> <span class='ocrx_word' id='word_1_47' title='bbox 1373 936 1596 983; x_wconf 76' lang='lat' dir='ltr'><strong>rinatio—</strong></span> 
     </span>
    </p>
   </div>
   <div class='ocr_carea' id='block_1_10' title="bbox 38 995 1589 1060">
    <p class='ocr_par' dir='ltr' id='par_1_10' title="bbox 38 995 1589 1060">
     <span class='ocr_line' id='line_1_11' title="bbox 38 995 1589 1060; baseline 0.001 -18"><span class='ocrx_word' id='word_1_48' title='bbox 38 998 106 1042; x_wconf 77' lang='lat' dir='ltr'><strong>nis</strong></span> <span class='ocrx_word' id='word_1_49' title='bbox 123 998 326 1060; x_wconf 81' lang='lat' dir='ltr'><strong>quando</strong></span> <span class='ocrx_word' id='word_1_50' title='bbox 351 995 629 1060; x_wconf 75' lang='lat' dir='ltr'><strong>incipiunt</strong></span> <span class='ocrx_word' id='word_1_51' title='bbox 646 995 914 1060; x_wconf 77' lang='lat' dir='ltr'><strong>proﬁcisci</strong></span> <span class='ocrx_word' id='word_1_52' title='bbox 943 997 1150 1051; x_wconf 66' lang='lat' dir='ltr'><strong>(Jercm.</strong></span> <span class='ocrx_word' id='word_1_53' title='bbox 1188 995 1367 1056; x_wconf 73' lang='lat'><strong>50.52;</strong></span> <span class='ocrx_word' id='word_1_54' title='bbox 1390 999 1524 1060; x_wconf 81' lang='lat' dir='ltr'><strong>Agg.</strong></span> <span class='ocrx_word' id='word_1_55' title='bbox 1552 1000 1589 1044; x_wconf 84' lang='grc' dir='ltr'><strong>Ι.</strong></span> 
     </span>
    </p>
   </div>
   <div class='ocr_carea' id='block_1_11' title="bbox 38 1012 1593 1122">
    <p class='ocr_par' dir='ltr' id='par_1_11' title="bbox 38 1012 1593 1122">
     <span class='ocr_line' id='line_1_12' title="bbox 38 1012 1589 1060; baseline 0.001 -18"><span class='ocrx_word' id='word_1_56' title='bbox 38 1012 106 1042; x_wconf 79' lang='lat' dir='ltr'><strong>ms</strong></span> <span class='ocrx_word' id='word_1_57' title='bbox 157 1012 326 1043; x_wconf 82' lang='lat' dir='ltr'><strong>uanao</strong></span> <span class='ocrx_word' id='word_1_58' title='bbox 351 1012 625 1059; x_wconf 73' lang='lat' dir='ltr'><strong>ineipmnt</strong></span> <span class='ocrx_word' id='word_1_59' title='bbox 649 1012 913 1058; x_wconf 70' lang='lat' dir='ltr'><strong>pre/teisc:</strong></span> <span class='ocrx_word' id='word_1_60' title='bbox 943 1012 1150 1051; x_wconf 63' lang='lat' dir='ltr'><strong>(acrem.</strong></span> <span class='ocrx_word' id='word_1_61' title='bbox 1188 1012 1367 1056; x_wconf 64' lang='lat'><strong>30.52;</strong></span> <span class='ocrx_word' id='word_1_62' title='bbox 1390 1012 1524 1060; x_wconf 68' lang='grc' dir='ltr'><em>Αῃςι.</em></span> <span class='ocrx_word' id='word_1_63' title='bbox 1552 1012 1589 1044; x_wconf 84' lang='grc' dir='ltr'><strong>ι.</strong></span> 
     </span>
     <span class='ocr_line' id='line_1_13' title="bbox 38 1012 1593 1122; baseline 0.001 -16"><span class='ocrx_word' id='word_1_64' title='bbox 38 1066 74 1106; x_wconf 77' lang='lat' dir='ltr'><strong>et</strong></span> <span class='ocrx_word' id='word_1_65' title='bbox 190 1059 469 1117; x_wconf 80' lang='lat' dir='ltr'><strong>Captivatus</strong></span> <span class='ocrx_word' id='word_1_66' title='bbox 493 1065 563 1105; x_wconf 89' lang='lat' dir='ltr'><strong>est</strong></span> <span class='ocrx_word' id='word_1_67' title='bbox 589 1059 696 1119; x_wconf 74' lang='lat' dir='ltr'><strong>(Ex</strong></span> <span class='ocrx_word' id='word_1_68' title='bbox 725 1060 1048 1122; x_wconf 74' lang='lat' dir='ltr'><strong>Augustino)</strong></span> <span class='ocrx_word' id='word_1_69' title='bbox 1081 1062 1298 1120; x_wconf 86' lang='lat' dir='ltr'><strong>populus</strong></span> <span class='ocrx_word' id='word_1_70' title='bbox 1322 1063 1468 1107; x_wconf 90' lang='lat' dir='ltr'><strong>lsrael</strong></span> <span class='ocrx_word' id='word_1_71' title='bbox 1493 1074 1504 1109; x_wconf 92' lang='lat'><strong>:</strong></span> <span class='ocrx_word' id='word_1_72' title='bbox 1525 1063 1593 1108; x_wconf 82' lang='lat' dir='ltr'><strong>Ex</strong></span> 
     </span>
    </p>
   </div>
   <div class='ocr_carea' id='block_1_12' title="bbox 39 1123 1590 1181">
    <p class='ocr_par' dir='ltr' id='par_1_12' title="bbox 39 1123 1590 1181">
     <span class='ocr_line' id='line_1_14' title="bbox 39 1123 1590 1181; baseline 0.003 -13"><span class='ocrx_word' id='word_1_73' title='bbox 39 1124 204 1168; x_wconf 73' lang='lat' dir='ltr'><strong>civitate</strong></span> <span class='ocrx_word' id='word_1_74' title='bbox 243 1123 512 1168; x_wconf 81' lang='lat' dir='ltr'><strong>Jerusalem</strong></span> <span class='ocrx_word' id='word_1_75' title='bbox 545 1123 725 1169; x_wconf 90' lang='lat' dir='ltr'><strong>ductus</strong></span> <span class='ocrx_word' id='word_1_76' title='bbox 769 1131 842 1170; x_wconf 90' lang='lat' dir='ltr'><strong>est</strong></span> <span class='ocrx_word' id='word_1_77' title='bbox 886 1124 936 1169; x_wconf 88' lang='lat' dir='ltr'><strong>in</strong></span> <span class='ocrx_word' id='word_1_78' title='bbox 971 1125 1256 1169; x_wconf 81' lang='lat' dir='ltr'><strong>servitutem</strong></span> <span class='ocrx_word' id='word_1_79' title='bbox 1284 1125 1590 1181; x_wconf 73' lang='lat' dir='ltr'><strong>Babylonia).</strong></span> 
     </span>
    </p>
   </div>
   <div class='ocr_carea' id='block_1_13' title="bbox 40 1185 1596 1244">
    <p class='ocr_par' dir='ltr' id='par_1_13' title="bbox 40 1185 1596 1244">
     <span class='ocr_line' id='line_1_15' title="bbox 40 1185 1596 1244; baseline 0.001 -13"><span class='ocrx_word' id='word_1_80' title='bbox 40 1185 310 1243; x_wconf 85' lang='lat' dir='ltr'><strong>Prophetavit</strong></span> <span class='ocrx_word' id='word_1_81' title='bbox 353 1189 518 1231; x_wconf 84' lang='lat' dir='ltr'><strong>autem</strong></span> <span class='ocrx_word' id='word_1_82' title='bbox 559 1191 762 1232; x_wconf 87' lang='lat' dir='ltr'><strong>sanctus</strong></span> <span class='ocrx_word' id='word_1_83' title='bbox 781 1187 1018 1232; x_wconf 87' lang='lat' dir='ltr'><strong>Jeremias</strong></span> <span class='ocrx_word' id='word_1_84' title='bbox 1040 1190 1151 1244; x_wconf 90' lang='lat' dir='ltr'><strong>post</strong></span> <span class='ocrx_word' id='word_1_85' title='bbox 1172 1185 1487 1244; x_wconf 80' lang='lat' dir='ltr'><strong>septuaginta</strong></span> <span class='ocrx_word' id='word_1_86' title='bbox 1508 1199 1596 1232; x_wconf 91' lang='lat' dir='ltr'><strong>an-</strong></span> 
     </span>
    </p>
   </div>
   <div class='ocr_carea' id='block_1_14' title="bbox 39 1247 1592 1306">
    <p class='ocr_par' dir='ltr' id='par_1_14' title="bbox 39 1247 1592 1306">
     <span class='ocr_line' id='line_1_16' title="bbox 39 1247 1592 1306; baseline 0.001 -14"><span class='ocrx_word' id='word_1_87' title='bbox 39 1260 112 1293; x_wconf 87' lang='lat' dir='ltr'><strong>nos</strong></span> <span class='ocrx_word' id='word_1_88' title='bbox 143 1247 404 1293; x_wconf 87' lang='lat' dir='ltr'><strong>rediturum</strong></span> <span class='ocrx_word' id='word_1_89' title='bbox 439 1247 683 1306; x_wconf 86' lang='lat' dir='ltr'><strong>populum</strong></span> <span class='ocrx_word' id='word_1_90' title='bbox 723 1249 784 1294; x_wconf 88' lang='lat' dir='ltr'><strong>de</strong></span> <span class='ocrx_word' id='word_1_91' title='bbox 817 1249 1100 1306; x_wconf 84' lang='lat' dir='ltr'><strong>captivitate</strong></span> <span class='ocrx_word' id='word_1_92' title='bbox 1130 1249 1592 1294; x_wconf 88' lang='lat' dir='ltr'><strong>etinstauraturum</strong></span> 
     </span>
    </p>
   </div>
   <div class='ocr_carea' id='block_1_15' title="bbox 39 1309 1594 1370">
    <p class='ocr_par' dir='ltr' id='par_1_15' title="bbox 39 1309 1594 1370">
     <span class='ocr_line' id='line_1_17' title="bbox 39 1309 1594 1370; baseline 0.001 -16"><span class='ocrx_word' id='word_1_93' title='bbox 39 1309 248 1354; x_wconf 82' lang='lat' dir='ltr'><strong>civitatem</strong></span> <span class='ocrx_word' id='word_1_94' title='bbox 285 1309 445 1368; x_wconf 86' lang='lat' dir='ltr'><strong>ipsam</strong></span> <span class='ocrx_word' id='word_1_95' title='bbox 487 1310 780 1370; x_wconf 77' lang='lat' dir='ltr'><strong>Jerusalem,</strong></span> <span class='ocrx_word' id='word_1_96' title='bbox 822 1323 974 1368; x_wconf 85' lang='lat' dir='ltr'><strong>quam</strong></span> <span class='ocrx_word' id='word_1_97' title='bbox 1001 1311 1243 1357; x_wconf 87' lang='lat' dir='ltr'><strong>devictam</strong></span> <span class='ocrx_word' id='word_1_98' title='bbox 1270 1312 1332 1357; x_wconf 84' lang='lat' dir='ltr'><strong>ab</strong></span> <span class='ocrx_word' id='word_1_99' title='bbox 1365 1311 1594 1356; x_wconf 91' lang='lat' dir='ltr'><strong>hostihus</strong></span> 
     </span>
    </p>
   </div>
   <div class='ocr_carea' id='block_1_16' title="bbox 39 1372 1594 1431">
    <p class='ocr_par' dir='ltr' id='par_1_16' title="bbox 39 1372 1594 1431">
     <span class='ocr_line' id='line_1_18' title="bbox 39 1372 1594 1431; baseline 0.002 -16"><span class='ocrx_word' id='word_1_100' title='bbox 39 1372 279 1429; x_wconf 81' lang='lat' dir='ltr'><strong>planxerat.</strong></span> <span class='ocrx_word' id='word_1_101' title='bbox 305 1375 516 1430; x_wconf 70' lang='lat' dir='ltr'><strong>Aggzeus</strong></span> <span class='ocrx_word' id='word_1_102' title='bbox 541 1386 660 1418; x_wconf 91' lang='lat' dir='ltr'><strong>vero</strong></span> <span class='ocrx_word' id='word_1_103' title='bbox 684 1386 782 1419; x_wconf 90' lang='lat' dir='ltr'><strong>non</strong></span> <span class='ocrx_word' id='word_1_104' title='bbox 809 1373 1490 1431; x_wconf 86' lang='lat' dir='ltr'><strong>prophetavitcaptivitatem,</strong></span> <span class='ocrx_word' id='word_1_105' title='bbox 1508 1373 1594 1419; x_wconf 88' lang='lat' dir='ltr'><strong>sed</strong></span> 
     </span>
    </p>
   </div>
   <div class='ocr_carea' id='block_1_17' title="bbox 39 1434 1593 1494">
    <p class='ocr_par' dir='ltr' id='par_1_17' title="bbox 39 1434 1593 1494">
     <span class='ocr_line' id='line_1_19' title="bbox 39 1434 1593 1494; baseline 0.001 -16"><span class='ocrx_word' id='word_1_106' title='bbox 39 1434 242 1479; x_wconf 80' lang='lat' dir='ltr'><strong>successit</strong></span> <span class='ocrx_word' id='word_1_107' title='bbox 269 1434 518 1493; x_wconf 70' lang='lat' dir='ltr'><strong>Ieremia),</strong></span> <span class='ocrx_word' id='word_1_108' title='bbox 541 1435 632 1494; x_wconf 85' lang='lat' dir='ltr'><strong>qui</strong></span> <span class='ocrx_word' id='word_1_109' title='bbox 662 1440 891 1481; x_wconf 89' lang='lat' dir='ltr'><strong>mortuus</strong></span> <span class='ocrx_word' id='word_1_110' title='bbox 915 1435 1011 1480; x_wconf 81' lang='lat' dir='ltr'><strong>fuit</strong></span> <span class='ocrx_word' id='word_1_111' title='bbox 1031 1436 1151 1481; x_wconf 88' lang='lat' dir='ltr'><strong>dum</strong></span> <span class='ocrx_word' id='word_1_112' title='bbox 1176 1439 1340 1481; x_wconf 81' lang='lat' dir='ltr'><strong>essent</strong></span> <span class='ocrx_word' id='word_1_113' title='bbox 1362 1436 1520 1481; x_wconf 66' lang='lat' dir='ltr'><strong>Judaei</strong></span> <span class='ocrx_word' id='word_1_114' title='bbox 1540 1436 1593 1480; x_wconf 88' lang='lat' dir='ltr'><strong>in</strong></span> 
     </span>
    </p>
   </div>
   <div class='ocr_carea' id='block_1_18' title="bbox 39 1496 1594 1556">
    <p class='ocr_par' dir='ltr' id='par_1_18' title="bbox 39 1496 1594 1556">
     <span class='ocr_line' id='line_1_20' title="bbox 39 1496 1594 1556; baseline 0.002 -18"><span class='ocrx_word' id='word_1_115' title='bbox 39 1496 300 1552; x_wconf 73' lang='lat' dir='ltr'><strong>captivitate.</strong></span> <span class='ocrx_word' id='word_1_116' title='bbox 347 1497 404 1542; x_wconf 91' lang='lat' dir='ltr'><strong>Et</strong></span> <span class='ocrx_word' id='word_1_117' title='bbox 440 1497 549 1556; x_wconf 90' lang='lat' dir='ltr'><strong>ipse</strong></span> <span class='ocrx_word' id='word_1_118' title='bbox 586 1500 800 1556; x_wconf 73' lang='lat' dir='ltr'><strong>Aggzeus</strong></span> <span class='ocrx_word' id='word_1_119' title='bbox 823 1497 1135 1556; x_wconf 87' lang='lat' dir='ltr'><strong>prophetavit</strong></span> <span class='ocrx_word' id='word_1_120' title='bbox 1158 1497 1391 1555; x_wconf 84' lang='lat' dir='ltr'><strong>reditum,</strong></span> <span class='ocrx_word' id='word_1_121' title='bbox 1429 1503 1477 1543; x_wconf 90' lang='lat' dir='ltr'><strong>et</strong></span> <span class='ocrx_word' id='word_1_122' title='bbox 1501 1497 1594 1542; x_wconf 82' lang='lat' dir='ltr'><strong>fuit</strong></span> 
     </span>
    </p>
   </div>
   <div class='ocr_carea' id='block_1_19' title="bbox 38 1556 1594 1617">
    <p class='ocr_par' dir='ltr' id='par_1_19' title="bbox 38 1556 1594 1617">
     <span class='ocr_line' id='line_1_21' title="bbox 38 1556 1594 1617; baseline 0.001 -15"><span class='ocrx_word' id='word_1_123' title='bbox 38 1558 79 1602; x_wconf 90' lang='lat' dir='ltr'><strong>in</strong></span> <span class='ocrx_word' id='word_1_124' title='bbox 101 1557 276 1604; x_wconf 87' lang='lat' dir='ltr'><strong>reditu:</strong></span> <span class='ocrx_word' id='word_1_125' title='bbox 314 1556 436 1617; x_wconf 85' lang='lat' dir='ltr'><strong>quia</strong></span> <span class='ocrx_word' id='word_1_126' title='bbox 479 1564 674 1605; x_wconf 91' lang='lat' dir='ltr'><strong>mortuo</strong></span> <span class='ocrx_word' id='word_1_127' title='bbox 713 1559 1168 1605; x_wconf 79' lang='lat' dir='ltr'><strong>Nabuchodonosor</strong></span> <span class='ocrx_word' id='word_1_128' title='bbox 1199 1559 1438 1605; x_wconf 70' lang='lat' dir='ltr'><strong>successit</strong></span> <span class='ocrx_word' id='word_1_129' title='bbox 1461 1560 1594 1604; x_wconf 89' lang='lat' dir='ltr'><strong>alius</strong></span> 
     </span>
    </p>
   </div>
   <div class='ocr_carea' id='block_1_20' title="bbox 41 1621 1592 1680">
    <p class='ocr_par' dir='ltr' id='par_1_20' title="bbox 41 1621 1592 1680">
     <span class='ocr_line' id='line_1_22' title="bbox 41 1621 1592 1680; baseline 0.002 -17"><span class='ocrx_word' id='word_1_130' title='bbox 41 1621 214 1676; x_wconf 80' lang='lat' dir='ltr'><strong>rex,qui</strong></span> <span class='ocrx_word' id='word_1_131' title='bbox 239 1621 416 1667; x_wconf 87' lang='lat' dir='ltr'><strong>timens</strong></span> <span class='ocrx_word' id='word_1_132' title='bbox 438 1622 592 1667; x_wconf 89' lang='lat' dir='ltr'><strong>Deum</strong></span> <span class='ocrx_word' id='word_1_133' title='bbox 617 1622 811 1668; x_wconf 86' lang='lat' dir='ltr'><strong>dimisit</strong></span> <span class='ocrx_word' id='word_1_134' title='bbox 833 1622 1078 1680; x_wconf 76' lang='lat' dir='ltr'><strong>populum</strong></span> <span class='ocrx_word' id='word_1_135' title='bbox 1103 1623 1206 1667; x_wconf 91' lang='lat' dir='ltr'><strong>Dei.</strong></span> <span class='ocrx_word' id='word_1_136' title='bbox 1241 1622 1330 1667; x_wconf 86' lang='lat' dir='ltr'><strong>Sed</strong></span> <span class='ocrx_word' id='word_1_137' title='bbox 1352 1623 1592 1680; x_wconf 87' lang='lat' dir='ltr'><strong>quoniam</strong></span> 
     </span>
    </p>
   </div>
   <div class='ocr_carea' id='block_1_21' title="bbox 41 1681 1596 1741">
    <p class='ocr_par' dir='ltr' id='par_1_21' title="bbox 41 1681 1596 1741">
     <span class='ocr_line' id='line_1_23' title="bbox 41 1681 1596 1741; baseline 0.003 -17"><span class='ocrx_word' id='word_1_138' title='bbox 41 1681 154 1736; x_wconf 73' lang='lat' dir='ltr'><strong>{dicit</strong></span> <span class='ocrx_word' id='word_1_139' title='bbox 182 1683 454 1741; x_wconf 72' lang='lat' dir='ltr'><strong>Apostolus)</strong></span> <span class='ocrx_word' id='word_1_140' title='bbox 481 1685 586 1730; x_wconf 64' lang='lat' dir='ltr'><strong>hinc,</strong></span> <span class='ocrx_word' id='word_1_141' title='bbox 618 1685 672 1730; x_wconf 90' lang='lat' dir='ltr'><strong>in</strong></span> <span class='ocrx_word' id='word_1_142' title='bbox 692 1685 852 1739; x_wconf 73' lang='lat' dir='ltr'><strong>ﬁgura</strong></span> <span class='ocrx_word' id='word_1_143' title='bbox 883 1685 1237 1738; x_wconf 66' lang='lat' dir='ltr'><strong>contingebant</strong></span> <span class='ocrx_word' id='word_1_144' title='bbox 1261 1684 1385 1739; x_wconf 88' lang='lat' dir='ltr'><strong>illis,</strong></span> <span class='ocrx_word' id='word_1_145' title='bbox 1411 1685 1596 1741; x_wconf 88' lang='lat' dir='ltr'><strong>scripta</strong></span> 
     </span>
    </p>
   </div>
   <div class='ocr_carea' id='block_1_22' title="bbox 39 1746 1596 1806">
    <p class='ocr_par' dir='ltr' id='par_1_22' title="bbox 39 1746 1596 1806">
     <span class='ocr_line' id='line_1_24' title="bbox 39 1746 1596 1806; baseline 0.002 -19"><span class='ocrx_word' id='word_1_146' title='bbox 39 1749 175 1806; x_wconf 82' lang='lat' dir='ltr'><strong>autem</strong></span> <span class='ocrx_word' id='word_1_147' title='bbox 202 1749 556 1806; x_wconf 12' lang='lat' dir='ltr'><strong>suntrpropter</strong></span> <span class='ocrx_word' id='word_1_148' title='bbox 580 1759 691 1806; x_wconf 82' lang='lat' dir='ltr'><strong>nos,</strong></span> <span class='ocrx_word' id='word_1_149' title='bbox 722 1747 776 1792; x_wconf 90' lang='lat' dir='ltr'><strong>in</strong></span> <span class='ocrx_word' id='word_1_150' title='bbox 803 1760 929 1804; x_wconf 88' lang='lat' dir='ltr'><strong>quos</strong></span> <span class='ocrx_word' id='word_1_151' title='bbox 955 1748 1072 1792; x_wconf 89' lang='lat' dir='ltr'><strong>tinis</strong></span> <span class='ocrx_word' id='word_1_152' title='bbox 1094 1747 1377 1792; x_wconf 74' lang='lat' dir='ltr'><strong>seculorum</strong></span> <span class='ocrx_word' id='word_1_153' title='bbox 1394 1746 1596 1792; x_wconf 84' lang='lat' dir='ltr'><strong>obvenit</strong></span> 
     </span>
    </p>
   </div>
   <div class='ocr_carea' id='block_1_23' title="bbox 40 1805 1595 1866">
    <p class='ocr_par' dir='ltr' id='par_1_23' title="bbox 40 1805 1595 1866">
     <span class='ocr_line' id='line_1_25' title="bbox 40 1805 1595 1866; baseline -0.001 -13"><span class='ocrx_word' id='word_1_154' title='bbox 40 1807 90 1862; x_wconf 75' lang='lat' dir='ltr'><strong>(l.</strong></span> <span class='ocrx_word' id='word_1_155' title='bbox 115 1805 221 1854; x_wconf 81' lang='lat' dir='ltr'><strong>Cor.</strong></span> <span class='ocrx_word' id='word_1_156' title='bbox 246 1805 342 1866; x_wconf 84' lang='grc'><strong>10.)</strong></span> <span class='ocrx_word' id='word_1_157' title='bbox 363 1820 376 1854; x_wconf 92' lang='lat'>:</span> <span class='ocrx_word' id='word_1_158' title='bbox 405 1808 647 1854; x_wconf 83' lang='lat' dir='ltr'><strong>debemus</strong></span> <span class='ocrx_word' id='word_1_159' title='bbox 669 1813 717 1854; x_wconf 92' lang='lat' dir='ltr'><strong>et</strong></span> <span class='ocrx_word' id='word_1_160' title='bbox 741 1821 831 1854; x_wconf 88' lang='lat' dir='ltr'><strong>nos</strong></span> <span class='ocrx_word' id='word_1_161' title='bbox 843 1821 990 1854; x_wconf 89' lang='lat' dir='ltr'><strong>nosse</strong></span> <span class='ocrx_word' id='word_1_162' title='bbox 1007 1808 1493 1866; x_wconf 87' lang='lat' dir='ltr'><strong>priuscaptivitatem</strong></span> <span class='ocrx_word' id='word_1_163' title='bbox 1509 1822 1595 1853; x_wconf 90' lang='lat' dir='ltr'><strong>uo-</strong></span> 
     </span>
    </p>
   </div>
   <div class='ocr_carea' id='block_1_24' title="bbox 41 1867 1596 1927">
    <p class='ocr_par' dir='ltr' id='par_1_24' title="bbox 41 1867 1596 1927">
     <span class='ocr_line' id='line_1_26' title="bbox 41 1867 1596 1927; baseline 0.003 -17"><span class='ocrx_word' id='word_1_164' title='bbox 41 1873 180 1927; x_wconf 80' lang='lat' dir='ltr'><strong>stram,</strong></span> <span class='ocrx_word' id='word_1_165' title='bbox 195 1867 732 1917; x_wconf 82' lang='lat' dir='ltr'><strong>deindeliberationem</strong></span> <span class='ocrx_word' id='word_1_166' title='bbox 752 1876 988 1916; x_wconf 88' lang='lat' dir='ltr'><strong>nostram.</strong></span> <span class='ocrx_word' id='word_1_167' title='bbox 1013 1871 1257 1916; x_wconf 85' lang='lat' dir='ltr'><strong>Debemus</strong></span> <span class='ocrx_word' id='word_1_168' title='bbox 1273 1884 1418 1916; x_wconf 87' lang='lat' dir='ltr'><strong>nosse</strong></span> <span class='ocrx_word' id='word_1_169' title='bbox 1433 1871 1596 1927; x_wconf 76' lang='lat' dir='ltr'><strong>Baby-</strong></span> 
     </span>
    </p>
   </div>
   <div class='ocr_carea' id='block_1_25' title="bbox 42 1931 1594 1991">
    <p class='ocr_par' dir='ltr' id='par_1_25' title="bbox 42 1931 1594 1991">
     <span class='ocr_line' id='line_1_27' title="bbox 42 1931 1594 1991; baseline 0.002 -18"><span class='ocrx_word' id='word_1_170' title='bbox 42 1931 197 1976; x_wconf 85' lang='lat' dir='ltr'><strong>loniam</strong></span> <span class='ocrx_word' id='word_1_171' title='bbox 219 1933 267 1977; x_wconf 90' lang='lat' dir='ltr'><strong>in</strong></span> <span class='ocrx_word' id='word_1_172' title='bbox 292 1944 394 1991; x_wconf 87' lang='lat' dir='ltr'><strong>qua</strong></span> <span class='ocrx_word' id='word_1_173' title='bbox 417 1931 597 1991; x_wconf 79' lang='lat' dir='ltr'><strong>captivi</strong></span> <span class='ocrx_word' id='word_1_174' title='bbox 621 1946 816 1987; x_wconf 88' lang='lat' dir='ltr'><strong>sumus,</strong></span> <span class='ocrx_word' id='word_1_175' title='bbox 833 1937 878 1977; x_wconf 91' lang='lat' dir='ltr'><strong>et</strong></span> <span class='ocrx_word' id='word_1_176' title='bbox 899 1933 1173 1978; x_wconf 87' lang='lat' dir='ltr'><strong>Jerusalem</strong></span> <span class='ocrx_word' id='word_1_177' title='bbox 1191 1933 1252 1978; x_wconf 87' lang='lat' dir='ltr'><strong>ad</strong></span> <span class='ocrx_word' id='word_1_178' title='bbox 1287 1933 1432 1989; x_wconf 88' lang='lat' dir='ltr'><strong>cujus</strong></span> <span class='ocrx_word' id='word_1_179' title='bbox 1458 1931 1594 1977; x_wconf 85' lang='lat' dir='ltr'><strong>redi-</strong></span> 
     </span>
    </p>
   </div>
   <div class='ocr_carea' id='block_1_26' title="bbox 42 1993 1592 2052">
    <p class='ocr_par' dir='ltr' id='par_1_26' title="bbox 42 1993 1592 2052">
     <span class='ocr_line' id='line_1_28' title="bbox 42 1993 1592 2052; baseline 0.003 -18"><span class='ocrx_word' id='word_1_180' title='bbox 42 1997 123 2036; x_wconf 85' lang='lat' dir='ltr'><strong>tum</strong></span> <span class='ocrx_word' id='word_1_181' title='bbox 145 1993 468 2052; x_wconf 87' lang='lat' dir='ltr'><strong>suspiramus.</strong></span> <span class='ocrx_word' id='word_1_182' title='bbox 495 1996 623 2042; x_wconf 90' lang='lat' dir='ltr'><strong>Duas</strong></span> <span class='ocrx_word' id='word_1_183' title='bbox 647 1995 768 2041; x_wconf 87' lang='lat' dir='ltr'><strong>istas</strong></span> <span class='ocrx_word' id='word_1_184' title='bbox 791 1996 1016 2041; x_wconf 86' lang='lat' dir='ltr'><strong>civitates</strong></span> <span class='ocrx_word' id='word_1_185' title='bbox 1040 1995 1104 2040; x_wconf 76' lang='lat' dir='ltr'><strong>far</strong></span> <span class='ocrx_word' id='word_1_186' title='bbox 1120 1995 1230 2040; x_wconf 80' lang='lat' dir='ltr'><strong>iuni</strong></span> <span class='ocrx_word' id='word_1_187' title='bbox 1253 1995 1353 2040; x_wconf 92' lang='lat' dir='ltr'><strong>duo</strong></span> <span class='ocrx_word' id='word_1_188' title='bbox 1384 2006 1592 2040; x_wconf 89' lang='lat' dir='ltr'><strong>amores.</strong></span> 
     </span>
    </p>
   </div>
   <div class='ocr_carea' id='block_1_27' title="bbox 38 2055 1594 2116">
    <p class='ocr_par' dir='ltr' id='par_1_27' title="bbox 38 2055 1594 2116">
     <span class='ocr_line' id='line_1_29' title="bbox 38 2055 1594 2116; baseline 0.004 -19"><span class='ocrx_word' id='word_1_189' title='bbox 38 2055 272 2102; x_wconf 82' lang='lat' dir='ltr'><strong>Jerusalem</strong></span> <span class='ocrx_word' id='word_1_190' title='bbox 318 2057 438 2105; x_wconf 80' lang='lat' dir='ltr'><strong>facit</strong></span> <span class='ocrx_word' id='word_1_191' title='bbox 460 2071 598 2104; x_wconf 90' lang='lat' dir='ltr'><strong>amor</strong></span> <span class='ocrx_word' id='word_1_192' title='bbox 621 2058 706 2104; x_wconf 89' lang='lat' dir='ltr'><strong>Dei</strong></span> <span class='ocrx_word' id='word_1_193' title='bbox 735 2071 744 2101; x_wconf 90' lang='lat'>:</span> <span class='ocrx_word' id='word_1_194' title='bbox 773 2057 1096 2116; x_wconf 82' lang='lat' dir='ltr'><strong>Babyloniam</strong></span> <span class='ocrx_word' id='word_1_195' title='bbox 1115 2057 1230 2102; x_wconf 80' lang='lat' dir='ltr'><strong>facit</strong></span> <span class='ocrx_word' id='word_1_196' title='bbox 1253 2070 1392 2102; x_wconf 90' lang='lat' dir='ltr'><strong>amor</strong></span> <span class='ocrx_word' id='word_1_197' title='bbox 1415 2056 1594 2104; x_wconf 90' lang='lat' dir='ltr'><strong>seculi.</strong></span> 
     </span>
    </p>
   </div>
   <div class='ocr_carea' id='block_1_28' title="bbox 41 2115 1597 2178">
    <p class='ocr_par' dir='ltr' id='par_1_28' title="bbox 41 2115 1597 2178">
     <span class='ocr_line' id='line_1_30' title="bbox 41 2115 1597 2178; baseline 0.003 -18"><span class='ocrx_word' id='word_1_198' title='bbox 41 2115 268 2168; x_wconf 64' lang='lat' dir='ltr'><strong>interroaet</strong></span> <span class='ocrx_word' id='word_1_199' title='bbox 290 2132 410 2178; x_wconf 85' lang='lat' dir='ltr'><strong>ergo</strong></span> <span class='ocrx_word' id='word_1_200' title='bbox 436 2115 944 2178; x_wconf 85' lang='lat' dir='ltr'><strong>unusquisque,quid</strong></span> <span class='ocrx_word' id='word_1_201' title='bbox 973 2123 1118 2176; x_wconf 89' lang='lat' dir='ltr'><strong>amet,</strong></span> <span class='ocrx_word' id='word_1_202' title='bbox 1137 2123 1184 2164; x_wconf 90' lang='lat' dir='ltr'><strong>et</strong></span> <span class='ocrx_word' id='word_1_203' title='bbox 1215 2119 1436 2165; x_wconf 81' lang='lat' dir='ltr'><strong>inveniet</strong></span> <span class='ocrx_word' id='word_1_204' title='bbox 1463 2119 1597 2165; x_wconf 89' lang='lat' dir='ltr'><strong>unde</strong></span> 
     </span>
    </p>
   </div>
   <div class='ocr_carea' id='block_1_29' title="bbox 41 2179 1600 2240">
    <p class='ocr_par' dir='ltr' id='par_1_29' title="bbox 41 2179 1600 2240">
     <span class='ocr_line' id='line_1_31' title="bbox 41 2179 1600 2240; baseline 0.003 -18"><span class='ocrx_word' id='word_1_205' title='bbox 41 2181 90 2222; x_wconf 89' lang='lat' dir='ltr'><strong>sit</strong></span> <span class='ocrx_word' id='word_1_206' title='bbox 107 2179 239 2229; x_wconf 86' lang='lat' dir='ltr'><strong>civis.</strong></span> <span class='ocrx_word' id='word_1_207' title='bbox 266 2181 314 2227; x_wconf 89' lang='lat' dir='ltr'><strong>Si</strong></span> <span class='ocrx_word' id='word_1_208' title='bbox 339 2195 396 2229; x_wconf 91' lang='lat' dir='ltr'><strong>se</strong></span> <span class='ocrx_word' id='word_1_209' title='bbox 419 2183 674 2228; x_wconf 84' lang='lat' dir='ltr'><strong>invenerit</strong></span> <span class='ocrx_word' id='word_1_210' title='bbox 695 2183 854 2228; x_wconf 86' lang='lat' dir='ltr'><strong>civem</strong></span> <span class='ocrx_word' id='word_1_211' title='bbox 872 2181 1600 2240; x_wconf 69' lang='lat' dir='ltr'><strong>Babylonimextirpetcupidi-</strong></span> 
     </span>
    </p>
   </div>
   <div class='ocr_carea' id='block_1_30' title="bbox 41 2243 1594 2305">
    <p class='ocr_par' dir='ltr' id='par_1_30' title="bbox 41 2243 1594 2305">
     <span class='ocr_line' id='line_1_32' title="bbox 41 2243 1594 2305; baseline 0.003 -21"><span class='ocrx_word' id='word_1_212' title='bbox 41 2245 174 2305; x_wconf 84' lang='lat' dir='ltr'><strong>tatem,</strong></span> <span class='ocrx_word' id='word_1_213' title='bbox 197 2243 381 2300; x_wconf 81' lang='lat' dir='ltr'><strong>plantat</strong></span> <span class='ocrx_word' id='word_1_214' title='bbox 402 2245 678 2291; x_wconf 84' lang='lat' dir='ltr'><strong>caritatem.</strong></span> <span class='ocrx_word' id='word_1_215' title='bbox 705 2245 754 2290; x_wconf 89' lang='lat' dir='ltr'><strong>Si</strong></span> <span class='ocrx_word' id='word_1_216' title='bbox 781 2257 832 2289; x_wconf 85' lang='lat' dir='ltr'><strong>se</strong></span> <span class='ocrx_word' id='word_1_217' title='bbox 853 2244 1103 2290; x_wconf 88' lang='lat' dir='ltr'><strong>invenerit</strong></span> <span class='ocrx_word' id='word_1_218' title='bbox 1123 2245 1286 2290; x_wconf 88' lang='lat' dir='ltr'><strong>civem</strong></span> <span class='ocrx_word' id='word_1_219' title='bbox 1301 2245 1594 2305; x_wconf 83' lang='lat' dir='ltr'><strong>Jerusalem,</strong></span> 
     </span>
    </p>
   </div>
   <div class='ocr_carea' id='block_1_31' title="bbox 41 2303 1596 2364">
    <p class='ocr_par' dir='ltr' id='par_1_31' title="bbox 41 2303 1596 2364">
     <span class='ocr_line' id='line_1_33' title="bbox 41 2303 1596 2364; baseline 0.002 -17"><span class='ocrx_word' id='word_1_220' title='bbox 41 2303 180 2349; x_wconf 83' lang='lat' dir='ltr'><strong>toleret</strong></span> <span class='ocrx_word' id='word_1_221' title='bbox 201 2307 736 2364; x_wconf 87' lang='lat' dir='ltr'><strong>captivitatem,speret</strong></span> <span class='ocrx_word' id='word_1_222' title='bbox 755 2306 1048 2354; x_wconf 87' lang='lat' dir='ltr'><strong>libertatem.</strong></span> <span class='ocrx_word' id='word_1_223' title='bbox 1086 2306 1301 2360; x_wconf 84' lang='lat' dir='ltr'><strong>Quidam</strong></span> <span class='ocrx_word' id='word_1_224' title='bbox 1329 2305 1459 2350; x_wconf 91' lang='lat' dir='ltr'><strong>tituli</strong></span> <span class='ocrx_word' id='word_1_225' title='bbox 1491 2303 1596 2351; x_wconf 85' lang='lat' dir='ltr'><strong>loco</strong></span> 
     </span>
    </p>
   </div>
   <div class='ocr_carea' id='block_1_32' title="bbox 40 2364 1594 2428">
    <p class='ocr_par' dir='ltr' id='par_1_32' title="bbox 40 2364 1594 2428">
     <span class='ocr_line' id='line_1_34' title="bbox 40 2364 1594 2428; baseline 0.004 -18"><span class='ocrx_word' id='word_1_226' title='bbox 40 2364 387 2425; x_wconf 57' lang='lat' dir='ltr'><strong>Aggziponunt</strong></span> <span class='ocrx_word' id='word_1_227' title='bbox 411 2367 757 2427; x_wconf 71' lang='lat' dir='ltr'><strong>Ezechiel,qui</strong></span> <span class='ocrx_word' id='word_1_228' title='bbox 784 2369 878 2414; x_wconf 82' lang='lat' dir='ltr'><strong>fuit</strong></span> <span class='ocrx_word' id='word_1_229' title='bbox 902 2369 954 2414; x_wconf 93' lang='lat' dir='ltr'><strong>in</strong></span> <span class='ocrx_word' id='word_1_230' title='bbox 979 2367 1264 2428; x_wconf 86' lang='lat' dir='ltr'><strong>captivitate</strong></span> <span class='ocrx_word' id='word_1_231' title='bbox 1292 2367 1594 2426; x_wconf 64' lang='lat' dir='ltr'><strong>Babylonize.</strong></span> 
     </span>
    </p>
   </div>
   <div class='ocr_carea' id='block_1_33' title="bbox 44 2427 1598 2500">
    <p class='ocr_par' dir='ltr' id='par_1_33' title="bbox 44 2427 1598 2500">
     <span class='ocr_line' id='line_1_35' title="bbox 44 2427 1598 2500; baseline 0.003 -31"><span class='ocrx_word' id='word_1_232' title='bbox 44 2427 81 2500; x_wconf 58' lang='lat' dir='ltr'><strong>irit</strong></span> <span class='ocrx_word' id='word_1_233' title='bbox 93 2429 164 2472; x_wconf 88' lang='lat' dir='ltr'><strong>ubi</strong></span> <span class='ocrx_word' id='word_1_234' title='bbox 177 2429 252 2476; x_wconf 88' lang='lat' dir='ltr'><strong>hic</strong></span> <span class='ocrx_word' id='word_1_235' title='bbox 267 2431 366 2500; x_wconf 74' lang='lat' dir='ltr'><strong>dici</strong></span> <span class='ocrx_word' id='word_1_236' title='bbox 377 2435 457 2476; x_wconf 89' lang='lat' dir='ltr'><strong>tur</strong></span> <span class='ocrx_word' id='word_1_237' title='bbox 467 2430 529 2478; x_wconf 84' lang='lat' dir='ltr'><strong>dc</strong></span> <span class='ocrx_word' id='word_1_238' title='bbox 547 2429 695 2500; x_wconf 67' lang='lat' dir='ltr'><strong>uerbo</strong></span> <span class='ocrx_word' id='word_1_239' title='bbox 707 2429 1108 2500; x_wconf 42' lang='lat' dir='ltr'><strong>pei&#39;cgqigiotiop</strong></span> <span class='ocrx_word' id='word_1_240' title='bbox 1117 2430 1178 2486; x_wconf 84' lang='lat' dir='ltr'><strong>is,</strong></span> <span class='ocrx_word' id='word_1_241' title='bbox 1193 2430 1598 2500; x_wconf 78' lang='lat' dir='ltr'><strong>quitlam,dicunt</strong></span> 
     </span>
    </p>
   </div>
   <div class='ocr_carea' id='block_1_34' title="bbox 41 2487 1595 2554">
    <p class='ocr_par' dir='ltr' id='par_1_34' title="bbox 41 2487 1595 2554">
     <span class='ocr_line' id='line_1_36' title="bbox 41 2487 1595 2554; baseline -0.001 -17"><span class='ocrx_word' id='word_1_242' title='bbox 41 2487 109 2534; x_wconf 63' lang='lat' dir='ltr'><strong>Ex</strong></span> <span class='ocrx_word' id='word_1_243' title='bbox 127 2491 309 2552; x_wconf 79' lang='lat' dir='ltr'><strong>populo</strong></span> <span class='ocrx_word' id='word_1_244' title='bbox 333 2487 858 2554; x_wconf 66' lang='lat' dir='ltr'><strong>transmigrationis.</strong></span> <span class='ocrx_word' id='word_1_245' title='bbox 877 2493 968 2538; x_wconf 83' lang='lat' dir='ltr'><strong>Ubi</strong></span> <span class='ocrx_word' id='word_1_246' title='bbox 1002 2495 1092 2539; x_wconf 79' lang='lat' dir='ltr'><strong>etsi</strong></span> <span class='ocrx_word' id='word_1_247' title='bbox 1117 2487 1263 2538; x_wconf 83' lang='lat' dir='ltr'><strong>verba</strong></span> <span class='ocrx_word' id='word_1_248' title='bbox 1292 2487 1595 2550; x_wconf 82' lang='lat' dir='ltr'><strong>discrepant.</strong></span> 
     </span>
    </p>
   </div>
   <div class='ocr_carea' id='block_1_35' title="bbox 45 2555 1597 2613">
    <p class='ocr_par' dir='ltr' id='par_1_35' title="bbox 45 2555 1597 2613">
     <span class='ocr_line' id='line_1_37' title="bbox 45 2555 1597 2613; baseline 0.002 -18"><span class='ocrx_word' id='word_1_249' title='bbox 45 2555 250 2600; x_wconf 80' lang='lat' dir='ltr'><strong>sententia</strong></span> <span class='ocrx_word' id='word_1_250' title='bbox 275 2569 378 2602; x_wconf 90' lang='lat' dir='ltr'><strong>uon</strong></span> <span class='ocrx_word' id='word_1_251' title='bbox 405 2555 879 2612; x_wconf 85' lang='lat' dir='ltr'><strong>discordat.Sedjam</strong></span> <span class='ocrx_word' id='word_1_252' title='bbox 893 2557 1256 2613; x_wconf 83' lang='lat' dir='ltr'><strong>expositionem</strong></span> <span class='ocrx_word' id='word_1_253' title='bbox 1279 2555 1597 2600; x_wconf 88' lang='lat' dir='ltr'><strong>titulividea-</strong></span> 
     </span>
    </p>
   </div>
   <div class='ocr_carea' id='block_1_36' title="bbox 46 2616 1598 2675">
    <p class='ocr_par' dir='ltr' id='par_1_36' title="bbox 46 2616 1598 2675">
     <span class='ocr_line' id='line_1_38' title="bbox 46 2616 1598 2675; baseline 0.003 -19"><span class='ocrx_word' id='word_1_254' title='bbox 46 2627 148 2662; x_wconf 84' lang='lat' dir='ltr'><strong>mus.</strong></span> <span class='ocrx_word' id='word_1_255' title='bbox 162 2617 380 2664; x_wconf 83' lang='lat' dir='ltr'><strong>Psalmus</strong></span> <span class='ocrx_word' id='word_1_256' title='bbox 395 2619 487 2664; x_wconf 90' lang='lat' dir='ltr'><strong>iste</strong></span> <span class='ocrx_word' id='word_1_257' title='bbox 499 2619 734 2664; x_wconf 88' lang='lat' dir='ltr'><strong>convenit</strong></span> <span class='ocrx_word' id='word_1_258' title='bbox 756 2619 904 2664; x_wconf 86' lang='lat' dir='ltr'><strong>David</strong></span> <span class='ocrx_word' id='word_1_259' title='bbox 924 2620 1174 2675; x_wconf 68' lang='lat' dir='ltr'><strong>propheta:</strong></span> <span class='ocrx_word' id='word_1_260' title='bbox 1189 2622 1236 2662; x_wconf 89' lang='lat' dir='ltr'><strong>et</strong></span> <span class='ocrx_word' id='word_1_261' title='bbox 1251 2616 1365 2662; x_wconf 90' lang='lat' dir='ltr'><strong>aliis</strong></span> <span class='ocrx_word' id='word_1_262' title='bbox 1383 2617 1598 2662; x_wconf 86' lang='lat' dir='ltr'><strong>redeun-</strong></span> 
     </span>
    </p>
   </div>
   <div class='ocr_carea' id='block_1_37' title="bbox 45 2677 1599 2738">
    <p class='ocr_par' dir='ltr' id='par_1_37' title="bbox 45 2677 1599 2738">
     <span class='ocr_line' id='line_1_39' title="bbox 45 2677 1599 2738; baseline 0.001 -17"><span class='ocrx_word' id='word_1_263' title='bbox 45 2677 166 2724; x_wconf 85' lang='lat' dir='ltr'><strong>tibus.</strong></span> <span class='ocrx_word' id='word_1_264' title='bbox 197 2679 288 2732; x_wconf 79' lang='lat' dir='ltr'><strong>Qui</strong></span> <span class='ocrx_word' id='word_1_265' title='bbox 311 2681 544 2738; x_wconf 86' lang='lat' dir='ltr'><strong>psalmus</strong></span> <span class='ocrx_word' id='word_1_266' title='bbox 566 2686 639 2727; x_wconf 91' lang='lat' dir='ltr'><strong>est</strong></span> <span class='ocrx_word' id='word_1_267' title='bbox 661 2681 907 2727; x_wconf 86' lang='lat' dir='ltr'><strong>canticum</strong></span> <span class='ocrx_word' id='word_1_268' title='bbox 933 2679 1165 2728; x_wconf 69' lang='lat' dir='ltr'><strong>Jeremiie</strong></span> <span class='ocrx_word' id='word_1_269' title='bbox 1188 2683 1234 2723; x_wconf 91' lang='lat' dir='ltr'><strong>et</strong></span> <span class='ocrx_word' id='word_1_270' title='bbox 1257 2681 1442 2735; x_wconf 71' lang='lat' dir='ltr'><strong>Aggmi.</strong></span> <span class='ocrx_word' id='word_1_271' title='bbox 1471 2679 1599 2732; x_wconf 80' lang='lat' dir='ltr'><strong>Quia</strong></span> 
     </span>
    </p>
   </div>
   <div class='ocr_carea' id='block_1_38' title="bbox 41 2741 1599 2800">
    <p class='ocr_par' dir='ltr' id='par_1_38' title="bbox 41 2741 1599 2800">
     <span class='ocr_line' id='line_1_40' title="bbox 41 2741 1599 2800; baseline 0.003 -18"><span class='ocrx_word' id='word_1_272' title='bbox 41 2741 213 2795; x_wconf 78' lang='lat' dir='ltr'><strong>exponit</strong></span> <span class='ocrx_word' id='word_1_273' title='bbox 259 2743 408 2789; x_wconf 88' lang='lat' dir='ltr'><strong>nobis</strong></span> <span class='ocrx_word' id='word_1_274' title='bbox 453 2743 601 2800; x_wconf 89' lang='lat' dir='ltr'><strong>illud,</strong></span> <span class='ocrx_word' id='word_1_275' title='bbox 637 2744 772 2789; x_wconf 90' lang='lat' dir='ltr'><strong>unde</strong></span> <span class='ocrx_word' id='word_1_276' title='bbox 795 2741 1404 2788; x_wconf 81' lang='lat' dir='ltr'><strong>exultaveruntJeremias</strong></span> <span class='ocrx_word' id='word_1_277' title='bbox 1428 2746 1476 2786; x_wconf 90' lang='lat' dir='ltr'><strong>et</strong></span> <span class='ocrx_word' id='word_1_278' title='bbox 1499 2745 1599 2795; x_wconf 77' lang='lat' dir='ltr'><strong>Ag-</strong></span> 
     </span>
    </p>
   </div>
   <div class='ocr_carea' id='block_1_39' title="bbox 43 2803 1598 2862">
    <p class='ocr_par' dir='ltr' id='par_1_39' title="bbox 43 2803 1598 2862">
     <span class='ocr_line' id='line_1_41' title="bbox 43 2803 1598 2862; baseline 0.001 -16"><span class='ocrx_word' id='word_1_279' title='bbox 43 2813 167 2859; x_wconf 74' lang='lat' dir='ltr'><strong>gzcus,</strong></span> <span class='ocrx_word' id='word_1_280' title='bbox 194 2805 295 2850; x_wconf 86' lang='lat' dir='ltr'><strong>sive</strong></span> <span class='ocrx_word' id='word_1_281' title='bbox 319 2805 602 2861; x_wconf 83' lang='lat' dir='ltr'><strong>Zacharias,</strong></span> <span class='ocrx_word' id='word_1_282' title='bbox 627 2805 734 2851; x_wconf 85' lang='lat' dir='ltr'><strong>sive</strong></span> <span class='ocrx_word' id='word_1_283' title='bbox 756 2805 996 2852; x_wconf 81' lang='lat' dir='ltr'><strong>Ezechiel.</strong></span> <span class='ocrx_word' id='word_1_284' title='bbox 1015 2804 1105 2862; x_wconf 90' lang='lat' dir='ltr'><strong>qui</strong></span> <span class='ocrx_word' id='word_1_285' title='bbox 1124 2805 1320 2850; x_wconf 81' lang='lat' dir='ltr'><strong>fuerunt</strong></span> <span class='ocrx_word' id='word_1_286' title='bbox 1338 2817 1393 2849; x_wconf 81' lang='lat' dir='ltr'><strong>ex</strong></span> <span class='ocrx_word' id='word_1_287' title='bbox 1412 2803 1598 2861; x_wconf 87' lang='lat' dir='ltr'><strong>populo</strong></span> 
     </span>
    </p>
   </div>
   <div class='ocr_carea' id='block_1_40' title="bbox 44 2863 1600 2932">
    <p class='ocr_par' dir='ltr' id='par_1_40' title="bbox 44 2863 1600 2932">
     <span class='ocr_line' id='line_1_42' title="bbox 44 2863 1600 2932; baseline 0.004 -27"><span class='ocrx_word' id='word_1_288' title='bbox 44 2864 481 2932; x_wconf 72' lang='lat' dir='ltr'><strong>transmigrationis.</strong></span> <span class='ocrx_word' id='word_1_289' title='bbox 513 2867 791 2932; x_wconf 78' lang='lat' dir='ltr'><strong>Canticum,</strong></span> <span class='ocrx_word' id='word_1_290' title='bbox 816 2868 944 2932; x_wconf 85' lang='lat' dir='ltr'><strong>dico,</strong></span> <span class='ocrx_word' id='word_1_291' title='bbox 963 2867 1191 2932; x_wconf 75' lang='lat' dir='ltr'><strong>habitum</strong></span> <span class='ocrx_word' id='word_1_292' title='bbox 1213 2863 1275 2912; x_wconf 85' lang='lat' dir='ltr'><strong>de</strong></span> <span class='ocrx_word' id='word_1_293' title='bbox 1290 2863 1440 2932; x_wconf 79' lang='lat' dir='ltr'><strong>verbo</strong></span> <span class='ocrx_word' id='word_1_294' title='bbox 1451 2879 1600 2932; x_wconf 59' lang='lat' dir='ltr'><strong>pere-</strong></span> 
     </span>
    </p>
   </div>
   <div class='ocr_carea' id='block_1_41' title="bbox 41 2926 1597 2991">
    <p class='ocr_par' dir='ltr' id='par_1_41' title="bbox 41 2926 1597 2991">
     <span class='ocr_line' id='line_1_43' title="bbox 41 2926 1597 2991; baseline 0.003 -23"><span class='ocrx_word' id='word_1_295' title='bbox 41 2926 354 2988; x_wconf 72' lang='lat' dir='ltr'><strong>grinatio-nis,</strong></span> <span class='ocrx_word' id='word_1_296' title='bbox 385 2930 530 2991; x_wconf 84' lang='lat' dir='ltr'><strong>idest,</strong></span> <span class='ocrx_word' id='word_1_297' title='bbox 555 2931 618 2977; x_wconf 90' lang='lat' dir='ltr'><strong>de</strong></span> <span class='ocrx_word' id='word_1_298' title='bbox 641 2926 960 2986; x_wconf 85' lang='lat' dir='ltr'><strong>revelatione,</strong></span> <span class='ocrx_word' id='word_1_299' title='bbox 996 2941 1111 2991; x_wconf 68' lang='lat' dir='ltr'><strong>qua:</strong></span> <span class='ocrx_word' id='word_1_300' title='bbox 1130 2929 1256 2991; x_wconf 86' lang='lat' dir='ltr'><strong>facta</strong></span> <span class='ocrx_word' id='word_1_301' title='bbox 1266 2928 1421 2991; x_wconf 88' lang='lat' dir='ltr'><strong>esteis</strong></span> <span class='ocrx_word' id='word_1_302' title='bbox 1444 2941 1472 2973; x_wconf 89' lang='lat' dir='ltr'><strong>a</strong></span> <span class='ocrx_word' id='word_1_303' title='bbox 1501 2929 1597 2974; x_wconf 88' lang='lat' dir='ltr'><strong>Deo</strong></span> 
     </span>
    </p>
   </div>
   <div class='ocr_carea' id='block_1_42' title="bbox 42 2990 1600 3050">
    <p class='ocr_par' dir='ltr' id='par_1_42' title="bbox 42 2990 1600 3050">
     <span class='ocr_line' id='line_1_44' title="bbox 42 2990 1600 3050; baseline -0.006 -8"><span class='ocrx_word' id='word_1_304' title='bbox 42 2999 110 3050; x_wconf 72' lang='grc' dir='ltr'><strong>βω</strong></span> <span class='ocrx_word' id='word_1_305' title='bbox 136 2991 434 3049; x_wconf 82' lang='lat' dir='ltr'><strong>captivorum</strong></span> <span class='ocrx_word' id='word_1_306' title='bbox 473 2990 903 3050; x_wconf 83' lang='lat' dir='ltr'><strong>peregrinatione:</strong></span> <span class='ocrx_word' id='word_1_307' title='bbox 929 2990 1134 3050; x_wconf 88' lang='lat' dir='ltr'><strong>quando</strong></span> <span class='ocrx_word' id='word_1_308' title='bbox 1157 2990 1468 3048; x_wconf 86' lang='lat' dir='ltr'><strong>incipiebant</strong></span> <span class='ocrx_word' id='word_1_309' title='bbox 1491 3002 1600 3048; x_wconf 90' lang='lat' dir='ltr'><strong>pro-</strong></span> 
     </span>
    </p>
   </div>
   <div class='ocr_carea' id='block_1_43' title="bbox 41 3049 1596 3114">
    <p class='ocr_par' dir='ltr' id='par_1_43' title="bbox 41 3049 1596 3114">
     <span class='ocr_line' id='line_1_45' title="bbox 41 3049 1596 3114; baseline 0.003 -22"><span class='ocrx_word' id='word_1_310' title='bbox 41 3049 182 3114; x_wconf 80' lang='lat' dir='ltr'><strong>licisci,</strong></span> <span class='ocrx_word' id='word_1_311' title='bbox 224 3054 274 3100; x_wconf 92' lang='lat' dir='ltr'><strong>id</strong></span> <span class='ocrx_word' id='word_1_312' title='bbox 298 3059 375 3100; x_wconf 88' lang='lat' dir='ltr'><strong>est</strong></span> <span class='ocrx_word' id='word_1_313' title='bbox 401 3049 669 3101; x_wconf 70' lang='lat' dir='ltr'><strong>reverlide</strong></span> <span class='ocrx_word' id='word_1_314' title='bbox 698 3049 968 3114; x_wconf 75' lang='lat' dir='ltr'><strong>Babylonia</strong></span> <span class='ocrx_word' id='word_1_315' title='bbox 998 3053 1052 3099; x_wconf 90' lang='lat' dir='ltr'><strong>in</strong></span> <span class='ocrx_word' id='word_1_316' title='bbox 1075 3051 1368 3100; x_wconf 86' lang='lat' dir='ltr'><strong>Jerusalem.</strong></span> <span class='ocrx_word' id='word_1_317' title='bbox 1415 3053 1596 3097; x_wconf 86' lang='lat' dir='ltr'><strong>Horum</strong></span> 
     </span>
    </p>
   </div>
   <div class='ocr_carea' id='block_1_44' title="bbox 40 3113 1594 3176">
    <p class='ocr_par' dir='ltr' id='par_1_44' title="bbox 40 3113 1594 3176">
     <span class='ocr_line' id='line_1_46' title="bbox 40 3113 1594 3176; baseline 0.001 -19"><span class='ocrx_word' id='word_1_318' title='bbox 40 3113 240 3176; x_wconf 62' lang='lat' dir='ltr'><strong>tuultatio</strong></span> <span class='ocrx_word' id='word_1_319' title='bbox 261 3117 606 3176; x_wconf 67' lang='lat' dir='ltr'><strong>prasilguravit</strong></span> <span class='ocrx_word' id='word_1_320' title='bbox 631 3113 869 3176; x_wconf 85' lang='lat' dir='ltr'><strong>nostram,</strong></span> <span class='ocrx_word' id='word_1_321' title='bbox 892 3128 1041 3174; x_wconf 85' lang='lat' dir='ltr'><strong>quam</strong></span> <span class='ocrx_word' id='word_1_322' title='bbox 1068 3114 1327 3170; x_wconf 87' lang='lat' dir='ltr'><strong>habemus,</strong></span> <span class='ocrx_word' id='word_1_323' title='bbox 1350 3127 1462 3160; x_wconf 90' lang='lat' dir='ltr'><strong>cum</strong></span> <span class='ocrx_word' id='word_1_324' title='bbox 1491 3114 1594 3172; x_wconf 89' lang='lat' dir='ltr'><strong>spi-</strong></span> 
     </span>
    </p>
   </div>
   <div class='ocr_carea' id='block_1_45' title="bbox 41 3174 1592 3238">
    <p class='ocr_par' dir='ltr' id='par_1_45' title="bbox 41 3174 1592 3238">
     <span class='ocr_line' id='line_1_47' title="bbox 41 3174 1592 3238; baseline 0.001 -18"><span class='ocrx_word' id='word_1_325' title='bbox 41 3174 542 3238; x_wconf 44' lang='lat' dir='ltr'><strong>ritualiter&#39;proticisci</strong></span> <span class='ocrx_word' id='word_1_326' title='bbox 579 3180 640 3226; x_wconf 89' lang='lat' dir='ltr'><strong>de</strong></span> <span class='ocrx_word' id='word_1_327' title='bbox 680 3181 770 3225; x_wconf 87' lang='lat' dir='ltr'><strong>hac</strong></span> <span class='ocrx_word' id='word_1_328' title='bbox 795 3174 1196 3238; x_wconf 76' lang='lat' dir='ltr'><strong>peregrinatione</strong></span> <span class='ocrx_word' id='word_1_329' title='bbox 1219 3177 1510 3236; x_wconf 89' lang='lat' dir='ltr'><strong>incipimus.</strong></span> <span class='ocrx_word' id='word_1_330' title='bbox 1537 3177 1592 3221; x_wconf 86' lang='lat' dir='ltr'><strong>Et</strong></span> 
     </span>
    </p>
   </div>
   <div class='ocr_carea' id='block_1_46' title="bbox 39 3235 1584 3300">
    <p class='ocr_par' dir='ltr' id='par_1_46' title="bbox 39 3235 1584 3300">
     <span class='ocr_line' id='line_1_48' title="bbox 39 3235 1584 3300; baseline 0.003 -18"><span class='ocrx_word' id='word_1_331' title='bbox 39 3235 130 3300; x_wconf 72' lang='lat' dir='ltr'><strong>huic</strong></span> <span class='ocrx_word' id='word_1_332' title='bbox 143 3235 374 3300; x_wconf 78' lang='lat' dir='ltr'><strong>Babyloni</strong></span> <span class='ocrx_word' id='word_1_333' title='bbox 385 3257 428 3288; x_wconf 74' lang='lat' dir='ltr'><strong>se</strong></span> <span class='ocrx_word' id='word_1_334' title='bbox 445 3256 546 3289; x_wconf 89' lang='lat' dir='ltr'><strong>non</strong></span> <span class='ocrx_word' id='word_1_335' title='bbox 559 3235 893 3299; x_wconf 75' lang='lat' dir='ltr'><strong>inlendentes,</strong></span> <span class='ocrx_word' id='word_1_336' title='bbox 912 3243 1063 3287; x_wconf 90' lang='lat' dir='ltr'><strong>Deum</strong></span> <span class='ocrx_word' id='word_1_337' title='bbox 1076 3253 1241 3286; x_wconf 84' lang='lat' dir='ltr'><strong>amare</strong></span> <span class='ocrx_word' id='word_1_338' title='bbox 1255 3235 1584 3287; x_wconf 85' lang='lat' dir='ltr'><strong>intendimus.</strong></span> 
     </span>
    </p>
   </div>
   <div class='ocr_carea' id='block_1_47' title="bbox 37 3297 1585 3363">
    <p class='ocr_par' dir='ltr' id='par_1_47' title="bbox 37 3297 1585 3363">
     <span class='ocr_line' id='line_1_49' title="bbox 37 3297 1585 3363; baseline 0 -18"><span class='ocrx_word' id='word_1_339' title='bbox 37 3297 99 3344; x_wconf 74' lang='lat' dir='ltr'><strong>Est</strong></span> <span class='ocrx_word' id='word_1_340' title='bbox 135 3297 262 3349; x_wconf 81' lang='lat' dir='ltr'><strong>enim</strong></span> <span class='ocrx_word' id='word_1_341' title='bbox 293 3305 557 3363; x_wconf 87' lang='lat' dir='ltr'><strong>conceptio</strong></span> <span class='ocrx_word' id='word_1_342' title='bbox 579 3305 764 3351; x_wconf 90' lang='lat' dir='ltr'><strong>amoris</strong></span> <span class='ocrx_word' id='word_1_343' title='bbox 789 3297 994 3350; x_wconf 26' lang='lat' dir='ltr'><strong>init—ium</strong></span> <span class='ocrx_word' id='word_1_344' title='bbox 1019 3301 1378 3361; x_wconf 75' lang='lat' dir='ltr'><strong>proficiscendi.</strong></span> <span class='ocrx_word' id='word_1_345' title='bbox 1407 3301 1585 3359; x_wconf 86' lang='lat' dir='ltr'><strong>incipit</strong></span> 
     </span>
    </p>
   </div>
   <div class='ocr_carea' id='block_1_48' title="bbox 37 3363 1598 3425">
    <p class='ocr_par' dir='ltr' id='par_1_48' title="bbox 37 3363 1598 3425">
     <span class='ocr_line' id='line_1_50' title="bbox 37 3363 1598 3425; baseline 0.004 -22"><span class='ocrx_word' id='word_1_346' title='bbox 37 3363 160 3424; x_wconf 75' lang='lat' dir='ltr'><strong>exire,</strong></span> <span class='ocrx_word' id='word_1_347' title='bbox 191 3366 278 3424; x_wconf 87' lang='lat' dir='ltr'><strong>qui</strong></span> <span class='ocrx_word' id='word_1_348' title='bbox 322 3367 509 3425; x_wconf 85' lang='lat' dir='ltr'><strong>incipit</strong></span> <span class='ocrx_word' id='word_1_349' title='bbox 534 3379 718 3414; x_wconf 88' lang='lat' dir='ltr'><strong>amare.</strong></span> <span class='ocrx_word' id='word_1_350' title='bbox 764 3366 1068 3413; x_wconf 79' lang='lat' dir='ltr'><strong>Exeuntium</strong></span> <span class='ocrx_word' id='word_1_351' title='bbox 1105 3364 1252 3423; x_wconf 87' lang='lat' dir='ltr'><strong>pedes</strong></span> <span class='ocrx_word' id='word_1_352' title='bbox 1285 3368 1399 3410; x_wconf 91' lang='lat' dir='ltr'><strong>sunt</strong></span> <span class='ocrx_word' id='word_1_353' title='bbox 1432 3364 1598 3410; x_wconf 86' lang='lat' dir='ltr'><strong>cordis</strong></span> 
     </span>
    </p>
   </div>
   <div class='ocr_carea' id='block_1_49' title="bbox 35 3425 1594 3488">
    <p class='ocr_par' dir='ltr' id='par_1_49' title="bbox 35 3425 1594 3488">
     <span class='ocr_line' id='line_1_51' title="bbox 35 3425 1594 3488; baseline 0.002 -21"><span class='ocrx_word' id='word_1_354' title='bbox 35 3425 216 3488; x_wconf 68' lang='lat' dir='ltr'><strong>allectus.</strong></span> <span class='ocrx_word' id='word_1_355' title='bbox 245 3429 343 3475; x_wconf 85' lang='lat' dir='ltr'><strong>Etsi</strong></span> <span class='ocrx_word' id='word_1_356' title='bbox 375 3442 582 3488; x_wconf 88' lang='lat' dir='ltr'><strong>corpore</strong></span> <span class='ocrx_word' id='word_1_357' title='bbox 607 3429 773 3475; x_wconf 85' lang='lat' dir='ltr'><strong>adhuc</strong></span> <span class='ocrx_word' id='word_1_358' title='bbox 797 3427 1032 3488; x_wconf 80' lang='lat' dir='ltr'><strong>permixti</strong></span> <span class='ocrx_word' id='word_1_359' title='bbox 1057 3431 1297 3473; x_wconf 89' lang='lat' dir='ltr'><strong>suntcum</strong></span> <span class='ocrx_word' id='word_1_360' title='bbox 1312 3427 1432 3472; x_wconf 83' lang='lat' dir='ltr'><strong>filiis</strong></span> <span class='ocrx_word' id='word_1_361' title='bbox 1445 3426 1594 3485; x_wconf 75' lang='lat' dir='ltr'><strong>Baby-</strong></span> 
     </span>
    </p>
   </div>
   <div class='ocr_carea' id='block_1_50' title="bbox 37 3483 1595 3550">
    <p class='ocr_par' dir='ltr' id='par_1_50' title="bbox 37 3483 1595 3550">
     <span class='ocr_line' id='line_1_52' title="bbox 37 3483 1595 3550; baseline 0 -16"><span class='ocrx_word' id='word_1_362' title='bbox 37 3483 175 3550; x_wconf 68' lang='lat' dir='ltr'><strong>lt-uize,</strong></span> <span class='ocrx_word' id='word_1_363' title='bbox 192 3491 446 3538; x_wconf 86' lang='lat' dir='ltr'><strong>desiderio</strong></span> <span class='ocrx_word' id='word_1_364' title='bbox 466 3483 637 3538; x_wconf 66' lang='lat' dir='ltr'><strong>lumen</strong></span> <span class='ocrx_word' id='word_1_365' title='bbox 661 3483 832 3538; x_wconf 73' lang='lat' dir='ltr'><strong>saneto</strong></span> <span class='ocrx_word' id='word_1_366' title='bbox 847 3493 1226 3537; x_wconf 87' lang='lat' dir='ltr'><strong>discernuntur.</strong></span> <span class='ocrx_word' id='word_1_367' title='bbox 1261 3489 1457 3535; x_wconf 79' lang='lat' dir='ltr'><strong>Materia</strong></span> <span class='ocrx_word' id='word_1_368' title='bbox 1476 3483 1595 3534; x_wconf 81' lang='lat' dir='ltr'><strong>sunt</strong></span> 
     </span>
    </p>
   </div>
   <div class='ocr_carea' id='block_1_51' title="bbox 37 3549 1592 3613">
    <p class='ocr_par' dir='ltr' id='par_1_51' title="bbox 37 3549 1592 3613">
     <span class='ocr_line' id='line_1_53' title="bbox 37 3549 1592 3613; baseline 0.002 -20"><span class='ocrx_word' id='word_1_369' title='bbox 37 3549 109 3613; x_wconf 58' lang='lat' dir='ltr'><strong>ipsi</strong></span> <span class='ocrx_word' id='word_1_370' title='bbox 130 3560 442 3612; x_wconf 79' lang='lat' dir='ltr'><strong>revertentes,</strong></span> <span class='ocrx_word' id='word_1_371' title='bbox 467 3554 556 3613; x_wconf 88' lang='lat' dir='ltr'><strong>qui</strong></span> <span class='ocrx_word' id='word_1_372' title='bbox 586 3554 667 3600; x_wconf 88' lang='lat' dir='ltr'><strong>hic</strong></span> <span class='ocrx_word' id='word_1_373' title='bbox 691 3554 984 3613; x_wconf 87' lang='lat' dir='ltr'><strong>loquuntur.</strong></span> <span class='ocrx_word' id='word_1_374' title='bbox 1011 3555 1067 3598; x_wconf 89' lang='lat' dir='ltr'><strong>In</strong></span> <span class='ocrx_word' id='word_1_375' title='bbox 1092 3553 1253 3609; x_wconf 86' lang='lat' dir='ltr'><strong>prima</strong></span> <span class='ocrx_word' id='word_1_376' title='bbox 1279 3558 1411 3610; x_wconf 87' lang='lat' dir='ltr'><strong>parte</strong></span> <span class='ocrx_word' id='word_1_377' title='bbox 1443 3553 1592 3596; x_wconf 87' lang='lat' dir='ltr'><strong>Deum</strong></span> 
     </span>
    </p>
   </div>
   <div class='ocr_carea' id='block_1_52' title="bbox 37 3608 1598 3676">
    <p class='ocr_par' dir='ltr' id='par_1_52' title="bbox 37 3608 1598 3676">
     <span class='ocr_line' id='line_1_54' title="bbox 37 3608 1598 3676; baseline -0.003 -14"><span class='ocrx_word' id='word_1_378' title='bbox 37 3608 150 3676; x_wconf 64' lang='lat' dir='ltr'><strong>lmth</strong></span> <span class='ocrx_word' id='word_1_379' title='bbox 188 3616 401 3675; x_wconf 86' lang='lat' dir='ltr'><strong>dignum</strong></span> <span class='ocrx_word' id='word_1_380' title='bbox 435 3608 730 3676; x_wconf 37' lang='lat' dir='ltr'><strong>praedicant.</strong></span> <span class='ocrx_word' id='word_1_381' title='bbox 756 3608 936 3676; x_wconf 52' lang='lat' dir='ltr'><strong>&#39;Orant,</strong></span> <span class='ocrx_word' id='word_1_382' title='bbox 962 3620 1017 3662; x_wconf 90' lang='lat' dir='ltr'><strong>ut</strong></span> <span class='ocrx_word' id='word_1_383' title='bbox 1043 3608 1108 3660; x_wconf 80' lang='lat' dir='ltr'><strong>de</strong></span> <span class='ocrx_word' id='word_1_384' title='bbox 1129 3608 1368 3673; x_wconf 75' lang='lat' dir='ltr'><strong>captivate</strong></span> <span class='ocrx_word' id='word_1_385' title='bbox 1394 3614 1598 3659; x_wconf 81' lang='lat' dir='ltr'><strong>redeant</strong></span> 
     </span>
    </p>
   </div>
   <div class='ocr_carea' id='block_1_53' title="bbox 36 3675 1592 3740">
    <p class='ocr_par' dir='ltr' id='par_1_53' title="bbox 36 3675 1592 3740">
     <span class='ocr_line' id='line_1_55' title="bbox 36 3675 1592 3740; baseline 0.001 -21"><span class='ocrx_word' id='word_1_386' title='bbox 36 3675 248 3724; x_wconf 84' lang='lat' dir='ltr'><strong>miseriam</strong></span> <span class='ocrx_word' id='word_1_387' title='bbox 273 3691 422 3726; x_wconf 87' lang='lat' dir='ltr'><strong>suam</strong></span> <span class='ocrx_word' id='word_1_388' title='bbox 442 3675 774 3740; x_wconf 84' lang='lat' dir='ltr'><strong>denuntiant,</strong></span> <span class='ocrx_word' id='word_1_389' title='bbox 806 3675 959 3725; x_wconf 89' lang='lat' dir='ltr'><strong>Deum</strong></span> <span class='ocrx_word' id='word_1_390' title='bbox 989 3677 1261 3740; x_wconf 88' lang='lat' dir='ltr'><strong>propitium</strong></span> <span class='ocrx_word' id='word_1_391' title='bbox 1281 3676 1592 3740; x_wconf 84' lang='lat' dir='ltr'><strong>esse,etbea-</strong></span> 
     </span>
    </p>
   </div>
   <div class='ocr_carea' id='block_1_54' title="bbox 35 3739 1596 3799">
    <p class='ocr_par' dir='ltr' id='par_1_54' title="bbox 35 3739 1596 3799">
     <span class='ocr_line' id='line_1_56' title="bbox 35 3739 1596 3799; baseline -0.008 -4"><span class='ocrx_word' id='word_1_392' title='bbox 35 3741 130 3794; x_wconf 61' lang='lat'><strong>“&quot;13,</strong></span> <span class='ocrx_word' id='word_1_393' title='bbox 151 3752 291 3797; x_wconf 88' lang='lat' dir='ltr'><strong>quem</strong></span> <span class='ocrx_word' id='word_1_394' title='bbox 339 3741 571 3799; x_wconf 81' lang='lat' dir='ltr'><strong>elegerit,</strong></span> <span class='ocrx_word' id='word_1_395' title='bbox 617 3739 842 3789; x_wconf 87' lang='lat' dir='ltr'><strong>narrant.</strong></span> <span class='ocrx_word' id='word_1_396' title='bbox 867 3741 1074 3788; x_wconf 90' lang='lat' dir='ltr'><strong>Domum</strong></span> <span class='ocrx_word' id='word_1_397' title='bbox 1097 3743 1142 3784; x_wconf 88' lang='lat' dir='ltr'><strong>et</strong></span> <span class='ocrx_word' id='word_1_398' title='bbox 1173 3739 1525 3784; x_wconf 87' lang='lat' dir='ltr'><strong>habitationem</strong></span> <span class='ocrx_word' id='word_1_399' title='bbox 1549 3741 1596 3784; x_wconf 91' lang='lat' dir='ltr'><strong>et</strong></span> 
     </span>
    </p>
   </div>
   <div class='ocr_carea' id='block_1_55' title="bbox 33 3803 1594 3874">
    <p class='ocr_par' dir='ltr' id='par_1_55' title="bbox 33 3803 1594 3874">
     <span class='ocr_line' id='line_1_57' title="bbox 33 3803 1594 3874; baseline 0.002 -23"><span class='ocrx_word' id='word_1_400' title='bbox 33 3803 133 3854; x_wconf 74' lang='lat' dir='ltr'><strong>bona</strong></span> <span class='ocrx_word' id='word_1_401' title='bbox 157 3811 314 3870; x_wconf 85' lang='lat' dir='ltr'><strong>ipsius</strong></span> <span class='ocrx_word' id='word_1_402' title='bbox 337 3813 710 3862; x_wconf 87' lang='lat' dir='ltr'><strong>commendant.</strong></span> <span class='ocrx_word' id='word_1_403' title='bbox 725 3815 777 3860; x_wconf 90' lang='lat' dir='ltr'><strong>In</strong></span> <span class='ocrx_word' id='word_1_404' title='bbox 803 3814 1024 3858; x_wconf 89' lang='lat' dir='ltr'><strong>secunda</strong></span> <span class='ocrx_word' id='word_1_405' title='bbox 1045 3806 1097 3874; x_wconf 82' lang='lat'><strong>3</strong></span> <span class='ocrx_word' id='word_1_406' title='bbox 1115 3806 1133 3874; x_wconf 95' lang='lat'><strong>|</strong></span> <span class='ocrx_word' id='word_1_407' title='bbox 1149 3806 1200 3874; x_wconf 84' lang='lat'><strong><em>3</em></strong></span> <span class='ocrx_word' id='word_1_408' title='bbox 1231 3815 1368 3868; x_wconf 86' lang='lat' dir='ltr'><strong>parte</strong></span> <span class='ocrx_word' id='word_1_409' title='bbox 1397 3807 1504 3869; x_wconf 89' lang='lat' dir='ltr'><strong>(ubi</strong></span> <span class='ocrx_word' id='word_1_410' title='bbox 1520 3808 1594 3854; x_wconf 91' lang='lat' dir='ltr'><strong>di-</strong></span> 
     </span>
    </p>
   </div>
   <div class='ocr_carea' id='block_1_56' title="bbox 31 3875 1596 3942">
    <p class='ocr_par' dir='ltr' id='par_1_56' title="bbox 31 3875 1596 3942">
     <span class='ocr_line' id='line_1_58' title="bbox 31 3875 1596 3942; baseline 0.001 -21"><span class='ocrx_word' id='word_1_411' title='bbox 31 3875 134 3925; x_wconf 81' lang='lat' dir='ltr'><strong>t&#39;ltur</strong></span> <span class='ocrx_word' id='word_1_412' title='bbox 157 3896 166 3926; x_wconf 95' lang='lat'><strong>:</strong></span> <span class='ocrx_word' id='word_1_413' title='bbox 202 3885 320 3942; x_wconf 87' lang='lat' dir='ltr'><strong>Spes</strong></span> <span class='ocrx_word' id='word_1_414' title='bbox 343 3883 573 3931; x_wconf 87' lang='lat' dir='ltr'><strong>omnium</strong></span> <span class='ocrx_word' id='word_1_415' title='bbox 600 3883 778 3930; x_wconf 80' lang='lat' dir='ltr'><strong>ﬁnium</strong></span> <span class='ocrx_word' id='word_1_416' title='bbox 813 3882 970 3942; x_wconf 57' lang='lat' dir='ltr'><strong>terrai)</strong></span> <span class='ocrx_word' id='word_1_417' title='bbox 995 3883 1161 3940; x_wconf 79' lang='lat' dir='ltr'><strong>agitur</strong></span> <span class='ocrx_word' id='word_1_418' title='bbox 1182 3882 1241 3927; x_wconf 89' lang='lat' dir='ltr'><strong>de</strong></span> <span class='ocrx_word' id='word_1_419' title='bbox 1257 3882 1470 3939; x_wconf 87' lang='lat' dir='ltr'><strong>potentis</strong></span> <span class='ocrx_word' id='word_1_420' title='bbox 1493 3879 1596 3924; x_wconf 84' lang='lat' dir='ltr'><strong>Sal-</strong></span> 
     </span>
    </p>
   </div>
   <div class='ocr_carea' id='block_1_57' title="bbox 33 3943 1594 4005">
    <p class='ocr_par' dir='ltr' id='par_1_57' title="bbox 33 3943 1594 4005">
     <span class='ocr_line' id='line_1_59' title="bbox 33 3943 1594 4005; baseline -0.001 -18"><span class='ocrx_word' id='word_1_421' title='bbox 33 3944 198 4002; x_wconf 78' lang='lat' dir='ltr'><strong>\&#39;atoris,</strong></span> <span class='ocrx_word' id='word_1_422' title='bbox 243 3947 304 3994; x_wconf 87' lang='lat' dir='ltr'><strong>de</strong></span> <span class='ocrx_word' id='word_1_423' title='bbox 347 3946 536 3993; x_wconf 85' lang='lat' dir='ltr'><strong>virtute</strong></span> <span class='ocrx_word' id='word_1_424' title='bbox 566 3952 612 3993; x_wconf 90' lang='lat' dir='ltr'><strong>et</strong></span> <span class='ocrx_word' id='word_1_425' title='bbox 642 3947 801 4005; x_wconf 84' lang='lat' dir='ltr'><strong>gratia</strong></span> <span class='ocrx_word' id='word_1_426' title='bbox 825 3945 1230 4004; x_wconf 54' lang='lat' dir='ltr'><strong>praedicatorum,</strong></span> <span class='ocrx_word' id='word_1_427' title='bbox 1261 3943 1323 3987; x_wconf 82' lang='lat' dir='ltr'><strong>de</strong></span> <span class='ocrx_word' id='word_1_428' title='bbox 1354 3943 1528 4005; x_wconf 80' lang='lat' dir='ltr'><strong>timore</strong></span> <span class='ocrx_word' id='word_1_429' title='bbox 1547 3946 1594 4005; x_wconf 83' lang='lat' dir='ltr'><strong>et</strong></span> 
     </span>
    </p>
   </div>
   <div class='ocr_carea' id='block_1_58' title="bbox 29 4003 1595 4066">
    <p class='ocr_par' dir='ltr' id='par_1_58' title="bbox 29 4003 1595 4066">
     <span class='ocr_line' id='line_1_60' title="bbox 29 4003 1595 4066; baseline -0.001 -16"><span class='ocrx_word' id='word_1_430' title='bbox 29 4009 268 4066; x_wconf 83' lang='lat' dir='ltr'><strong>mutatione</strong></span> <span class='ocrx_word' id='word_1_431' title='bbox 292 4003 672 4066; x_wconf 50' lang='lat' dir='ltr'><strong>conversorum&#39;,</strong></span> <span class='ocrx_word' id='word_1_432' title='bbox 692 4009 752 4054; x_wconf 91' lang='lat' dir='ltr'><strong>de</strong></span> <span class='ocrx_word' id='word_1_433' title='bbox 765 4003 898 4054; x_wconf 81' lang='lat' dir='ltr'><strong>dono</strong></span> <span class='ocrx_word' id='word_1_434' title='bbox 921 4007 1081 4053; x_wconf 84' lang='lat' dir='ltr'><strong>sancti</strong></span> <span class='ocrx_word' id='word_1_435' title='bbox 1105 4007 1337 4064; x_wconf 83' lang='lat' dir='ltr'><strong>Spiritus,</strong></span> <span class='ocrx_word' id='word_1_436' title='bbox 1357 4003 1595 4066; x_wconf 84' lang='lat' dir='ltr'><strong>demulti-</strong></span> 
     </span>
    </p>
   </div>
   <div class='ocr_carea' id='block_1_59' title="bbox 31 4065 1594 4132">
    <p class='ocr_par' dir='ltr' id='par_1_59' title="bbox 31 4065 1594 4132">
     <span class='ocr_line' id='line_1_61' title="bbox 31 4065 1594 4132; baseline -0.001 -21"><span class='ocrx_word' id='word_1_437' title='bbox 31 4065 265 4132; x_wconf 61' lang='lat' dir='ltr'><strong>Illicitione</strong></span> <span class='ocrx_word' id='word_1_438' title='bbox 291 4071 545 4124; x_wconf 88' lang='lat' dir='ltr'><strong>iidelium,</strong></span> <span class='ocrx_word' id='word_1_439' title='bbox 582 4072 643 4118; x_wconf 93' lang='lat' dir='ltr'><strong>de</strong></span> <span class='ocrx_word' id='word_1_440' title='bbox 662 4065 834 4117; x_wconf 75' lang='lat' dir='ltr'><strong>fructu</strong></span> <span class='ocrx_word' id='word_1_441' title='bbox 859 4070 1184 4132; x_wconf 58' lang='lat' dir='ltr'><strong>ipsorumJn</strong></span> <span class='ocrx_word' id='word_1_442' title='bbox 1213 4067 1356 4132; x_wconf 80' lang='lat' dir='ltr'><strong>tertia</strong></span> <span class='ocrx_word' id='word_1_443' title='bbox 1379 4065 1594 4132; x_wconf 55' lang='lat' dir='ltr'><strong>(uhidi-g</strong></span> 
     </span>
    </p>
   </div>
   <div class='ocr_carea' id='block_1_60' title="bbox 31 4129 1597 4192">
    <p class='ocr_par' dir='ltr' id='par_1_60' title="bbox 31 4129 1597 4192">
     <span class='ocr_line' id='line_1_62' title="bbox 31 4129 1597 4192; baseline 0.001 -22"><span class='ocrx_word' id='word_1_444' title='bbox 31 4129 133 4192; x_wconf 59' lang='lat' dir='ltr'><strong>citur</strong></span> <span class='ocrx_word' id='word_1_445' title='bbox 153 4143 165 4178; x_wconf 88' lang='lat'><strong>:</strong></span> <span class='ocrx_word' id='word_1_446' title='bbox 186 4134 452 4182; x_wconf 83' lang='lat' dir='ltr'><strong>Benedices</strong></span> <span class='ocrx_word' id='word_1_447' title='bbox 477 4147 671 4180; x_wconf 65' lang='lat' dir='ltr'><strong>corona:</strong></span> <span class='ocrx_word' id='word_1_448' title='bbox 687 4132 829 4192; x_wconf 87' lang='lat' dir='ltr'><strong>anni)</strong></span> <span class='ocrx_word' id='word_1_449' title='bbox 860 4131 1237 4178; x_wconf 86' lang='lat' dir='ltr'><strong>commendatur</strong></span> <span class='ocrx_word' id='word_1_450' title='bbox 1252 4129 1532 4175; x_wconf 82' lang='lat' dir='ltr'><strong>benedictio</strong></span> <span class='ocrx_word' id='word_1_451' title='bbox 1551 4131 1597 4192; x_wconf 83' lang='lat' dir='ltr'><strong>et</strong></span> 
     </span>
    </p>
   </div>
   <div class='ocr_carea' id='block_1_61' title="bbox 31 4186 1598 4256">
    <p class='ocr_par' dir='ltr' id='par_1_61' title="bbox 31 4186 1598 4256">
     <span class='ocr_line' id='line_1_63' title="bbox 31 4186 1598 4256; baseline 0.001 -22"><span class='ocrx_word' id='word_1_452' title='bbox 31 4186 264 4256; x_wconf 64' lang='lat' dir='ltr'><strong>beatitudo,</strong></span> <span class='ocrx_word' id='word_1_453' title='bbox 291 4210 448 4256; x_wconf 85' lang='lat' dir='ltr'><strong>quam</strong></span> <span class='ocrx_word' id='word_1_454' title='bbox 475 4197 660 4242; x_wconf 71' lang='lat' dir='ltr'><strong>sanctis</strong></span> <span class='ocrx_word' id='word_1_455' title='bbox 683 4197 790 4241; x_wconf 87' lang='lat' dir='ltr'><strong>suis</strong></span> <span class='ocrx_word' id='word_1_456' title='bbox 807 4186 823 4248; x_wconf 81' lang='grc'><strong>,’</strong></span> <span class='ocrx_word' id='word_1_457' title='bbox 844 4193 1124 4252; x_wconf 83' lang='lat' dir='ltr'><strong>unicuique</strong></span> <span class='ocrx_word' id='word_1_458' title='bbox 1155 4193 1428 4256; x_wconf 78' lang='lat' dir='ltr'><strong>secundum</strong></span> <span class='ocrx_word' id='word_1_459' title='bbox 1452 4191 1598 4256; x_wconf 76' lang='lat' dir='ltr'><strong>meri-</strong></span> 
     </span>
    </p>
   </div>
   <div class='ocr_carea' id='block_1_62' title="bbox 31 4253 1597 4319">
    <p class='ocr_par' dir='ltr' id='par_1_62' title="bbox 31 4253 1597 4319">
     <span class='ocr_line' id='line_1_64' title="bbox 31 4253 1597 4319; baseline -0.003 -18"><span class='ocrx_word' id='word_1_460' title='bbox 31 4254 66 4319; x_wconf 61' lang='lat' dir='ltr'><strong>la</strong></span> <span class='ocrx_word' id='word_1_461' title='bbox 83 4266 177 4313; x_wconf 74' lang='lat' dir='ltr'><strong>ma,</strong></span> <span class='ocrx_word' id='word_1_462' title='bbox 204 4253 330 4306; x_wconf 74' lang='lat' dir='ltr'><strong>Deus</strong></span> <span class='ocrx_word' id='word_1_463' title='bbox 365 4273 455 4319; x_wconf 89' lang='lat' dir='ltr'><strong>per</strong></span> <span class='ocrx_word' id='word_1_464' title='bbox 482 4259 691 4314; x_wconf 77' lang='lat' dir='ltr'><strong>gratiam</strong></span> <span class='ocrx_word' id='word_1_465' title='bbox 715 4269 856 4303; x_wconf 88' lang='lat' dir='ltr'><strong>suam</strong></span> <span class='ocrx_word' id='word_1_466' title='bbox 883 4257 1090 4302; x_wconf 77' lang='lat' dir='ltr'><strong>daturus</strong></span> <span class='ocrx_word' id='word_1_467' title='bbox 1113 4259 1182 4301; x_wconf 89' lang='lat' dir='ltr'><strong>est</strong></span> <span class='ocrx_word' id='word_1_468' title='bbox 1209 4254 1261 4300; x_wconf 91' lang='lat' dir='ltr'><strong>in</strong></span> <span class='ocrx_word' id='word_1_469' title='bbox 1286 4253 1471 4319; x_wconf 59' lang='lat' dir='ltr'><strong>futuro.</strong></span> <span class='ocrx_word' id='word_1_470' title='bbox 1505 4254 1597 4299; x_wconf 92' lang='lat' dir='ltr'><strong>Pro</strong></span> 
     </span>
    </p>
   </div>
   <div class='ocr_carea' id='block_1_63' title="bbox 31 4313 1595 4383">
    <p class='ocr_par' dir='ltr' id='par_1_63' title="bbox 31 4313 1595 4383">
     <span class='ocr_line' id='line_1_65' title="bbox 31 4313 1595 4383; baseline -0.003 -17"><span class='ocrx_word' id='word_1_471' title='bbox 31 4313 92 4383; x_wconf 57' lang='lat' dir='ltr'><strong>his</strong></span> <span class='ocrx_word' id='word_1_472' title='bbox 111 4321 337 4383; x_wconf 81' lang='lat' dir='ltr'><strong>omnibus</strong></span> <span class='ocrx_word' id='word_1_473' title='bbox 364 4313 417 4369; x_wconf 76' lang='lat' dir='ltr'><strong>in</strong></span> <span class='ocrx_word' id='word_1_474' title='bbox 448 4323 566 4383; x_wconf 79' lang='lat' dir='ltr'><strong>fine,</strong></span> <span class='ocrx_word' id='word_1_475' title='bbox 591 4321 723 4366; x_wconf 90' lang='lat' dir='ltr'><strong>sicut</strong></span> <span class='ocrx_word' id='word_1_476' title='bbox 743 4320 796 4383; x_wconf 87' lang='lat' dir='ltr'><strong>in</strong></span> <span class='ocrx_word' id='word_1_477' title='bbox 820 4319 998 4383; x_wconf 81' lang='lat' dir='ltr'><strong>capite,</strong></span> <span class='ocrx_word' id='word_1_478' title='bbox 1013 4319 1259 4383; x_wconf 80' lang='lat' dir='ltr'><strong>hymnum</strong></span> <span class='ocrx_word' id='word_1_479' title='bbox 1283 4318 1382 4362; x_wconf 90' lang='lat' dir='ltr'><strong>Deo</strong></span> <span class='ocrx_word' id='word_1_480' title='bbox 1407 4327 1595 4364; x_wconf 85' lang='lat' dir='ltr'><strong>canen-</strong></span> 
     </span>
    </p>
   </div>
   <div class='ocr_carea' id='block_1_64' title="bbox 29 4377 1234 4432">
    <p class='ocr_par' dir='ltr' id='par_1_64' title="bbox 29 4377 1234 4432">
     <span class='ocr_line' id='line_1_66' title="bbox 29 4377 1234 4432; baseline 0.001 -6"><span class='ocrx_word' id='word_1_481' title='bbox 29 4377 123 4426; x_wconf 68' lang='lat' dir='ltr'><strong>tlutn</strong></span> <span class='ocrx_word' id='word_1_482' title='bbox 156 4381 437 4432; x_wconf 87' lang='lat' dir='ltr'><strong>denuntiat.</strong></span> <span class='ocrx_word' id='word_1_483' title='bbox 462 4377 566 4430; x_wconf 67' lang='lat' dir='ltr'><strong>Voti</strong></span> <span class='ocrx_word' id='word_1_484' title='bbox 595 4381 827 4430; x_wconf 63' lang='lat' dir='ltr'><strong>Ecclesiae</strong></span> <span class='ocrx_word' id='word_1_485' title='bbox 851 4383 913 4428; x_wconf 84' lang='lat' dir='ltr'><strong>ad</strong></span> <span class='ocrx_word' id='word_1_486' title='bbox 938 4377 1194 4428; x_wconf 83' lang='lat' dir='ltr'><strong>Christum</strong></span> <span class='ocrx_word' id='word_1_487' title='bbox 1220 4391 1234 4427; x_wconf 89' lang='lat'><strong>:</strong></span> 
     </span>
    </p>
   </div>
   <div class='ocr_carea' id='block_1_65' title="bbox 449 4484 1139 4553">
    <p class='ocr_par' dir='ltr' id='par_1_65' title="bbox 449 4484 1139 4553">
     <span class='ocr_line' id='line_1_67' title="bbox 449 4484 1139 4553; baseline -0.004 -1"><span class='ocrx_word' id='word_1_488' title='bbox 449 4487 856 4553; x_wconf 85' lang='lat' dir='ltr'><strong>PSALMUS</strong></span> <span class='ocrx_word' id='word_1_489' title='bbox 903 4484 1139 4550; x_wconf 88' lang='lat' dir='ltr'><strong>LXIV.</strong></span> 
     </span>
    </p>
   </div>
   <div class='ocr_carea' id='block_1_66' title="bbox 73 4589 1604 4662">
    <p class='ocr_par' dir='ltr' id='par_1_66' title="bbox 73 4589 1604 4662">
     <span class='ocr_line' id='line_1_68' title="bbox 73 4589 1604 4662; baseline -0.003 -18"><span class='ocrx_word' id='word_1_490' title='bbox 73 4589 117 4644; x_wconf 73' lang='grc'><strong>2.</strong></span> <span class='ocrx_word' id='word_1_491' title='bbox 147 4595 205 4644; x_wconf 85' lang='lat' dir='ltr'><strong>Te</strong></span> <span class='ocrx_word' id='word_1_492' title='bbox 233 4597 375 4648; x_wconf 76' lang='lat' dir='ltr'><strong>decet</strong></span> <span class='ocrx_word' id='word_1_493' title='bbox 394 4596 635 4662; x_wconf 80' lang='lat' dir='ltr'><strong>hymnus</strong></span> <span class='ocrx_word' id='word_1_494' title='bbox 651 4597 789 4645; x_wconf 78' lang='lat' dir='ltr'><strong>Deus</strong></span> <span class='ocrx_word' id='word_1_495' title='bbox 809 4595 869 4643; x_wconf 86' lang='lat' dir='ltr'><strong>in</strong></span> <span class='ocrx_word' id='word_1_496' title='bbox 887 4594 1041 4644; x_wconf 87' lang='lat' dir='ltr'><strong>Sion.</strong></span> <span class='ocrx_word' id='word_1_497' title='bbox 1056 4592 1101 4644; x_wconf 93' lang='grc' dir='ltr'>Ο</span> <span class='ocrx_word' id='word_1_498' title='bbox 1119 4593 1274 4643; x_wconf 89' lang='lat' dir='ltr'><strong>Deus</strong></span> <span class='ocrx_word' id='word_1_499' title='bbox 1290 4590 1388 4654; x_wconf 85' lang='lat' dir='ltr'><strong>qui</strong></span> <span class='ocrx_word' id='word_1_500' title='bbox 1405 4593 1604 4642; x_wconf 91' lang='lat' dir='ltr'><strong>noster</strong></span> 
     </span>
    </p>
   </div>
   <div class='ocr_carea' id='block_1_67' title="bbox 27 4661 1688 4754">
    <p class='ocr_par' dir='ltr' id='par_1_67' title="bbox 27 4661 1688 4754">
     <span class='ocr_line' id='line_1_69' title="bbox 27 4661 1688 4754; baseline -0.002 -39"><span class='ocrx_word' id='word_1_501' title='bbox 27 4661 304 4754; x_wconf 63' lang='lat' dir='ltr'><strong>ltedemtor</strong></span> <span class='ocrx_word' id='word_1_502' title='bbox 329 4681 415 4720; x_wconf 88' lang='lat' dir='ltr'><strong>es.</strong></span> <span class='ocrx_word' id='word_1_503' title='bbox 445 4668 510 4754; x_wconf 66' lang='lat' dir='ltr'><strong>:I&#39;e</strong></span> <span class='ocrx_word' id='word_1_504' title='bbox 525 4668 662 4754; x_wconf 70' lang='lat' dir='ltr'><strong>decet</strong></span> <span class='ocrx_word' id='word_1_505' title='bbox 680 4667 921 4730; x_wconf 82' lang='lat' dir='ltr'><strong>hymnus</strong></span> <span class='ocrx_word' id='word_1_506' title='bbox 941 4678 1066 4754; x_wconf 50' lang='grc' dir='ltr'><strong>ηε)ῃο</strong></span> <span class='ocrx_word' id='word_1_507' title='bbox 1082 4665 1141 4715; x_wconf 88' lang='lat' dir='ltr'><strong>in</strong></span> <span class='ocrx_word' id='word_1_508' title='bbox 1154 4663 1462 4754; x_wconf 50' lang='lat' dir='ltr'><strong>gabylo‘ne,</strong></span> <span class='ocrx_word' id='word_1_509' title='bbox 1476 4674 1600 4754; x_wconf 69' lang='lat' dir='ltr'><strong>pou</strong></span> <span class='ocrx_word' id='word_1_510' title='bbox 1632 4681 1688 4754; x_wconf 85' lang='lat' dir='ltr'><strong>D</strong></span> 
     </span>
    </p>
   </div>
   <div class='ocr_carea' id='block_1_68' title="bbox 27 4731 1601 4804">
    <p class='ocr_par' dir='ltr' id='par_1_68' title="bbox 27 4731 1601 4804">
     <span class='ocr_line' id='line_1_70' title="bbox 27 4731 1601 4804; baseline -0.004 -15"><span class='ocrx_word' id='word_1_511' title='bbox 27 4731 71 4782; x_wconf 81' lang='lat' dir='ltr'><strong>in</strong></span> <span class='ocrx_word' id='word_1_512' title='bbox 94 4739 424 4791; x_wconf 81' lang='lat' dir='ltr'><strong>confusione</strong></span> <span class='ocrx_word' id='word_1_513' title='bbox 444 4741 865 4804; x_wconf 76' lang='lat' dir='ltr'><strong>{peccatorumz</strong></span> <span class='ocrx_word' id='word_1_514' title='bbox 911 4736 1013 4788; x_wconf 89' lang='lat' dir='ltr'><strong>sed</strong></span> <span class='ocrx_word' id='word_1_515' title='bbox 1046 4737 1109 4785; x_wconf 79' lang='lat' dir='ltr'><strong>in</strong></span> <span class='ocrx_word' id='word_1_516' title='bbox 1149 4735 1300 4792; x_wconf 85' lang='lat' dir='ltr'><strong>Sion,</strong></span> <span class='ocrx_word' id='word_1_517' title='bbox 1325 4733 1382 4784; x_wconf 89' lang='lat' dir='ltr'><strong>id</strong></span> <span class='ocrx_word' id='word_1_518' title='bbox 1408 4737 1514 4796; x_wconf 90' lang='lat' dir='ltr'><strong>est,</strong></span> <span class='ocrx_word' id='word_1_519' title='bbox 1541 4732 1601 4782; x_wconf 88' lang='lat' dir='ltr'><strong>in</strong></span> 
     </span>
    </p>
   </div>
   <div class='ocr_carea' id='block_1_69' title="bbox 27 4807 1598 4870">
    <p class='ocr_par' dir='ltr' id='par_1_69' title="bbox 27 4807 1598 4870">
     <span class='ocr_line' id='line_1_71' title="bbox 27 4807 1598 4870; baseline -0.012 -2"><span class='ocrx_word' id='word_1_520' title='bbox 27 4810 394 4867; x_wconf 68' lang='lat' dir='ltr'><strong>SDeculatione</strong></span> <span class='ocrx_word' id='word_1_521' title='bbox 421 4813 719 4864; x_wconf 87' lang='lat' dir='ltr'><strong>virtutum.</strong></span> <span class='ocrx_word' id='word_1_522' title='bbox 734 4812 859 4862; x_wconf 90' lang='lat' dir='ltr'><strong>Non</strong></span> <span class='ocrx_word' id='word_1_523' title='bbox 874 4813 966 4861; x_wconf 86' lang='lat' dir='ltr'><strong>est</strong></span> <span class='ocrx_word' id='word_1_524' title='bbox 981 4807 1134 4860; x_wconf 89' lang='lat' dir='ltr'><strong>enim</strong></span> <span class='ocrx_word' id='word_1_525' title='bbox 1146 4807 1405 4870; x_wconf 83' lang='lat' dir='ltr'><strong>speciosa</strong></span> <span class='ocrx_word' id='word_1_526' title='bbox 1421 4807 1532 4853; x_wconf 87' lang='lat' dir='ltr'><strong>laus</strong></span> <span class='ocrx_word' id='word_1_527' title='bbox 1547 4807 1598 4850; x_wconf 86' lang='lat' dir='ltr'><strong>in</strong></span> 
     </span>
    </p>
   </div>
   <div class='ocr_carea' id='block_1_70' title="bbox 27 4876 1600 4946">
    <p class='ocr_par' dir='ltr' id='par_1_70' title="bbox 27 4876 1600 4946">
     <span class='ocr_line' id='line_1_72' title="bbox 27 4876 1600 4946; baseline -0.009 -10"><span class='ocrx_word' id='word_1_528' title='bbox 27 4888 104 4928; x_wconf 73' lang='lat' dir='ltr'><strong>0P8</strong></span> <span class='ocrx_word' id='word_1_529' title='bbox 138 4883 456 4942; x_wconf 86' lang='lat' dir='ltr'><strong>peccatoris</strong></span> <span class='ocrx_word' id='word_1_530' title='bbox 500 4883 681 4946; x_wconf 81' lang='lat' dir='ltr'><strong>(Eccli.</strong></span> <span class='ocrx_word' id='word_1_531' title='bbox 727 4880 854 4944; x_wconf 77' lang='lat'><strong>15.),</strong></span> <span class='ocrx_word' id='word_1_532' title='bbox 880 4880 984 4932; x_wconf 90' lang='lat' dir='ltr'><strong>sed</strong></span> <span class='ocrx_word' id='word_1_533' title='bbox 1006 4885 1192 4932; x_wconf 88' lang='lat' dir='ltr'><strong>rectos</strong></span> <span class='ocrx_word' id='word_1_534' title='bbox 1216 4879 1381 4930; x_wconf 81' lang='lat' dir='ltr'><strong>decet</strong></span> <span class='ocrx_word' id='word_1_535' title='bbox 1400 4876 1600 4926; x_wconf 82' lang='lat' dir='ltr'><strong>lauda-</strong></span> 
     </span>
    </p>
   </div>
   <div class='ocr_carea' id='block_1_71' title="bbox 27 4947 1601 5018">
    <p class='ocr_par' dir='ltr' id='par_1_71' title="bbox 27 4947 1601 5018">
     <span class='ocr_line' id='line_1_73' title="bbox 27 4947 1601 5018; baseline -0.009 -7"><span class='ocrx_word' id='word_1_536' title='bbox 27 4948 303 5018; x_wconf 63' lang='lat' dir='ltr'><strong>“Ot&#39;PsalJ.</strong></span> <span class='ocrx_word' id='word_1_537' title='bbox 331 4953 424 5010; x_wconf 77' lang='lat'><strong>3‘2.</strong></span> <span class='ocrx_word' id='word_1_538' title='bbox 478 4955 621 5006; x_wconf 90' lang='lat' dir='ltr'><strong>Cum</strong></span> <span class='ocrx_word' id='word_1_539' title='bbox 669 4953 884 5018; x_wconf 84' lang='lat' dir='ltr'><strong>ceperit</strong></span> <span class='ocrx_word' id='word_1_540' title='bbox 931 4951 1178 5015; x_wconf 86' lang='lat' dir='ltr'><strong>quisque</strong></span> <span class='ocrx_word' id='word_1_541' title='bbox 1217 4947 1502 5010; x_wconf 88' lang='lat' dir='ltr'><strong>innovari,</strong></span> <span class='ocrx_word' id='word_1_542' title='bbox 1544 4949 1601 4998; x_wconf 88' lang='lat' dir='ltr'><strong>et</strong></span> 
     </span>
    </p>
   </div>
   <div class='ocr_carea' id='block_1_72' title="bbox 27 5020 1604 5090">
    <p class='ocr_par' dir='ltr' id='par_1_72' title="bbox 27 5020 1604 5090">
     <span class='ocr_line' id='line_1_74' title="bbox 27 5020 1604 5090; baseline -0.007 -11"><span class='ocrx_word' id='word_1_543' title='bbox 27 5029 192 5090; x_wconf 74' lang='lat' dir='ltr'><strong>mente</strong></span> <span class='ocrx_word' id='word_1_544' title='bbox 227 5027 300 5078; x_wconf 90' lang='lat' dir='ltr'><strong>ad</strong></span> <span class='ocrx_word' id='word_1_545' title='bbox 352 5026 611 5079; x_wconf 66' lang='lat' dir='ltr'><strong>caelestia</strong></span> <span class='ocrx_word' id='word_1_546' title='bbox 655 5025 835 5090; x_wconf 84' lang='lat' dir='ltr'><strong>erigi;</strong></span> <span class='ocrx_word' id='word_1_547' title='bbox 876 5029 1015 5075; x_wconf 88' lang='lat' dir='ltr'><strong>tunc</strong></span> <span class='ocrx_word' id='word_1_548' title='bbox 1045 5024 1300 5088; x_wconf 88' lang='lat' dir='ltr'><strong>primum</strong></span> <span class='ocrx_word' id='word_1_549' title='bbox 1323 5020 1504 5081; x_wconf 80' lang='lat' dir='ltr'><strong>decet,</strong></span> <span class='ocrx_word' id='word_1_550' title='bbox 1538 5022 1604 5070; x_wconf 90' lang='lat' dir='ltr'><strong>ut</strong></span> 
     </span>
    </p>
   </div>
   <div class='ocr_carea' id='block_1_73' title="bbox 28 5089 1600 5161">
    <p class='ocr_par' dir='ltr' id='par_1_73' title="bbox 28 5089 1600 5161">
     <span class='ocr_line' id='line_1_75' title="bbox 28 5089 1600 5161; baseline -0.003 -18"><span class='ocrx_word' id='word_1_551' title='bbox 28 5089 186 5148; x_wconf 89' lang='lat' dir='ltr'><strong>Deum</strong></span> <span class='ocrx_word' id='word_1_552' title='bbox 235 5096 455 5151; x_wconf 77' lang='lat' dir='ltr'><strong>laudet.</strong></span> <span class='ocrx_word' id='word_1_553' title='bbox 492 5100 562 5150; x_wconf 89' lang='lat' dir='ltr'><strong>Et</strong></span> <span class='ocrx_word' id='word_1_554' title='bbox 583 5097 721 5161; x_wconf 85' lang='lat' dir='ltr'><strong>quia</strong></span> <span class='ocrx_word' id='word_1_555' title='bbox 744 5097 825 5148; x_wconf 88' lang='lat' dir='ltr'><strong>sic</strong></span> <span class='ocrx_word' id='word_1_556' title='bbox 843 5097 1027 5146; x_wconf 88' lang='lat' dir='ltr'><strong>Deum</strong></span> <span class='ocrx_word' id='word_1_557' title='bbox 1051 5093 1283 5144; x_wconf 86' lang='lat' dir='ltr'><strong>laudare</strong></span> <span class='ocrx_word' id='word_1_558' title='bbox 1305 5091 1600 5151; x_wconf 88' lang='lat' dir='ltr'><strong>debemus,</strong></span> 
     </span>
    </p>
   </div>
   <div class='ocr_carea' id='block_1_74' title="bbox 27 5164 1603 5233">
    <p class='ocr_par' dir='ltr' id='par_1_74' title="bbox 27 5164 1603 5233">
     <span class='ocr_line' id='line_1_76' title="bbox 27 5164 1603 5233; baseline -0.001 -24"><span class='ocrx_word' id='word_1_559' title='bbox 27 5167 184 5218; x_wconf 85' lang='lat' dir='ltr'><strong>utnos</strong></span> <span class='ocrx_word' id='word_1_560' title='bbox 204 5169 368 5233; x_wconf 88' lang='lat' dir='ltr'><strong>ipsos</strong></span> <span class='ocrx_word' id='word_1_561' title='bbox 404 5169 457 5221; x_wconf 90' lang='lat' dir='ltr'><strong>ei</strong></span> <span class='ocrx_word' id='word_1_562' title='bbox 480 5180 814 5231; x_wconf 85' lang='lat' dir='ltr'><strong>voveamus,</strong></span> <span class='ocrx_word' id='word_1_563' title='bbox 831 5166 1170 5230; x_wconf 88' lang='lat' dir='ltr'><strong>incipientes</strong></span> <span class='ocrx_word' id='word_1_564' title='bbox 1181 5164 1360 5216; x_wconf 89' lang='lat' dir='ltr'><strong>hocin</strong></span> <span class='ocrx_word' id='word_1_565' title='bbox 1387 5164 1603 5210; x_wconf 78' lang='lat' dir='ltr'><strong>novitate</strong></span> 
     </span>
    </p>
   </div>
   <div class='ocr_carea' id='block_1_75' title="bbox 27 5234 1602 5304">
    <p class='ocr_par' dir='ltr' id='par_1_75' title="bbox 27 5234 1602 5304">
     <span class='ocr_line' id='line_1_77' title="bbox 27 5234 1602 5304; baseline -0.005 -17"><span class='ocrx_word' id='word_1_566' title='bbox 27 5234 137 5286; x_wconf 73' lang='lat' dir='ltr'><strong>vitis</strong></span> <span class='ocrx_word' id='word_1_567' title='bbox 161 5240 334 5302; x_wconf 85' lang='lat' dir='ltr'><strong>(Rom.</strong></span> <span class='ocrx_word' id='word_1_568' title='bbox 352 5240 448 5303; x_wconf 86' lang='lat'><strong>6.),</strong></span> <span class='ocrx_word' id='word_1_569' title='bbox 472 5241 575 5293; x_wconf 89' lang='lat' dir='ltr'><strong>sed</strong></span> <span class='ocrx_word' id='word_1_570' title='bbox 601 5239 955 5304; x_wconf 89' lang='lat' dir='ltr'><strong>complentes</strong></span> <span class='ocrx_word' id='word_1_571' title='bbox 976 5237 1034 5288; x_wconf 90' lang='lat' dir='ltr'><strong>in</strong></span> <span class='ocrx_word' id='word_1_572' title='bbox 1055 5240 1270 5289; x_wconf 63' lang='lat' dir='ltr'><strong>aeterna</strong></span> <span class='ocrx_word' id='word_1_573' title='bbox 1285 5246 1451 5300; x_wconf 87' lang='lat' dir='ltr'><strong>pace:</strong></span> <span class='ocrx_word' id='word_1_574' title='bbox 1475 5240 1602 5281; x_wconf 84' lang='lat' dir='ltr'><strong>recte</strong></span> 
     </span>
    </p>
   </div>
   <div class='ocr_carea' id='block_1_76' title="bbox 30 5305 1603 5370">
    <p class='ocr_par' dir='ltr' id='par_1_76' title="bbox 30 5305 1603 5370">
     <span class='ocr_line' id='line_1_78' title="bbox 30 5305 1603 5370; baseline -0.004 -10"><span class='ocrx_word' id='word_1_575' title='bbox 30 5308 270 5364; x_wconf 84' lang='lat' dir='ltr'><strong>subditur</strong></span> <span class='ocrx_word' id='word_1_576' title='bbox 297 5326 311 5362; x_wconf 90' lang='lat'><strong>:</strong></span> <span class='ocrx_word' id='word_1_577' title='bbox 337 5313 389 5364; x_wconf 83' lang='grc' dir='ltr'><em>Ε</em></span> <span class='ocrx_word' id='word_1_578' title='bbox 393 5320 409 5362; x_wconf 86' lang='grc' dir='ltr'><em>ι</em></span> <span class='ocrx_word' id='word_1_579' title='bbox 432 5313 526 5363; x_wconf 85' lang='lat' dir='ltr'><strong>tibi</strong></span> <span class='ocrx_word' id='word_1_580' title='bbox 551 5312 802 5362; x_wconf 80' lang='lat' dir='ltr'><strong>reddetur</strong></span> <span class='ocrx_word' id='word_1_581' title='bbox 817 5315 998 5360; x_wconf 81' lang='lat' dir='ltr'><strong>votum</strong></span> <span class='ocrx_word' id='word_1_582' title='bbox 1013 5309 1072 5358; x_wconf 86' lang='lat' dir='ltr'><strong>in</strong></span> <span class='ocrx_word' id='word_1_583' title='bbox 1087 5307 1404 5368; x_wconf 76' lang='lat' dir='ltr'><strong>Jerusalem,</strong></span> <span class='ocrx_word' id='word_1_584' title='bbox 1421 5305 1480 5357; x_wconf 90' lang='lat' dir='ltr'><strong>id</strong></span> <span class='ocrx_word' id='word_1_585' title='bbox 1497 5307 1603 5370; x_wconf 83' lang='lat' dir='ltr'><strong>est,</strong></span> 
     </span>
    </p>
   </div>
   <div class='ocr_carea' id='block_1_77' title="bbox 28 5375 1607 5450">
    <p class='ocr_par' dir='ltr' id='par_1_77' title="bbox 28 5375 1607 5450">
     <span class='ocr_line' id='line_1_79' title="bbox 28 5375 1607 5450; baseline -0.003 -18"><span class='ocrx_word' id='word_1_586' title='bbox 28 5375 76 5428; x_wconf 87' lang='lat' dir='ltr'><strong>in</strong></span> <span class='ocrx_word' id='word_1_587' title='bbox 94 5382 304 5450; x_wconf 79' lang='lat' dir='ltr'><strong>visione</strong></span> <span class='ocrx_word' id='word_1_588' title='bbox 325 5385 508 5450; x_wconf 81' lang='lat' dir='ltr'><strong>pacis.</strong></span> <span class='ocrx_word' id='word_1_589' title='bbox 546 5385 652 5450; x_wconf 82' lang='lat' dir='ltr'><strong>llic</strong></span> <span class='ocrx_word' id='word_1_590' title='bbox 683 5384 741 5434; x_wconf 91' lang='lat' dir='ltr'><strong>in</strong></span> <span class='ocrx_word' id='word_1_591' title='bbox 764 5383 876 5434; x_wconf 87' lang='lat' dir='ltr'><strong>ista</strong></span> <span class='ocrx_word' id='word_1_592' title='bbox 899 5383 1050 5450; x_wconf 79' lang='lat' dir='ltr'><strong>Sion,</strong></span> <span class='ocrx_word' id='word_1_593' title='bbox 1075 5381 1177 5450; x_wconf 80' lang='lat' dir='ltr'><strong>ubi</strong></span> <span class='ocrx_word' id='word_1_594' title='bbox 1207 5379 1471 5450; x_wconf 74' lang='lat' dir='ltr'><strong>videmus</strong></span> <span class='ocrx_word' id='word_1_595' title='bbox 1494 5389 1607 5450; x_wconf 67' lang='lat' dir='ltr'><strong>per</strong></span> 
     </span>
    </p>
   </div>
   <div class='ocr_carea' id='block_1_78' title="bbox 30 5440 1606 5512">
    <p class='ocr_par' dir='ltr' id='par_1_78' title="bbox 30 5440 1606 5512">
     <span class='ocr_line' id='line_1_80' title="bbox 30 5440 1606 5512; baseline -0.009 -8"><span class='ocrx_word' id='word_1_596' title='bbox 30 5446 305 5504; x_wconf 62' lang='lat' dir='ltr'><strong>SPeculum</strong></span> <span class='ocrx_word' id='word_1_597' title='bbox 321 5440 381 5500; x_wconf 83' lang='lat' dir='ltr'><strong>ét</strong></span> <span class='ocrx_word' id='word_1_598' title='bbox 397 5447 457 5498; x_wconf 90' lang='lat' dir='ltr'><strong>in</strong></span> <span class='ocrx_word' id='word_1_599' title='bbox 470 5444 1062 5512; x_wconf 77' lang='lat' dir='ltr'><strong>amigmate,nondum</strong></span> <span class='ocrx_word' id='word_1_600' title='bbox 1075 5445 1268 5494; x_wconf 86' lang='lat' dir='ltr'><strong>autem</strong></span> <span class='ocrx_word' id='word_1_601' title='bbox 1285 5441 1428 5492; x_wconf 85' lang='lat' dir='ltr'><strong>facie</strong></span> <span class='ocrx_word' id='word_1_602' title='bbox 1443 5440 1514 5490; x_wconf 88' lang='lat' dir='ltr'><strong>ad</strong></span> <span class='ocrx_word' id='word_1_603' title='bbox 1534 5440 1606 5512; x_wconf 75' lang='lat' dir='ltr'><strong>fa-</strong></span> 
     </span>
    </p>
   </div>
   <div class='ocr_carea' id='block_1_79' title="bbox 30 5511 1604 5583">
    <p class='ocr_par' dir='ltr' id='par_1_79' title="bbox 30 5511 1604 5583">
     <span class='ocr_line' id='line_1_81' title="bbox 30 5511 1604 5583; baseline 0.001 -23"><span class='ocrx_word' id='word_1_604' title='bbox 30 5516 150 5568; x_wconf 85' lang='lat' dir='ltr'><strong>ciem</strong></span> <span class='ocrx_word' id='word_1_605' title='bbox 174 5518 244 5580; x_wconf 86' lang='grc'><strong>(1.</strong></span> <span class='ocrx_word' id='word_1_606' title='bbox 275 5518 408 5571; x_wconf 86' lang='lat' dir='ltr'><strong>Cor.</strong></span> <span class='ocrx_word' id='word_1_607' title='bbox 436 5519 562 5583; x_wconf 75' lang='lat'><strong>13.),</strong></span> <span class='ocrx_word' id='word_1_608' title='bbox 588 5511 787 5571; x_wconf 78' lang='lat' dir='ltr'><strong>votum</strong></span> <span class='ocrx_word' id='word_1_609' title='bbox 810 5519 929 5568; x_wconf 92' lang='lat' dir='ltr'><strong>Deo</strong></span> <span class='ocrx_word' id='word_1_610' title='bbox 948 5514 1255 5579; x_wconf 88' lang='lat' dir='ltr'><strong>incipimus</strong></span> <span class='ocrx_word' id='word_1_611' title='bbox 1278 5525 1446 5576; x_wconf 85' lang='lat' dir='ltr'><strong>agere</strong></span> <span class='ocrx_word' id='word_1_612' title='bbox 1471 5529 1481 5560; x_wconf 94' lang='lat'><strong>:</strong></span> <span class='ocrx_word' id='word_1_613' title='bbox 1503 5511 1604 5562; x_wconf 91' lang='lat' dir='ltr'><strong>sed</strong></span> 
     </span>
    </p>
   </div>
   <div class='ocr_carea' id='block_1_80' title="bbox 31 5583 1605 5657">
    <p class='ocr_par' dir='ltr' id='par_1_80' title="bbox 31 5583 1605 5657">
     <span class='ocr_line' id='line_1_82' title="bbox 31 5583 1605 5657; baseline -0.001 -24"><span class='ocrx_word' id='word_1_614' title='bbox 31 5583 146 5638; x_wconf 78' lang='lat' dir='ltr'><strong>illud</strong></span> <span class='ocrx_word' id='word_1_615' title='bbox 168 5603 281 5643; x_wconf 90' lang='lat' dir='ltr'><strong>non</strong></span> <span class='ocrx_word' id='word_1_616' title='bbox 307 5603 628 5657; x_wconf 86' lang='lat' dir='ltr'><strong>possumus</strong></span> <span class='ocrx_word' id='word_1_617' title='bbox 665 5603 738 5642; x_wconf 81' lang='lat' dir='ltr'><strong>ex</strong></span> <span class='ocrx_word' id='word_1_618' title='bbox 761 5591 881 5640; x_wconf 89' lang='lat' dir='ltr'><strong>toto</strong></span> <span class='ocrx_word' id='word_1_619' title='bbox 904 5586 1232 5657; x_wconf 85' lang='lat' dir='ltr'><strong>adimplere,</strong></span> <span class='ocrx_word' id='word_1_620' title='bbox 1267 5583 1605 5657; x_wconf 80' lang='lat' dir='ltr'><strong>quandiuin</strong></span> 
     </span>
    </p>
   </div>
   <div class='ocr_carea' id='block_1_81' title="bbox 31 5655 1607 5728">
    <p class='ocr_par' dir='ltr' id='par_1_81' title="bbox 31 5655 1607 5728">
     <span class='ocr_line' id='line_1_83' title="bbox 31 5655 1607 5728; baseline -0.003 -19"><span class='ocrx_word' id='word_1_621' title='bbox 31 5659 172 5712; x_wconf 81' lang='lat' dir='ltr'><strong>nobis</strong></span> <span class='ocrx_word' id='word_1_622' title='bbox 200 5655 500 5728; x_wconf 44' lang='lat' dir='ltr'><strong>est,&#39;quod</strong></span> <span class='ocrx_word' id='word_1_623' title='bbox 534 5662 836 5727; x_wconf 51' lang='lat' dir='ltr'><strong>Apostolus</strong></span> <span class='ocrx_word' id='word_1_624' title='bbox 856 5659 1008 5711; x_wconf 81' lang='lat' dir='ltr'><strong>dicit.</strong></span> <span class='ocrx_word' id='word_1_625' title='bbox 1025 5656 1181 5709; x_wconf 84' lang='lat' dir='ltr'><strong>Velle</strong></span> <span class='ocrx_word' id='word_1_626' title='bbox 1200 5657 1425 5728; x_wconf 85' lang='lat' dir='ltr'><strong>adjacet</strong></span> <span class='ocrx_word' id='word_1_627' title='bbox 1445 5655 1607 5713; x_wconf 89' lang='lat' dir='ltr'><strong>mihi,</strong></span> 
     </span>
    </p>
   </div>
   <div class='ocr_carea' id='block_1_82' title="bbox 32 5727 1610 5799">
    <p class='ocr_par' dir='ltr' id='par_1_82' title="bbox 32 5727 1610 5799">
     <span class='ocr_line' id='line_1_84' title="bbox 32 5727 1610 5799; baseline -0.008 -10"><span class='ocrx_word' id='word_1_628' title='bbox 32 5733 269 5789; x_wconf 73' lang='lat' dir='ltr'><strong>Perﬁcere</strong></span> <span class='ocrx_word' id='word_1_629' title='bbox 292 5727 494 5788; x_wconf 82' lang='lat' dir='ltr'><strong>autem</strong></span> <span class='ocrx_word' id='word_1_630' title='bbox 519 5737 735 5786; x_wconf 90' lang='lat' dir='ltr'><strong>bonum</strong></span> <span class='ocrx_word' id='word_1_631' title='bbox 759 5745 874 5784; x_wconf 88' lang='lat' dir='ltr'><strong>non</strong></span> <span class='ocrx_word' id='word_1_632' title='bbox 889 5729 1128 5799; x_wconf 86' lang='lat' dir='ltr'><strong>invenio</strong></span> <span class='ocrx_word' id='word_1_633' title='bbox 1157 5729 1330 5791; x_wconf 86' lang='lat' dir='ltr'><strong>(Rom.</strong></span> <span class='ocrx_word' id='word_1_634' title='bbox 1348 5727 1438 5790; x_wconf 88' lang='lat'><strong>7.).</strong></span> <span class='ocrx_word' id='word_1_635' title='bbox 1454 5728 1610 5799; x_wconf 77' lang='lat' dir='ltr'><strong>Bona</strong></span> 
     </span>
    </p>
   </div>
   <div class='ocr_carea' id='block_1_83' title="bbox 31 5797 1610 5872">
    <p class='ocr_par' dir='ltr' id='par_1_83' title="bbox 31 5797 1610 5872">
     <span class='ocr_line' id='line_1_85' title="bbox 31 5797 1610 5872; baseline -0.009 -10"><span class='ocrx_word' id='word_1_636' title='bbox 31 5803 214 5870; x_wconf 60' lang='lat' dir='ltr'><strong>(illippe</strong></span> <span class='ocrx_word' id='word_1_637' title='bbox 259 5818 441 5872; x_wconf 87' lang='lat' dir='ltr'><strong>opera</strong></span> <span class='ocrx_word' id='word_1_638' title='bbox 475 5810 674 5858; x_wconf 87' lang='lat' dir='ltr'><strong>nostra</strong></span> <span class='ocrx_word' id='word_1_639' title='bbox 714 5809 854 5856; x_wconf 90' lang='lat' dir='ltr'><strong>tunc</strong></span> <span class='ocrx_word' id='word_1_640' title='bbox 875 5797 1259 5867; x_wconf 84' lang='lat' dir='ltr'><strong>perficientur,</strong></span> <span class='ocrx_word' id='word_1_641' title='bbox 1283 5797 1513 5872; x_wconf 78' lang='lat' dir='ltr'><strong>quando</strong></span> <span class='ocrx_word' id='word_1_642' title='bbox 1532 5797 1610 5848; x_wconf 83' lang='lat' dir='ltr'><strong>ita</strong></span> 
     </span>
    </p>
   </div>
   <div class='ocr_carea' id='block_1_84' title="bbox 33 5870 1610 5936">
    <p class='ocr_par' dir='ltr' id='par_1_84' title="bbox 33 5870 1610 5936">
     <span class='ocr_line' id='line_1_86' title="bbox 33 5870 1610 5936; baseline -0.007 -8"><span class='ocrx_word' id='word_1_643' title='bbox 33 5876 233 5936; x_wconf 76' lang='lat' dir='ltr'><strong>spiritui</strong></span> <span class='ocrx_word' id='word_1_644' title='bbox 243 5870 382 5933; x_wconf 72' lang='lat' dir='ltr'><strong>caro</strong></span> <span class='ocrx_word' id='word_1_645' title='bbox 396 5877 778 5935; x_wconf 89' lang='lat' dir='ltr'><strong>consenserit,</strong></span> <span class='ocrx_word' id='word_1_646' title='bbox 795 5879 862 5928; x_wconf 89' lang='lat' dir='ltr'><strong>ut</strong></span> <span class='ocrx_word' id='word_1_647' title='bbox 877 5874 1155 5926; x_wconf 87' lang='lat' dir='ltr'><strong>adversus</strong></span> <span class='ocrx_word' id='word_1_648' title='bbox 1171 5884 1303 5924; x_wconf 89' lang='lat' dir='ltr'><strong>eum</strong></span> <span class='ocrx_word' id='word_1_649' title='bbox 1321 5870 1416 5923; x_wconf 87' lang='lat' dir='ltr'><strong>illa</strong></span> <span class='ocrx_word' id='word_1_650' title='bbox 1431 5885 1610 5920; x_wconf 86' lang='lat' dir='ltr'><strong>concu-</strong></span> 
     </span>
    </p>
   </div>
   <div class='ocr_carea' id='block_1_85' title="bbox 33 5942 1610 6016">
    <p class='ocr_par' dir='ltr' id='par_1_85' title="bbox 33 5942 1610 6016">
     <span class='ocr_line' id='line_1_87' title="bbox 33 5942 1610 6016; baseline -0.01 -8"><span class='ocrx_word' id='word_1_651' title='bbox 33 5947 227 6008; x_wconf 78' lang='lat' dir='ltr'><strong>Piscere</strong></span> <span class='ocrx_word' id='word_1_652' title='bbox 247 5965 374 6006; x_wconf 84' lang='lat' dir='ltr'><strong>non</strong></span> <span class='ocrx_word' id='word_1_653' title='bbox 397 5951 584 6016; x_wconf 86' lang='lat' dir='ltr'><strong>possit</strong></span> <span class='ocrx_word' id='word_1_654' title='bbox 605 5948 799 6014; x_wconf 84' lang='lat' dir='ltr'><strong>(Galat.</strong></span> <span class='ocrx_word' id='word_1_655' title='bbox 814 5945 906 6011; x_wconf 88' lang='lat'><strong>5.).</strong></span> <span class='ocrx_word' id='word_1_656' title='bbox 933 5947 1054 6000; x_wconf 83' lang='lat' dir='ltr'><strong>Hoc</strong></span> <span class='ocrx_word' id='word_1_657' title='bbox 1067 5943 1332 5998; x_wconf 86' lang='lat' dir='ltr'><strong>volumus</strong></span> <span class='ocrx_word' id='word_1_658' title='bbox 1343 5942 1610 6008; x_wconf 85' lang='lat' dir='ltr'><strong>quotiens</strong></span> 
     </span>
    </p>
   </div>
   <div class='ocr_carea' id='block_1_86' title="bbox 1621 1893 1676 1967">
    <p class='ocr_par' dir='ltr' id='par_1_86' title="bbox 1621 1893 1676 1967">
     <span class='ocr_line' id='line_1_88' title="bbox 1621 1893 1676 1967; baseline 0 0"><span class='ocrx_word' id='word_1_659' title='bbox 1621 1893 1676 1967; x_wconf 92' lang='lat' dir='ltr'><strong>B</strong></span> 
     </span>
    </p>
   </div>
   <div class='ocr_carea' id='block_1_87' title="bbox 1695 588 3288 658">
    <p class='ocr_par' dir='ltr' id='par_1_87' title="bbox 1695 588 3288 658">
     <span class='ocr_line' id='line_1_89' title="bbox 1695 588 3288 658; baseline 0.005 -20"><span class='ocrx_word' id='word_1_660' title='bbox 1695 588 1853 640; x_wconf 87' lang='lat' dir='ltr'><strong>Velle</strong></span> <span class='ocrx_word' id='word_1_661' title='bbox 1876 589 2100 652; x_wconf 85' lang='lat' dir='ltr'><strong>adjacet</strong></span> <span class='ocrx_word' id='word_1_662' title='bbox 2136 591 2290 642; x_wconf 90' lang='lat' dir='ltr'><strong>mihi.</strong></span> <span class='ocrx_word' id='word_1_663' title='bbox 2336 591 2443 642; x_wconf 91' lang='lat' dir='ltr'><strong>Sed</strong></span> <span class='ocrx_word' id='word_1_664' title='bbox 2477 594 2611 655; x_wconf 83' lang='lat' dir='ltr'><strong>quia</strong></span> <span class='ocrx_word' id='word_1_665' title='bbox 2649 592 2758 643; x_wconf 90' lang='lat' dir='ltr'><strong>hoc</strong></span> <span class='ocrx_word' id='word_1_666' title='bbox 2791 593 2904 644; x_wconf 85' lang='lat' dir='ltr'><strong>ista</strong></span> <span class='ocrx_word' id='word_1_667' title='bbox 2927 596 3288 658; x_wconf 86' lang='lat' dir='ltr'><strong>corruptione</strong></span> 
     </span>
    </p>
   </div>
   <div class='ocr_carea' id='block_1_88' title="bbox 1693 659 3292 726">
    <p class='ocr_par' dir='ltr' id='par_1_88' title="bbox 1693 659 3292 726">
     <span class='ocr_line' id='line_1_90' title="bbox 1693 659 3292 726; baseline 0.002 -16"><span class='ocrx_word' id='word_1_668' title='bbox 1693 659 2024 711; x_wconf 87' lang='lat' dir='ltr'><strong>nullatenus</strong></span> <span class='ocrx_word' id='word_1_669' title='bbox 2036 661 2395 726; x_wconf 86' lang='lat' dir='ltr'><strong>adimpletur.</strong></span> <span class='ocrx_word' id='word_1_670' title='bbox 2409 668 2708 726; x_wconf 85' lang='lat' dir='ltr'><strong>propterea</strong></span> <span class='ocrx_word' id='word_1_671' title='bbox 2722 676 2856 714; x_wconf 83' lang='lat' dir='ltr'><strong>mox</strong></span> <span class='ocrx_word' id='word_1_672' title='bbox 2871 665 3164 716; x_wconf 87' lang='lat' dir='ltr'><strong>subditur:</strong></span> <span class='ocrx_word' id='word_1_673' title='bbox 3183 670 3292 714; x_wconf 82' lang='lat' dir='ltr'><strong>Per-</strong></span> 
     </span>
    </p>
   </div>
   <div class='ocr_carea' id='block_1_89' title="bbox 1694 731 3286 800">
    <p class='ocr_par' dir='ltr' id='par_1_89' title="bbox 1694 731 3286 800">
     <span class='ocr_line' id='line_1_91' title="bbox 1694 731 3286 800; baseline 0.004 -19"><span class='ocrx_word' id='word_1_674' title='bbox 1694 731 1862 782; x_wconf 82' lang='lat' dir='ltr'><strong>ilcere</strong></span> <span class='ocrx_word' id='word_1_675' title='bbox 1885 736 2077 783; x_wconf 88' lang='lat' dir='ltr'><strong>autem</strong></span> <span class='ocrx_word' id='word_1_676' title='bbox 2103 734 2317 784; x_wconf 91' lang='lat' dir='ltr'><strong>bonum</strong></span> <span class='ocrx_word' id='word_1_677' title='bbox 2342 747 2458 784; x_wconf 89' lang='lat' dir='ltr'><strong>non</strong></span> <span class='ocrx_word' id='word_1_678' title='bbox 2481 734 2723 784; x_wconf 90' lang='lat' dir='ltr'><strong>invenio.</strong></span> <span class='ocrx_word' id='word_1_679' title='bbox 2751 737 2852 785; x_wconf 85' lang='lat' dir='ltr'><strong>Est</strong></span> <span class='ocrx_word' id='word_1_680' title='bbox 2873 736 3026 786; x_wconf 89' lang='lat' dir='ltr'><strong>enim</strong></span> <span class='ocrx_word' id='word_1_681' title='bbox 3064 736 3286 800; x_wconf 83' lang='lat' dir='ltr'><strong>perfec-</strong></span> 
     </span>
    </p>
   </div>
   <div class='ocr_carea' id='block_1_90' title="bbox 1696 801 3286 869">
    <p class='ocr_par' dir='ltr' id='par_1_90' title="bbox 1696 801 3286 869">
     <span class='ocr_line' id='line_1_92' title="bbox 1696 801 3286 869; baseline 0.001 -17"><span class='ocrx_word' id='word_1_682' title='bbox 1696 801 1773 853; x_wconf 92' lang='lat' dir='ltr'><strong>tio</strong></span> <span class='ocrx_word' id='word_1_683' title='bbox 1799 803 1952 864; x_wconf 90' lang='lat' dir='ltr'><strong>boni,</strong></span> <span class='ocrx_word' id='word_1_684' title='bbox 1970 804 2068 854; x_wconf 92' lang='lat' dir='ltr'><strong>ubi</strong></span> <span class='ocrx_word' id='word_1_685' title='bbox 2085 804 2240 855; x_wconf 74' lang='lat' dir='ltr'><strong>nulla</strong></span> <span class='ocrx_word' id='word_1_686' title='bbox 2256 806 2823 869; x_wconf 86' lang='lat' dir='ltr'><strong>estconcupiscentia</strong></span> <span class='ocrx_word' id='word_1_687' title='bbox 2833 807 3155 858; x_wconf 88' lang='lat' dir='ltr'><strong>mali.Tunc</strong></span> <span class='ocrx_word' id='word_1_688' title='bbox 3169 823 3286 867; x_wconf 85' lang='lat' dir='ltr'><strong>ergo</strong></span> 
     </span>
    </p>
   </div>
   <div class='ocr_carea' id='block_1_91' title="bbox 1694 875 3285 941">
    <p class='ocr_par' dir='ltr' id='par_1_91' title="bbox 1694 875 3285 941">
     <span class='ocr_line' id='line_1_93' title="bbox 1694 875 3285 941; baseline 0.003 -16"><span class='ocrx_word' id='word_1_689' title='bbox 1694 875 1964 927; x_wconf 88' lang='lat' dir='ltr'><strong>reddetur</strong></span> <span class='ocrx_word' id='word_1_690' title='bbox 2010 876 2070 927; x_wconf 90' lang='lat' dir='ltr'><strong>in</strong></span> <span class='ocrx_word' id='word_1_691' title='bbox 2115 876 2210 926; x_wconf 89' lang='lat' dir='ltr'><strong>illa</strong></span> <span class='ocrx_word' id='word_1_692' title='bbox 2231 877 2447 927; x_wconf 69' lang='lat' dir='ltr'><strong>cmlesti</strong></span> <span class='ocrx_word' id='word_1_693' title='bbox 2473 890 2629 940; x_wconf 90' lang='lat' dir='ltr'><strong>pace,</strong></span> <span class='ocrx_word' id='word_1_694' title='bbox 2655 879 2884 940; x_wconf 88' lang='lat' dir='ltr'><strong>quando</strong></span> <span class='ocrx_word' id='word_1_695' title='bbox 2903 881 3023 941; x_wconf 86' lang='lat' dir='ltr'><strong>jam</strong></span> <span class='ocrx_word' id='word_1_696' title='bbox 3058 879 3285 929; x_wconf 89' lang='lat' dir='ltr'><strong>nullum</strong></span> 
     </span>
    </p>
   </div>
   <div class='ocr_carea' id='block_1_92' title="bbox 1694 948 3278 1009">
    <p class='ocr_par' dir='ltr' id='par_1_92' title="bbox 1694 948 3278 1009">
     <span class='ocr_line' id='line_1_94' title="bbox 1694 948 3278 1009; baseline 0 -11"><span class='ocrx_word' id='word_1_697' title='bbox 1694 949 1911 998; x_wconf 88' lang='lat' dir='ltr'><strong>malum</strong></span> <span class='ocrx_word' id='word_1_698' title='bbox 1937 948 2062 1007; x_wconf 90' lang='lat' dir='ltr'><strong>erit,</strong></span> <span class='ocrx_word' id='word_1_699' title='bbox 2085 948 2184 998; x_wconf 90' lang='lat' dir='ltr'><strong>sed</strong></span> <span class='ocrx_word' id='word_1_700' title='bbox 2207 961 2500 998; x_wconf 89' lang='lat' dir='ltr'><strong>summum</strong></span> <span class='ocrx_word' id='word_1_701' title='bbox 2521 950 2848 1000; x_wconf 87' lang='lat' dir='ltr'><strong>bonum.1bi</strong></span> <span class='ocrx_word' id='word_1_702' title='bbox 2861 951 3075 1000; x_wconf 89' lang='lat' dir='ltr'><strong>erimus</strong></span> <span class='ocrx_word' id='word_1_703' title='bbox 3101 959 3278 1009; x_wconf 81' lang='lat' dir='ltr'><strong>totum,</strong></span> 
     </span>
    </p>
   </div>
   <div class='ocr_carea' id='block_1_93' title="bbox 1693 1018 3284 1084">
    <p class='ocr_par' dir='ltr' id='par_1_93' title="bbox 1693 1018 3284 1084">
     <span class='ocr_line' id='line_1_95' title="bbox 1693 1018 3284 1084; baseline 0.002 -16"><span class='ocrx_word' id='word_1_704' title='bbox 1693 1018 1860 1081; x_wconf 88' lang='lat' dir='ltr'><strong>idest,</strong></span> <span class='ocrx_word' id='word_1_705' title='bbox 1877 1019 2102 1082; x_wconf 85' lang='lat' dir='ltr'><strong>integri,</strong></span> <span class='ocrx_word' id='word_1_706' title='bbox 2126 1033 2242 1070; x_wconf 88' lang='lat' dir='ltr'><strong>non</strong></span> <span class='ocrx_word' id='word_1_707' title='bbox 2267 1019 2452 1070; x_wconf 86' lang='lat' dir='ltr'><strong>solum</strong></span> <span class='ocrx_word' id='word_1_708' title='bbox 2481 1021 2688 1074; x_wconf 85' lang='lat' dir='ltr'><strong>anima.</strong></span> <span class='ocrx_word' id='word_1_709' title='bbox 2709 1021 2808 1071; x_wconf 89' lang='lat' dir='ltr'><strong>sed</strong></span> <span class='ocrx_word' id='word_1_710' title='bbox 2827 1034 2956 1071; x_wconf 86' lang='lat' dir='ltr'><strong>caro</strong></span> <span class='ocrx_word' id='word_1_711' title='bbox 2972 1021 3095 1084; x_wconf 89' lang='lat' dir='ltr'><strong>ipsa</strong></span> <span class='ocrx_word' id='word_1_712' title='bbox 3114 1021 3172 1070; x_wconf 91' lang='lat' dir='ltr'><strong>in</strong></span> <span class='ocrx_word' id='word_1_713' title='bbox 3192 1033 3284 1072; x_wconf 89' lang='lat' dir='ltr'><strong>re-</strong></span> 
     </span>
    </p>
   </div>
   <div class='ocr_carea' id='block_1_94' title="bbox 1695 1091 3282 1156">
    <p class='ocr_par' dir='ltr' id='par_1_94' title="bbox 1695 1091 3282 1156">
     <span class='ocr_line' id='line_1_96' title="bbox 1695 1091 3282 1156; baseline 0.001 -16"><span class='ocrx_word' id='word_1_714' title='bbox 1695 1091 2048 1141; x_wconf 90' lang='lat' dir='ltr'><strong>surrectione</strong></span> <span class='ocrx_word' id='word_1_715' title='bbox 2067 1091 2378 1154; x_wconf 90' lang='lat' dir='ltr'><strong>justorum.</strong></span> <span class='ocrx_word' id='word_1_716' title='bbox 2391 1092 2597 1142; x_wconf 88' lang='lat' dir='ltr'><strong>Vincet</strong></span> <span class='ocrx_word' id='word_1_717' title='bbox 2614 1105 2747 1156; x_wconf 76' lang='lat' dir='ltr'><strong>pax,</strong></span> <span class='ocrx_word' id='word_1_718' title='bbox 2765 1093 3059 1143; x_wconf 86' lang='lat' dir='ltr'><strong>ettlnietur</strong></span> <span class='ocrx_word' id='word_1_719' title='bbox 3075 1095 3282 1141; x_wconf 89' lang='lat' dir='ltr'><strong>bellum:</strong></span> 
     </span>
    </p>
   </div>
   <div class='ocr_carea' id='block_1_95' title="bbox 1695 1160 3286 1226">
    <p class='ocr_par' dir='ltr' id='par_1_95' title="bbox 1695 1160 3286 1226">
     <span class='ocr_line' id='line_1_97' title="bbox 1695 1160 3286 1226; baseline -0.001 -16"><span class='ocrx_word' id='word_1_720' title='bbox 1695 1160 2019 1212; x_wconf 88' lang='lat' dir='ltr'><strong>destruetur</strong></span> <span class='ocrx_word' id='word_1_721' title='bbox 2033 1174 2185 1212; x_wconf 91' lang='lat' dir='ltr'><strong>mors</strong></span> <span class='ocrx_word' id='word_1_722' title='bbox 2201 1165 2259 1212; x_wconf 91' lang='lat' dir='ltr'><strong>et</strong></span> <span class='ocrx_word' id='word_1_723' title='bbox 2283 1162 2406 1212; x_wconf 86' lang='lat' dir='ltr'><strong>vita</strong></span> <span class='ocrx_word' id='word_1_724' title='bbox 2419 1162 2521 1212; x_wconf 89' lang='lat' dir='ltr'><strong>erit</strong></span> <span class='ocrx_word' id='word_1_725' title='bbox 2535 1162 2592 1212; x_wconf 92' lang='lat' dir='ltr'><strong>in</strong></span> <span class='ocrx_word' id='word_1_726' title='bbox 2603 1167 2965 1226; x_wconf 88' lang='lat' dir='ltr'><strong>perpetuum.</strong></span> <span class='ocrx_word' id='word_1_727' title='bbox 2982 1165 3143 1214; x_wconf 90' lang='lat' dir='ltr'><strong>Tunc</strong></span> <span class='ocrx_word' id='word_1_728' title='bbox 3165 1177 3286 1210; x_wconf 80' lang='lat' dir='ltr'><strong>nos-</strong></span> 
     </span>
    </p>
   </div>
   <div class='ocr_carea' id='block_1_96' title="bbox 1695 1231 3288 1296">
    <p class='ocr_par' dir='ltr' id='par_1_96' title="bbox 1695 1231 3288 1296">
     <span class='ocr_line' id='line_1_98' title="bbox 1695 1231 3288 1296; baseline -0.001 -14"><span class='ocrx_word' id='word_1_729' title='bbox 1695 1235 1849 1282; x_wconf 91' lang='lat' dir='ltr'><strong>trum</strong></span> <span class='ocrx_word' id='word_1_730' title='bbox 1863 1231 2210 1284; x_wconf 88' lang='lat' dir='ltr'><strong>desiderium</strong></span> <span class='ocrx_word' id='word_1_731' title='bbox 2225 1246 2250 1282; x_wconf 83' lang='lat' dir='ltr'><strong>a</strong></span> <span class='ocrx_word' id='word_1_732' title='bbox 2261 1232 2639 1296; x_wconf 88' lang='lat' dir='ltr'><strong>dimplebitur.</strong></span> <span class='ocrx_word' id='word_1_733' title='bbox 2661 1234 2818 1284; x_wconf 86' lang='lat' dir='ltr'><strong>Tunc</strong></span> <span class='ocrx_word' id='word_1_734' title='bbox 2835 1233 2950 1294; x_wconf 84' lang='lat' dir='ltr'><strong>ﬁet,</strong></span> <span class='ocrx_word' id='word_1_735' title='bbox 2964 1233 3118 1296; x_wconf 87' lang='lat' dir='ltr'><strong>quod</strong></span> <span class='ocrx_word' id='word_1_736' title='bbox 3142 1235 3288 1281; x_wconf 88' lang='lat' dir='ltr'><strong>modo</strong></span> 
     </span>
    </p>
   </div>
   <div class='ocr_carea' id='block_1_97' title="bbox 1693 1303 3280 1366">
    <p class='ocr_par' dir='ltr' id='par_1_97' title="bbox 1693 1303 3280 1366">
     <span class='ocr_line' id='line_1_99' title="bbox 1693 1303 3280 1366; baseline 0 -13"><span class='ocrx_word' id='word_1_737' title='bbox 1693 1303 2066 1366; x_wconf 86' lang='lat' dir='ltr'><strong>prophetatur</strong></span> <span class='ocrx_word' id='word_1_738' title='bbox 2093 1305 2150 1366; x_wconf 84' lang='lat' dir='ltr'><strong>et</strong></span> <span class='ocrx_word' id='word_1_739' title='bbox 2193 1303 2294 1354; x_wconf 88' lang='lat' dir='ltr'><strong>tibi</strong></span> <span class='ocrx_word' id='word_1_740' title='bbox 2321 1304 2591 1356; x_wconf 88' lang='lat' dir='ltr'><strong>reddetur</strong></span> <span class='ocrx_word' id='word_1_741' title='bbox 2624 1308 2826 1356; x_wconf 88' lang='lat' dir='ltr'><strong>votum</strong></span> <span class='ocrx_word' id='word_1_742' title='bbox 2861 1305 2921 1356; x_wconf 89' lang='lat' dir='ltr'><strong>in</strong></span> <span class='ocrx_word' id='word_1_743' title='bbox 2943 1303 3280 1356; x_wconf 86' lang='lat' dir='ltr'><strong>Jerusalem.</strong></span> 
     </span>
    </p>
   </div>
   <div class='ocr_carea' id='block_1_98' title="bbox 1693 1365 3282 1488">
    <p class='ocr_par' dir='ltr' id='par_1_98' title="bbox 1693 1365 3282 1488">
     <span class='ocr_line' id='line_1_100' title="bbox 1693 1365 3282 1488; baseline -0.001 -62"><span class='ocrx_word' id='word_1_744' title='bbox 1693 1365 2185 1488; x_wconf 34' lang='lat' dir='ltr'><strong>glelgcosuspii‘at</strong></span> <span class='ocrx_word' id='word_1_745' title='bbox 2206 1375 2458 1427; x_wconf 85' lang='lat' dir='ltr'><strong>Ecclesia</strong></span> <span class='ocrx_word' id='word_1_746' title='bbox 2486 1391 2498 1426; x_wconf 93' lang='lat'>:</span> <span class='ocrx_word' id='word_1_747' title='bbox 2527 1375 2680 1427; x_wconf 92' lang='lat' dir='ltr'><strong>unde</strong></span> <span class='ocrx_word' id='word_1_748' title='bbox 2705 1381 2762 1428; x_wconf 91' lang='lat' dir='ltr'><strong>et</strong></span> <span class='ocrx_word' id='word_1_749' title='bbox 2789 1376 3120 1442; x_wconf 88' lang='lat' dir='ltr'><strong>suppliciter</strong></span> <span class='ocrx_word' id='word_1_750' title='bbox 3139 1379 3282 1438; x_wconf 90' lang='lat' dir='ltr'><strong>orat,</strong></span> 
     </span>
    </p>
   </div>
   <div class='ocr_carea' id='block_1_99' title="bbox 1757 1507 3290 1563">
    <p class='ocr_par' dir='ltr' id='par_1_99' title="bbox 1757 1507 3290 1563">
     <span class='ocr_line' id='line_1_101' title="bbox 1757 1507 3290 1563; baseline -0.001 -2"><span class='ocrx_word' id='word_1_751' title='bbox 1757 1507 1808 1562; x_wconf 88' lang='lat'><strong>3.</strong></span> <span class='ocrx_word' id='word_1_752' title='bbox 1833 1508 2058 1558; x_wconf 74' lang='lat' dir='ltr'><strong>Exaudi</strong></span> <span class='ocrx_word' id='word_1_753' title='bbox 2071 1509 2210 1558; x_wconf 84' lang='lat' dir='ltr'><strong>Deus</strong></span> <span class='ocrx_word' id='word_1_754' title='bbox 2224 1509 2525 1559; x_wconf 77' lang='lat' dir='ltr'><strong>oralionem</strong></span> <span class='ocrx_word' id='word_1_755' title='bbox 2548 1525 2743 1560; x_wconf 79' lang='lat' dir='ltr'><strong>meam.</strong></span> <span class='ocrx_word' id='word_1_756' title='bbox 2768 1511 2844 1562; x_wconf 89' lang='lat' dir='ltr'><strong>Ut</strong></span> <span class='ocrx_word' id='word_1_757' title='bbox 2865 1511 2926 1562; x_wconf 90' lang='lat' dir='ltr'><strong>in</strong></span> <span class='ocrx_word' id='word_1_758' title='bbox 2953 1510 3042 1562; x_wconf 83' lang='lat' dir='ltr'><strong>illa</strong></span> <span class='ocrx_word' id='word_1_759' title='bbox 3070 1509 3290 1563; x_wconf 64' lang='lat' dir='ltr'><strong>caelesti</strong></span> 
     </span>
    </p>
   </div>
   <div class='ocr_carea' id='block_1_100' title="bbox 1691 1580 3289 1646">
    <p class='ocr_par' dir='ltr' id='par_1_100' title="bbox 1691 1580 3289 1646">
     <span class='ocr_line' id='line_1_102' title="bbox 1691 1580 3289 1646; baseline 0.001 -16"><span class='ocrx_word' id='word_1_760' title='bbox 1691 1580 2008 1631; x_wconf 87' lang='lat' dir='ltr'><strong>Jerusalem</strong></span> <span class='ocrx_word' id='word_1_761' title='bbox 2036 1585 2236 1632; x_wconf 89' lang='lat' dir='ltr'><strong>votum</strong></span> <span class='ocrx_word' id='word_1_762' title='bbox 2260 1595 2453 1635; x_wconf 90' lang='lat' dir='ltr'><strong>meum</strong></span> <span class='ocrx_word' id='word_1_763' title='bbox 2467 1582 2808 1646; x_wconf 88' lang='lat' dir='ltr'><strong>persolvam.</strong></span> <span class='ocrx_word' id='word_1_764' title='bbox 2829 1583 2954 1633; x_wconf 91' lang='lat' dir='ltr'><strong>Scio</strong></span> <span class='ocrx_word' id='word_1_765' title='bbox 2967 1582 3139 1645; x_wconf 88' lang='lat' dir='ltr'><strong>enim,</strong></span> <span class='ocrx_word' id='word_1_766' title='bbox 3153 1583 3289 1646; x_wconf 86' lang='lat' dir='ltr'><strong>quia</strong></span> 
     </span>
    </p>
   </div>
   <div class='ocr_carea' id='block_1_101' title="bbox 1693 1652 3290 1710">
    <p class='ocr_par' dir='ltr' id='par_1_101' title="bbox 1693 1652 3290 1710">
     <span class='ocr_line' id='line_1_103' title="bbox 1693 1652 3290 1710; baseline 0 -8"><span class='ocrx_word' id='word_1_767' title='bbox 1693 1663 1811 1702; x_wconf 93' lang='lat' dir='ltr'><strong>non</strong></span> <span class='ocrx_word' id='word_1_768' title='bbox 1855 1653 2041 1703; x_wconf 87' lang='lat' dir='ltr'><strong>solum</strong></span> <span class='ocrx_word' id='word_1_769' title='bbox 2065 1653 2290 1710; x_wconf 73' lang='lat' dir='ltr'><strong>animae,</strong></span> <span class='ocrx_word' id='word_1_770' title='bbox 2318 1653 2418 1704; x_wconf 89' lang='lat' dir='ltr'><strong>sed</strong></span> <span class='ocrx_word' id='word_1_771' title='bbox 2447 1655 2520 1702; x_wconf 82' lang='lat' dir='ltr'><strong>ad</strong></span> <span class='ocrx_word' id='word_1_772' title='bbox 2545 1659 2588 1702; x_wconf 86' lang='lat' dir='ltr'><strong>te</strong></span> <span class='ocrx_word' id='word_1_773' title='bbox 2611 1654 2789 1703; x_wconf 82' lang='lat' dir='ltr'><strong>omnis</strong></span> <span class='ocrx_word' id='word_1_774' title='bbox 2811 1668 2938 1703; x_wconf 85' lang='lat' dir='ltr'><strong>caro</strong></span> <span class='ocrx_word' id='word_1_775' title='bbox 2967 1654 3150 1702; x_wconf 73' lang='lat' dir='ltr'><strong>venirt.</strong></span> <span class='ocrx_word' id='word_1_776' title='bbox 3185 1652 3290 1702; x_wconf 85' lang='lat' dir='ltr'><strong>Hic</strong></span> 
     </span>
    </p>
   </div>
   <div class='ocr_carea' id='block_1_102' title="bbox 1691 1723 3291 1788">
    <p class='ocr_par' dir='ltr' id='par_1_102' title="bbox 1691 1723 3291 1788">
     <span class='ocr_line' id='line_1_104' title="bbox 1691 1723 3291 1788; baseline 0.001 -16"><span class='ocrx_word' id='word_1_777' title='bbox 1691 1726 1882 1786; x_wconf 88' lang='lat' dir='ltr'><strong>aperte</strong></span> <span class='ocrx_word' id='word_1_778' title='bbox 1927 1723 2201 1788; x_wconf 88' lang='lat' dir='ltr'><strong>propheta</strong></span> <span class='ocrx_word' id='word_1_779' title='bbox 2244 1724 2718 1776; x_wconf 89' lang='lat' dir='ltr'><strong>resurrectionem</strong></span> <span class='ocrx_word' id='word_1_780' title='bbox 2760 1725 3084 1776; x_wconf 87' lang='lat' dir='ltr'><strong>annuntiat.</strong></span> <span class='ocrx_word' id='word_1_781' title='bbox 3128 1723 3291 1774; x_wconf 88' lang='lat' dir='ltr'><strong>Unde</strong></span> 
     </span>
    </p>
   </div>
   <div class='ocr_carea' id='block_1_103' title="bbox 1696 1793 3288 1858">
    <p class='ocr_par' dir='ltr' id='par_1_103' title="bbox 1696 1793 3288 1858">
     <span class='ocr_line' id='line_1_105' title="bbox 1696 1793 3288 1858; baseline 0 -14"><span class='ocrx_word' id='word_1_782' title='bbox 1696 1793 2042 1856; x_wconf 84' lang='lat' dir='ltr'><strong>Apostolus:</strong></span> <span class='ocrx_word' id='word_1_783' title='bbox 2094 1794 2310 1846; x_wconf 90' lang='lat' dir='ltr'><strong>Omnes</strong></span> <span class='ocrx_word' id='word_1_784' title='bbox 2360 1796 2582 1858; x_wconf 90' lang='lat' dir='ltr'><strong>(inquit)</strong></span> <span class='ocrx_word' id='word_1_785' title='bbox 2619 1796 2741 1846; x_wconf 90' lang='lat' dir='ltr'><strong>sive</strong></span> <span class='ocrx_word' id='word_1_786' title='bbox 2783 1795 2934 1857; x_wconf 90' lang='lat' dir='ltr'><strong>boni,</strong></span> <span class='ocrx_word' id='word_1_787' title='bbox 2969 1795 3092 1846; x_wconf 89' lang='lat' dir='ltr'><strong>sive</strong></span> <span class='ocrx_word' id='word_1_788' title='bbox 3133 1793 3288 1856; x_wconf 87' lang='lat' dir='ltr'><strong>mali,</strong></span> 
     </span>
    </p>
   </div>
   <div class='ocr_carea' id='block_1_104' title="bbox 1695 1863 3288 1928">
    <p class='ocr_par' dir='ltr' id='par_1_104' title="bbox 1695 1863 3288 1928">
     <span class='ocr_line' id='line_1_106' title="bbox 1695 1863 3288 1928; baseline -0.001 -14"><span class='ocrx_word' id='word_1_789' title='bbox 1695 1865 2051 1915; x_wconf 89' lang='lat' dir='ltr'><strong>adstabimus</strong></span> <span class='ocrx_word' id='word_1_790' title='bbox 2076 1871 2210 1917; x_wconf 87' lang='lat' dir='ltr'><strong>ante</strong></span> <span class='ocrx_word' id='word_1_791' title='bbox 2237 1866 2482 1918; x_wconf 90' lang='lat' dir='ltr'><strong>tribunal</strong></span> <span class='ocrx_word' id='word_1_792' title='bbox 2499 1867 2704 1918; x_wconf 89' lang='lat' dir='ltr'><strong>Christi</strong></span> <span class='ocrx_word' id='word_1_793' title='bbox 2721 1865 3024 1928; x_wconf 56' lang='lat' dir='ltr'><strong>(Rom/14.).</strong></span> <span class='ocrx_word' id='word_1_794' title='bbox 3042 1867 3110 1916; x_wconf 89' lang='lat' dir='ltr'><strong>Et</strong></span> <span class='ocrx_word' id='word_1_795' title='bbox 3124 1863 3288 1916; x_wconf 88' lang='lat' dir='ltr'><strong>alibi:</strong></span> 
     </span>
    </p>
   </div>
   <div class='ocr_carea' id='block_1_105' title="bbox 1698 1935 3294 2000">
    <p class='ocr_par' dir='ltr' id='par_1_105' title="bbox 1698 1935 3294 2000">
     <span class='ocr_line' id='line_1_107' title="bbox 1698 1935 3294 2000; baseline 0 -15"><span class='ocrx_word' id='word_1_796' title='bbox 1698 1935 1842 1986; x_wconf 88' lang='lat' dir='ltr'><strong>Vivo</strong></span> <span class='ocrx_word' id='word_1_797' title='bbox 1873 1947 1998 1998; x_wconf 85' lang='lat' dir='ltr'><strong>ego,</strong></span> <span class='ocrx_word' id='word_1_798' title='bbox 2023 1935 2161 1987; x_wconf 88' lang='lat' dir='ltr'><strong>dicit</strong></span> <span class='ocrx_word' id='word_1_799' title='bbox 2184 1937 2483 2000; x_wconf 90' lang='lat' dir='ltr'><strong>Dominus,</strong></span> <span class='ocrx_word' id='word_1_800' title='bbox 2521 1937 2794 2000; x_wconf 88' lang='lat' dir='ltr'><strong>quoniam</strong></span> <span class='ocrx_word' id='word_1_801' title='bbox 2811 1936 3294 1987; x_wconf 87' lang='lat' dir='ltr'><strong>mihicurvabitur</strong></span> 
     </span>
    </p>
   </div>
   <div class='ocr_carea' id='block_1_106' title="bbox 1697 2005 3290 2071">
    <p class='ocr_par' dir='ltr' id='par_1_106' title="bbox 1697 2005 3290 2071">
     <span class='ocr_line' id='line_1_108' title="bbox 1697 2005 3290 2071; baseline -0.001 -13"><span class='ocrx_word' id='word_1_802' title='bbox 1697 2020 1866 2058; x_wconf 87' lang='lat' dir='ltr'><strong>omne</strong></span> <span class='ocrx_word' id='word_1_803' title='bbox 1888 2021 2060 2071; x_wconf 89' lang='lat' dir='ltr'><strong>genu,</strong></span> <span class='ocrx_word' id='word_1_804' title='bbox 2107 2012 2165 2058; x_wconf 88' lang='lat' dir='ltr'><strong>et</strong></span> <span class='ocrx_word' id='word_1_805' title='bbox 2205 2009 2570 2060; x_wconf 81' lang='lat' dir='ltr'><strong>conﬁtebitur</strong></span> <span class='ocrx_word' id='word_1_806' title='bbox 2617 2009 2808 2060; x_wconf 89' lang='lat' dir='ltr'><strong>omnis</strong></span> <span class='ocrx_word' id='word_1_807' title='bbox 2831 2008 3026 2069; x_wconf 76' lang='lat' dir='ltr'><strong>lingua</strong></span> <span class='ocrx_word' id='word_1_808' title='bbox 3048 2006 3211 2070; x_wconf 81' lang='lat' dir='ltr'><strong>(Phil.</strong></span> <span class='ocrx_word' id='word_1_809' title='bbox 3237 2005 3290 2059; x_wconf 72' lang='grc'><strong>2.</strong></span> 
     </span>
    </p>
   </div>
   <div class='ocr_carea' id='block_1_107' title="bbox 1696 2077 3292 2144">
    <p class='ocr_par' dir='ltr' id='par_1_107' title="bbox 1696 2077 3292 2144">
     <span class='ocr_line' id='line_1_109' title="bbox 1696 2077 3292 2144; baseline 0 -17"><span class='ocrx_word' id='word_1_810' title='bbox 1696 2079 1822 2130; x_wconf 79' lang='lat' dir='ltr'><strong>Isai.</strong></span> <span class='ocrx_word' id='word_1_811' title='bbox 1848 2077 1974 2143; x_wconf 67' lang='lat'><strong>45.).</strong></span> <span class='ocrx_word' id='word_1_812' title='bbox 2001 2080 2070 2130; x_wconf 90' lang='lat' dir='ltr'><strong>Et</strong></span> <span class='ocrx_word' id='word_1_813' title='bbox 2093 2079 2290 2131; x_wconf 88' lang='lat' dir='ltr'><strong>subdit</strong></span> <span class='ocrx_word' id='word_1_814' title='bbox 2313 2093 2599 2141; x_wconf 86' lang='lat' dir='ltr'><strong>caussam,</strong></span> <span class='ocrx_word' id='word_1_815' title='bbox 2625 2092 2802 2144; x_wconf 87' lang='lat' dir='ltr'><strong>quare</strong></span> <span class='ocrx_word' id='word_1_816' title='bbox 2834 2091 3072 2131; x_wconf 88' lang='lat' dir='ltr'><strong>necesse</strong></span> <span class='ocrx_word' id='word_1_817' title='bbox 3093 2082 3205 2140; x_wconf 89' lang='lat' dir='ltr'><strong>est,</strong></span> <span class='ocrx_word' id='word_1_818' title='bbox 3226 2081 3292 2128; x_wconf 92' lang='lat' dir='ltr'><strong>ut</strong></span> 
     </span>
    </p>
   </div>
   <div class='ocr_carea' id='block_1_108' title="bbox 1695 2150 2360 2215">
    <p class='ocr_par' dir='ltr' id='par_1_108' title="bbox 1695 2150 2360 2215">
     <span class='ocr_line' id='line_1_110' title="bbox 1695 2150 2360 2215; baseline -0.003 -13"><span class='ocrx_word' id='word_1_819' title='bbox 1695 2150 2056 2215; x_wconf 84' lang='lat' dir='ltr'><strong>exaudiatur,</strong></span> <span class='ocrx_word' id='word_1_820' title='bbox 2087 2164 2217 2202; x_wconf 90' lang='lat' dir='ltr'><strong>cum</strong></span> <span class='ocrx_word' id='word_1_821' title='bbox 2242 2151 2324 2203; x_wconf 88' lang='lat' dir='ltr'><strong>ait</strong></span> <span class='ocrx_word' id='word_1_822' title='bbox 2349 2169 2360 2200; x_wconf 91' lang='lat'><strong>:</strong></span> 
     </span>
    </p>
   </div>
   <div class='ocr_carea' id='block_1_109' title="bbox 1759 2219 3286 2286">
    <p class='ocr_par' dir='ltr' id='par_1_109' title="bbox 1759 2219 3286 2286">
     <span class='ocr_line' id='line_1_111' title="bbox 1759 2219 3286 2286; baseline -0.003 -14"><span class='ocrx_word' id='word_1_823' title='bbox 1759 2221 1810 2276; x_wconf 78' lang='grc'><strong>4.</strong></span> <span class='ocrx_word' id='word_1_824' title='bbox 1853 2221 2020 2270; x_wconf 83' lang='lat' dir='ltr'><strong>Verba</strong></span> <span class='ocrx_word' id='word_1_825' title='bbox 2044 2222 2386 2286; x_wconf 82' lang='lat' dir='ltr'><strong>iniquorum,</strong></span> <span class='ocrx_word' id='word_1_826' title='bbox 2405 2221 2463 2274; x_wconf 91' lang='lat' dir='ltr'><strong>id</strong></span> <span class='ocrx_word' id='word_1_827' title='bbox 2486 2224 2592 2286; x_wconf 90' lang='lat' dir='ltr'><strong>est,</strong></span> <span class='ocrx_word' id='word_1_828' title='bbox 2616 2220 2825 2274; x_wconf 82' lang='lat' dir='ltr'><strong>diaboli</strong></span> <span class='ocrx_word' id='word_1_829' title='bbox 2842 2225 2899 2273; x_wconf 90' lang='lat' dir='ltr'><strong>et</strong></span> <span class='ocrx_word' id='word_1_830' title='bbox 2913 2223 3049 2273; x_wconf 75' lang='lat' dir='ltr'><strong>Evaa</strong></span> <span class='ocrx_word' id='word_1_831' title='bbox 3065 2219 3163 2284; x_wconf 88' lang='lat' dir='ltr'><strong>qui</strong></span> <span class='ocrx_word' id='word_1_832' title='bbox 3177 2235 3286 2281; x_wconf 87' lang='lat' dir='ltr'><strong>per-</strong></span> 
     </span>
    </p>
   </div>
   <div class='ocr_carea' id='block_1_110' title="bbox 1698 2291 3288 2358">
    <p class='ocr_par' dir='ltr' id='par_1_110' title="bbox 1698 2291 3288 2358">
     <span class='ocr_line' id='line_1_112' title="bbox 1698 2291 3288 2358; baseline -0.003 -14"><span class='ocrx_word' id='word_1_833' title='bbox 1698 2293 2006 2344; x_wconf 80' lang='lat' dir='ltr'><strong>suaserunt</strong></span> <span class='ocrx_word' id='word_1_834' title='bbox 2021 2293 2162 2344; x_wconf 78' lang='lat' dir='ltr'><strong>Adae</strong></span> <span class='ocrx_word' id='word_1_835' title='bbox 2186 2294 2584 2357; x_wconf 69' lang='lat' dir='ltr'><strong>prazvaluemmt</strong></span> <span class='ocrx_word' id='word_1_836' title='bbox 2606 2309 2768 2358; x_wconf 85' lang='lat' dir='ltr'><strong>super</strong></span> <span class='ocrx_word' id='word_1_837' title='bbox 2789 2307 2908 2343; x_wconf 82' lang='lat' dir='ltr'><strong>nos.</strong></span> <span class='ocrx_word' id='word_1_838' title='bbox 2935 2293 3079 2354; x_wconf 88' lang='lat' dir='ltr'><strong>Quia</strong></span> <span class='ocrx_word' id='word_1_839' title='bbox 3100 2303 3210 2343; x_wconf 83' lang='lat' dir='ltr'><strong>nos</strong></span> <span class='ocrx_word' id='word_1_840' title='bbox 3230 2291 3288 2341; x_wconf 88' lang='lat' dir='ltr'><strong>in</strong></span> 
     </span>
    </p>
   </div>
   <div class='ocr_carea' id='block_1_111' title="bbox 1697 2362 3290 2428">
    <p class='ocr_par' dir='ltr' id='par_1_111' title="bbox 1697 2362 3290 2428">
     <span class='ocr_line' id='line_1_113' title="bbox 1697 2362 3290 2428; baseline -0.003 -13"><span class='ocrx_word' id='word_1_841' title='bbox 1697 2367 1995 2428; x_wconf 86' lang='lat' dir='ltr'><strong>peccatum</strong></span> <span class='ocrx_word' id='word_1_842' title='bbox 2019 2363 2434 2416; x_wconf 88' lang='lat' dir='ltr'><strong>demerserunt.</strong></span> <span class='ocrx_word' id='word_1_843' title='bbox 2460 2365 2527 2414; x_wconf 80' lang='lat' dir='ltr'><strong>Et</strong></span> <span class='ocrx_word' id='word_1_844' title='bbox 2551 2368 2743 2417; x_wconf 87' lang='lat' dir='ltr'><strong>tamen</strong></span> <span class='ocrx_word' id='word_1_845' title='bbox 2759 2369 2816 2412; x_wconf 82' lang='lat' dir='ltr'><strong>tu</strong></span> <span class='ocrx_word' id='word_1_846' title='bbox 2840 2363 3080 2415; x_wconf 88' lang='lat' dir='ltr'><strong>Domine</strong></span> <span class='ocrx_word' id='word_1_847' title='bbox 3101 2362 3290 2427; x_wconf 82' lang='lat' dir='ltr'><strong>prapi-</strong></span> 
     </span>
    </p>
   </div>
   <div class='ocr_carea' id='block_1_112' title="bbox 1699 2433 3291 2500">
    <p class='ocr_par' dir='ltr' id='par_1_112' title="bbox 1699 2433 3291 2500">
     <span class='ocr_line' id='line_1_114' title="bbox 1699 2433 3291 2500; baseline -0.001 -16"><span class='ocrx_word' id='word_1_848' title='bbox 1699 2435 1914 2484; x_wconf 78' lang='lat' dir='ltr'><strong>liaberis</strong></span> <span class='ocrx_word' id='word_1_849' title='bbox 1961 2435 2324 2500; x_wconf 85' lang='lat' dir='ltr'><strong>impietatibus</strong></span> <span class='ocrx_word' id='word_1_850' title='bbox 2365 2437 2578 2486; x_wconf 80' lang='lat' dir='ltr'><strong>nostris.</strong></span> <span class='ocrx_word' id='word_1_851' title='bbox 2618 2434 3004 2487; x_wconf 88' lang='lat' dir='ltr'><strong>Condonando</strong></span> <span class='ocrx_word' id='word_1_852' title='bbox 3028 2447 3146 2486; x_wconf 86' lang='lat' dir='ltr'><strong>eas.</strong></span> <span class='ocrx_word' id='word_1_853' title='bbox 3174 2433 3291 2484; x_wconf 85' lang='lat' dir='ltr'><strong>Pri-</strong></span> 
     </span>
    </p>
   </div>
   <div class='ocr_carea' id='block_1_113' title="bbox 1696 2507 3287 2572">
    <p class='ocr_par' dir='ltr' id='par_1_113' title="bbox 1696 2507 3287 2572">
     <span class='ocr_line' id='line_1_115' title="bbox 1696 2507 3287 2572; baseline -0.002 -14"><span class='ocrx_word' id='word_1_854' title='bbox 1696 2520 1857 2558; x_wconf 89' lang='lat' dir='ltr'><strong>mum</strong></span> <span class='ocrx_word' id='word_1_855' title='bbox 1881 2513 2176 2572; x_wconf 86' lang='lat' dir='ltr'><strong>peccatum</strong></span> <span class='ocrx_word' id='word_1_856' title='bbox 2204 2520 2305 2571; x_wconf 91' lang='lat' dir='ltr'><strong>per</strong></span> <span class='ocrx_word' id='word_1_857' title='bbox 2328 2510 2569 2559; x_wconf 87' lang='lat' dir='ltr'><strong>verbum</strong></span> <span class='ocrx_word' id='word_1_858' title='bbox 2594 2507 2808 2558; x_wconf 82' lang='lat' dir='ltr'><strong>factum</strong></span> <span class='ocrx_word' id='word_1_859' title='bbox 2833 2509 2944 2557; x_wconf 83' lang='lat' dir='ltr'><strong>est:</strong></span> <span class='ocrx_word' id='word_1_860' title='bbox 2963 2510 3022 2557; x_wconf 93' lang='lat' dir='ltr'><strong>et</strong></span> <span class='ocrx_word' id='word_1_861' title='bbox 3046 2517 3144 2568; x_wconf 90' lang='lat' dir='ltr'><strong>per</strong></span> <span class='ocrx_word' id='word_1_862' title='bbox 3157 2516 3287 2556; x_wconf 90' lang='lat' dir='ltr'><strong>ver-</strong></span> 
     </span>
    </p>
   </div>
   <div class='ocr_carea' id='block_1_114' title="bbox 1698 2577 3290 2642">
    <p class='ocr_par' dir='ltr' id='par_1_114' title="bbox 1698 2577 3290 2642">
     <span class='ocr_line' id='line_1_116' title="bbox 1698 2577 3290 2642; baseline -0.003 -15"><span class='ocrx_word' id='word_1_863' title='bbox 1698 2578 1839 2628; x_wconf 87' lang='lat' dir='ltr'><strong>bum</strong></span> <span class='ocrx_word' id='word_1_864' title='bbox 1864 2578 2015 2630; x_wconf 88' lang='lat' dir='ltr'><strong>mala</strong></span> <span class='ocrx_word' id='word_1_865' title='bbox 2028 2577 2212 2629; x_wconf 88' lang='lat' dir='ltr'><strong>multa</strong></span> <span class='ocrx_word' id='word_1_866' title='bbox 2229 2579 2481 2642; x_wconf 87' lang='lat' dir='ltr'><strong>quotidie</strong></span> <span class='ocrx_word' id='word_1_867' title='bbox 2493 2579 2656 2629; x_wconf 83' lang='lat' dir='ltr'><strong>ﬁunt.</strong></span> <span class='ocrx_word' id='word_1_868' title='bbox 2673 2579 2818 2628; x_wconf 89' lang='lat' dir='ltr'><strong>Hinc</strong></span> <span class='ocrx_word' id='word_1_869' title='bbox 2831 2577 3152 2642; x_wconf 86' lang='lat' dir='ltr'><strong>apostolus,</strong></span> <span class='ocrx_word' id='word_1_870' title='bbox 3178 2589 3290 2622; x_wconf 86' lang='lat' dir='ltr'><strong>ma-</strong></span> 
     </span>
    </p>
   </div>
   <div class='ocr_carea' id='block_1_115' title="bbox 1695 2647 3290 2713">
    <p class='ocr_par' dir='ltr' id='par_1_115' title="bbox 1695 2647 3290 2713">
     <span class='ocr_line' id='line_1_117' title="bbox 1695 2647 3290 2713; baseline -0.003 -14"><span class='ocrx_word' id='word_1_871' title='bbox 1695 2647 1815 2699; x_wconf 89' lang='lat' dir='ltr'><strong>lum</strong></span> <span class='ocrx_word' id='word_1_872' title='bbox 1828 2649 2041 2713; x_wconf 66' lang='lat' dir='ltr'><strong>lingua:</strong></span> <span class='ocrx_word' id='word_1_873' title='bbox 2054 2649 2387 2701; x_wconf 89' lang='lat' dir='ltr'><strong>describens</strong></span> <span class='ocrx_word' id='word_1_874' title='bbox 2403 2650 2506 2700; x_wconf 89' lang='lat' dir='ltr'><strong>ait:</strong></span> <span class='ocrx_word' id='word_1_875' title='bbox 2527 2651 2748 2713; x_wconf 81' lang='lat' dir='ltr'><strong>Lingua</strong></span> <span class='ocrx_word' id='word_1_876' title='bbox 2766 2649 3089 2712; x_wconf 87' lang='lat' dir='ltr'><strong>inquietum</strong></span> <span class='ocrx_word' id='word_1_877' title='bbox 3099 2649 3290 2695; x_wconf 84' lang='lat' dir='ltr'><strong>malum</strong></span> 
     </span>
    </p>
   </div>
   <div class='ocr_carea' id='block_1_116' title="bbox 1696 2718 3292 2788">
    <p class='ocr_par' dir='ltr' id='par_1_116' title="bbox 1696 2718 3292 2788">
     <span class='ocr_line' id='line_1_118' title="bbox 1696 2718 3292 2788; baseline -0.003 -17"><span class='ocrx_word' id='word_1_878' title='bbox 1696 2721 1867 2784; x_wconf 86' lang='lat' dir='ltr'><strong>plena</strong></span> <span class='ocrx_word' id='word_1_879' title='bbox 1909 2734 2134 2772; x_wconf 84' lang='lat' dir='ltr'><strong>veneno</strong></span> <span class='ocrx_word' id='word_1_880' title='bbox 2177 2721 2334 2788; x_wconf 71' lang='lat'><strong>3|4</strong></span> <span class='ocrx_word' id='word_1_881' title='bbox 2379 2722 2670 2774; x_wconf 83' lang='lat' dir='ltr'><strong>mortifero</strong></span> <span class='ocrx_word' id='word_1_882' title='bbox 2706 2721 2908 2784; x_wconf 86' lang='lat' dir='ltr'><strong>(Jacob.</strong></span> <span class='ocrx_word' id='word_1_883' title='bbox 2943 2719 3032 2782; x_wconf 90' lang='lat'><strong>3.).</strong></span> <span class='ocrx_word' id='word_1_884' title='bbox 3070 2721 3138 2770; x_wconf 88' lang='lat' dir='ltr'><strong>Et</strong></span> <span class='ocrx_word' id='word_1_885' title='bbox 3159 2718 3292 2776; x_wconf 85' lang='lat' dir='ltr'><strong>alibi</strong></span> 
     </span>
    </p>
   </div>
   <div class='ocr_carea' id='block_1_117' title="bbox 1698 2789 3289 2858">
    <p class='ocr_par' dir='ltr' id='par_1_117' title="bbox 1698 2789 3289 2858">
     <span class='ocr_line' id='line_1_119' title="bbox 1698 2789 3289 2858; baseline 0.002 -17"><span class='ocrx_word' id='word_1_886' title='bbox 1698 2791 1906 2843; x_wconf 90' lang='lat' dir='ltr'><strong>dicitur</strong></span> <span class='ocrx_word' id='word_1_887' title='bbox 1930 2810 1941 2841; x_wconf 90' lang='lat'><strong>:</strong></span> <span class='ocrx_word' id='word_1_888' title='bbox 1965 2795 2031 2843; x_wconf 88' lang='lat' dir='ltr'><strong>In</strong></span> <span class='ocrx_word' id='word_1_889' title='bbox 2053 2795 2326 2845; x_wconf 88' lang='lat' dir='ltr'><strong>manibus</strong></span> <span class='ocrx_word' id='word_1_890' title='bbox 2348 2792 2564 2858; x_wconf 64' lang='lat' dir='ltr'><strong>lingua:</strong></span> <span class='ocrx_word' id='word_1_891' title='bbox 2579 2793 2762 2844; x_wconf 85' lang='lat' dir='ltr'><strong>vitaet</strong></span> <span class='ocrx_word' id='word_1_892' title='bbox 2783 2805 2939 2844; x_wconf 91' lang='lat' dir='ltr'><strong>mors</strong></span> <span class='ocrx_word' id='word_1_893' title='bbox 2959 2791 3138 2854; x_wconf 77' lang='lat' dir='ltr'><strong>(Prov.</strong></span> <span class='ocrx_word' id='word_1_894' title='bbox 3161 2789 3289 2852; x_wconf 70' lang='lat'><strong>29.)-</strong></span> 
     </span>
    </p>
   </div>
   <div class='ocr_carea' id='block_1_118' title="bbox 1696 2862 3290 2928">
    <p class='ocr_par' dir='ltr' id='par_1_118' title="bbox 1696 2862 3290 2928">
     <span class='ocr_line' id='line_1_120' title="bbox 1696 2862 3290 2928; baseline -0.002 -15"><span class='ocrx_word' id='word_1_895' title='bbox 1696 2864 2028 2915; x_wconf 88' lang='lat' dir='ltr'><strong>Cavendum</strong></span> <span class='ocrx_word' id='word_1_896' title='bbox 2053 2869 2144 2916; x_wconf 91' lang='lat' dir='ltr'><strong>est</strong></span> <span class='ocrx_word' id='word_1_897' title='bbox 2172 2865 2349 2928; x_wconf 86' lang='lat' dir='ltr'><strong>igitur</strong></span> <span class='ocrx_word' id='word_1_898' title='bbox 2377 2864 2590 2916; x_wconf 89' lang='lat' dir='ltr'><strong>malum</strong></span> <span class='ocrx_word' id='word_1_899' title='bbox 2613 2864 2849 2928; x_wconf 71' lang='lat' dir='ltr'><strong>lingum,</strong></span> <span class='ocrx_word' id='word_1_900' title='bbox 2873 2875 2949 2914; x_wconf 91' lang='lat' dir='ltr'><strong>ne</strong></span> <span class='ocrx_word' id='word_1_901' title='bbox 2970 2862 3290 2924; x_wconf 87' lang='lat' dir='ltr'><strong>loquamur,</strong></span> 
     </span>
    </p>
   </div>
   <div class='ocr_carea' id='block_1_119' title="bbox 1698 2933 3288 3000">
    <p class='ocr_par' dir='ltr' id='par_1_119' title="bbox 1698 2933 3288 3000">
     <span class='ocr_line' id='line_1_121' title="bbox 1698 2933 3288 3000; baseline -0.004 -14"><span class='ocrx_word' id='word_1_902' title='bbox 1698 2935 1851 2996; x_wconf 88' lang='lat' dir='ltr'><strong>quod</strong></span> <span class='ocrx_word' id='word_1_903' title='bbox 1891 2942 2116 3000; x_wconf 88' lang='lat' dir='ltr'><strong>noceat,</strong></span> <span class='ocrx_word' id='word_1_904' title='bbox 2154 2949 2262 2988; x_wconf 89' lang='lat' dir='ltr'><strong>nec</strong></span> <span class='ocrx_word' id='word_1_905' title='bbox 2294 2949 2328 2988; x_wconf 85' lang='lat' dir='ltr'><strong>a</strong></span> <span class='ocrx_word' id='word_1_906' title='bbox 2351 2937 2544 2987; x_wconf 89' lang='lat' dir='ltr'><strong>verbis</strong></span> <span class='ocrx_word' id='word_1_907' title='bbox 2568 2936 2876 3000; x_wconf 89' lang='lat' dir='ltr'><strong>impiorum</strong></span> <span class='ocrx_word' id='word_1_908' title='bbox 2895 2933 3288 2996; x_wconf 88' lang='lat' dir='ltr'><strong>depravemur.</strong></span> 
     </span>
    </p>
   </div>
   <div class='ocr_carea' id='block_1_120' title="bbox 1697 3003 3291 3071">
    <p class='ocr_par' dir='ltr' id='par_1_120' title="bbox 1697 3003 3291 3071">
     <span class='ocr_line' id='line_1_122' title="bbox 1697 3003 3291 3071; baseline -0.003 -15"><span class='ocrx_word' id='word_1_909' title='bbox 1697 3007 1766 3056; x_wconf 89' lang='lat' dir='ltr'><strong>Et</strong></span> <span class='ocrx_word' id='word_1_910' title='bbox 1803 3007 1852 3058; x_wconf 90' lang='lat' dir='ltr'><strong>si</strong></span> <span class='ocrx_word' id='word_1_911' title='bbox 1886 3006 1947 3057; x_wconf 91' lang='lat' dir='ltr'><strong>in</strong></span> <span class='ocrx_word' id='word_1_912' title='bbox 1970 3007 2080 3059; x_wconf 89' lang='lat' dir='ltr'><strong>hoc</strong></span> <span class='ocrx_word' id='word_1_913' title='bbox 2103 3007 2511 3070; x_wconf 84' lang='lat' dir='ltr'><strong>delinquimus,</strong></span> <span class='ocrx_word' id='word_1_914' title='bbox 2537 3007 2904 3071; x_wconf 86' lang='lat' dir='ltr'><strong>corrigamur.</strong></span> <span class='ocrx_word' id='word_1_915' title='bbox 2935 3003 3291 3054; x_wconf 84' lang='lat' dir='ltr'><strong>Advocatum</strong></span> 
     </span>
    </p>
   </div>
   <div class='ocr_carea' id='block_1_121' title="bbox 1696 3075 3286 3144">
    <p class='ocr_par' dir='ltr' id='par_1_121' title="bbox 1696 3075 3286 3144">
     <span class='ocr_line' id='line_1_123' title="bbox 1696 3075 3286 3144; baseline -0.005 -17"><span class='ocrx_word' id='word_1_916' title='bbox 1696 3077 1851 3129; x_wconf 89' lang='lat' dir='ltr'><strong>enim</strong></span> <span class='ocrx_word' id='word_1_917' title='bbox 1865 3077 2146 3130; x_wconf 86' lang='lat' dir='ltr'><strong>habemus</strong></span> <span class='ocrx_word' id='word_1_918' title='bbox 2157 3079 2308 3144; x_wconf 88' lang='lat' dir='ltr'><strong>apud</strong></span> <span class='ocrx_word' id='word_1_919' title='bbox 2328 3081 2552 3130; x_wconf 84' lang='lat' dir='ltr'><strong>Patrem</strong></span> <span class='ocrx_word' id='word_1_920' title='bbox 2562 3081 2594 3130; x_wconf 88' lang='lat' dir='ltr'><strong>J</strong></span> <span class='ocrx_word' id='word_1_921' title='bbox 2599 3090 2766 3130; x_wconf 91' lang='lat' dir='ltr'><strong>esum</strong></span> <span class='ocrx_word' id='word_1_922' title='bbox 2779 3075 3070 3127; x_wconf 89' lang='lat' dir='ltr'><strong>Christum</strong></span> <span class='ocrx_word' id='word_1_923' title='bbox 3075 3077 3093 3132; x_wconf 92' lang='lat' dir='ltr'><strong>j</strong></span> <span class='ocrx_word' id='word_1_924' title='bbox 3100 3079 3286 3144; x_wconf 85' lang='lat' dir='ltr'><strong>ustum.</strong></span> 
     </span>
    </p>
   </div>
   <div class='ocr_carea' id='block_1_122' title="bbox 1697 3143 3284 3214">
    <p class='ocr_par' dir='ltr' id='par_1_122' title="bbox 1697 3143 3284 3214">
     <span class='ocr_line' id='line_1_124' title="bbox 1697 3143 3284 3214; baseline -0.004 -15"><span class='ocrx_word' id='word_1_925' title='bbox 1697 3150 1765 3200; x_wconf 89' lang='lat' dir='ltr'><strong>Et</strong></span> <span class='ocrx_word' id='word_1_926' title='bbox 1820 3149 1944 3213; x_wconf 91' lang='lat' dir='ltr'><strong>ipse</strong></span> <span class='ocrx_word' id='word_1_927' title='bbox 1995 3156 2088 3202; x_wconf 90' lang='lat' dir='ltr'><strong>est</strong></span> <span class='ocrx_word' id='word_1_928' title='bbox 2138 3149 2462 3214; x_wconf 85' lang='lat' dir='ltr'><strong>propitiatio</strong></span> <span class='ocrx_word' id='word_1_929' title='bbox 2520 3162 2622 3214; x_wconf 90' lang='lat' dir='ltr'><strong>pro</strong></span> <span class='ocrx_word' id='word_1_930' title='bbox 2667 3147 2916 3214; x_wconf 86' lang='lat' dir='ltr'><strong>peccatis</strong></span> <span class='ocrx_word' id='word_1_931' title='bbox 2961 3145 3173 3196; x_wconf 86' lang='lat' dir='ltr'><strong>nostris</strong></span> <span class='ocrx_word' id='word_1_932' title='bbox 3217 3143 3284 3206; x_wconf 89' lang='lat' dir='ltr'><strong>(l.</strong></span> 
     </span>
    </p>
   </div>
   <div class='ocr_carea' id='block_1_123' title="bbox 1689 3217 3288 3286">
    <p class='ocr_par' dir='ltr' id='par_1_123' title="bbox 1689 3217 3288 3286">
     <span class='ocr_line' id='line_1_125' title="bbox 1689 3217 3288 3286; baseline -0.004 -16"><span class='ocrx_word' id='word_1_933' title='bbox 1689 3222 1850 3270; x_wconf 85' lang='lat' dir='ltr'><strong>Joan.</strong></span> <span class='ocrx_word' id='word_1_934' title='bbox 1867 3219 1962 3284; x_wconf 66' lang='lat'><strong>2.).</strong></span> <span class='ocrx_word' id='word_1_935' title='bbox 1999 3222 2175 3285; x_wconf 90' lang='lat' dir='ltr'><strong>Cujus</strong></span> <span class='ocrx_word' id='word_1_936' title='bbox 2198 3220 2594 3286; x_wconf 88' lang='lat' dir='ltr'><strong>propitiatione</strong></span> <span class='ocrx_word' id='word_1_937' title='bbox 2611 3219 2906 3272; x_wconf 89' lang='lat' dir='ltr'><strong>hominem</strong></span> <span class='ocrx_word' id='word_1_938' title='bbox 2932 3217 3194 3276; x_wconf 89' lang='lat' dir='ltr'><strong>electum,</strong></span> <span class='ocrx_word' id='word_1_939' title='bbox 3229 3218 3288 3265; x_wconf 90' lang='lat' dir='ltr'><strong>et</strong></span> 
     </span>
    </p>
   </div>
   <div class='ocr_carea' id='block_1_124' title="bbox 1693 3290 2922 3354">
    <p class='ocr_par' dir='ltr' id='par_1_124' title="bbox 1693 3290 2922 3354">
     <span class='ocr_line' id='line_1_126' title="bbox 1693 3290 2922 3354; baseline -0.004 -10"><span class='ocrx_word' id='word_1_940' title='bbox 1693 3293 1979 3344; x_wconf 83' lang='lat' dir='ltr'><strong>salvatum</strong></span> <span class='ocrx_word' id='word_1_941' title='bbox 2003 3293 2388 3348; x_wconf 83' lang='lat' dir='ltr'><strong>commendat,</strong></span> <span class='ocrx_word' id='word_1_942' title='bbox 2421 3305 2553 3343; x_wconf 90' lang='lat' dir='ltr'><strong>cum</strong></span> <span class='ocrx_word' id='word_1_943' title='bbox 2584 3290 2886 3354; x_wconf 89' lang='lat' dir='ltr'><strong>subjungit</strong></span> <span class='ocrx_word' id='word_1_944' title='bbox 2911 3307 2922 3338; x_wconf 89' lang='lat'><strong>:</strong></span> 
     </span>
    </p>
   </div>
   <div class='ocr_carea' id='block_1_125' title="bbox 1758 3357 3289 3429">
    <p class='ocr_par' dir='ltr' id='par_1_125' title="bbox 1758 3357 3289 3429">
     <span class='ocr_line' id='line_1_127' title="bbox 1758 3357 3289 3429; baseline -0.005 -13"><span class='ocrx_word' id='word_1_945' title='bbox 1758 3363 1810 3417; x_wconf 78' lang='grc'><strong>5.</strong></span> <span class='ocrx_word' id='word_1_946' title='bbox 1837 3365 2028 3414; x_wconf 83' lang='lat' dir='ltr'><strong>Beatus</strong></span> <span class='ocrx_word' id='word_1_947' title='bbox 2063 3380 2220 3429; x_wconf 86' lang='lat' dir='ltr'><strong>quem</strong></span> <span class='ocrx_word' id='word_1_948' title='bbox 2246 3364 2462 3426; x_wconf 82' lang='lat' dir='ltr'><strong>elcgisti,</strong></span> <span class='ocrx_word' id='word_1_949' title='bbox 2503 3364 2561 3415; x_wconf 88' lang='lat' dir='ltr'><strong>id</strong></span> <span class='ocrx_word' id='word_1_950' title='bbox 2593 3368 2702 3424; x_wconf 90' lang='lat' dir='ltr'><strong>est,</strong></span> <span class='ocrx_word' id='word_1_951' title='bbox 2729 3363 2800 3414; x_wconf 90' lang='lat' dir='ltr'><strong>de</strong></span> <span class='ocrx_word' id='word_1_952' title='bbox 2823 3374 3016 3414; x_wconf 82' lang='lat' dir='ltr'><strong>massa.</strong></span> <span class='ocrx_word' id='word_1_953' title='bbox 3039 3357 3289 3425; x_wconf 89' lang='lat' dir='ltr'><strong>perdito-</strong></span> 
     </span>
    </p>
   </div>
   <div class='ocr_carea' id='block_1_126' title="bbox 1692 3431 3288 3501">
    <p class='ocr_par' dir='ltr' id='par_1_126' title="bbox 1692 3431 3288 3501">
     <span class='ocr_line' id='line_1_128' title="bbox 1692 3431 3288 3501; baseline -0.006 -15"><span class='ocrx_word' id='word_1_954' title='bbox 1692 3447 1823 3487; x_wconf 87' lang='lat' dir='ltr'><strong>rum</strong></span> <span class='ocrx_word' id='word_1_955' title='bbox 1869 3437 2204 3501; x_wconf 79' lang='lat' dir='ltr'><strong>segregasti,</strong></span> <span class='ocrx_word' id='word_1_956' title='bbox 2239 3435 2630 3488; x_wconf 89' lang='lat' dir='ltr'><strong>convertendo</strong></span> <span class='ocrx_word' id='word_1_957' title='bbox 2655 3434 2727 3485; x_wconf 79' lang='lat' dir='ltr'><strong>ad</strong></span> <span class='ocrx_word' id='word_1_958' title='bbox 2754 3433 2946 3496; x_wconf 81' lang='lat' dir='ltr'><strong>fidem,</strong></span> <span class='ocrx_word' id='word_1_959' title='bbox 2972 3431 3038 3481; x_wconf 83' lang='lat' dir='ltr'><strong>Et</strong></span> <span class='ocrx_word' id='word_1_960' title='bbox 3075 3445 3288 3501; x_wconf 76' lang='lat' dir='ltr'><strong>assum-</strong></span> 
     </span>
    </p>
   </div>
   <div class='ocr_carea' id='block_1_127' title="bbox 1694 3500 3288 3572">
    <p class='ocr_par' dir='ltr' id='par_1_127' title="bbox 1694 3500 3288 3572">
     <span class='ocr_line' id='line_1_129' title="bbox 1694 3500 3288 3572; baseline -0.014 -2"><span class='ocrx_word' id='word_1_961' title='bbox 1694 3507 1848 3570; x_wconf 69' lang='grc' dir='ltr'><em>Ρείειί</em></span> <span class='ocrx_word' id='word_1_962' title='bbox 1891 3500 1965 3559; x_wconf 88' lang='lat' dir='ltr'><strong>ad</strong></span> <span class='ocrx_word' id='word_1_963' title='bbox 1989 3508 2347 3572; x_wconf 86' lang='lat' dir='ltr'><strong>dignitatem.</strong></span> <span class='ocrx_word' id='word_1_964' title='bbox 2383 3507 2514 3558; x_wconf 89' lang='lat' dir='ltr'><strong>Ideo</strong></span> <span class='ocrx_word' id='word_1_965' title='bbox 2543 3507 2765 3557; x_wconf 86' lang='lat' dir='ltr'><strong>beatus.</strong></span> <span class='ocrx_word' id='word_1_966' title='bbox 2790 3505 2922 3568; x_wconf 79' lang='lat' dir='ltr'><strong>quia</strong></span> <span class='ocrx_word' id='word_1_967' title='bbox 2948 3500 3207 3572; x_wconf 74' lang='lat' dir='ltr'><strong>habitabit</strong></span> <span class='ocrx_word' id='word_1_968' title='bbox 3233 3500 3288 3572; x_wconf 77' lang='lat' dir='ltr'><strong>in</strong></span> 
     </span>
    </p>
   </div>
   <div class='ocr_carea' id='block_1_128' title="bbox 1693 3571 3294 3642">
    <p class='ocr_par' dir='ltr' id='par_1_128' title="bbox 1693 3571 3294 3642">
     <span class='ocr_line' id='line_1_130' title="bbox 1693 3571 3294 3642; baseline -0.004 -16"><span class='ocrx_word' id='word_1_969' title='bbox 1693 3579 1853 3627; x_wconf 82' lang='lat' dir='ltr'><strong>atriis</strong></span> <span class='ocrx_word' id='word_1_970' title='bbox 1899 3581 2024 3642; x_wconf 83' lang='lat' dir='ltr'><strong>tuis,</strong></span> <span class='ocrx_word' id='word_1_971' title='bbox 2061 3571 2120 3629; x_wconf 88' lang='lat' dir='ltr'><strong>id</strong></span> <span class='ocrx_word' id='word_1_972' title='bbox 2145 3584 2252 3642; x_wconf 88' lang='lat' dir='ltr'><strong>est,</strong></span> <span class='ocrx_word' id='word_1_973' title='bbox 2277 3579 2334 3629; x_wconf 91' lang='lat' dir='ltr'><strong>in</strong></span> <span class='ocrx_word' id='word_1_974' title='bbox 2362 3577 2932 3636; x_wconf 78' lang='lat' dir='ltr'><strong>ceelcstiJerusalem,</strong></span> <span class='ocrx_word' id='word_1_975' title='bbox 2958 3586 3131 3638; x_wconf 87' lang='lat' dir='ltr'><strong>quam</strong></span> <span class='ocrx_word' id='word_1_976' title='bbox 3156 3571 3294 3622; x_wconf 89' lang='lat' dir='ltr'><strong>dicit</strong></span> 
     </span>
    </p>
   </div>
   <div class='ocr_carea' id='block_1_129' title="bbox 1693 3645 3293 3714">
    <p class='ocr_par' dir='ltr' id='par_1_129' title="bbox 1693 3645 3293 3714">
     <span class='ocr_line' id='line_1_131' title="bbox 1693 3645 3293 3714; baseline -0.007 -15"><span class='ocrx_word' id='word_1_977' title='bbox 1693 3650 1838 3700; x_wconf 88' lang='lat' dir='ltr'><strong>atria</strong></span> <span class='ocrx_word' id='word_1_978' title='bbox 1863 3655 2092 3712; x_wconf 88' lang='lat' dir='ltr'><strong>pr0pter</strong></span> <span class='ocrx_word' id='word_1_979' title='bbox 2115 3650 2574 3714; x_wconf 88' lang='lat' dir='ltr'><strong>amplitudinem.</strong></span> <span class='ocrx_word' id='word_1_980' title='bbox 2604 3650 2670 3699; x_wconf 91' lang='lat' dir='ltr'><strong>In</strong></span> <span class='ocrx_word' id='word_1_981' title='bbox 2687 3661 2748 3698; x_wconf 89' lang='lat' dir='ltr'><strong>se</strong></span> <span class='ocrx_word' id='word_1_982' title='bbox 2765 3646 3025 3698; x_wconf 89' lang='lat' dir='ltr'><strong>Christus</strong></span> <span class='ocrx_word' id='word_1_983' title='bbox 3038 3645 3293 3702; x_wconf 85' lang='lat' dir='ltr'><strong>assumsit,</strong></span> 
     </span>
    </p>
   </div>
   <div class='ocr_carea' id='block_1_130' title="bbox 1694 3715 3296 3784">
    <p class='ocr_par' dir='ltr' id='par_1_130' title="bbox 1694 3715 3296 3784">
     <span class='ocr_line' id='line_1_132' title="bbox 1694 3715 3296 3784; baseline -0.009 -11"><span class='ocrx_word' id='word_1_984' title='bbox 1694 3721 1984 3784; x_wconf 90' lang='lat' dir='ltr'><strong>quendam</strong></span> <span class='ocrx_word' id='word_1_985' title='bbox 2005 3723 2260 3782; x_wconf 83' lang='lat' dir='ltr'><strong>beatum,</strong></span> <span class='ocrx_word' id='word_1_986' title='bbox 2299 3727 2358 3773; x_wconf 91' lang='lat' dir='ltr'><strong>et</strong></span> <span class='ocrx_word' id='word_1_987' title='bbox 2381 3734 2515 3772; x_wconf 90' lang='lat' dir='ltr'><strong>cum</strong></span> <span class='ocrx_word' id='word_1_988' title='bbox 2533 3719 2746 3771; x_wconf 88' lang='lat' dir='ltr'><strong>multos</strong></span> <span class='ocrx_word' id='word_1_989' title='bbox 2763 3719 3108 3777; x_wconf 83' lang='lat' dir='ltr'><strong>assumpserit,</strong></span> <span class='ocrx_word' id='word_1_990' title='bbox 3123 3730 3218 3764; x_wconf 91' lang='lat' dir='ltr'><strong>non</strong></span> <span class='ocrx_word' id='word_1_991' title='bbox 3234 3715 3296 3760; x_wconf 86' lang='lat' dir='ltr'><strong>do</strong></span> 
     </span>
    </p>
   </div>
   <div class='ocr_carea' id='block_1_131' title="bbox 1693 3784 3297 3856">
    <p class='ocr_par' dir='ltr' id='par_1_131' title="bbox 1693 3784 3297 3856">
     <span class='ocr_line' id='line_1_133' title="bbox 1693 3784 3297 3856; baseline -0.006 -13"><span class='ocrx_word' id='word_1_992' title='bbox 1693 3792 1955 3856; x_wconf 87' lang='lat' dir='ltr'><strong>pluribus</strong></span> <span class='ocrx_word' id='word_1_993' title='bbox 1983 3793 2208 3854; x_wconf 89' lang='lat' dir='ltr'><strong>dicitur,</strong></span> <span class='ocrx_word' id='word_1_994' title='bbox 2235 3792 2336 3842; x_wconf 91' lang='lat' dir='ltr'><strong>sed</strong></span> <span class='ocrx_word' id='word_1_995' title='bbox 2361 3792 2433 3842; x_wconf 92' lang='lat' dir='ltr'><strong>de</strong></span> <span class='ocrx_word' id='word_1_996' title='bbox 2456 3804 2588 3842; x_wconf 90' lang='lat' dir='ltr'><strong>uno.</strong></span> <span class='ocrx_word' id='word_1_997' title='bbox 2607 3789 2981 3842; x_wconf 89' lang='lat' dir='ltr'><strong>Commendat</strong></span> <span class='ocrx_word' id='word_1_998' title='bbox 3005 3799 3139 3849; x_wconf 86' lang='lat' dir='ltr'><strong>ergo</strong></span> <span class='ocrx_word' id='word_1_999' title='bbox 3165 3784 3297 3835; x_wconf 90' lang='lat' dir='ltr'><strong>uni-</strong></span> 
     </span>
    </p>
   </div>
   <div class='ocr_carea' id='block_1_132' title="bbox 1697 3857 3297 3927">
    <p class='ocr_par' dir='ltr' id='par_1_132' title="bbox 1697 3857 3297 3927">
     <span class='ocr_line' id='line_1_134' title="bbox 1697 3857 3297 3927; baseline -0.006 -13"><span class='ocrx_word' id='word_1_1000' title='bbox 1697 3868 1890 3925; x_wconf 88' lang='lat' dir='ltr'><strong>tatem,</strong></span> <span class='ocrx_word' id='word_1_1001' title='bbox 1923 3876 2099 3927; x_wconf 89' lang='lat' dir='ltr'><strong>quam</strong></span> <span class='ocrx_word' id='word_1_1002' title='bbox 2123 3863 2418 3914; x_wconf 87' lang='lat' dir='ltr'><strong>assumsit.</strong></span> <span class='ocrx_word' id='word_1_1003' title='bbox 2446 3864 2590 3912; x_wconf 89' lang='lat' dir='ltr'><strong>Nam</strong></span> <span class='ocrx_word' id='word_1_1004' title='bbox 2615 3861 2870 3912; x_wconf 62' lang='lat' dir='ltr'><strong>haereses</strong></span> <span class='ocrx_word' id='word_1_1005' title='bbox 2897 3863 2956 3910; x_wconf 90' lang='lat' dir='ltr'><strong>et</strong></span> <span class='ocrx_word' id='word_1_1006' title='bbox 2977 3857 3297 3927; x_wconf 84' lang='lat' dir='ltr'><strong>schismata</strong></span> 
     </span>
    </p>
   </div>
   <div class='ocr_carea' id='block_1_133' title="bbox 1692 3925 3292 3999">
    <p class='ocr_par' dir='ltr' id='par_1_133' title="bbox 1692 3925 3292 3999">
     <span class='ocr_line' id='line_1_135' title="bbox 1692 3925 3292 3999; baseline -0.007 -13"><span class='ocrx_word' id='word_1_1007' title='bbox 1692 3925 2034 3999; x_wconf 79' lang='lat' dir='ltr'><strong>reprobavit.</strong></span> <span class='ocrx_word' id='word_1_1008' title='bbox 2052 3935 2156 3996; x_wconf 87' lang='lat' dir='ltr'><strong>Qui</strong></span> <span class='ocrx_word' id='word_1_1009' title='bbox 2171 3939 2364 3985; x_wconf 88' lang='lat' dir='ltr'><strong>autem</strong></span> <span class='ocrx_word' id='word_1_1010' title='bbox 2385 3935 2625 3984; x_wconf 89' lang='lat' dir='ltr'><strong>manent</strong></span> <span class='ocrx_word' id='word_1_1011' title='bbox 2639 3932 2699 3982; x_wconf 90' lang='lat' dir='ltr'><strong>in</strong></span> <span class='ocrx_word' id='word_1_1012' title='bbox 2711 3941 2984 3993; x_wconf 88' lang='lat' dir='ltr'><strong>compage</strong></span> <span class='ocrx_word' id='word_1_1013' title='bbox 2997 3925 3223 3999; x_wconf 86' lang='lat' dir='ltr'><strong>Christi,</strong></span> <span class='ocrx_word' id='word_1_1014' title='bbox 3238 3926 3292 3976; x_wconf 90' lang='lat' dir='ltr'><strong>et</strong></span> 
     </span>
    </p>
   </div>
   <div class='ocr_carea' id='block_1_134' title="bbox 1695 3997 3293 4068">
    <p class='ocr_par' dir='ltr' id='par_1_134' title="bbox 1695 3997 3293 4068">
     <span class='ocr_line' id='line_1_136' title="bbox 1695 3997 3293 4068; baseline -0.006 -12"><span class='ocrx_word' id='word_1_1015' title='bbox 1695 3997 1954 4056; x_wconf 79' lang='lat' dir='ltr'><strong>membra</strong></span> <span class='ocrx_word' id='word_1_1016' title='bbox 1969 4009 2108 4056; x_wconf 90' lang='lat' dir='ltr'><strong>sunt</strong></span> <span class='ocrx_word' id='word_1_1017' title='bbox 2123 4007 2168 4068; x_wconf 89' lang='lat' dir='ltr'><strong>ej</strong></span> <span class='ocrx_word' id='word_1_1018' title='bbox 2179 4004 2432 4056; x_wconf 82' lang='lat' dir='ltr'><strong>us.Facit</strong></span> <span class='ocrx_word' id='word_1_1019' title='bbox 2443 4001 2868 4067; x_wconf 88' lang='lat' dir='ltr'><strong>quodammodo</strong></span> <span class='ocrx_word' id='word_1_1020' title='bbox 2880 4011 3064 4050; x_wconf 90' lang='lat' dir='ltr'><strong>unum</strong></span> <span class='ocrx_word' id='word_1_1021' title='bbox 3080 3997 3293 4056; x_wconf 89' lang='lat' dir='ltr'><strong>virum,</strong></span> 
     </span>
    </p>
   </div>
   <div class='ocr_carea' id='block_1_135' title="bbox 1695 4069 3291 4141">
    <p class='ocr_par' dir='ltr' id='par_1_135' title="bbox 1695 4069 3291 4141">
     <span class='ocr_line' id='line_1_137' title="bbox 1695 4069 3291 4141; baseline -0.009 -13"><span class='ocrx_word' id='word_1_1022' title='bbox 1695 4077 1765 4128; x_wconf 90' lang='lat' dir='ltr'><strong>de</strong></span> <span class='ocrx_word' id='word_1_1023' title='bbox 1787 4090 1900 4141; x_wconf 90' lang='lat' dir='ltr'><strong>quo</strong></span> <span class='ocrx_word' id='word_1_1024' title='bbox 1919 4077 2059 4128; x_wconf 91' lang='lat' dir='ltr'><strong>dicit</strong></span> <span class='ocrx_word' id='word_1_1025' title='bbox 2080 4077 2424 4139; x_wconf 78' lang='lat' dir='ltr'><strong>Apostolus:</strong></span> <span class='ocrx_word' id='word_1_1026' title='bbox 2457 4077 2646 4126; x_wconf 87' lang='lat' dir='ltr'><strong>Donec</strong></span> <span class='ocrx_word' id='word_1_1027' title='bbox 2665 4083 3038 4123; x_wconf 87' lang='lat' dir='ltr'><strong>occurramus</strong></span> <span class='ocrx_word' id='word_1_1028' title='bbox 3049 4082 3223 4118; x_wconf 83' lang='lat' dir='ltr'><strong>omnes</strong></span> <span class='ocrx_word' id='word_1_1029' title='bbox 3239 4069 3291 4114; x_wconf 90' lang='lat' dir='ltr'><strong>in</strong></span> 
     </span>
    </p>
   </div>
   <div class='ocr_carea' id='block_1_136' title="bbox 1695 4141 3295 4214">
    <p class='ocr_par' dir='ltr' id='par_1_136' title="bbox 1695 4141 3295 4214">
     <span class='ocr_line' id='line_1_138' title="bbox 1695 4141 3295 4214; baseline -0.007 -14"><span class='ocrx_word' id='word_1_1030' title='bbox 1695 4149 2048 4214; x_wconf 89' lang='lat' dir='ltr'><strong>agnitionem</strong></span> <span class='ocrx_word' id='word_1_1031' title='bbox 2059 4148 2182 4200; x_wconf 81' lang='lat' dir='ltr'><strong>Filii</strong></span> <span class='ocrx_word' id='word_1_1032' title='bbox 2209 4147 2309 4198; x_wconf 90' lang='lat' dir='ltr'><strong>Dei</strong></span> <span class='ocrx_word' id='word_1_1033' title='bbox 2336 4147 2396 4198; x_wconf 91' lang='lat' dir='ltr'><strong>in</strong></span> <span class='ocrx_word' id='word_1_1034' title='bbox 2419 4146 2602 4197; x_wconf 90' lang='lat' dir='ltr'><strong>virum</strong></span> <span class='ocrx_word' id='word_1_1035' title='bbox 2623 4143 2958 4210; x_wconf 81' lang='lat' dir='ltr'><strong>perfectum,</strong></span> <span class='ocrx_word' id='word_1_1036' title='bbox 2976 4141 3037 4192; x_wconf 90' lang='lat' dir='ltr'><strong>in</strong></span> <span class='ocrx_word' id='word_1_1037' title='bbox 3059 4151 3295 4214; x_wconf 85' lang='lat' dir='ltr'><strong>mensu-</strong></span> 
     </span>
    </p>
   </div>
   <div class='ocr_carea' id='block_1_137' title="bbox 1695 4212 3295 4285">
    <p class='ocr_par' dir='ltr' id='par_1_137' title="bbox 1695 4212 3295 4285">
     <span class='ocr_line' id='line_1_139' title="bbox 1695 4212 3295 4285; baseline -0.007 -12"><span class='ocrx_word' id='word_1_1038' title='bbox 1695 4212 1818 4273; x_wconf 78' lang='lat' dir='ltr'><strong>ram</strong></span> <span class='ocrx_word' id='word_1_1039' title='bbox 1844 4221 2033 4272; x_wconf 64' lang='lat' dir='ltr'><strong>aetatis</strong></span> <span class='ocrx_word' id='word_1_1040' title='bbox 2069 4219 2440 4285; x_wconf 89' lang='lat' dir='ltr'><strong>plenitudinis</strong></span> <span class='ocrx_word' id='word_1_1041' title='bbox 2465 4217 2674 4268; x_wconf 90' lang='lat' dir='ltr'><strong>Christi</strong></span> <span class='ocrx_word' id='word_1_1042' title='bbox 2709 4217 2916 4282; x_wconf 74' lang='lat' dir='ltr'><strong>(Ep/les.</strong></span> <span class='ocrx_word' id='word_1_1043' title='bbox 2943 4215 3030 4278; x_wconf 75' lang='grc'><strong>4.).</strong></span> <span class='ocrx_word' id='word_1_1044' title='bbox 3067 4215 3137 4264; x_wconf 87' lang='lat' dir='ltr'><strong>Et</strong></span> <span class='ocrx_word' id='word_1_1045' title='bbox 3161 4212 3295 4285; x_wconf 75' lang='lat' dir='ltr'><strong>quia</strong></span> 
     </span>
    </p>
   </div>
   <div class='ocr_carea' id='block_1_138' title="bbox 1696 4282 3296 4354">
    <p class='ocr_par' dir='ltr' id='par_1_138' title="bbox 1696 4282 3296 4354">
     <span class='ocr_line' id='line_1_140' title="bbox 1696 4282 3296 4354; baseline -0.005 -12"><span class='ocrx_word' id='word_1_1046' title='bbox 1696 4291 1807 4342; x_wconf 89' lang='lat' dir='ltr'><strong>iste</strong></span> <span class='ocrx_word' id='word_1_1047' title='bbox 1827 4305 1982 4342; x_wconf 90' lang='lat' dir='ltr'><strong>unus</strong></span> <span class='ocrx_word' id='word_1_1048' title='bbox 2007 4282 2272 4343; x_wconf 73' lang='lat' dir='ltr'><strong>consistit</strong></span> <span class='ocrx_word' id='word_1_1049' title='bbox 2307 4303 2378 4341; x_wconf 83' lang='lat' dir='ltr'><strong>ex</strong></span> <span class='ocrx_word' id='word_1_1050' title='bbox 2403 4289 2679 4354; x_wconf 88' lang='lat' dir='ltr'><strong>pluribus,</strong></span> <span class='ocrx_word' id='word_1_1051' title='bbox 2704 4299 2906 4339; x_wconf 89' lang='lat' dir='ltr'><strong>rursus</strong></span> <span class='ocrx_word' id='word_1_1052' title='bbox 2928 4286 2999 4337; x_wconf 90' lang='lat' dir='ltr'><strong>de</strong></span> <span class='ocrx_word' id='word_1_1053' title='bbox 3022 4282 3296 4348; x_wconf 83' lang='lat' dir='ltr'><strong>singulari</strong></span> 
     </span>
    </p>
   </div>
   <div class='ocr_carea' id='block_1_139' title="bbox 1695 4354 3298 4428">
    <p class='ocr_par' dir='ltr' id='par_1_139' title="bbox 1695 4354 3298 4428">
     <span class='ocr_line' id='line_1_141' title="bbox 1695 4354 3298 4428; baseline -0.006 -15"><span class='ocrx_word' id='word_1_1054' title='bbox 1695 4375 1938 4415; x_wconf 89' lang='lat' dir='ltr'><strong>numero</strong></span> <span class='ocrx_word' id='word_1_1055' title='bbox 1961 4363 2033 4414; x_wconf 86' lang='lat' dir='ltr'><strong>ad</strong></span> <span class='ocrx_word' id='word_1_1056' title='bbox 2059 4361 2337 4428; x_wconf 89' lang='lat' dir='ltr'><strong>pluralem</strong></span> <span class='ocrx_word' id='word_1_1057' title='bbox 2353 4361 2517 4420; x_wconf 89' lang='lat' dir='ltr'><strong>redit,</strong></span> <span class='ocrx_word' id='word_1_1058' title='bbox 2533 4371 2916 4422; x_wconf 86' lang='lat' dir='ltr'><strong>caussamque</strong></span> <span class='ocrx_word' id='word_1_1059' title='bbox 2935 4357 3105 4408; x_wconf 87' lang='lat' dir='ltr'><strong>aliam</strong></span> <span class='ocrx_word' id='word_1_1060' title='bbox 3117 4354 3298 4428; x_wconf 85' lang='lat' dir='ltr'><strong>beati-</strong></span> 
     </span>
    </p>
   </div>
   <div class='ocr_carea' id='block_1_140' title="bbox 1699 4426 3298 4498">
    <p class='ocr_par' dir='ltr' id='par_1_140' title="bbox 1699 4426 3298 4498">
     <span class='ocr_line' id='line_1_142' title="bbox 1699 4426 3298 4498; baseline -0.009 -12"><span class='ocrx_word' id='word_1_1061' title='bbox 1699 4434 1918 4486; x_wconf 89' lang='lat' dir='ltr'><strong>tudinis</strong></span> <span class='ocrx_word' id='word_1_1062' title='bbox 1939 4426 2211 4498; x_wconf 81' lang='lat' dir='ltr'><strong>ostendit,</strong></span> <span class='ocrx_word' id='word_1_1063' title='bbox 2229 4433 2429 4485; x_wconf 89' lang='lat' dir='ltr'><strong>dicens</strong></span> <span class='ocrx_word' id='word_1_1064' title='bbox 2460 4448 2475 4481; x_wconf 91' lang='lat'><strong><em>:</em></strong></span> <span class='ocrx_word' id='word_1_1065' title='bbox 2501 4431 2834 4496; x_wconf 81' lang='lat' dir='ltr'><strong>chlebimur</strong></span> <span class='ocrx_word' id='word_1_1066' title='bbox 2854 4429 2910 4478; x_wconf 83' lang='lat' dir='ltr'><strong>in</strong></span> <span class='ocrx_word' id='word_1_1067' title='bbox 2930 4428 3080 4478; x_wconf 86' lang='lat' dir='ltr'><strong>bonis</strong></span> <span class='ocrx_word' id='word_1_1068' title='bbox 3105 4426 3298 4498; x_wconf 68' lang='lat' dir='ltr'><strong>domus</strong></span> 
     </span>
    </p>
   </div>
   <div class='ocr_carea' id='block_1_141' title="bbox 1701 4495 3294 4568">
    <p class='ocr_par' dir='ltr' id='par_1_141' title="bbox 1701 4495 3294 4568">
     <span class='ocr_line' id='line_1_143' title="bbox 1701 4495 3294 4568; baseline -0.005 -15"><span class='ocrx_word' id='word_1_1069' title='bbox 1701 4511 1820 4558; x_wconf 71' lang='lat' dir='ltr'><strong>tuae.</strong></span> <span class='ocrx_word' id='word_1_1070' title='bbox 1847 4509 1988 4568; x_wconf 63' lang='lat' dir='ltr'><strong>Qua)</strong></span> <span class='ocrx_word' id='word_1_1071' title='bbox 2016 4509 2152 4557; x_wconf 90' lang='lat' dir='ltr'><strong>sunt</strong></span> <span class='ocrx_word' id='word_1_1072' title='bbox 2173 4495 2325 4557; x_wconf 83' lang='lat' dir='ltr'><strong>bona</strong></span> <span class='ocrx_word' id='word_1_1073' title='bbox 2348 4505 2557 4555; x_wconf 86' lang='lat' dir='ltr'><strong>domus</strong></span> <span class='ocrx_word' id='word_1_1074' title='bbox 2574 4495 2704 4554; x_wconf 87' lang='lat' dir='ltr'><strong>Dei!</strong></span> <span class='ocrx_word' id='word_1_1075' title='bbox 2733 4502 2869 4552; x_wconf 84' lang='lat' dir='ltr'><strong>Mira</strong></span> <span class='ocrx_word' id='word_1_1076' title='bbox 2889 4505 2947 4552; x_wconf 90' lang='lat' dir='ltr'><strong>et</strong></span> <span class='ocrx_word' id='word_1_1077' title='bbox 2963 4495 3294 4550; x_wconf 73' lang='lat' dir='ltr'><strong>inetfabilia.</strong></span> 
     </span>
    </p>
   </div>
   <div class='ocr_carea' id='block_1_142' title="bbox 1702 4569 3300 4642">
    <p class='ocr_par' dir='ltr' id='par_1_142' title="bbox 1702 4569 3300 4642">
     <span class='ocr_line' id='line_1_144' title="bbox 1702 4569 3300 4642; baseline -0.006 -15"><span class='ocrx_word' id='word_1_1078' title='bbox 1702 4579 1844 4628; x_wconf 78' lang='lat' dir='ltr'><strong>Nam</strong></span> <span class='ocrx_word' id='word_1_1079' title='bbox 1871 4577 2025 4642; x_wconf 90' lang='lat' dir='ltr'><strong>quod</strong></span> <span class='ocrx_word' id='word_1_1080' title='bbox 2057 4576 2260 4629; x_wconf 91' lang='lat' dir='ltr'><strong>oculus</strong></span> <span class='ocrx_word' id='word_1_1081' title='bbox 2289 4589 2406 4628; x_wconf 90' lang='lat' dir='ltr'><strong>non</strong></span> <span class='ocrx_word' id='word_1_1082' title='bbox 2429 4575 2586 4635; x_wconf 89' lang='lat' dir='ltr'><strong>vidit,</strong></span> <span class='ocrx_word' id='word_1_1083' title='bbox 2613 4587 2718 4626; x_wconf 91' lang='lat' dir='ltr'><strong>nec</strong></span> <span class='ocrx_word' id='word_1_1084' title='bbox 2742 4573 2898 4624; x_wconf 88' lang='lat' dir='ltr'><strong>auris</strong></span> <span class='ocrx_word' id='word_1_1085' title='bbox 2921 4569 3167 4642; x_wconf 83' lang='lat' dir='ltr'><strong>audivit,</strong></span> <span class='ocrx_word' id='word_1_1086' title='bbox 3194 4580 3300 4642; x_wconf 80' lang='lat' dir='ltr'><strong>nec</strong></span> 
     </span>
    </p>
   </div>
   <div class='ocr_carea' id='block_1_143' title="bbox 1704 4639 3300 4710">
    <p class='ocr_par' dir='ltr' id='par_1_143' title="bbox 1704 4639 3300 4710">
     <span class='ocr_line' id='line_1_145' title="bbox 1704 4639 3300 4710; baseline -0.006 -12"><span class='ocrx_word' id='word_1_1087' title='bbox 1704 4648 1764 4699; x_wconf 88' lang='lat' dir='ltr'><strong>in</strong></span> <span class='ocrx_word' id='word_1_1088' title='bbox 1787 4639 2159 4700; x_wconf 33' lang='lat' dir='ltr'><strong>corwhominis</strong></span> <span class='ocrx_word' id='word_1_1089' title='bbox 2183 4647 2462 4710; x_wconf 87' lang='lat' dir='ltr'><strong>ascendit,</strong></span> <span class='ocrx_word' id='word_1_1090' title='bbox 2477 4644 2821 4710; x_wconf 66' lang='lat' dir='ltr'><strong>praeparavit</strong></span> <span class='ocrx_word' id='word_1_1091' title='bbox 2839 4645 2996 4694; x_wconf 88' lang='lat' dir='ltr'><strong>Deus</strong></span> <span class='ocrx_word' id='word_1_1092' title='bbox 3011 4639 3300 4705; x_wconf 86' lang='lat' dir='ltr'><strong>diligenti-</strong></span> 
     </span>
    </p>
   </div>
   <div class='ocr_carea' id='block_1_144' title="bbox 1707 4715 3300 4783">
    <p class='ocr_par' dir='ltr' id='par_1_144' title="bbox 1707 4715 3300 4783">
     <span class='ocr_line' id='line_1_146' title="bbox 1707 4715 3300 4783; baseline -0.006 -13"><span class='ocrx_word' id='word_1_1093' title='bbox 1707 4720 1815 4771; x_wconf 90' lang='lat' dir='ltr'><strong>bus</strong></span> <span class='ocrx_word' id='word_1_1094' title='bbox 1852 4733 1913 4771; x_wconf 88' lang='lat' dir='ltr'><strong>se</strong></span> <span class='ocrx_word' id='word_1_1095' title='bbox 1937 4721 2081 4783; x_wconf 85' lang='lat' dir='ltr'><strong>(Isai.</strong></span> <span class='ocrx_word' id='word_1_1096' title='bbox 2111 4720 2206 4779; x_wconf 69' lang='lat'><strong>64;</strong></span> <span class='ocrx_word' id='word_1_1097' title='bbox 2233 4719 2284 4774; x_wconf 80' lang='lat' dir='ltr'><strong>l.</strong></span> <span class='ocrx_word' id='word_1_1098' title='bbox 2314 4720 2434 4770; x_wconf 78' lang='lat' dir='ltr'><strong>Cor.</strong></span> <span class='ocrx_word' id='word_1_1099' title='bbox 2456 4716 2548 4781; x_wconf 62' lang='lat'><strong>“2.).</strong></span> <span class='ocrx_word' id='word_1_1100' title='bbox 2588 4719 2824 4781; x_wconf 85' lang='lat' dir='ltr'><strong>Oportet</strong></span> <span class='ocrx_word' id='word_1_1101' title='bbox 2845 4715 3022 4778; x_wconf 82' lang='lat' dir='ltr'><strong>igitur</strong></span> <span class='ocrx_word' id='word_1_1102' title='bbox 3043 4725 3112 4764; x_wconf 88' lang='lat' dir='ltr'><strong>ea</strong></span> <span class='ocrx_word' id='word_1_1103' title='bbox 3143 4724 3300 4762; x_wconf 91' lang='lat' dir='ltr'><strong>nunc</strong></span> 
     </span>
    </p>
   </div>
   <div class='ocr_carea' id='block_1_145' title="bbox 1702 4783 3300 4854">
    <p class='ocr_par' dir='ltr' id='par_1_145' title="bbox 1702 4783 3300 4854">
     <span class='ocr_line' id='line_1_147' title="bbox 1702 4783 3300 4854; baseline -0.006 -11"><span class='ocrx_word' id='word_1_1104' title='bbox 1702 4791 1934 4851; x_wconf 89' lang='lat' dir='ltr'><strong>esurire,</strong></span> <span class='ocrx_word' id='word_1_1105' title='bbox 1962 4796 2020 4843; x_wconf 89' lang='lat' dir='ltr'><strong>et</strong></span> <span class='ocrx_word' id='word_1_1106' title='bbox 2043 4792 2220 4854; x_wconf 88' lang='lat' dir='ltr'><strong>sitire,</strong></span> <span class='ocrx_word' id='word_1_1107' title='bbox 2246 4796 2312 4842; x_wconf 89' lang='lat' dir='ltr'><strong>ut</strong></span> <span class='ocrx_word' id='word_1_1108' title='bbox 2337 4791 2510 4842; x_wconf 88' lang='lat' dir='ltr'><strong>tantis</strong></span> <span class='ocrx_word' id='word_1_1109' title='bbox 2534 4787 2904 4853; x_wconf 90' lang='lat' dir='ltr'><strong>postmodum</strong></span> <span class='ocrx_word' id='word_1_1110' title='bbox 2921 4785 3087 4837; x_wconf 92' lang='lat' dir='ltr'><strong>bonis</strong></span> <span class='ocrx_word' id='word_1_1111' title='bbox 3101 4783 3300 4849; x_wconf 89' lang='lat' dir='ltr'><strong>repleri</strong></span> 
     </span>
    </p>
   </div>
   <div class='ocr_carea' id='block_1_146' title="bbox 1700 4855 3302 4927">
    <p class='ocr_par' dir='ltr' id='par_1_146' title="bbox 1700 4855 3302 4927">
     <span class='ocr_line' id='line_1_148' title="bbox 1700 4855 3302 4927; baseline -0.006 -13"><span class='ocrx_word' id='word_1_1112' title='bbox 1700 4875 2038 4914; x_wconf 87' lang='lat' dir='ltr'><strong>mereamur.</strong></span> <span class='ocrx_word' id='word_1_1113' title='bbox 2085 4865 2231 4914; x_wconf 87' lang='lat' dir='ltr'><strong>Ecce</strong></span> <span class='ocrx_word' id='word_1_1114' title='bbox 2267 4873 2481 4927; x_wconf 83' lang='lat' dir='ltr'><strong>magna</strong></span> <span class='ocrx_word' id='word_1_1115' title='bbox 2508 4865 2646 4912; x_wconf 90' lang='lat' dir='ltr'><strong>sunt</strong></span> <span class='ocrx_word' id='word_1_1116' title='bbox 2672 4861 2824 4911; x_wconf 91' lang='lat' dir='ltr'><strong>bona</strong></span> <span class='ocrx_word' id='word_1_1117' title='bbox 2851 4858 3062 4910; x_wconf 84' lang='lat' dir='ltr'><strong>domus</strong></span> <span class='ocrx_word' id='word_1_1118' title='bbox 3094 4855 3212 4918; x_wconf 91' lang='lat' dir='ltr'><strong>Dei,</strong></span> <span class='ocrx_word' id='word_1_1119' title='bbox 3244 4857 3302 4906; x_wconf 91' lang='lat' dir='ltr'><strong>et</strong></span> 
     </span>
    </p>
   </div>
   <div class='ocr_carea' id='block_1_147' title="bbox 1701 4927 3300 4998">
    <p class='ocr_par' dir='ltr' id='par_1_147' title="bbox 1701 4927 3300 4998">
     <span class='ocr_line' id='line_1_149' title="bbox 1701 4927 3300 4998; baseline -0.006 -13"><span class='ocrx_word' id='word_1_1120' title='bbox 1701 4935 1933 4986; x_wconf 85' lang='lat' dir='ltr'><strong>beatum</strong></span> <span class='ocrx_word' id='word_1_1121' title='bbox 1965 4938 2055 4986; x_wconf 87' lang='lat' dir='ltr'><strong>est</strong></span> <span class='ocrx_word' id='word_1_1122' title='bbox 2090 4933 2260 4985; x_wconf 91' lang='lat' dir='ltr'><strong>bonis</strong></span> <span class='ocrx_word' id='word_1_1123' title='bbox 2288 4933 2444 4984; x_wconf 89' lang='lat' dir='ltr'><strong>illius</strong></span> <span class='ocrx_word' id='word_1_1124' title='bbox 2479 4932 2796 4998; x_wconf 88' lang='lat' dir='ltr'><strong>adimpleri.</strong></span> <span class='ocrx_word' id='word_1_1125' title='bbox 2823 4933 2952 4983; x_wconf 86' lang='lat' dir='ltr'><strong>Jam</strong></span> <span class='ocrx_word' id='word_1_1126' title='bbox 2973 4927 3300 4988; x_wconf 88' lang='lat' dir='ltr'><strong>audiamus,</strong></span> 
     </span>
    </p>
   </div>
   <div class='ocr_carea' id='block_1_148' title="bbox 1703 5005 2336 5070">
    <p class='ocr_par' dir='ltr' id='par_1_148' title="bbox 1703 5005 2336 5070">
     <span class='ocr_line' id='line_1_150' title="bbox 1703 5005 2336 5070; baseline -0.005 -12"><span class='ocrx_word' id='word_1_1127' title='bbox 1703 5018 1837 5070; x_wconf 75' lang='lat' dir='ltr'><strong>quae</strong></span> <span class='ocrx_word' id='word_1_1128' title='bbox 1863 5006 1938 5056; x_wconf 89' lang='lat' dir='ltr'><strong>sit</strong></span> <span class='ocrx_word' id='word_1_1129' title='bbox 1960 5005 2087 5056; x_wconf 66' lang='lat' dir='ltr'><strong>haec</strong></span> <span class='ocrx_word' id='word_1_1130' title='bbox 2111 5005 2336 5056; x_wconf 86' lang='lat' dir='ltr'><strong>domus.</strong></span> 
     </span>
    </p>
   </div>
   <div class='ocr_carea' id='block_1_149' title="bbox 1764 5069 3303 5140">
    <p class='ocr_par' dir='ltr' id='par_1_149' title="bbox 1764 5069 3303 5140">
     <span class='ocr_line' id='line_1_151' title="bbox 1764 5069 3303 5140; baseline -0.007 -13"><span class='ocrx_word' id='word_1_1131' title='bbox 1764 5077 1797 5131; x_wconf 87' lang='lat'>6</span> <span class='ocrx_word' id='word_1_1132' title='bbox 1823 5077 2086 5127; x_wconf 83' lang='lat' dir='ltr'><strong>Sanctum</strong></span> <span class='ocrx_word' id='word_1_1133' title='bbox 2129 5079 2217 5135; x_wconf 80' lang='lat' dir='ltr'><strong>cst,</strong></span> <span class='ocrx_word' id='word_1_1134' title='bbox 2251 5075 2456 5139; x_wconf 85' lang='lat' dir='ltr'><strong>inquit,</strong></span> <span class='ocrx_word' id='word_1_1135' title='bbox 2499 5075 2758 5140; x_wconf 83' lang='lat' dir='ltr'><strong>templum</strong></span> <span class='ocrx_word' id='word_1_1136' title='bbox 2782 5078 2940 5123; x_wconf 85' lang='lat' dir='ltr'><strong>tuum</strong></span> <span class='ocrx_word' id='word_1_1137' title='bbox 2973 5070 3220 5121; x_wconf 74' lang='lat' dir='ltr'><strong>mirabile</strong></span> <span class='ocrx_word' id='word_1_1138' title='bbox 3245 5069 3303 5116; x_wconf 88' lang='lat' dir='ltr'><strong>in</strong></span> 
     </span>
    </p>
   </div>
   <div class='ocr_carea' id='block_1_150' title="bbox 1701 5143 3303 5214">
    <p class='ocr_par' dir='ltr' id='par_1_150' title="bbox 1701 5143 3303 5214">
     <span class='ocr_line' id='line_1_152' title="bbox 1701 5143 3303 5214; baseline -0.004 -16"><span class='ocrx_word' id='word_1_1139' title='bbox 1701 5149 1964 5214; x_wconf 76' lang='lat' dir='ltr'><strong>aequilale.</strong></span> <span class='ocrx_word' id='word_1_1140' title='bbox 1992 5150 2200 5198; x_wconf 85' lang='lat' dir='ltr'><strong>Sancta</strong></span> <span class='ocrx_word' id='word_1_1141' title='bbox 2236 5147 2546 5200; x_wconf 86' lang='lat' dir='ltr'><strong>electorum</strong></span> <span class='ocrx_word' id='word_1_1142' title='bbox 2572 5146 2825 5198; x_wconf 88' lang='lat' dir='ltr'><strong>Ecclesia</strong></span> <span class='ocrx_word' id='word_1_1143' title='bbox 2849 5145 3056 5196; x_wconf 89' lang='lat' dir='ltr'><strong>domus</strong></span> <span class='ocrx_word' id='word_1_1144' title='bbox 3079 5143 3303 5203; x_wconf 87' lang='lat' dir='ltr'><strong>dicitur,</strong></span> 
     </span>
    </p>
   </div>
   <div class='ocr_carea' id='block_1_151' title="bbox 1703 5215 3306 5285">
    <p class='ocr_par' dir='ltr' id='par_1_151' title="bbox 1703 5215 3306 5285">
     <span class='ocr_line' id='line_1_153' title="bbox 1703 5215 3306 5285; baseline -0.006 -13"><span class='ocrx_word' id='word_1_1145' title='bbox 1703 5222 1802 5285; x_wconf 88' lang='lat' dir='ltr'><strong>qui</strong></span> <span class='ocrx_word' id='word_1_1146' title='bbox 1825 5233 1860 5271; x_wconf 89' lang='lat' dir='ltr'><strong>a</strong></span> <span class='ocrx_word' id='word_1_1147' title='bbox 1882 5222 1998 5270; x_wconf 90' lang='lat' dir='ltr'><strong>Deo</strong></span> <span class='ocrx_word' id='word_1_1148' title='bbox 2026 5219 2396 5269; x_wconf 87' lang='lat' dir='ltr'><strong>inhabitatur.</strong></span> <span class='ocrx_word' id='word_1_1149' title='bbox 2425 5217 2728 5282; x_wconf 88' lang='lat' dir='ltr'><strong>Templum</strong></span> <span class='ocrx_word' id='word_1_1150' title='bbox 2757 5218 2894 5279; x_wconf 88' lang='lat' dir='ltr'><strong>quia</strong></span> <span class='ocrx_word' id='word_1_1151' title='bbox 2919 5215 3306 5268; x_wconf 79' lang='lat' dir='ltr'><strong>sanctificatur</strong></span> 
     </span>
    </p>
   </div>
   <div class='ocr_carea' id='block_1_152' title="bbox 1703 5287 3305 5357">
    <p class='ocr_par' dir='ltr' id='par_1_152' title="bbox 1703 5287 3305 5357">
     <span class='ocr_line' id='line_1_154' title="bbox 1703 5287 3305 5357; baseline -0.006 -13"><span class='ocrx_word' id='word_1_1152' title='bbox 1703 5306 1806 5357; x_wconf 87' lang='lat' dir='ltr'><strong>per</strong></span> <span class='ocrx_word' id='word_1_1153' title='bbox 1833 5293 2036 5343; x_wconf 87' lang='lat' dir='ltr'><strong>Deum.</strong></span> <span class='ocrx_word' id='word_1_1154' title='bbox 2062 5290 2208 5340; x_wconf 85' lang='lat' dir='ltr'><strong>Hinc</strong></span> <span class='ocrx_word' id='word_1_1155' title='bbox 2234 5289 2546 5352; x_wconf 88' lang='lat' dir='ltr'><strong>Apostolus</strong></span> <span class='ocrx_word' id='word_1_1156' title='bbox 2561 5289 2640 5340; x_wconf 87' lang='lat' dir='ltr'><strong>ait</strong></span> <span class='ocrx_word' id='word_1_1157' title='bbox 2657 5302 2669 5338; x_wconf 89' lang='lat'><strong>:</strong></span> <span class='ocrx_word' id='word_1_1158' title='bbox 2686 5287 2988 5351; x_wconf 89' lang='lat' dir='ltr'><strong>Templum</strong></span> <span class='ocrx_word' id='word_1_1159' title='bbox 3013 5287 3114 5336; x_wconf 90' lang='lat' dir='ltr'><strong>Dei</strong></span> <span class='ocrx_word' id='word_1_1160' title='bbox 3139 5297 3305 5335; x_wconf 88' lang='lat' dir='ltr'><strong>sanc-</strong></span> 
     </span>
    </p>
   </div>
   <div class='ocr_carea' id='block_1_153' title="bbox 1708 5357 3301 5424">
    <p class='ocr_par' dir='ltr' id='par_1_153' title="bbox 1708 5357 3301 5424">
     <span class='ocr_line' id='line_1_155' title="bbox 1708 5357 3301 5424; baseline -0.006 -10"><span class='ocrx_word' id='word_1_1161' title='bbox 1708 5367 1830 5414; x_wconf 89' lang='lat' dir='ltr'><strong>tum</strong></span> <span class='ocrx_word' id='word_1_1162' title='bbox 1859 5367 1969 5424; x_wconf 88' lang='lat' dir='ltr'><strong>est,</strong></span> <span class='ocrx_word' id='word_1_1163' title='bbox 1998 5360 2151 5424; x_wconf 91' lang='lat' dir='ltr'><strong>quod</strong></span> <span class='ocrx_word' id='word_1_1164' title='bbox 2181 5361 2323 5412; x_wconf 90' lang='lat' dir='ltr'><strong>estis</strong></span> <span class='ocrx_word' id='word_1_1165' title='bbox 2345 5372 2450 5412; x_wconf 87' lang='lat' dir='ltr'><strong>vos</strong></span> <span class='ocrx_word' id='word_1_1166' title='bbox 2475 5359 2545 5422; x_wconf 88' lang='grc'><strong>(1.</strong></span> <span class='ocrx_word' id='word_1_1167' title='bbox 2574 5360 2694 5409; x_wconf 81' lang='lat' dir='ltr'><strong>Cor.</strong></span> <span class='ocrx_word' id='word_1_1168' title='bbox 2721 5358 2772 5412; x_wconf 92' lang='lat'><strong>3.</strong></span> <span class='ocrx_word' id='word_1_1169' title='bbox 2798 5364 2843 5406; x_wconf 85' lang='lat' dir='ltr'><strong>et</strong></span> <span class='ocrx_word' id='word_1_1170' title='bbox 2867 5357 2958 5420; x_wconf 88' lang='lat'><strong>6.).</strong></span> <span class='ocrx_word' id='word_1_1171' title='bbox 2983 5359 3108 5408; x_wconf 89' lang='lat' dir='ltr'><strong>Hoc</strong></span> <span class='ocrx_word' id='word_1_1172' title='bbox 3131 5368 3301 5406; x_wconf 86' lang='lat' dir='ltr'><strong>sanc-</strong></span> 
     </span>
    </p>
   </div>
   <div class='ocr_carea' id='block_1_154' title="bbox 1707 5425 3300 5496">
    <p class='ocr_par' dir='ltr' id='par_1_154' title="bbox 1707 5425 3300 5496">
     <span class='ocr_line' id='line_1_156' title="bbox 1707 5425 3300 5496; baseline -0.005 -10"><span class='ocrx_word' id='word_1_1173' title='bbox 1707 5439 1832 5486; x_wconf 88' lang='lat' dir='ltr'><strong>tum</strong></span> <span class='ocrx_word' id='word_1_1174' title='bbox 1857 5435 1958 5486; x_wconf 91' lang='lat' dir='ltr'><strong>Dei</strong></span> <span class='ocrx_word' id='word_1_1175' title='bbox 1985 5432 2261 5496; x_wconf 90' lang='lat' dir='ltr'><strong>templum</strong></span> <span class='ocrx_word' id='word_1_1176' title='bbox 2285 5431 2492 5482; x_wconf 88' lang='lat' dir='ltr'><strong>dicitur</strong></span> <span class='ocrx_word' id='word_1_1177' title='bbox 2503 5429 2780 5490; x_wconf 90' lang='lat' dir='ltr'><strong>mirabile,</strong></span> <span class='ocrx_word' id='word_1_1178' title='bbox 2798 5428 2986 5479; x_wconf 90' lang='lat' dir='ltr'><strong>nonin</strong></span> <span class='ocrx_word' id='word_1_1179' title='bbox 3001 5425 3300 5478; x_wconf 85' lang='lat' dir='ltr'><strong>columnis.</strong></span> 
     </span>
    </p>
   </div>
   <div class='ocr_carea' id='block_1_155' title="bbox 1706 5496 3304 5566">
    <p class='ocr_par' dir='ltr' id='par_1_155' title="bbox 1706 5496 3304 5566">
     <span class='ocr_line' id='line_1_157' title="bbox 1706 5496 3304 5566; baseline -0.008 -9"><span class='ocrx_word' id='word_1_1180' title='bbox 1706 5519 1823 5558; x_wconf 87' lang='lat' dir='ltr'><strong>non</strong></span> <span class='ocrx_word' id='word_1_1181' title='bbox 1849 5506 1909 5556; x_wconf 91' lang='lat' dir='ltr'><strong>in</strong></span> <span class='ocrx_word' id='word_1_1182' title='bbox 1932 5504 2336 5566; x_wconf 89' lang='lat' dir='ltr'><strong>marmoribus,</strong></span> <span class='ocrx_word' id='word_1_1183' title='bbox 2359 5515 2477 5553; x_wconf 92' lang='lat' dir='ltr'><strong>non</strong></span> <span class='ocrx_word' id='word_1_1184' title='bbox 2499 5501 2558 5552; x_wconf 91' lang='lat' dir='ltr'><strong>in</strong></span> <span class='ocrx_word' id='word_1_1185' title='bbox 2577 5500 2741 5552; x_wconf 87' lang='lat' dir='ltr'><strong>tectis</strong></span> <span class='ocrx_word' id='word_1_1186' title='bbox 2763 5498 3076 5557; x_wconf 86' lang='lat' dir='ltr'><strong>deauratis,</strong></span> <span class='ocrx_word' id='word_1_1187' title='bbox 3112 5496 3213 5546; x_wconf 89' lang='lat' dir='ltr'><strong>sed</strong></span> <span class='ocrx_word' id='word_1_1188' title='bbox 3245 5497 3304 5545; x_wconf 91' lang='lat' dir='ltr'><strong>in</strong></span> 
     </span>
    </p>
   </div>
   <div class='ocr_carea' id='block_1_156' title="bbox 1708 5566 3304 5641">
    <p class='ocr_par' dir='ltr' id='par_1_156' title="bbox 1708 5566 3304 5641">
     <span class='ocr_line' id='line_1_158' title="bbox 1708 5566 3304 5641; baseline -0.009 -12"><span class='ocrx_word' id='word_1_1189' title='bbox 1708 5579 1998 5641; x_wconf 69' lang='lat' dir='ltr'><strong>mquitate.</strong></span> <span class='ocrx_word' id='word_1_1190' title='bbox 2025 5580 2164 5638; x_wconf 70' lang='lat' dir='ltr'><strong>Quae</strong></span> <span class='ocrx_word' id='word_1_1191' title='bbox 2185 5579 2276 5625; x_wconf 89' lang='lat' dir='ltr'><strong>est</strong></span> <span class='ocrx_word' id='word_1_1192' title='bbox 2300 5573 2546 5636; x_wconf 65' lang='lat' dir='ltr'><strong>aequitas</strong></span> <span class='ocrx_word' id='word_1_1193' title='bbox 2565 5575 2590 5622; x_wconf 79' lang='lat'><strong>?</strong></span> <span class='ocrx_word' id='word_1_1194' title='bbox 2612 5571 2774 5634; x_wconf 82' lang='lat' dir='ltr'><strong>Quod</strong></span> <span class='ocrx_word' id='word_1_1195' title='bbox 2801 5569 2901 5622; x_wconf 90' lang='lat' dir='ltr'><strong>tibi</strong></span> <span class='ocrx_word' id='word_1_1196' title='bbox 2923 5581 3042 5641; x_wconf 84' lang='lat' dir='ltr'><strong>non</strong></span> <span class='ocrx_word' id='word_1_1197' title='bbox 3066 5568 3154 5641; x_wconf 79' lang='lat' dir='ltr'><strong>vis</strong></span> <span class='ocrx_word' id='word_1_1198' title='bbox 3184 5566 3304 5641; x_wconf 74' lang='lat' dir='ltr'><strong>fieri</strong></span> 
     </span>
    </p>
   </div>
   <div class='ocr_carea' id='block_1_157' title="bbox 1707 5637 3306 5710">
    <p class='ocr_par' dir='ltr' id='par_1_157' title="bbox 1707 5637 3306 5710">
     <span class='ocr_line' id='line_1_159' title="bbox 1707 5637 3306 5710; baseline -0.009 -10"><span class='ocrx_word' id='word_1_1199' title='bbox 1707 5637 1801 5700; x_wconf 85' lang='lat' dir='ltr'><strong>alii</strong></span> <span class='ocrx_word' id='word_1_1200' title='bbox 1821 5662 1894 5700; x_wconf 89' lang='lat' dir='ltr'><strong>ne</strong></span> <span class='ocrx_word' id='word_1_1201' title='bbox 1919 5637 2138 5700; x_wconf 81' lang='lat' dir='ltr'><strong>ieceris.</strong></span> <span class='ocrx_word' id='word_1_1202' title='bbox 2169 5649 2236 5697; x_wconf 86' lang='lat' dir='ltr'><strong>Et</strong></span> <span class='ocrx_word' id='word_1_1203' title='bbox 2257 5658 2388 5710; x_wconf 75' lang='lat' dir='ltr'><strong>qure</strong></span> <span class='ocrx_word' id='word_1_1204' title='bbox 2412 5643 2608 5705; x_wconf 89' lang='lat' dir='ltr'><strong>vultis,</strong></span> <span class='ocrx_word' id='word_1_1205' title='bbox 2633 5647 2700 5694; x_wconf 90' lang='lat' dir='ltr'><strong>ut</strong></span> <span class='ocrx_word' id='word_1_1206' title='bbox 2716 5641 2926 5692; x_wconf 81' lang='lat' dir='ltr'><strong>faciant</strong></span> <span class='ocrx_word' id='word_1_1207' title='bbox 2951 5637 3306 5691; x_wconf 84' lang='lat' dir='ltr'><strong>vobishomi-</strong></span> 
     </span>
    </p>
   </div>
   <div class='ocr_carea' id='block_1_158' title="bbox 1707 5712 3308 5782">
    <p class='ocr_par' dir='ltr' id='par_1_158' title="bbox 1707 5712 3308 5782">
     <span class='ocr_line' id='line_1_160' title="bbox 1707 5712 3308 5782; baseline -0.007 -11"><span class='ocrx_word' id='word_1_1208' title='bbox 1707 5733 1831 5782; x_wconf 87' lang='lat' dir='ltr'><strong>nes,</strong></span> <span class='ocrx_word' id='word_1_1209' title='bbox 1858 5725 1916 5772; x_wconf 90' lang='lat' dir='ltr'><strong>et</strong></span> <span class='ocrx_word' id='word_1_1210' title='bbox 1945 5733 2052 5773; x_wconf 87' lang='lat' dir='ltr'><strong>vos</strong></span> <span class='ocrx_word' id='word_1_1211' title='bbox 2079 5718 2240 5770; x_wconf 83' lang='lat' dir='ltr'><strong>facite</strong></span> <span class='ocrx_word' id='word_1_1212' title='bbox 2279 5717 2390 5768; x_wconf 89' lang='lat' dir='ltr'><strong>illis</strong></span> <span class='ocrx_word' id='word_1_1213' title='bbox 2417 5717 2558 5778; x_wconf 88' lang='lat' dir='ltr'><strong>(Luc.</strong></span> <span class='ocrx_word' id='word_1_1214' title='bbox 2584 5715 2676 5777; x_wconf 83' lang='lat'><strong>6.).</strong></span> <span class='ocrx_word' id='word_1_1215' title='bbox 2703 5715 2766 5764; x_wconf 92' lang='lat' dir='ltr'><strong>In</strong></span> <span class='ocrx_word' id='word_1_1216' title='bbox 2792 5713 2883 5764; x_wconf 89' lang='lat' dir='ltr'><strong>his</strong></span> <span class='ocrx_word' id='word_1_1217' title='bbox 2909 5712 3136 5762; x_wconf 89' lang='lat' dir='ltr'><strong>duobus</strong></span> <span class='ocrx_word' id='word_1_1218' title='bbox 3166 5721 3308 5774; x_wconf 70' lang='lat' dir='ltr'><strong>pra:-</strong></span> 
     </span>
    </p>
   </div>
   <div class='ocr_carea' id='block_1_159' title="bbox 1709 5783 3305 5856">
    <p class='ocr_par' dir='ltr' id='par_1_159' title="bbox 1709 5783 3305 5856">
     <span class='ocr_line' id='line_1_161' title="bbox 1709 5783 3305 5856; baseline -0.008 -12"><span class='ocrx_word' id='word_1_1219' title='bbox 1709 5794 1891 5856; x_wconf 87' lang='lat' dir='ltr'><strong>ceptis</strong></span> <span class='ocrx_word' id='word_1_1220' title='bbox 1909 5796 1999 5844; x_wconf 89' lang='lat' dir='ltr'><strong>est</strong></span> <span class='ocrx_word' id='word_1_1221' title='bbox 2015 5791 2256 5854; x_wconf 60' lang='lat' dir='ltr'><strong>aequitas</strong></span> <span class='ocrx_word' id='word_1_1222' title='bbox 2273 5793 2447 5852; x_wconf 83' lang='lat' dir='ltr'><strong>atque</strong></span> <span class='ocrx_word' id='word_1_1223' title='bbox 2459 5787 2702 5852; x_wconf 87' lang='lat' dir='ltr'><strong>justitia.</strong></span> <span class='ocrx_word' id='word_1_1224' title='bbox 2721 5783 2958 5856; x_wconf 85' lang='lat' dir='ltr'><strong>Quando</strong></span> <span class='ocrx_word' id='word_1_1225' title='bbox 2976 5783 3102 5835; x_wconf 70' lang='lat' dir='ltr'><strong>huic</strong></span> <span class='ocrx_word' id='word_1_1226' title='bbox 3117 5783 3305 5856; x_wconf 80' lang='lat' dir='ltr'><strong>obser-</strong></span> 
     </span>
    </p>
   </div>
   <div class='ocr_carea' id='block_1_160' title="bbox 1710 5853 3305 5928">
    <p class='ocr_par' dir='ltr' id='par_1_160' title="bbox 1710 5853 3305 5928">
     <span class='ocr_line' id='line_1_162' title="bbox 1710 5853 3305 5928; baseline -0.008 -12"><span class='ocrx_word' id='word_1_1227' title='bbox 1710 5853 1852 5917; x_wconf 75' lang='lat' dir='ltr'><strong>vant</strong></span> <span class='ocrx_word' id='word_1_1228' title='bbox 1868 5864 2013 5928; x_wconf 88' lang='lat' dir='ltr'><strong>justi</strong></span> <span class='ocrx_word' id='word_1_1229' title='bbox 2037 5853 2164 5926; x_wconf 86' lang='lat' dir='ltr'><strong>viri,</strong></span> <span class='ocrx_word' id='word_1_1230' title='bbox 2189 5861 2288 5925; x_wconf 88' lang='lat' dir='ltr'><strong>qui</strong></span> <span class='ocrx_word' id='word_1_1231' title='bbox 2313 5865 2452 5912; x_wconf 89' lang='lat' dir='ltr'><strong>sunt</strong></span> <span class='ocrx_word' id='word_1_1232' title='bbox 2467 5859 2676 5911; x_wconf 90' lang='lat' dir='ltr'><strong>domus</strong></span> <span class='ocrx_word' id='word_1_1233' title='bbox 2700 5861 2756 5910; x_wconf 87' lang='lat' dir='ltr'><strong>et</strong></span> <span class='ocrx_word' id='word_1_1234' title='bbox 2773 5854 3051 5928; x_wconf 85' lang='lat' dir='ltr'><strong>templum</strong></span> <span class='ocrx_word' id='word_1_1235' title='bbox 3065 5855 3186 5928; x_wconf 86' lang='lat' dir='ltr'><strong>Dei,</strong></span> <span class='ocrx_word' id='word_1_1236' title='bbox 3202 5853 3305 5904; x_wconf 86' lang='lat' dir='ltr'><strong>mi-</strong></span> 
     </span>
    </p>
   </div>
   <div class='ocr_carea' id='block_1_161' title="bbox 1710 5927 3304 6001">
    <p class='ocr_par' dir='ltr' id='par_1_161' title="bbox 1710 5927 3304 6001">
     <span class='ocr_line' id='line_1_163' title="bbox 1710 5927 3304 6001; baseline -0.011 -12"><span class='ocrx_word' id='word_1_1237' title='bbox 1710 5927 1918 5990; x_wconf 84' lang='lat' dir='ltr'><strong>rabiles</strong></span> <span class='ocrx_word' id='word_1_1238' title='bbox 1939 5939 2218 6001; x_wconf 86' lang='lat' dir='ltr'><strong>apparent</strong></span> <span class='ocrx_word' id='word_1_1239' title='bbox 2240 5935 2299 5984; x_wconf 88' lang='lat' dir='ltr'><strong>in</strong></span> <span class='ocrx_word' id='word_1_1240' title='bbox 2315 5932 2608 5998; x_wconf 82' lang='lat' dir='ltr'><strong>aequitate,</strong></span> <span class='ocrx_word' id='word_1_1241' title='bbox 2626 5931 2683 5983; x_wconf 90' lang='lat' dir='ltr'><strong>in</strong></span> <span class='ocrx_word' id='word_1_1242' title='bbox 2695 5927 2937 5996; x_wconf 85' lang='lat' dir='ltr'><strong>justitia,</strong></span> <span class='ocrx_word' id='word_1_1243' title='bbox 2954 5927 3014 5979; x_wconf 91' lang='lat' dir='ltr'><strong>in</strong></span> <span class='ocrx_word' id='word_1_1244' title='bbox 3027 5927 3304 5988; x_wconf 78' lang='lat' dir='ltr'><strong>sanctitate,</strong></span> 
     </span>
    </p>
   </div>
  </div>
