3884 6394
524 411 628 466 899

518 528 579 579 in
611 527 887 603 moribus,
914 526 986 603 in_
1016 524 1357 603 actionibus,
1386 523 1444 574 in
1476 524 1805 603 virtutibus.
1839 525 1927 576 Ad
1960 526 2108 603 hanc
2128 531 2189 603 Α

516 612 649 663 ergo
674 596 1088 661 impetrandam
1118 596 1452 657 aaquitatem
1476 595 1766 648 humiliter
1793 603 1995 649 exorat
2017 598 2106 649 di-

517 684 653 723 cens
680 683 693 719 :
736 668 961 717 Exaudi
1012 681 1108 714 nos
1144 667 1284 714 Deus
1306 667 1561 715 salutaris
1582 673 1771 717 noster.
1799 671 1942 719 Cum
1966 669 2112 721 dixit

514 742 671 801 Deus,
697 740 967 790 continuo
1002 737 1284 800 adjunxit,
1325 738 1612 798 Salutaris,
1639 745 1704 791 ut
1728 753 1900 803 quem
1926 742 2108 792 Deum

514 812 741 873 diceret,
768 809 1020 873 apertius
1043 808 1373 861 declararet.
1407 810 1682 862 Salutaris
1703 813 1855 862 enim
1884 814 2107 876 proprie

513 884 719 933 dicitur
739 884 768 932 J
775 895 910 932 esus
926 880 1207 944 Christus,
1231 893 1327 943 per
1352 881 1991 944 cujusincarnationem
2006 885 2109 935 sal-

512 955 623 1005 vati
648 967 870 1005 sumus.
896 955 1024 1016 Ipse
1041 953 1320 1003 mediator
1340 953 1827 1005 Deiethominum
1844 956 2109 1019 interpel-

510 1026 589 1077 lat
627 1038 725 1089 pro
764 1025 930 1076 nobis
956 1024 1021 1089 (ιι.
1055 1025 1186 1073 Tim.
1214 1022 1307 1089 2.),
1337 1029 1403 1075 ut
1427 1025 1616 1089 homo,
1642 1031 1700 1077 et
1722 1027 1959 1079 exaudit.
1977 1041 2102 1092 nos,

509 1104 576 1149 ut
598 1100 771 1149 Deus.
797 1100 861 1147 In
883 1099 1001 1147 Deo
1019 1100 1110 1147 est
1133 1096 1290 1147 salus
1314 1101 1580 1149 nostraet.
1596 1110 1728 1162 spes
1744 1105 1961 1150 nostra.
1978 1102 2104 1151 Non

507 1171 683 1221 unius
706 1168 904 1234 anguli
934 1180 1051 1219 non
1085 1167 1271 1218 solum
1292 1167 1532 1231 Judaeaa,
1565 1181 1681 1220 non
1703 1170 1950 1221 Orientis
1974 1177 2103 1222 tan-

508 1242 828 1303 tummodo,
852 1245 953 1291 aut
976 1238 1331 1291 Occidentis:
1356 1240 1457 1291 sed
1484 1240 1612 1303 Spes
1628 1242 1879 1290 omnium
1901 1243 2103 1304 ﬁnium

507 1320 674 1365 terrae.
721 1315 787 1364 In
810 1312 904 1363 illo
927 1313 1079 1364 enim
1105 1315 1337 1375 sperant
1358 1312 1530 1363 etiam
1553 1312 1648 1373 illi,
1676 1313 1773 1376 qui
1799 1313 1857 1364 in
1885 1313 2102 1365 ultimis

508 1392 675 1438 terrae
710 1385 968 1448 partibus
1004 1382 1281 1434 habitant.
1316 1386 1428 1434 Nec
1452 1388 1676 1435 tantum
1700 1384 1760 1435 hi
1787 1390 2018 1449 sperant
2041 1385 2101 1436 in

506 1472 591 1519 eo,
610 1457 707 1520 qui
730 1468 847 1507 non
874 1454 1055 1505 solida
1076 1459 1223 1505 terra
1246 1460 1403 1517 sunt,
1429 1455 1528 1506 sed
1553 1458 1611 1506 et
1646 1455 1743 1517 illi,
1784 1456 1883 1519 qui
1930 1457 1989 1506 in
2022 1469 2103 1507 re-

502 1528 842 1580 motissimis
867 1525 1071 1577 insulis
1089 1526 1430 1577 consistunt.
1446 1527 1567 1577 Hoc
1585 1531 1691 1587 est,
1705 1526 1857 1589 quod
1875 1527 2095 1578 subdit:

504 1602 572 1650 Et
595 1601 656 1649 in
680 1599 828 1648 mari
850 1598 1017 1660 longe.
1047 1596 1343 1659 Quomodo
1366 1601 1558 1647 autem
1583 1602 1701 1648 tam
1722 1598 1890 1662 longe
1908 1598 2102 1650 sitfac—

504 1676 616 1732 tus,
644 1685 777 1735 spes
795 1669 1137 1733 ostenditur,
1162 1681 1296 1719 cum
1325 1668 1673 1721 subinfertur
1700 1687 1710 1717 :

566 1742 614 1795 7.
662 1744 990 1806 Praeparatis
1026 1746 1227 1789 montes
1262 1741 1321 1788 in
1356 1742 1549 1791 virtute
1571 1746 1682 1790 tua.
1711 1742 1936 1792 Montes
1961 1741 2099 1793 dicit

502 1814 816 1877 Apostolus
834 1819 891 1864 et
906 1812 1311 1877 praedicatores
1325 1812 1625 1863 altitudine
1652 1810 1703 1878 3
1721 1810 1739 1878 |
1755 1810 1806 1878 5
1827 1813 1963 1864 vitae
1991 1817 2094 1863 ter-

1575 411 1843 464 RUFINO
1877 411 2337 464 PRESBYTERO
2370 413 2760 465 ASCRIPTUS

3711 422 3812 477 900

2212 526 2516 589 fraguntur
2550 529 2825 582 adversis.
2865 530 3085 582 Cuncta
3106 529 3250 582 forte
3286 535 3481 583 mente
3515 534 3810 596 pertrans-

2212 606 2369 663 eunt,
2415 601 2532 653 lenti
2578 607 2634 653 et
2674 602 2889 653 alacres
2912 602 2985 653 ad
3019 603 3195 654 finem
3220 601 3483 655 tendunt.
3513 604 3671 656 Talis
3694 612 3811 658 erat

2210 671 2439 735 Paulus,
2484 685 2615 723 cum
2662 673 2874 724 diceret
2906 687 2917 721 :
2960 674 3137 737 Cupio
3164 673 3410 725 dissolvi
3432 678 3492 725 et
3519 687 3653 728 esse
3674 690 3801 728 cum

2209 744 2433 795 Christo
2478 745 2705 809 (Philip.
2746 745 2836 807 1.).
2862 746 3160 796 Notandus
3187 750 3277 797 est
3296 749 3489 797 autem
3518 748 3660 800 ordo
3688 762 3810 800 ver-

2206 812 2408 865 borum
2432 818 2457 864 ?
2493 817 2655 867 Prius
2697 817 2922 880 ponitur
2949 817 3301 881 perturbatio
3326 817 3573 878 timoris,
3597 818 3806 872 deinde

2206 884 2507 938 delectatio
2531 890 2759 939 amoris.
2780 890 2971 940 Timor
2987 887 3244 940 excludit
3260 887 3427 940 vitia:
3446 890 3657 941 caritas
3668 903 3810 943 con—

2207 958 2411 1008 temnit
2462 962 2699 1010 terrena.
2752 960 3052 1023 Magnifice
3086 972 3220 1020 ergo
3251 959 3465 1022 posuit,
3492 959 3809 1012 Delectabit

2204 1028 2414 1079 exitus.
2449 1029 2506 1079 Si
2550 1031 2703 1081 enim
2740 1029 2792 1097 3
2810 1030 2827 1096 Ι
2844 1028 2896 1098 6
2920 1042 3033 1082 non
3061 1029 3309 1082 delectat
3334 1034 3408 1092 te,
3433 1042 3555 1082 non
3578 1031 3807 1083 laboras

2203 1099 2378 1151 exire.
2404 1100 2698 1153 Delectare
2721 1103 2782 1153 in
2804 1102 3070 1165 Domino,
3094 1104 3152 1153 et
3167 1101 3398 1154 fastidio
3412 1101 3521 1154 erit
3533 1102 3637 1154 tibi
3654 1119 3808 1152 mun-

2202 1170 2331 1222 dus.
2346 1172 2435 1223 Ad
2455 1173 2563 1224 hoc
2586 1179 2783 1225 autem
2802 1173 2958 1237 quod
2979 1173 3348 1238 prtemissum
3376 1178 3486 1236 est,
3511 1177 3807 1235 Pmparans

2200 1248 2429 1295 montes
2453 1244 2512 1295 in
2537 1245 2750 1297 virtute
2776 1249 2889 1305 tua,
2914 1245 3198 1310 respicere
3222 1244 3449 1299 videtur
3470 1258 3682 1298 versus
3697 1247 3806 1299 iste

2201 1315 2299 1377 qui
2325 1316 2453 1378 subj
2464 1316 2702 1380 ungitur
2738 1332 2750 1367 :

2264 1384 2350 1439 10.
2385 1387 2620 1436 Visitasti
2646 1395 2847 1437 terram
2870 1390 2915 1436 et
2938 1386 3220 1438 inebriain
3239 1403 3387 1438 eam:
3424 1387 3802 1452 multiplicati

2199 1455 2520 1521 locupletare
2537 1475 2686 1525 eam._
2700 1460 2907 1513 Misisti
2930 1461 3117 1512 nubes
3134 1465 3282 1524 tuas,
3301 1465 3366 1512 ut
3382 1459 3646 1524 pluerent
3657 1473 3803 1522 prat-

2198 1529 2543 1583 dicationem
2575 1533 2848 1585 veritatis.
2883 1532 3169 1585 Inebriata
3205 1536 3295 1584 est
3318 1535 3485 1595 terra,
3513 1531 3685 1594 idest,
3714 1545 3804 1583 re-

2198 1602 2350 1666 pleta
2368 1610 2506 1656 sunt
2527 1605 2700 1657 corda.
2715 1610 2937 1657 terrena
2958 1603 3175 1657 caelesti
3192 1604 3373 1655 imbre
3385 1602 3706 1668 sapientia,
3723 1602 3799 1654 ad

2196 1674 2602 1737 proferendum
2618 1676 3006 1741 multipliciter
3022 1676 3274 1727 fructum
3290 1676 3443 1727 vitaa.
3466 1676 3799 1736 Omnipotens

2196 1745 2352 1796 Deus
2377 1751 2585 1798 terram
2611 1748 2824 1807 visitat,
2849 1748 3118 1811 quotiens
3139 1751 3496 1811 peccatorem
3516 1757 3617 1809 per
3630 1756 3796 1795 suam

2195 1817 2438 1878 gratiam
2462 1819 2693 1883 aSpirat.
2713 1819 2959 1870 Inebriat
2976 1830 3125 1870 vero.
3146 1830 3279 1868 cum
3296 1820 3455 1869 tanto
3475 1817 3605 1879 ejus
3627 1830 3796 1863 amore

500 1898 639 1938 rem
655 1886 847 1974 omnii}
860 1883 1351 1974 ῐῐεξῐιεοθῐιάθῐξῐθεο
1378 1886 1533 1974 Ουξὸ
1550 1884 2090 1974 ᾨθυῇηοωηξροῐθῐὶε
2116 1899 2170 1974 Β
2200 1889 2471 1974 repletur,
2497 1894 2563 1942 ut
2591 1890 2782 1974 vitaet
2804 1890 3060 1941 moribus
3082 1888 3157 1941 ad
3179 1888 3413 1974 meliora
3428 1888 3794 1974 immutetur.

499 1957 861 2023 prmparavit,
887 1961 944 2008 et
966 1959 1250 2021 praeparat
1268 1954 1545 2017 vocando,
1566 1955 1953 2019 justiﬂcando,
1970 1967 2091 2019 gra-

499 2029 595 2089 tia,
621 2028 881 2081 doctrina
905 2032 961 2079 et
990 2027 1242 2078 moribus
1266 2027 1646 2079 informando.
1674 2030 1741 2078 Et
1766 2028 1909 2079 bene
1934 2032 2094 2089 potes

502 2113 599 2152 eos
626 2113 959 2165 praeparare,
978 2099 1112 2162 quia
1137 2103 1199 2150 tu
1223 2111 1283 2150 es
1296 2099 1588 2149 accinctus
1612 2100 1882 2164 potentia.
1904 2099 2097 2151 Domi-

497 2184 609 2223 nus
644 2186 711 2225 ac
748 2172 1056 2224 Redemtor
1091 2174 1290 2221 noster
1310 2171 1629 2222 secundum
1654 2171 2089 2222 humanitatem.

496 2245 776 2295 Accinctus
796 2244 1036 2309 potentia
1060 2242 1246 2293 dictus
1265 2247 1372 2293 est.
1389 2242 1551 2295 Unde
1565 2241 1643 2293 illi
1656 2242 2091 2294 Psalmistaalibi

496 2316 608 2367 ait:
640 2316 948 2379 Accingere
963 2313 1152 2377 gladio
1179 2318 1275 2364 tuo
1302 2326 1472 2377 super
1488 2314 1672 2364 femur
1688 2316 1872 2372 tuum,
1894 2317 2092 2377 poten-

494 2387 713 2439 tissime
740 2387 897 2451 (Psal.
927 2386 1059 2448 44.).
1086 2387 1154 2435 Et
1177 2385 1409 2436 iterum:
1432 2385 1673 2436 lndutus
1696 2390 1785 2437 est
1808 2386 2091 2437 Dominus

493 2458 884 2510 fortitudinem
915 2462 973 2509 et
1018 2457 1322 2521 praecinxit
1360 2468 1421 2507 se
1466 2456 1622 2519 (Psal.
1652 2455 1777 2519 92.).
1805 2459 1866 2508 In
1891 2469 1958 2507 eo
1989 2470 2092 2507 au-

496 2534 609 2581 tem
641 2531 795 2594 quod
820 2531 1071 2581 Verbum
1089 2535 1176 2579 est
1199 2527 1350 2591 apud
1368 2530 1610 2588 Patrem,
1628 2542 1815 2592 neque
1832 2530 2091 2580 induitur

491 2601 1044 2664 fortitudine,neque
1066 2600 1381 2662 accingitur
1406 2600 1684 2663 potentia.
1716 2602 1835 2651 Imo
1860 2602 1980 2665 ipse
2002 2604 2091 2652 est

490 2672 763 2724 fortitudo
788 2676 845 2723 et
865 2673 1049 2725 virtus
1073 2677 1128 2722 et
1152 2671 1432 2734 sapientia
1456 2670 1517 2733 ('l.
1550 2672 1669 2722 Cor.
1704 2671 1786 2733 1.).
1824 2673 2090 2723 lncarna-

493 2747 587 2794 tus
612 2756 746 2807 ergo
771 2743 1052 2795 Dominus
1080 2742 1216 2805 quia
1235 2742 1533 2795 divinitate
1558 2755 1664 2793 sua
1686 2743 1944 2806 undique
1978 2744 2088 2795 cir-

490 2816 812 2873 cumdatur,
839 2814 1095 2877 undlque
1113 2813 1387 2876 munitur,
1402 2826 1515 2864 non
1532 2815 1609 2864 im
1620 2814 1820 2866 merito
1832 2817 2086 2864 accinctus

488 2887 743 2950 potentia
764 2886 1106 2951 perhibetur.
1135 2885 1441 2936 Accinctus
1464 2889 1677 2945 autem,
1704 2887 1977 2948 tanquam
1997 2900 2086 2949 pa-

394 2972 404 2981 σ
487 2963 647 3008 ratus
693 2957 764 3009 ad
808 2969 1059 3022 pugnam
1103 2961 1303 3008 contra
1347 2956 1639 3008 diabolum
1687 2961 1745 3008 et
1779 2958 2082 3009 mundum.

488 3029 649 3081 Unde
673 3029 934 3093 protinus
956 3028 1147 3079 addit:

545 3100 594 3154 8.
633 3101 738 3160 Qui
754 3100 1041 3150 conturbas
1053 3098 1581 3165 profundummaris
1603 3115 1797 3149 sonum
1816 3100 2079 3164 ﬂuctuum

482 3171 613 3233 ejus.
638 3172 877 3224 Fundus
899 3173 1075 3223 maris
1101 3172 1205 3236 (Eae
1228 3172 1577 3235 Augustino),
1599 3175 2078 3232 estcorlmpiorum

484 3244 639 3295 Sicut
661 3244 815 3296 enim
840 3258 872 3293 a
898 3244 1073 3295 fundo
1105 3243 1502 3294 vehementius
1525 3244 1720 3295 omnia
1746 3246 2072 3307 moventur,

482 3320 539 3366 et
579 3316 784 3367 fondus
815 3316 1070 3367 continet
1110 3314 1333 3366 omnia:
1383 3316 1464 3365 sic
1497 3314 1778 3378 quidquid
1797 3316 2076 3379 processit

479 3399 577 3450 per
607 3386 886 3450 linguam,
904 3400 1003 3450 per
1018 3398 1226 3437 manus
1242 3386 1313 3435 ad
1330 3387 1785 3449 persecutionem
1808 3386 2078 3439 Ecclesiaa

478 3458 549 3509 de
570 3459 850 3523 profundo
876 3458 1169 3521 processit.
1199 3458 1255 3508 Si
1278 3459 1431 3508 enim
1456 3471 1573 3508 non
1607 3463 1759 3508 esset
1784 3458 1946 3509 radix
1969 3459 2073 3509 ini-

480 3531 714 3592 quitatis
738 3531 796 3580 in
821 3529 1009 3591 corde,
1032 3542 1150 3580 non
1173 3527 1269 3579 illa
1292 3530 1485 3579 omnia
1505 3530 1875 3592 procederent
1897 3533 2071 3579 adver-

481 3615 582 3651 sus
603 3602 911 3653 Christum.
927 3602 1194 3651 l-‘undum
1214 3601 1597 3664 conturbavit,
1621 3601 1761 3652 forte
1779 3607 1841 3652 ut
1859 3605 2073 3651 fundum

478 3672 837 3724 exhauriret:
866 3685 997 3723 nam
1018 3672 1076 3722 in
1092 3671 1258 3722 malis
1272 3672 1617 3733 quibusdam
1636 3673 1901 3723 exhausit
1918 3687 2072 3725 mare

476 3755 511 3793 a
533 3744 728 3806 fundo,
748 3750 804 3796 et
821 3744 1015 3807 posuit
1036 3756 1189 3794 mare
1206 3744 1261 3793 in
1280 3743 1589 3794 desertum.
1612 3745 1757 3795 Dicit
1782 3745 1918 3795 illud
1940 3749 2071 3793 alius

474 3816 760 3878 psalmus:
802 3816 908 3877 Qui
933 3815 1212 3867 convertit
1242 3828 1397 3865 mare
1422 3816 1480 3865 in
1512 3816 1731 3867 aridam
1756 3816 1917 3877 (Psat.
1939 3816 2067 3881 63.).

475 3888 689 3938 Omnes
710 3888 866 3953 impii
899 3892 962 3938 ut
993 3888 1196 3951 pagani
1216 3887 1311 3949 qui
1338 3888 1883 3951 crediderunt,mare
1902 3898 2065 3936 erant:

473 3963 620 4010 terra
666 3961 796 4012 facti
842 3964 978 4011 sunt
1005 3977 1015 4009 :
1046 3970 1061 3988 "
1110 3960 1279 4011 salsis
1310 3958 1587 4010 fructibus
1617 3960 1800 4023 primo
1826 3960 2066 4023 steriles,

471 4037 671 4096 postea
714 4032 954 4096 justitiaa
999 4031 1186 4083 fructu
1232 4032 1473 4082 fecundi.
1501 4033 1813 4082 Conturbat
1858 4044 2063 4082 sonum

470 4104 769 4166 ﬂuctuum,
795 4103 1023 4167 quando
1053 4104 1242 4153 minas
1276 4102 1520 4165 dissipat
1542 4103 1938 4165 superborum.
1968 4102 2069 4153 Vel

472 4188 680 4225 sonum
692 4176 973 4226 ﬂuctuum
991 4174 1313 4234 conturbat,
1334 4173 1565 4236 quando
1580 4174 1865 4224 tumultus
1877 4175 2069 4233 cogita-

472 4246 691 4297 tionum
713 4247 773 4298 in
797 4246 1065 4298 cordibus
1090 4246 1393 4308 impiorum
1413 4245 1566 4295 Deus
1589 4245 1820 4296 excitat.
1846 4247 2066 4297 Ascen-

468 4318 614 4368 dunt
640 4317 696 4368 in
720 4318 889 4369 corde
910 4316 1304 4381 cogitationes,
1332 4315 1561 4378 quando
1589 4328 1727 4367 suas
1750 4316 1821 4367 ad
1846 4330 2067 4370 memo-

462 4387 603 4439 riam
616 4388 1629 4453 reducuntpravitates.Conturbatur
1641 4392 1937 4449 mare,quia
1952 4404 2065 4437 con-

466 4462 741 4513 trcmiscit
757 4461 1079 4513 amaritudo
1096 4459 1481 4523 poenitentiae:
1508 4464 1561 4509 et
1579 4459 1732 4521 quod
1751 4460 1810 4509 in
1826 4458 1940 4511 imo
1969 4467 2058 4521 est,

463 4535 534 4584 ad
559 4547 855 4585 summum
879 4533 1185 4595 reducitur,
1205 4531 1435 4595 quando
1446 4530 1662 4582 malum
1676 4530 1898 4595 quodin
1914 4536 2059 4579 corde

458 4605 705 4668 jacebat,
744 4618 839 4657 ore
888 4603 1262 4655 confessionis
1296 4602 1563 4666 aperitur.
1597 4604 1703 4663 Qui
1729 4602 1835 4653 hoc
1859 4602 1976 4665 agit
2000 4603 2059 4653 in

2199 1958 2353 2011 Solet
2372 1963 2520 2011 enim
2546 1974 2645 2026 per
2667 1962 3005 2013 ebrietatem
3032 1973 3241 2013 sensus
3255 1959 3570 2011 bibentium
3588 1960 3794 2007 mutari.

2195 2030 2343 2082 Hinc
2372 2036 2463 2083 est
2485 2032 2638 2096 quod
2668 2032 2739 2085 de
2761 2032 2957 2085 electis
2982 2031 3116 2083 alibi
3141 2032 3381 2083 dicitur:
3402 2031 3795 2080 Inebriabunlur

2194 2103 2268 2153 ab
2290 2103 2549 2156 ubertate
2572 2104 2780 2156 domus
2809 2110 2929 2157 tuae
2950 2104 3119 2166 (Psul.
3151 2102 3259 2165 35.)
3285 2122 3297 2151 :
3320 2102 3456 2165 quia
3484 2106 3647 2153 tanto
3669 2112 3796 2151 om-

2194 2174 2509 2237 nipotentis
2533 2177 2633 2227 Dei
2656 2188 2848 2227 amore
2860 2175 3060 2239 repleti
3084 2179 3243 2236 sunt,
3262 2178 3327 2225 ut
3349 2178 3545 2225 mente
3568 2176 3794 2224 mutata

2194 2245 2566 2311 sibimetipsis
2579 2248 2839 2299 extranei
2856 2260 2984 2299 esse
2998 2247 3323 2298 videantur.
3340 2244 3617 2306 Quaedam
3634 2243 3793 2294 enim

2193 2318 2357 2379 quasi
2379 2319 2627 2370 ebrietas
2653 2320 2895 2380 videtur,
2915 2318 3205 2369 contentis
3229 2316 3420 2367 divitis
3449 2321 3789 2376 paupertatem

2191 2400 2404 2452 amare,
2436 2390 2685 2451 seipsum
2713 2390 3026 2442 contemtui
3063 2388 3294 2450 habere,
3324 2385 3788 2439 tribulationibus

2191 2460 2461 2524 gaudere,
2486 2468 2732 2513 mortem
2756 2462 2942 2525 magis
2967 2473 3143 2524 quam
3169 2460 3347 2510 vitam
3371 2456 3707 2521 diligere,ad
3720 2469 3787 2508 ea

2191 2544 2322 2593 quae
2356 2545 2473 2583 non
2503 2537 2798 2597 apparent,
2845 2533 2982 2583 totis
3027 2530 3326 2583 desideriis
3358 2529 3639 2581 anhelare.
3666 2528 3787 2577 Iloc

2189 2603 2361 2653 modo
2385 2604 2663 2655 inebriata
2688 2610 2837 2656 terra
2866 2616 2980 2655 non
3006 2607 3195 2667 potest
3220 2600 3429 2653 sterilis
3454 2612 3600 2652 esse.
3635 2598 3782 2650 Mul-

2189 2674 2454 2737 tipliciter
2497 2676 2882 2740 Iocupletatur
2924 2688 2959 2726 a
3008 2677 3124 2727 Deo
3168 2673 3556 2737 spiritualibus
3579 2670 3779 2724 donis:

2187 2746 2333 2797 Hinc
2375 2746 2588 2798 Paulus
2624 2748 2743 2799 ait:
2781 2746 2879 2797 alii
2920 2745 3095 2797 datur
3126 2758 3315 2796 sermo
3346 2742 3641 2808 sapientiae
3686 2741 3783 2791 alii

2187 2829 2374 2869 sermo
2399 2818 2671 2879 scientiae,
2713 2818 2806 2868 alii
2851 2829 3061 2879 genera
3097 2815 3448 2880 linguarum,
3484 2813 3576 2865 alii
3596 2813 3783 2878 gratia

2184 2889 2566 2939 curationum.
2594 2892 2661 2939 Et
2684 2888 3032 2951 quibusdam
3055 2887 3182 2938 aliis
3206 2886 3556 2938 enumeratis
3587 2899 3599 2935 :
3639 2885 3781 2935 Haec

2182 2959 2404 3023 (inquit)
2422 2961 2616 3011 omnia
2631 2966 2890 3024 operatur
2914 2973 3067 3011 unus
3092 2964 3263 3023 atque
3285 2958 3434 3010 idem
3452 2956 3686 3021 spiritus
3697 2956 3780 3003 di-

2182 3030 2386 3083 vldens
2420 3032 2661 3096 singulis
2687 3036 2858 3095 prout
2891 3032 3016 3084 vult
3041 3030 3110 3095 (l.
3140 3032 3261 3082 Cor.
3288 3030 3415 3093 12.).
3444 3031 3512 3081 Et
3535 3028 3671 3092 quia
3696 3041 3779 3079 διο

2181 3101 2325 3154 ditat
2346 3106 2501 3154 Deus
2527 3108 2734 3155 terram
2752 3115 2919 3155 suam
2949 3103 3175 3154 dicatur
3196 3107 3379 3154 recte:
3407 3099 3777 3164 Multiplicasti

2179 3173 2496 3239 locupletare
2512 3190 2647 3225 eam.
2668 3176 2835 3227 Hunc
2844 3179 3039 3227 autem
3059 3173 3424 3226 multiformis
3449 3172 3648 3237 gratia;
3669 3173 3782 3231 spi-

2176 3247 2354 3297 ritum
2397 3247 2666 3305 declarat,
2694 3260 2825 3299 cum
2853 3248 2979 3310 subj
2991 3246 3155 3309 ungit
3184 3264 3194 3294 :
3237 3245 3461 3295 Flumen
3489 3243 3581 3293 Dci
3602 3242 3776 3306 reple-

2178 3323 2295 3366 tum
2319 3324 2391 3367 est
2415 3320 2590 3383 aquis.
2628 3318 2773 3380 Quid
2798 3332 2894 3383 per
2912 3319 3013 3369 Dei
3050 3320 3265 3369 ﬂumen
3288 3316 3525 3379 intelligi
3548 3315 3773 3375 debeat,

2177 3391 2300 3455 ipse
2328 3392 2612 3443 Dominus
2638 3391 2801 3442 nobis
2826 3390 3101 3451 insinuat,
3123 3389 3219 3440 ubi
3242 3388 3320 3439 ait
3343 3406 3353 3435 :
3382 3387 3487 3450 Qui
3516 3386 3691 3436 credit
3714 3386 3775 3436 in

2175 3475 2286 3525 me,
2334 3463 2485 3514 sicut
2529 3463 2668 3514 dicit
2712 3463 3015 3526 Scriptura,
3048 3461 3289 3513 ﬂumina
3324 3459 3394 3511 de
3417 3461 3611 3511 ventre
3644 3457 3774 3520 ejus

2175 3534 2359 3585 ﬂuent
2399 3546 2567 3596 aqum
2624 3534 2775 3585 vivae
2818 3533 2995 3596 (Joan.
3034 3531 3122 3594 7.).
3153 3532 3269 3582 Hoc
3290 3530 3491 3593 (inquit
3520 3530 3775 3591 Evange-

2174 3602 2327 3666 lista)
2352 3604 2499 3655 dixit
2521 3605 2590 3655 de
2609 3604 2813 3668 spiritu
2829 3617 3000 3667 quem
3025 3602 3315 3667 accepturi
3347 3603 3509 3653 erant
3541 3599 3771 3650 creden-

2174 3679 2262 3727 tes
2292 3677 2353 3727 in
2386 3689 2521 3727 eum
2547 3675 2737 3739 (Ibid).
2783 3678 2852 3727 Et
2877 3676 3025 3726 sicut
3061 3676 3121 3725 in
3163 3687 3276 3725 uno
3315 3672 3547 3724 ﬂumine
3569 3671 3770 3723 multae

2171 3760 2341 3824 aqua;
2354 3748 2731 3824 conveniunt:
2752 3748 2831 3798 ita
2846 3747 2905 3824 in
2922 3761 3037 3824 uno
3053 3746 3259 3824 spiritu
3270 3744 3476 3824 multa;
3498 3745 3768 3824 gratiarum

2172 3816 2483 3871 divisiones
2508 3820 2853 3870 consistunt.
2881 3818 3013 3869 Ideo
3037 3817 3243 3868 dicitur
3267 3816 3505 3879 Spiritus
3530 3819 3768 3865 sanctus

2168 3890 2404 3952 flumen,
2459 3893 2594 3955 quia
2635 3904 2768 3942 cum
2804 3890 3021 3953 impetu
3047 3888 3222 3945 venit,
3247 3892 3420 3952 atque
3444 3900 3478 3938 a
3501 3886 3767 3937 sordibus

2166 3967 2532 4025 peccatorum
2568 3962 2811 4013 mundat
2853 3966 3110 4012 mentem
3148 3972 3320 4024 quam
3344 3957 3609 4010 infundit.
3631 3956 3765 4008 Ideo

2166 4045 2335 4097 aqua,
2361 4034 2494 4097 quia
2517 4039 2777 4085 mentem
2801 4037 2979 4096 potat,
3006 4044 3249 4095 eamque
3273 4032 3345 4081 ab
3366 4033 3518 4081 aestu
3540 4028 3765 4080 deside-

2166 4104 2383 4155 riorum
2405 4106 2719 4157 carnalium
2738 4104 3051 4167 refrigerat.
3073 4102 3182 4154 Sed
3204 4102 3338 4166 quia
3360 4101 3430 4152 de
3454 4103 3591 4164 potu
3611 4101 3765 4146 audi-

2167 4176 2382 4238 vimus,
2407 4190 2563 4227 nunc
2587 4176 2657 4228 de
2682 4177 2809 4227 cibo
2832 4176 3040 4226 animae
3064 4174 3201 4238 quid
3224 4173 3538 4237 subjungat
3570 4169 3765 4222 audia-

2164 4259 2298 4298 mus
2326 4265 2336 4295 :
2364 4248 2582 4297 Parasti
2618 4248 2794 4297 cibum
2821 4247 3039 4296 illorum
3072 4244 3338 4309 quoniam
3359 4244 3435 4292 ita
3459 4248 3528 4292 est
3551 4258 3763 4307 prepa-

2162 4319 2306 4366 ratio
2331 4319 2463 4383 ejus.
2501 4322 2681 4381 Quem
2730 4318 2959 4369 cibum?
2990 4316 3196 4379 Utique
3237 4315 3308 4368 de
3341 4327 3455 4378 quo
3493 4314 3612 4377 ipse
3634 4313 3715 4365 ait
3747 4329 3758 4362 :

2164 4390 2281 4453 Ego
2309 4402 2439 4441 sum
2462 4391 2628 4455 panis
2646 4390 2834 4453 vivus,
2850 4390 2948 4452 qui
2968 4388 3039 4440 de
3063 4388 3204 4440 ctnlo
3229 4386 3521 4438 descendi.
3550 4386 3605 4437 Si
3626 4384 3761 4448 quis

2162 4461 2597 4513 manducaverit
2647 4475 2721 4513 ex
2782 4462 2890 4513 hoc
2932 4473 3110 4525 pane,
3165 4459 3324 4511 vivet
3370 4460 3429 4509 in
3474 4463 3760 4509 aeternum

2163 4532 2340 4592 (Joan.
2390 4534 2480 4596 6.).
2519 4532 2815 4594 Quomodo
2858 4532 3017 4583 hunc
3068 4531 3262 4582 cibum
3306 4530 3531 4594 paravit
3551 4528 3761 4579 nobis?

2160 4606 2302 4665 Quia
2326 4606 2564 4657 verbum
2591 4618 2721 4656 caro
2749 4605 2959 4655 factum
2985 4606 3090 4665 est,
3120 4607 3178 4654 et
3200 4602 3484 4652 habitavit
3504 4600 3566 4651 in
3588 4599 3759 4650 nobis

463 4674 999 4763 cordercccatoris,
1036 4674 1149 4725 nisi
1174 4674 1266 4738 pia
1290 4673 1543 4738 potentia
1567 4673 1941 4725 Redemtoris.
1968 4674 2052 4725 De
2078 4690 2136 4763 D
2162 4676 2341 4763 (datin.
2384 4676 2663 4763 1.).”Bene
2687 4674 3132 4763 aut‘em‘difitur,
3156 4673 3394 4763 Parasti,
3420 4671 3760 4763 quia‘multo

461 4758 576 4809 qua
598 4746 787 4798 adhuc
811 4745 1076 4797 subditur
1099 4764 1111 4793 :

521 4818 571 4869 9.
607 4816 990 4866 Turbabunlur
1010 4823 1200 4880 gentes,
1225 4823 1270 4866 et
1298 4816 1559 4868 timebunt
1582 4816 2054 4879 quihabitantter-

458 4889 655 4947 minos,
674 4906 709 4938 a
735 4890 907 4953 signis
928 4890 1049 4939 tuis.
1077 4890 1204 4941 Ideo
1229 4890 1375 4940 enim
1401 4889 1682 4940 Dominus
1707 4894 1761 4940 et
1783 4888 2056 4953 Discipuli

459 4962 585 5024 ejus
618 4967 776 5013 tanta
800 4963 965 5027 signa
1005 4967 1062 5013 et
1104 4961 1364 5026 prodigia
1386 4961 1666 5011 faciebant
1697 4961 1880 5024 (Marc.
1914 4961 2052 5024 16.),

458 5038 523 5083 ut
565 5046 698 5084 cum
732 5033 990 5085 viderent
1012 5038 1213 5097 gentes
1237 5043 1371 5094 quae
1396 5031 1567 5082 fidem
1603 5044 1720 5081 non
1744 5031 2051 5095 habebant,

455 5105 825 5157 turbarentur
855 5118 953 5169 pro
976 5104 1244 5168 peccatis,
1267 5106 1323 5153 et
1348 5102 1610 5153 timerent
1633 5104 1833 5166 Deum,
1852 5107 1907 5154 et
1939 5120 2052 5152 cre-

455 5176 657 5229 dentes
703 5176 846 5228 salvi
888 5177 1106 5228 flerent.
1135 5177 1204 5227 Et
1246 5175 1381 5237 quia
1403 5174 1462 5225 in
1487 5174 1579 5224 via
1600 5174 1700 5225 Dei
1724 5175 1993 5237 incipitur
2017 5188 2052 5226 a

455 5248 653 5301 timore
678 5250 854 5310 (Prov.
886 5248 933 5302 1.
960 5252 1018 5299 et
1033 5248 1129 5305 9.),
1153 5246 1252 5297 sed
1270 5246 1327 5297 in
1345 5248 1576 5298 caritate
1592 5252 2047 5311 consummatur,

450 5326 602 5372 recte
629 5320 818 5371 adhuc
848 5318 1246 5382 subjungitur:
1268 5318 1465 5366 Exitus
1494 5320 1751 5367 matutini
1780 5324 1825 5367 et
1848 5318 2049 5383 vesperi

450 5391 741 5442 delectabis.
754 5393 847 5442 Ma
857 5392 1107 5442 tutinum
1121 5389 1227 5452 (Ea:
1242 5389 1488 5453 August.)
1507 5390 1793 5453 signiﬁcat
1805 5392 2051 5450 prosperi-

451 5467 644 5527 tatem,
665 5475 971 5528 vesperum
985 5462 1435 5514 tribulationem:
1458 5463 1591 5524 quia
1604 5474 1769 5513 mane
1784 5464 1953 5510 lzetum
1972 5470 2046 5509 est

452 5536 738 5586 transacta
772 5532 927 5585 velut
959 5534 1188 5585 tristitia
1213 5535 1416 5585 noctis.
1451 5534 1665 5584 Tristes
1682 5538 1876 5584 autem
1911 5536 2048 5583 sunt

448 5607 718 5669 tenebrae,
768 5619 1007 5670 vespere
1062 5605 1336 5657 veniente.
1376 5605 1634 5656 Delectat
1684 5617 1819 5667 ergo
1870 5605 2041 5667 Deus,

444 5673 611 5737 idest,
638 5690 837 5729 servos
864 5691 1003 5729 suos
1027 5676 1309 5729 delectare
1335 5677 1485 5735 facit,
1517 5677 1692 5725 exitus
1724 5676 1981 5723 matutini
1996 5681 2043 5724 et

445 5750 662 5811 vesperi,
689 5748 857 5812 idest,
896 5753 959 5801 ut
982 5762 1186 5801 exeam
1209 5750 1279 5800 de
1310 5751 1682 5812 prosperitate
1706 5753 1762 5799 et
1786 5747 2037 5799 adversi-

444 5822 557 5868 tate
602 5818 728 5881 ejus
775 5819 990 5874 saeculi.
1032 5822 1157 5872 Non
1201 5819 1556 5872 extolluntur
1582 5819 1888 5883 prosperis,
1922 5832 2040 5871 non

508 5970 523 5987 ·
556 5958 771 6012 Vitiose
803 5961 955 6025 apud
986 5960 1579 6026 Augustinumfalsis.

2162 4747 2356 4799 studio
2398 4748 2532 4811 egit,
2579 4752 2637 4799 et
2681 4745 2864 4798 multo
2894 4745 3107 4809 labore,
3132 4748 3421 4807 quatenus
3448 4744 3757 4795 electorum

2156 4822 2381 4870 mentes
2403 4819 2473 4869 de
2488 4819 2566 4869 sei
2575 4831 2678 4882 pso
2698 4821 2894 4882 posset
2907 4818 3151 4870 reficere.
3173 4815 3334 4868 Unde
3346 4813 3757 4867 convenienter

2155 4890 2236 4941 ait
2261 4905 2273 4940 :
2316 4890 2589 4948 Quoniam
2637 4890 2731 4950 ita,
2774 4889 2943 4950 idest,
2969 4901 3068 4952 per
3094 4894 3147 4940 te
3176 4893 3245 4937 cst
3264 4887 3594 4952 praeparatio
3618 4899 3753 4949 ejus.

2156 4962 2353 5025 Neque
2377 4961 2531 5012 enim
2559 4964 2783 5012 tantum
2800 4962 2994 5011 cibum
3016 4972 3336 5024 praeparare
3358 4958 3760 5023 potuissetaut

2154 5032 2485 5096 Apostolus,
2524 5037 2622 5083 aut
2658 5032 2950 5098 propheta,
2985 5035 3086 5082 aut
3113 5030 3373 5095 angelus,
3396 5030 3507 5081 nisi
3534 5030 3758 5081 solum-

2152 5104 2325 5155 modo
2345 5105 2629 5155 mediator
2642 5105 2738 5155 Dei
2764 5110 2820 5155 et
2842 5103 3163 5160 hominum,
3189 5102 3361 5153 homo
3385 5100 3644 5153 Christus
3658 5102 3759 5152 Je-

2153 5188 2255 5226 sus
2282 5175 2351 5239 (1.
2383 5176 2517 5227 Tim.
2542 5173 2631 5235 2.).
2668 5176 2767 5226 Est
2792 5175 2964 5227 etiam
2982 5174 3271 5238 Scriptura
3294 5185 3456 5224 sacra
3471 5174 3754 5225 cibusno—

2152 5247 2240 5297 bis
2264 5250 2495 5310 paratus
2529 5260 2563 5298 a
2587 5247 2853 5309 Domino,
2907 5259 3023 5309 quo
3069 5244 3321 5309 quotidie
3344 5244 3651 5303 reﬁcimus,
3676 5257 3753 5294 ne

2150 5318 2487 5370 deliciamus
2514 5320 2575 5369 in
2597 5318 2779 5383 hujus
2804 5317 3279 5382 peregrinationis
3306 5316 3548 5367 deserto.
3586 5315 3751 5368 Unde

2150 5390 2425 5454 scriptum
2449 5395 2537 5442 est
2563 5408 2573 5439 :
2626 5392 2753 5442 Non
2775 5390 2833 5441 in
2856 5389 2977 5441 solo
3002 5401 3146 5453 pane
3176 5388 3316 5440 vivit
3346 5388 3534 5447 homo,
3562 5388 3663 5438 sed
3691 5388 3754 5438 in

2150 5463 2306 5513 omni
2360 5462 2536 5513 verbo
2582 5464 2735 5526 quod
2774 5460 3028 5526 procedit
3072 5473 3145 5511 ex
3170 5472 3265 5510 ore
3290 5458 3392 5510 Dei
3416 5458 3626 5521 (Matth.
3652 5458 3747 5519 4.).

2148 5533 2292 5583 Ecce
2318 5539 2550 5596 paratus
2574 5536 2663 5583 est
2695 5532 2877 5594 cibus,
2906 5530 2993 5599 3]
3011 5528 3059 5598 7
3081 5544 3212 5583 ecce
3234 5534 3498 5595 paratum
3523 5534 3613 5581 est
3633 5530 3749 5581 Ilu-

2145 5616 2316 5655 men:
2348 5604 2447 5655 sed
2492 5604 2619 5656 hch
2643 5603 2857 5667 fragilis
2903 5604 3074 5654 homo
3103 5616 3222 5654 non
3254 5601 3407 5654 valet
3432 5603 3749 5664 suscipere,

2144 5676 2258 5727 nisi
2283 5689 2529 5740 superna
2554 5676 2781 5728 bonitas
2806 5674 3379 5739 digneturadjuvare.
3398 5673 3533 5726 Ideo
3546 5680 3749 5725 exorat

2144 5747 2345 5797 dicens
2372 5764 2383 5797 :

2206 5818 2290 5873 11.
2325 5820 2481 5870 Rivos
2506 5819 2619 5884 ejus
2647 5818 2943 5880 inebrians,
2980 5817 3282 5884 multiplica
3305 5817 3585 5884 geniminu
3611 5816 3746 5881 ejus.
