3884 6396
38 427 133 482 901

1039 426 1113 476 ΙΝ
1151 423 1474 477 PSALMOS
1509 423 1716 475 LXXV
1750 422 2336 475 COMMENTARIUS.

3225 429 3330 485 902

37 537 369 612 Rivosejus
407 537 666 589 ﬂuminis
695 536 988 612 apostolos
1023 542 1088 612 et
1101 537 1364 612 doctore_s
1383 536 1538 612 dicit,
1554 551 1640 612 per
1662 538 1885 612 Anum.
1901 534 2203 612 gaudium,
2237 534 2495 612 undique
2522 535 3035 612 circumdanseos,
3082 541 3338 604 undique

37 622 184 672 quos
207 609 455 674 Spiritus
481 613 718 660 sanctus
740 609 815 659 ad
838 609 1196 660 audientium
1213 608 1386 659 corda
1401 610 1635 657 decurrit.

36 680 199 732 Unde
231 681 514 744 scriptum
539 685 628 732 est
653 694 665 730 :
703 681 831 731 Non
853 681 1006 731 enim
1040 693 1143 731 vos
1165 680 1304 730 estis
1328 679 1425 742 qui
1451 679 1638 742 loqui-

37 752 198 816 mini,
250 751 354 803 sed
397 751 642 814 Spiritus
678 756 916 802 sanctus
959 753 1058 814 qui
1104 751 1353 815 loquitur
1397 751 1455 802 in
1481 751 1640 802 vobis

38 824 253 886 (Matth.
287 824 414 886 10.).
434 825 1109 887 IluncSpiritumaPatre
1124 824 1195 875 de
1229 823 1368 876 calo
1393 824 1638 873 missum

38 895 272 958 quando
296 895 558 958 Apostoli
582 900 938 960 receperunt,
955 901 1114 947 tanta
1139 897 1264 960 ejus
1288 895 1638 960 plenitudine

39 967 246 1017 imbuti
275 969 432 1028 sunt,
459 971 526 1018 ut
549 980 680 1018 cum
704 966 918 1031 linguis
945 968 1118 1018 variis
1136 968 1238 1018 Dei
1262 967 1640 1030 magnalialo-

35 1043 368 1102 querentur,
401 1051 435 1090 a
470 1039 816 1103 quibusdam
848 1039 987 1090 ebrii
1013 1043 1350 1104 putarentur
1376 1041 1504 1102 (Act.
1543 1037 1633 1100 2.).

38 1112 102 1160 Et
127 1123 184 1162 re
211 1123 351 1162 vera
370 1115 533 1162 erant
560 1112 720 1174 ebrii,
760 1111 863 1162 sed
886 1110 1273 1174 spiritualiter,
1298 1123 1414 1161 non
1441 1123 1640 1161 carna-

39 1181 182 1232 liter.
213 1181 323 1233 Sed
342 1182 496 1233 unde
518 1183 896 1247 pradicantes
921 1184 1074 1233 Deus
1090 1183 1348 1242 inebriat,
1367 1181 1500 1233 inde
1517 1186 1640 1230 litie-

40 1251 122 1302 les
166 1252 534 1318 multiplicat.
577 1253 878 1317 Multiplica
927 1253 1146 1318 (inquit)
1195 1254 1475 1318 genimina
1505 1253 1635 1317 ejus.

39 1324 345 1376 Genimina
368 1325 640 1378 dicuntur
669 1325 748 1387 hi,
775 1325 875 1389 qui
901 1338 972 1376 ex
989 1338 1141 1388 aqua
1165 1330 1223 1376 et
1241 1325 1448 1390 Spiritu
1467 1333 1638 1374 sancto

40 1401 475 1458 regenerantur.
533 1400 595 1449 Et
636 1409 756 1448 non
801 1397 938 1448 dicit
961 1397 1261 1448 Genimina
1296 1409 1512 1453 eorum,
1538 1397 1638 1448 sed

39 1466 152 1530 ejus
178 1480 191 1514 :
219 1468 356 1531 quia
381 1469 533 1520 sicut
555 1467 789 1532 quidam
812 1468 1130 1519 inebriatus
1153 1469 1315 1519 rivus
1345 1469 1453 1520 ait:
1471 1471 1640 1530 Neque

40 1539 137 1600 qui
156 1537 383 1602 plantat
405 1545 495 1591 est
517 1541 752 1604 aliquid,
768 1553 958 1604 neque
981 1541 1077 1604 qui
1105 1540 1278 1604 rigat:
1307 1539 1407 1591 sed
1431 1539 1530 1604 qui
1550 1539 1640 1590 in-

41 1615 403 1662 crementum
447 1612 546 1664 dat
603 1614 757 1664 Deus
803 1612 872 1676 (1.
921 1614 1042 1663 Cor.
1089 1612 1258 1676 3.).Et
1307 1612 1441 1676 quia
1489 1612 1641 1664 intra

41 1686 303 1734 sanctam
317 1683 630 1735 Ecclesiam
648 1683 958 1736 fructificat
968 1685 1086 1735 Deo
1096 1696 1211 1735 non
1227 1684 1413 1736 solum
1428 1685 1640 1735 exube-

43 1765 177 1804 rans
200 1755 510 1819 sapientia,
535 1755 638 1807 sed
664 1756 788 1820 ipsa
807 1756 978 1806 etiam
1004 1755 1198 1807 tenuis
1219 1760 1278 1807 et
1309 1767 1481 1820 parva
1505 1755 1642 1806 doc-

44 1825 211 1884 trina,
249 1832 408 1878 recte
439 1828 747 1879 subditur:
796 1829 860 1878 In
899 1827 1188 1877 stillicidiis
1233 1831 1346 1891 ejus
1385 1827 1647 1876 laetabitur

1737 607 2055 665 continens,
2069 605 2524 669 inseparabiliter
2534 607 2858 660 adhaerens.
2875 611 3018 660 Hinc
3031 614 3334 672 quibusdam

1737 678 2019 728 Dominus
2044 680 2123 727 ait
2155 691 2167 726 :
2211 679 2430 728 Iterum
2478 677 2684 730 videbo
2709 692 2835 737 vos,
2859 684 2918 731 et
2941 682 3220 745 gaudebit
3243 697 3339 735 cor

1737 754 2013 807 vestrum,
2040 751 2098 799 et
2131 748 2407 809 gaudium
2432 755 2690 800 vestrum
2735 764 2906 802 nemo
2931 752 3092 804 tollet
3111 767 3146 804 a
3171 755 3336 805 vobis

1738 821 1918 881 (Joan.
1953 820 2073 880 16.).
2101 821 2262 890 Tunc
2286 831 2514 882 quoque
2550 821 2924 884 accingentur
2959 824 3330 890 exultatione,

1737 891 1966 952 quando
1983 889 2320 940 circumdati
2336 894 2394 940 et
2417 890 2617 953 repleti
2645 892 2856 943 fuerint
2871 894 2995 957 ipsa
3017 889 3328 947 divinitate.

1739 963 1901 1013 Tunc
1927 974 2159 1024 quoque
2180 961 2382 1012 induet
2403 963 2688 1013 Dominus
2711 966 2856 1015 stola
2878 965 3252 1028 jocunditatis
3275 971 3335 1019 et

1739 1037 1902 1085 veste
1913 1032 2359 1083 immortalitatis
2371 1031 2578 1083 arietes
2598 1034 2813 1096 ovium,
2831 1035 2887 1086 id
2899 1041 3002 1094 est,
3023 1037 3198 1088 duces
3213 1041 3332 1086 ani-

1739 1117 1966 1155 marum
1979 1140 1991 1152 .
2013 1102 2116 1154 Vel
2128 1103 2313 1155 induti
2326 1107 2498 1155 erunt
2512 1105 2882 1169 exultatione,
2900 1108 3034 1170 quia
3044 1112 3198 1157 simul
3215 1125 3329 1158 cum

1740 1189 1912 1239 grege
1937 1188 2041 1226 suo
2085 1175 2423 1238 gaudebunt
2446 1176 2504 1226 in
2525 1180 2742 1228 aterna
2765 1191 2919 1240 pace.
2948 1181 3120 1240 Quasi
3147 1181 3332 1243 quod-

1739 1250 1872 1298 dam
1895 1247 2306 1298 indumentum
2352 1247 2462 1298 illis
2490 1248 2768 1300 exultatio
2811 1249 2938 1308 erit,
2963 1251 3334 1316 quandojam

1739 1318 1897 1370 nulla
1919 1331 2053 1383 pars
2075 1319 2356 1370 molestia
2385 1331 2575 1382 neque
2606 1321 2668 1370 in
2690 1320 2900 1384 anima,
2930 1334 3117 1386 neque
3136 1323 3196 1373 in
3219 1335 3337 1374 cor-

1739 1403 1874 1453 pore
1900 1389 2233 1440 remanebit.
2272 1390 2585 1448 Absterget
2615 1391 2768 1442 enim
2795 1393 3080 1445 Dominus
3105 1407 3335 1446 omnem

1739 1459 2052 1524 lacrymam
2084 1462 2157 1512 ab
2195 1459 2376 1512 oeulis
2409 1465 2741 1512 sanctorum
2769 1476 2782 1512 :
2807 1467 2867 1514 et
2889 1476 3044 1516 mors
3075 1478 3195 1518 non
3230 1467 3338 1519 erit

1739 1532 2006 1597 amplius,
2033 1545 2222 1594 neque
2244 1532 2455 1594 luctus,
2480 1545 2670 1596 neque
2695 1533 2925 1593 clamor,
2941 1536 3041 1586 sed
3057 1549 3165 1588 nec
3181 1536 3334 1589 ullus

1740 1602 1928 1655 dolor:
1970 1604 2244 1666 quoniam
2290 1605 2478 1667 priora
2511 1606 2863 1656 transierunt
2885 1608 3072 1672 (Apoc.
3115 1607 3242 1671 ‘21.).
3268 1609 3335 1658 Et

1740 1675 1898 1723 valles
1914 1674 2271 1724 abundabunt
2293 1676 2584 1738 frumsnto,
2607 1677 2742 1739 quia
2771 1677 3124 1742 obedientes,
3148 1684 3208 1731 et
3227 1680 3336 1732 llu-

1739 1745 1906 1796 miles
1936 1746 2149 1798 anima
2176 1745 2390 1798 calesti
2414 1747 2740 1799 reficientur
2759 1747 3048 1801 alimento.
3075 1752 3202 1814 Ipse
3224 1753 3337 1802 Do-

1745 1817 1940 1868 minus
1963 1817 2070 1869 erit
2091 1818 2447 1869 frumentum
2470 1830 2688 1870 eorum.
2714 1821 2842 1883 Ipse
2875 1825 2964 1872 est
2988 1821 3140 1872 enim
3163 1833 3338 1873 verus

42 1897 382 1981 semesam
408 1899 667 1981 Parvula
696 1899 802 1963 (επ
826 1899 1162 1981 βυθυειεηω
1187 1887 1462 1981 ctam?
1484 1899 1642 1950 ίιιίιτ-
1665 1908 1720 1981 B
1746 1887 3204 1981 satiataeranyre.9-3263-Eteztanes
3237 1908 3336 1981 ru

43 1967 154 2018 mis
181 1968 476 2022 stillantur
497 1971 764 2034 quadam
810 1971 882 2022 de
922 1970 1314 2034 sacramentis,
1355 1971 1491 2034 quia
1523 1983 1643 2022 non

43 2045 292 2102 possunt
305 2055 507 2106 capere
520 2041 936 2107 plenitudinem
950 2042 1218 2094 veritatis.
1232 2042 1380 2093 Audi
1391 2045 1641 2103 quomodo

43 2111 220 2162 stillat
238 2112 450 2164 Paulus
463 2113 812 2178 quibusdam
829 2115 1023 2166 minus
1039 2113 1345 2178 capacibus
1359 2127 1372 2164 :
1385 2117 1489 2163 Non
1503 2117 1639 2176 potui

43 2183 275 2247 (inquit)
299 2185 466 2236 vobis
500 2185 657 2249 loqui
693 2187 862 2250 quasi
901 2185 1308 2250 spiritualibus,
1347 2185 1447 2237 sed
1473 2185 1641 2249 quasi

43 2255 392 2319 carnalibus,
423 2261 701 2322 tanquam
727 2258 982 2322 parvulis
1006 2257 1067 2308 in
1091 2258 1314 2309 Christo
1332 2257 1483 2317 (Ibid.
1515 2260 1548 2320 ).
1576 2259 1640 2307 In

42 2328 348 2379 stillicidiis
364 2341 502 2394 ergo
526 2331 857 2394 germinans
878 2329 1128 2395 latatur,
1154 2329 1446 2393 quandois
1459 2329 1558 2392 qui
1581 2329 1639 2378 in

39 2398 150 2450 fide
173 2400 870 2466 noviterexhortatusest,
891 2414 1099 2465 magna
1122 2401 1310 2452 adhuc
1323 2414 1522 2465 capere
1537 2414 1638 2450 non

41 2475 260 2534 potest:
291 2472 390 2523 sed
420 2475 614 2524 tamen
638 2485 822 2538 pauca
845 2486 977 2537 qua
1001 2473 1180 2537 audit,
1195 2477 1485 2536 gratenter
1508 2485 1640 2523 sus-

39 2551 201 2614 οίρίίε
231 2553 407 2616 atQUe
424 2565 522 2604 eos
547 2565 692 2617 quos
707 2553 1000 2618 pravalet,
1023 2553 1246 2604 fructus
1258 2556 1503 2601 bonorum
1521 2568 1641 2614 ope-

37 2635 164 2673 rum
215 2628 274 2675 et
314 2623 594 2676 virtutum
627 2625 875 2689 proferre
909 2625 1119 2676 studet.
1147 2627 1212 2676 In
1234 2624 1342 2675 hoc
1367 2624 1638 2688 prasenti

37 2693 166 2746 hac
192 2694 475 2747 beneficia
488 2709 619 2760 qua
637 2696 790 2750 dicta
811 2701 968 2761 sunt,
981 2697 1170 2748 dabis:
1191 2696 1252 2747 in
1265 2695 1455 2748 futuro
1477 2698 1600 2757 quid
1615 2699 1641 2746 ‘3

39 2765 305 2829 sequitur
333 2771 391 2819 et
414 2767 555 2820 dicit
584 2787 597 2820 :

101 2834 186 2889 1‘2.
234 2837 514 2888 Benedices
543 2853 749 2888 corona
777 2840 919 2888 anni
951 2838 1298 2902 benignitatis
1321 2842 1440 2887 tua.
1465 2837 1637 2898 Idest,

42 2911 276 2958 sanctos
302 2912 435 2959 tuos
450 2910 864 2973 remunerabis,
891 2911 990 2974 qui
1012 2915 1077 2962 ut
1101 2922 1310 2960 corona
1325 2908 1532 2972 palma
1554 2912 1642 2958 at-

41 2991 153 3040 que
165 2978 430 3032 victoria
453 2981 603 3032 circa
623 2987 680 3034 te
705 2984 963 3047 stabunt,
983 2981 1152 3033 ettibi
1169 2981 1423 3032 victoria
1436 2983 1639 3038 signum

40 3050 351 3102 erunt.Vel
380 3051 544 3104 aliter
571 3066 583 3102 :
619 3055 900 3105 Coronam
923 3053 1023 3105 ubi
1043 3052 1230 3114 audis,
1259 3051 1438 3115 gloria
1459 3051 1642 3101 victo-

43 3121 141 3173 ria
159 3121 520 3186 designatur.
534 3125 709 3176 Vince
729 3124 1044 3188 diabolum,
1063 3131 1119 3176 et
1131 3123 1368 3178 habebis
1385 3136 1636 3171 coronam.

41 3198 250 3246 Annus
286 3207 422 3248 vero
461 3197 596 3260 quia
625 3198 941 3261 perfectum
978 3201 1208 3263 tempus
1253 3202 1362 3260 est,
1391 3195 1641 3260 spatium

41 3267 179 3318 vita
200 3266 490 3331 significat
513 3273 766 3322 aterna.
781 3271 998 3322 Corona
1021 3283 1158 3334 ergo
1171 3269 1307 3322 anni
1322 3273 1410 3319 est
1432 3270 1640 3328 perfecta

43 3338 242 3401 gloria,
253 3323 555 3402 pertinens
577 3341 648 3392 ad
673 3346 949 3394 aternam
975 3323 1171 3404 vitain,
1195 3353 1369 3404 quam
1399 3323 1641 3390 daturus
1670 3323 1719 3397 C

45 3414 135 3460 est
160 3411 321 3460 Deus
369 3413 586 3462 sanctis
625 3413 748 3464 suis
771 3419 904 3478 post
925 3413 1105 3476 hujus
1128 3413 1263 3464 vita
1289 3410 1603 3462 certamina
1627 3423 1639 3459 :

43 3494 161 3532 non
185 3494 262 3532 ex
284 3483 508 3536 meritis
535 3496 751 3549 eorum,
767 3486 868 3537 sed
894 3499 965 3536 ex
988 3486 1386 3538 benedictione
1410 3489 1466 3536 et
1486 3487 1645 3545 gratia

47 3553 351 3606 sua.Unde
374 3559 430 3606 et
453 3555 712 3608 dicturus
749 3563 864 3608 est:
905 3559 1128 3618 Venite,
1155 3557 1438 3609 benedicti
1461 3557 1644 3608 Patris

44 3626 175 3686 mei,
202 3625 478 3690 percipite
498 3639 738 3691 regnum
763 3629 918 3692 quod
950 3631 1118 3682 vobis
1159 3633 1422 3696 paratum
1457 3632 1545 3680 est
1573 3628 1644 3678 ab

46 3697 266 3760 origine
291 3699 496 3750 mundi
534 3699 743 3762 (Matth.
771 3697 896 3762 ‘25.).
933 3703 1002 3752 Et
1023 3701 1151 3752 ideo
1180 3701 1371 3765 posuit
1395 3699 1647 3762 benigni-

49 3770 190 3832 tatis,
223 3773 290 3820 ut
325 3769 507 3834 gratia
529 3771 631 3822 Dei
665 3773 1119 3834 commendetur,
1146 3777 1212 3822 ut
1234 3784 1404 3822 nemo
1432 3771 1502 3822 de
1527 3770 1646 3822 suis

47 3840 274 3892 meritis
307 3841 600 3906 glorietur.
623 3843 783 3893 Hanc
800 3848 994 3895 autem
1014 3843 1466 3896 benediclionem
1490 3856 1648 3894 coro—

43 3925 153 3972 na,
185 3925 362 3976 quam
382 3913 682 3978 pramisit,
698 3915 1003 3978 exequitur
1027 3928 1123 3980 per
1137 3919 1348 3980 partes,
1367 3928 1496 3966 cum
1511 3915 1646 3966 sub-

43 3984 241 4049 jungit
268 3999 282 4035 :
309 3985 376 4034 Et
403 3985 584 4050 campi
601 3989 676 4036 tui
699 3985 1045 4050 rapiebantur
1067 3986 1317 4036 ubertate.

112 4054 196 4109 13.
223 4055 578 4119 Pinguescant
607 4057 840 4121 speciosa
873 4058 1083 4108 deserti:
1124 4063 1168 4106 ct
1193 4056 1520 4106 exultatione
1542 4054 1649 4104 col-

48 4127 113 4175 les
127 4127 503 4190 accingentur.
535 4127 718 4192 (Vere.
747 4127 855 4192 14.]
877 4129 1064 4177 lnduti
1084 4135 1211 4178 sunt
1236 4129 1424 4178 arietes
1445 4127 1645 4188 ovium,

45 4205 90 4247 et
113 4198 278 4248 valles
302 4198 960 4264 abundabuntfrumento.
976 4200 1122 4262 Quid
1143 4213 1244 4265 per
1265 4213 1517 4264 campos,
1535 4198 1648 4249 nisi

48 4269 468 4322 fructificantes
479 4269 868 4334 justos?Quid
881 4283 983 4336 per
997 4271 1310 4331 desertum,
1327 4271 1438 4322 nisi
1453 4272 1649 4319 steriles

45 4345 384 4405 peccatores
407 4341 588 4394 voluit
611 4342 915 4407 designare
937 4345 964 4392 ‘2
987 4343 1277 4404 Quosdam
1297 4343 1490 4404 justos
1514 4339 1650 4392 insi-

47 4417 212 4475 nuat,
226 4413 397 4476 quasi
420 4426 654 4478 campos
671 4427 802 4466 esse
818 4413 1047 4474 Paulus,
1063 4415 1162 4466 ubi
1175 4415 1276 4466 ait:
1297 4415 1402 4467 Dei
1428 4417 1652 4472 agricul-

46 4489 178 4536 tura
195 4484 340 4536 estis
375 4483 450 4546 (1.
487 4485 605 4537 Cor.
631 4485 722 4548 3.).
749 4487 1001 4538 Attende
1025 4489 1241 4549 quanta
1267 4490 1406 4537 sunt
1429 4485 1651 4537 viscera

52 4556 273 4608 divina
289 4556 709 4610 misericordia.
729 4560 962 4622 Propter
985 4571 1219 4622 campos
1243 4557 1394 4609 enim
1416 4570 1535 4609 non
1557 4557 1650 4608 de-

49 4627 187 4680 serit
212 4627 528 4680 desertum.
556 4630 790 4694 Propter
805 4631 999 4694 justos
1015 4643 1132 4681 non
1151 4629 1372 4693 respuit
1395 4632 1655 4694 peccato-

47 4713 158 4752 res.
187 4698 326 4750 Illos
351 4699 590 4764 replebit
613 4701 894 4762 ubertate,
924 4701 978 4752 id
999 4706 1105 4769 est,
1129 4705 1343 4753 aterna
1361 4703 1645 4761 refectione,

47 4773 200 4844 sicut
228 4771 352 4844 jam
365 4773 731 4837 praemissum
751 4775 866 4826 est:
885 4771 1326 4824 Incbridbuntur
1345 4774 1416 4844 ab
1431 4777 1648 4822 ubertate

49 4841 209 4910 318
255 4842 466 4894 domus
491 4846 623 4896 tua.
650 4847 801 4896 Istos
846 4844 1222 4910 pinguescere
1266 4841 1651 4897 facictdulce-

49 4916 182 4966 dine
207 4915 413 4976 gratia
435 4929 577 4979 sua,
595 4921 660 4968 ut
677 4917 1101 4968 ubiabundavit
1117 4922 1436 4981 peccatum,
1462 4930 1656 4982 super-

49 4985 507 5049 abundetgratia
525 4988 692 5052 (Rom.
713 4987 802 5052 5.).
823 4990 893 5040 Et
914 4989 1254 5054 notandum,
1272 4988 1423 5052 quod
1435 5002 1552 5041 non
1564 4993 1652 5054 uit,

53 5059 408 5124 Pinguescet
431 5059 743 5125 desertum,
763 5059 864 5112 sed
889 5061 1123 5124 speciosa
1147 5061 1360 5112 deserti:
1379 5061 1514 5124 quia
1535 5069 1654 5112 non

53 5137 230 5181 totam
253 5142 506 5183 massam
549 5132 921 5196 peccatricem
961 5132 1204 5184 salvabit
1226 5135 1402 5195 Deus,
1429 5133 1530 5184 sed
1557 5146 1655 5183 eos

49 5205 280 5253 tantum
307 5202 408 5266 qui
432 5215 467 5254 a
493 5203 758 5255 sordibus
782 5208 998 5255 exeunt
1014 5203 1313 5262 vitiorum;
1340 5209 1395 5255 et
1421 5205 1654 5268 spetiosi

51 5274 197 5326 fiunt
221 5272 355 5333 fide,
387 5286 616 5326 morum
649 5275 974 5338 honestate,
1015 5279 1073 5327 et
1114 5275 1318 5328 decore
1355 5275 1650 5327 virtutum.

51 5345 150 5397 Vel
161 5357 270 5410 per
294 5345 556 5411 speciosa
579 5346 790 5400 deserti
813 5347 1086 5400 Ecclesia
1120 5347 1378 5411 gentium
1410 5351 1655 5412 possunt

58 5415 313 5480 figurari,
337 5429 472 5481 qua
497 5421 637 5470 tunc
661 5419 868 5484 pingue
880 5422 1062 5482 scent,
1079 5417 1308 5482 quando
1330 5418 1524 5470 omnia
1537 5431 1657 5482 per-

62 5487 202 5540 fecte
217 5488 539 5560 habebunt.
566 5490 685 5542 Erit
700 5490 852 5542 enim
885 5491 1044 5542 Deus
1067 5494 1266 5542 omnta
1296 5489 1356 5540 in
1383 5491 1655 5560 omnibus

57 5561 266 5624 (b’pltes.
309 5559 400 5624 4.),
446 5574 556 5613 nec
591 5561 776 5614 sancti
815 5562 1062 5626 Spiritus
1108 5561 1258 5613 dona
1301 5559 1652 5614 dividentur.

54 5632 152 5683 Per
175 5631 355 5684 colles
377 5638 572 5684 autem
584 5633 764 5698 accipi
787 5637 1032 5698 possunt
1057 5633 1237 5685 sancti
1251 5637 1653 5696 martyres,qui

57 5703 293 5768 campis,
321 5703 378 5755 id
396 5708 505 5768 est,
527 5704 704 5768 justis
720 5705 928 5758 virtute
945 5705 1326 5770 praeminent
1349 5705 1652 5769 passionis.

57 5773 134 5825 Illi
151 5780 312 5835 sunt,
333 5775 434 5840 qui
452 5781 817 5828 venerantes
830 5789 1041 5841 magna
1056 5778 1434 5837 tribulatione(A
1443 5775 1630 5840 poc.7.)
1643 5813 1655 5828 .

61 5845 184 5899 Ideo
209 5847 416 5900 merito
432 5847 822 5912 accingentur,
848 5848 904 5899 id
929 5854 1040 5911 ast,
1053 5861 1126 5900 ex
1150 5848 1306 5898 omni
1331 5851 1507 5911 parte,
1537 5853 1655 5900 tam

57 5918 114 5969 in
141 5920 355 5984 anima,
382 5931 560 5984 quam
571 5920 632 5971 in
653 5932 888 5984 corpore
907 5919 1655 5972 circumdabunturaxulta-

60 5991 220 6046 tione.
246 5992 426 6054 Quasi
449 5991 743 6056 quoddam
775 5991 1074 6057 cingulum
1107 5991 1214 6047 erit
1243 5989 1327 6044 eis
1353 5989 1652 6056 sempiter-

1749 1963 1865 2010 tam
1891 1972 2239 2023 voce,quam
2264 1964 2615 2011 mentemon
2641 1966 2757 2012 tam
2784 1961 3089 2014 verborum
3108 1967 3338 2025 strepitu,

1741 2043 1916 2094 quam
1940 2031 2129 2082 cordis
2153 2032 2382 2095 affectu,
2408 2031 2470 2082 in
2491 2030 2970 2094 ltBtitiaineﬂ'abili,
2997 2035 3336 2086 Clamabunt.

1740 2103 1810 2154 Et
1832 2115 2032 2154 eorum
2055 2101 2270 2154 clamor
2291 2115 2409 2154 non
2432 2103 2548 2153 nisi
2571 2101 2702 2154 laus
2718 2105 2820 2156 Dei
2837 2107 2960 2156 erit.
2979 2105 3112 2157 Ideo
3134 2109 3336 2158 subdit:

1741 2175 1958 2223 Etenim
1992 2175 2263 2238 hymnum
2307 2173 2500 2222 dicent.
2541 2175 2703 2225 Unde
2721 2173 2856 2226 alibi
2879 2175 3090 2227 dicitur
3121 2191 3134 2227 :
3182 2177 3340 2230 Beati

1739 2245 1839 2307 qui
1869 2245 2132 2296 habitant
2165 2245 2224 2294 in
2252 2244 2423 2295 domo
2449 2248 2565 2307 tua,
2590 2244 2848 2305 Domine,
2873 2246 2932 2297 in
2961 2246 3153 2298 secula
3175 2261 3336 2300 secu-

1738 2314 1928 2366 lorum
1952 2315 2274 2366 laudabunt
2300 2319 2355 2366 te
2379 2314 2539 2374 (Psat.
2566 2313 2694 2378 83.).
2721 2317 2870 2380 Ergo
2891 2317 3234 2382 incipiamus
3254 2321 3337 2368 hic

1738 2386 2024 2450 hymnum
2047 2385 2236 2438 dicere
2261 2385 2500 2437 Domino
2523 2391 2742 2448 nostro,
2769 2392 3055 2450 quatenus
3091 2389 3336 2454 perfecte

1737 2456 1896 2508 illum
1920 2456 2150 2508 laudare
2177 2461 2500 2508 mereantur
2521 2455 2583 2507 in
2609 2457 2823 2510 futuro.
2849 2459 2955 2518 Qui
2983 2459 3140 2512 enim
3162 2459 3334 2514 modo

1738 2540 1858 2580 non
1880 2528 2099 2592 incipit,
2133 2541 2239 2579 nec
2261 2527 2630 2592 postmodum
2661 2528 2934 2581 laudabit.

2059 2616 2423 2680 TITULUS
2459 2617 2777 2680 PSALMI
2809 2619 3011 2682 LXV.

1808 2719 1848 2766 1.
1873 2717 2132 2780 Ilocmodo
2148 2717 2394 2780 psalmus,
2409 2719 2495 2776 qui
2511 2718 3080 2780 set‘1uitur,intitulatur:
3097 2718 3155 2766 In
3169 2719 3332 2780 ﬁnem

1743 2778 2029 2828 Canticum
2040 2777 2240 2842 psalmi
2259 2778 2681 2829 resurrectionis.
2697 2783 2747 2827 In
2763 2781 2855 2828 hoc
2878 2782 3072 2840 psalmo
3087 2777 3336 2842 proponi-

1741 2847 1820 2888 tur
1831 2843 1980 2890 nobis
1996 2843 2266 2902 canticum,
2279 2841 2340 2887 ad
2367 2843 2699 2889 exultandum
2715 2843 2775 2890 de
2788 2850 2954 2890 nostra
2970 2841 3336 2893 resurrectione

1739 2917 1893 2964 quam
1919 2905 2046 2950 Deus
2063 2905 2300 2951 omnibus
2322 2903 2373 2950 in
2399 2907 2580 2966 finem,
2597 2905 2750 2964 idest,
2778 2905 2830 2951 in
2844 2907 3095 2954 Christum
3125 2907 3337 2954 tenden-

1741 2967 1872 3013 tibus
1886 2968 2174 3025 operabitur
2189 2967 2362 3026 (Rom.
2381 2968 2436 3022 8;
2455 2965 2598 3014 Phil.
2615 2967 2702 3027 3.).
2718 2967 2822 3020 Que
2856 2969 3152 3015 resurrectio
3176 2974 3337 3017 mate-

1742 3030 1816 3075 ria
1841 3029 1996 3086 hujus
2016 3030 2191 3087 psalmi
2209 3033 2299 3076 est.
2317 3029 2373 3073 In
2403 3029 2568 3088 prima
2603 3035 2739 3088 parte
2759 3029 2990 3076 admouet
3014 3043 3186 3078 omnes
3212 3044 3338 3090 gen-

1741 3095 1830 3150 tes,
1870 3097 1924 3136 ut
1969 3092 2131 3140 corde.
2161 3103 2278 3136 voce
2321 3097 2368 3137 et
2413 3105 2560 3150 opere
2605 3093 2758 3138 Deum
2789 3092 3058 3140 terribilem
3106 3093 3330 3150 laudent,

1740 3153 2030 3218 pradicant,
2063 3153 2342 3218 gloriﬁcent
2369 3158 2416 3218 et
2448 3154 2694 3218 adorcnt._
2716 3155 2771 3200 In
2804 3155 3024 3201 secunda
3045 3162 3182 3214 parte
3205 3157 3334 3218 (qua

1742 3217 1936 3274 incipit,
1965 3214 2142 3262 Venite
2170 3219 2214 3262 et
2231 3213 2413 3275 videte)
2435 3216 2750 3262 commendat
2780 3217 2860 3263 Dei
2877 3229 3027 3275 opera
3046 3213 3156 3264 esse
3181 3213 3330 3264 terri-

1745 3279 1896 3326 bilia:
1933 3278 2020 3324 ubi
2056 3279 2362 3324 vocationem
2380 3280 2624 3340 gentium,
2653 3280 3108 3337 ctreprobationem
3132 3281 3334 3326 Judae-

1745 3355 1857 3404 rum
1883 3340 2128 3398 designat.
2144 3343 2198 3386 In
2213 3341 2354 3386 tertia
2380 3348 2514 3399 parte
2526 3341 2864 3402 (quaineipit,
2880 3341 3198 3404 Benedicite,
3210 3355 3336 3404 gen-

1747 3402 1830 3464 tes)
1856 3404 2106 3457 admonet,
2143 3409 2198 3448 ut
2221 3404 2515 3450 benedicant
2537 3408 2704 3461 gentes
2731 3406 2880 3450 Deum
2914 3418 3063 3451 suum
3097 3402 3194 3464 pro
3212 3402 3278 3451 tot
3293 3409 3339 3450 et

1748 3467 1898 3512 tantis
1913 3466 2011 3510 sibi
2033 3465 2228 3512 collatis
2253 3466 2511 3512 beneficiis
2535 3479 2548 3514 :
2580 3467 2816 3526 lumqttia
2837 3468 3032 3514 animas
3055 3481 3084 3512 a
3103 3473 3258 3514 morte
3279 3467 3339 3512 li-

1747 3529 1900 3582 berat,
1931 3532 2084 3587 atque
2124 3529 2174 3574 in
2221 3529 2352 3574 bono
2391 3543 2710 3587 perseverare
2747 3529 2900 3575 facit:
2947 3536 3050 3576 tum
3089 3531 3209 3589 quia
3235 3532 3343 3588 post

1749 3591 2060 3648 tentationes,
2096 3595 2141 3636 et
2172 3589 2489 3648 probationes
2536 3591 2739 3651 multas,
2775 3591 2827 3638 in
2859 3597 3101 3639 aternum
3141 3592 3340 3648 refrige-

1747 3661 1879 3708 rium
1903 3661 2148 3720 perdueit,
2175 3661 2260 3706 ubi
2292 3674 2489 3720 semper
2513 3663 2790 3720 gaudeant:
2829 3668 2875 3708 et
2900 3668 3012 3709 vola
3037 3676 3147 3716 sua,
3185 3659 3237 3728 3
3254 3659 3272 3728 |
3289 3656 3340 3727 9

1747 3746 1860 3790 qua
1883 3731 1964 3777 hic
1983 3731 2296 3792 inceperunt,
2323 3733 2418 3777 Deo
2431 3747 2523 3778 suo
2548 3735 2615 3778 ibi
2635 3733 2846 3792 perferte
2871 3734 3082 3783 solvant.
3101 3731 3152 3782 ln
3171 3739 3346 3792 quarta

1748 3799 1884 3852 parte
1922 3794 2032 3848 (ubi
2073 3793 2272 3853 dicitur,
2320 3792 2520 3854 Venite,
2552 3794 2757 3855 audite)
2783 3797 3014 3853 proponit
3037 3797 3257 3854 seipsum
3289 3799 3340 3841 in

1745 3855 2046 3913 exemplum.
2085 3854 2365 3912 praedicans
2388 3855 2536 3912 bona,
2561 3871 2674 3914 qua
2707 3854 2888 3902 animai
2905 3871 3010 3904 suae
3034 3857 3147 3903 fecit
3173 3859 3338 3903 Domi-

1747 3932 1860 3966 nus.
1879 3919 1935 3963 Et
1959 3917 2079 3974 quia
2100 3917 2161 3961 ad
2188 3916 2333 3962 illum
2359 3930 2442 3963 ore
2469 3919 3035 3966 etcordeclamavitsino
3055 3919 3338 3978 iniquitate.

1748 3985 2008 4038 propterea
2023 3979 2280 4024 exaudivit
2305 3979 2452 4029 Deus.
2478 3981 2532 4026 In
2558 3993 2660 4038 quo
2697 3993 2788 4026 nos
2818 3982 3058 4040 hortatur,
3083 3986 3136 4027 ut
3155 3980 3343 4027 simili-

1751 4049 1822 4088 ter
1849 4041 2088 4087 faciamus
2117 4053 2126 4084 :
2154 4046 2403 4098 quatenus
2421 4041 2484 4086 ab
2509 4041 2620 4099 ipso
2635 4043 2862 4088 exaudiri
2880 4048 3028 4102 atque
3050 4044 3162 4100 ejus
3191 4044 3345 4090 mise-

1747 4105 1968 4151 cordiam
2007 4103 2244 4161 consequi
2277 4115 2575 4152 mereamur.
2603 4105 2717 4151 Hac
2739 4111 2811 4150 est
2843 4105 3054 4151 intentio
3079 4111 3124 4151 et
3150 4105 3343 4152 utilitas

1749 4166 2151 4230 ltujuspsalnii.
2193 4165 2328 4230 Unde
2355 4167 2612 4230 subuvoce
2648 4166 2919 4226 primitiva
2963 4168 3212 4230 Ecclesia,
3237 4170 3342 4216 sive

1749 4229 2018 4289 cujuslibet
2040 4228 2242 4288 perfecti
2275 4241 2409 4276 nunc
2445 4227 2630 4275 dicitur
2656 4242 2667 4272 :

2215 4313 2620 4380 PSALMUS
2666 4315 2871 4380 LXV.

1811 4411 1866 4467 ‘2.
1887 4413 2122 4464 Jubilate
2153 4415 2258 4464 Deo
2295 4413 2472 4462 omnis
2498 4419 2658 4464 terra.
2693 4414 2755 4465 Id
2780 4416 2886 4477 est,
2919 4415 2993 4466 de
3016 4413 3172 4466 omni
3197 4419 3345 4468 terra

1749 4489 1952 4550 gentes
1976 4497 2288 4546 conversa,
2312 4484 2564 4536 Jubilate
2587 4487 2708 4536 Deo
2733 4486 2945 4537 mentis
2968 4486 3341 4548 exultatione,
3390 4541 3404 4551 ,

1751 4557 1972 4620 Videte,
2008 4555 2497 4620 quemadmodum
2531 4557 2970 4610 commendetur
2993 4557 3344 4610 universitas

1749 4628 2020 4681 Ecclesia
2037 4633 2157 4682 toto
2173 4630 2309 4681 orbe
2324 4629 2569 4690 diffusa,
2599 4643 2732 4681 cum
2755 4632 2940 4678 dicitur
2969 4630 3155 4680 Omnis
3179 4635 3342 4680 terra.

1755 4699 1863 4752 Sed
1908 4701 2015 4764 (Eae
2058 4701 2379 4765 Augustino)
2422 4701 2558 4764 quid
2605 4705 2712 4765 est,
2759 4700 3027 4754 Jubitate?
3081 4704 3150 4754 In
3204 4714 3347 4754 voce

1668 4743 1726 4817 D
1755 4743 2037 4836 erum‘pite
2061 4743 2403 4835 gaudiorum
2423 4743 2480 4824 si
2505 4785 2623 4824 non
2639 4743 2878 4838 po’testis
2902 4743 3227 4826 verborum.
3242 4777 3347 4822 Non

1752 4843 1905 4895 enim
1930 4844 2172 4894 verbum
2185 4843 2482 4906 jubilatur,
2509 4844 2609 4896 sed
2625 4846 2783 4896 solus
2802 4845 3176 4910 gaudentium
3195 4845 3351 4897 soni-

1756 4919 1851 4966 tus
1874 4913 2146 4974 redditur,
2173 4915 2339 4976 quasi
2373 4916 2750 4978 parturientis
2776 4922 2834 4968 et
2856 4917 3127 4980 parientis
3143 4917 3348 4968 cordis.

1755 4985 2006 5045 Jubilatc,
2057 4984 2262 5048 inquit,
2297 4985 2357 5036 id
2393 4991 2499 5049 est,
2538 4987 2600 5038 in
2634 5000 2775 5040 voce
2799 4988 3136 5041 reilatitiam
3161 4988 3350 5040 conci-

1755 5057 1889 5122 pite,
1904 5069 2037 5119 qua
2063 5056 2255 5107 verbis
2268 5056 2538 5120 explicari
2561 5071 2679 5112 non
2701 5063 2876 5120 possit.
2897 5060 3180 5110 Psalmum
3193 5060 3350 5109 dicite

1754 5129 1972 5178 nomini
1995 5127 2108 5192 ejus
2135 5142 2147 5177 :
2175 5127 2296 5177 date
2321 5127 2556 5191 gloriam
2609 5129 2764 5179 laudi
2805 5131 2935 5194 ejus.
2984 5133 3228 5184 Psallere
3261 5137 3350 5183 est

1755 5213 2034 5266 organum
2058 5199 2230 5250 etiam
2254 5211 2570 5264 assumere,
2597 5201 2751 5264 quod
2777 5201 3107 5264 psalterium
3124 5204 3347 5264 dicitur,

1755 5275 1811 5324 et
1838 5271 2007 5336 pulsu
2031 5275 2206 5334 atque
2231 5282 2399 5334 opere
2424 5282 2706 5322 manuum
2723 5273 2961 5325 vocibus
2985 5276 3348 5327 concordare.

1755 5344 1811 5396 Si
1841 5355 1976 5408 ergo
1997 5341 2276 5406 jubilatis,
2323 5340 2480 5404 quod
2503 5344 2662 5394 Deus
2688 5343 2900 5404 audiat,
2927 5345 3152 5408 psallite
3176 5347 3348 5398 etiam

1755 5415 1908 5480 quod
1932 5414 2198 5466 homines
2227 5412 2478 5473 videant,
2500 5416 2556 5465 et
2577 5413 2844 5466 audiant:
2865 5415 2967 5466 sed
2990 5429 3108 5468 non
3131 5418 3350 5468 nomini

1755 5491 1965 5539 vestro.
1991 5487 2197 5538 Cavete
2229 5484 2384 5537 enim
2403 5483 2879 5548 facerejustitiam
2892 5491 3147 5539 vestram
3159 5499 3349 5539 coram

1753 5557 2104 5616 hominibus,
2131 5562 2195 5609 ut
2218 5555 2524 5608 videamini
2548 5557 2620 5608 ab
2645 5557 2731 5608 eis
2764 5557 2971 5620 (Matth.
2999 5557 3252 5621 6.).Quid
3277 5565 3352 5608 est

1754 5629 2045 5693 psalmum
2069 5629 2240 5681 dicite
2257 5632 2280 5680 9
2295 5627 2710 5692 exponitnobis
2735 5629 3132 5694 Evangelium,
3152 5630 3239 5678 ubi
3253 5631 3349 5680 ait:

1755 5704 1969 5756 Luceat
2009 5703 2111 5754 lux
2157 5707 2350 5754 vestra
2393 5713 2585 5752 coram
2627 5700 2956 5752 hominibus
2999 5702 3214 5764 (Matth.
3254 5699 3347 5758 5.).

1754 5774 1918 5834 Quod
1937 5778 2134 5826 autem
2159 5775 2251 5825 hic
2277 5772 2562 5832 subditur,
2586 5773 2719 5822 Date
2769 5772 3005 5837 gloriam
3029 5773 3186 5823 laudi
3215 5773 3349 5839 ejus,

1753 5845 1864 5897 hoc
1908 5846 1985 5896 ibi
2023 5846 2391 5898 manifestius
2437 5843 2771 5908 declaratur,
2807 5859 2939 5896 cum
2962 5846 3346 5898 subinfertur:

1754 5919 1829 5970 Ut
1857 5917 2122 5970 videntes
2158 5931 2332 5983 opera
2353 5923 2546 5970 vestra
2590 5917 2760 5980 bona,
2783 5916 3102 5982 gloriﬁcent
3126 5922 3348 5983 patrem

1753 5989 2150 6055 vestrum,qui
2180 5990 2242 6042 in
2273 5989 2432 6044 calls
2455 5993 2547 6045 est
2581 5988 2777 6054 (Ibid).
2803 5989 2902 6044 Ille
2915 5988 3074 6043 laudi
3099 5989 3202 6044 Dei
3226 5989 3350 6054 glo-
