3884 6394
505 395 617 453 903

1560 395 1828 449 RUFINO
1865 394 2326 447 PRESBYTERO
2361 394 2747 447 ASCRIPTUS

3701 397 3803 452 904

500 509 644 561 riam
674 509 793 572 dat,
820 510 987 572 cujus
1010 510 1162 582 bona
1190 508 1673 582 vitaAcumrecta
1695 507 2103 582 praedicatione
2127 510 2182 582 Α
2208 522 2369 582 super
2390 507 2531 569 ﬁlios
2555 507 2859 582 hominum.
2906 508 3143 582 Etvere
3176 506 3459 559 terribilis.
3486 510 3631 582 Ecce
3649 510 3800 582 enim

499 582 832 633 concordat.
860 580 1090 632 Nomini
1112 579 1340 631 Domini
1364 579 1574 643 psallit,
1592 593 1725 631 eum
1744 581 1802 631 in
1816 582 1966 632 bono
1978 593 2102 644 ope-

497 664 576 713 re,
604 653 755 716 quod
785 652 920 713 agit,
947 665 1063 703 non
1081 663 1265 713 suam,
1289 650 1389 702 sed
1414 652 1643 702 Domini
1660 652 1893 704 laudem
1907 652 2101 714 requi-

498 724 587 775 rit.
626 723 848 774 Psallite
878 736 1012 786 ergo
1034 722 1249 773 nomini
1283 723 1427 785 ejus,
1447 736 1565 773 non
1585 728 1790 775 vestro.
1810 725 1928 774 Vos
1947 725 2095 787 psal-

495 793 610 853 lite,
628 794 718 844 ille
745 794 1028 844 laudetur.
1060 795 1177 844 Vos
1200 795 1347 844 bene
1370 793 1568 853 vivite,
1593 794 1688 844 ille
1726 794 2094 858 gloriﬁcetur.

498 865 698 915 Totam
742 865 1123 916 intentionem
1157 870 1414 916 nostram
1437 865 1503 918 in
1522 865 1751 916 laudem
1775 867 1878 916 Dei
1900 866 2094 918 mittit.

495 935 646 986 Nihil
675 936 841 985 nobis
864 935 1019 987 unde
1044 935 1330 996 laudetur,
1355 935 1602 998 reliquit.
1624 937 1750 987 Non
1766 936 1893 988 vult
1914 940 2093 1003 Deus,

495 1011 560 1058 ut
586 1005 894 1070 gloriemur
916 1007 977 1058 in
999 1008 1188 1069 nobis,
1212 1020 1286 1059 ne
1317 1008 1394 1059 sit
1425 1007 1605 1073 gloria
1633 1020 1785 1060 vana
1803 1027 1813 1058 :
1834 1008 1935 1060 sed
1949 1010 2092 1074 vult,

494 1083 560 1129 ut
593 1079 904 1142 gloriemur
930 1079 992 1131 in
1020 1080 1206 1143 nobis,
1245 1083 1313 1131 ut
1344 1079 1422 1131 sit
1453 1079 1635 1144 gloria
1656 1093 1817 1133 sana.
1850 1081 2014 1134 Unde
2037 1086 2095 1134 et

495 1150 762 1203 subditur
788 1165 801 1202 :

553 1243 599 1290 3.
640 1240 802 1290 Dicite
832 1241 956 1305 Deo,
988 1241 1166 1300 Quam
1210 1241 1473 1290 terribilia
1510 1246 1638 1291 sunt
1665 1248 1963 1307 opera‘tua
1985 1242 2087 1293 Do-

490 1311 664 1361 mine!
683 1311 845 1364 Unde
861 1312 1125 1362 terribilia
1138 1314 1166 1363 εἴ
1184 1313 1328 1374 Quia
1343 1313 1572 1365 caecitas
1585 1326 1656 1365 ex
1674 1319 1832 1377 parte
1844 1314 1905 1366 in
1916 1315 2091 1366 Israel

488 1381 639 1434 facta
661 1386 770 1445 est,
796 1388 860 1435 ut
883 1384 1177 1448 plenitudo
1199 1386 1471 1436 Gentium
1486 1385 1728 1437 intraret
1750 1386 1920 1443 (Rom.
1950 1386 2009 1440 11
2024 1387 2080 1449 .).

489 1453 672 1518 Magis
698 1467 833 1519 ergo
858 1455 1201 1519 terreamini,
1216 1456 1348 1519 quia
1365 1456 1574 1508 videtis
1586 1468 1776 1508 ramos
1792 1459 2087 1510 naturales

489 1527 792 1588 amputari.
836 1527 1028 1578 Judaei
1063 1528 1236 1592 enim,
1271 1527 1370 1591 qui
1412 1541 1511 1592 per
1534 1529 1889 1580 Patriarehas
1912 1542 2087 1581 vene-

489 1601 641 1657 runt,
669 1597 739 1649 de
764 1610 933 1649 carne
960 1599 1209 1651 Abrahm
1229 1600 1350 1650 nati
1369 1602 1521 1650 sunt.
1556 1601 1625 1650 Et
1643 1600 1781 1663 quid
1794 1601 1874 1652 ait
1896 1602 2078 1665 Apos-

487 1667 641 1718 tolus
663 1671 690 1718 σέ
725 1669 833 1720 Sed
856 1669 1017 1733 dicis,
1056 1670 1239 1721 Fracti
1264 1674 1401 1721 sunt
1422 1670 1585 1734 rami,
1613 1675 1679 1721 ut
1701 1683 1807 1735 ego
1824 1672 2042 1723 inserar
2067 1689 2079 1722 :

487 1739 654 1789 Bene.
691 1741 922 1805 Propter
944 1740 1405 1793 incredulitatem
1430 1741 1563 1793 facti
1587 1747 1754 1793 sunt:
1797 1747 1861 1794 tu
1884 1748 2079 1795 autem

485 1809 711 1874 (inquit)
761 1811 872 1862 [ide
909 1817 1047 1863 stas.
1083 1812 1209 1862 Noli
1254 1812 1437 1863 altum
1478 1825 1692 1877 sapere,
1722 1814 1821 1865 sed
1846 1814 2000 1866 time.
2026 1815 2082 1866 Si

2210 579 2441 630 caecitas
2464 592 2537 630 ex
2562 584 2719 643 parte
2747 579 2807 629 in
2831 579 3004 630 Israel
3033 579 3182 630 facta
3212 584 3318 630 est.
3346 582 3489 631 Ecce
3512 580 3703 633 Judaei
3732 595 3801 633 ex

2200 650 2410 712 quibus
2438 656 2614 702 natus
2637 655 2727 701 est
2750 650 3033 712 Christus,
3061 650 3194 702 foris
3221 656 3374 702 sunt.
3406 654 3548 703 Ecce
3565 653 3793 715 Gentes,

2199 735 2331 785 quae
2366 727 2565 773 contra
2607 723 2873 774 Judaaam
2910 728 3092 785 erant,
3118 722 3179 773 in
3202 723 3425 774 Christo
3450 723 3610 774 intus
3644 728 3793 774 sunt.

2196 796 2501 858 Propterea
2540 795 2679 858 quid
2706 794 2841 846 fecit
2879 799 3092 846 terrore
3132 794 3359 847 consilii
3382 796 3510 847 sui?
3534 796 3796 859 sequitur

2196 871 2252 917 et
2275 866 2412 916 dicit
2436 884 2450 917 :

2259 936 2310 991 6.
2340 937 2443 995 Qui
2482 936 2736 986 convertit
2766 952 2915 986 mare
2945 937 3008 985 in
3030 937 3272 986 aridam.
3305 938 3460 989 Mare
3484 942 3608 990 erat
3629 950 3793 988 mun-

2194 1015 2325 1060 dus.
2358 1012 2607 1060 Amarus
2636 1009 2892 1060 salsitate
2921 1008 3068 1072 (Ant.
3104 1009 3392 1073 falsitate],
3427 1009 3794 1061 turbulentus

2195 1084 2553 1143 tempestate,
2584 1080 2834 1131 smviens
2847 1081 3117 1131 ﬂuctibus
3128 1081 3615 1144 persecutionum.
3643 1082 3794 1131 Marc

2192 1154 2332 1215 erat,
2379 1152 2440 1202 in
2474 1151 2695 1202 aridam
2731 1164 3047 1203 conversus
3083 1156 3192 1204 est.
3231 1151 3398 1203 Modo
3434 1152 3556 1202 sitit
3576 1163 3793 1215 aquam

2191 1222 2419 1273 dulcem
2442 1223 2721 1285 mundus,
2747 1223 2846 1286 qui
2870 1223 3025 1274 salsa
3053 1223 3262 1287 plenus
3291 1228 3431 1275 erat.
3466 1223 3633 1275 Unde
3656 1222 3795 1273 dicit

2189 1293 2361 1344 alibi:
2396 1294 2605 1344 Anima
2641 1307 2769 1345 mea
2806 1294 2958 1345 sicut
2998 1299 3151 1346 terra
3174 1295 3298 1346 sine
3321 1308 3471 1359 aqua
3495 1296 3598 1347 tibi
3621 1297 3788 1357 (Psal.

2190 1364 2352 1427 142.).
2380 1364 2466 1415 Illi
2492 1365 2602 1429 ipsi
2627 1366 2801 1428 quiin
2833 1365 3050 1416 aridam
3075 1370 3212 1417 sunt
3235 1367 3517 1430 conversi,
3544 1380 3681 1419 cum
3712 1381 3793 1418 es-

2188 1441 2319 1486 sent
2359 1441 2531 1486 antea
2567 1436 2767 1496 amari,
2815 1436 2881 1484 In
2927 1437 3153 1498 [lumine
3193 1438 3601 1501 pertransibunt
3640 1440 3788 1502 pede.

2186 1508 2428 1558 Flumen
2453 1512 2542 1559 est
2568 1507 2676 1571 (Eae
2704 1507 2860 1571 Aug.)
2878 1508 3063 1559 omnis
3079 1508 3399 1560 mortalitas
3424 1510 3618 1561 seculi.
3636 1512 3792 1563 More

2184 1579 2341 1629 enim
2362 1578 2624 1630 ﬂuminis
2655 1577 2766 1629 alia
2789 1578 2947 1630 venit
2971 1583 3030 1631 et
3075 1580 3294 1641 transit,
3333 1580 3442 1632 alia
3475 1581 3793 1633 transitura

2183 1650 2459 1701 succedit.
2486 1650 2631 1710 Quid
2655 1650 2717 1701 in
2743 1652 2893 1701 terra
2915 1652 3193 1715 nascitur,
3218 1657 3306 1704 et'
3323 1656 3560 1705 manat?
3585 1654 3791 1706 Omnis

2182 1720 2281 1784 qui
2309 1726 2482 1774 natus
2506 1728 2613 1781 est,
2640 1721 2805 1773 cedat
2839 1719 2988 1789 321
3033 1728 3256 1786 oportet
3291 1723 3602 1776 nascituro.
3640 1726 3790 1788 Ergo

2182 1792 2371 1844 omnis
2394 1793 2504 1845 iste
2527 1793 2668 1845 ordo
2697 1805 2887 1846 rerum
2913 1794 3223 1845 labentium
3248 1796 3412 1858 quasi
3428 1795 3645 1847 ﬂuvius
3676 1801 3787 1847 est.

484 1864 640 1931 enim
667 1864 821 1933 Deus
840 1883 1201 1934 naturalibus
1240 1883 1417 1935 ramis
1450 1864 1568 1934 non
1591 1864 2083 1950 pepercit,ineque
2113 1864 2899 1950 B£9_i‘$E‘¥‘?,HUVi}1¥n_§i_,S§
3124 1866 3329 1950 ﬁlim“
3359 1866 3585 1931 cupida!
3616 1866 3785 1950 pefu-

485 1951 587 2001 tibi
621 1957 815 2016 parcet
850 1954 1039 2017 (ibid).
1087 1954 1451 2006 Attendendo
1486 1967 1623 2019 ergo
1648 1968 1840 2008 ramos
1874 1956 2084 2009 fractos

484 2027 541 2073 et
569 2028 623 2074 te
651 2024 954 2087 insertum,
982 2026 1098 2076 noli
1120 2026 1315 2078 extolli
1342 2039 1516 2089 super
1538 2039 1729 2079 ramos
1754 2028 1965 2080 fractos
1981 2030 2084 2081 sed

480 2094 666 2158 magis
695 2113 706 2144 :
735 2097 902 2145 Dicite
928 2099 1052 2160 Deo,
1081 2097 1258 2155 Quam
1303 2097 1571 2147 terribilia
1612 2104 1740 2148 sunt
1779 2115 1941 2165 opera
1969 2107 2081 2161 tua,

483 2165 728 2217 Domine.
764 2168 923 2219 Time
947 2168 1105 2219 illum
1129 2169 1190 2220 in
1217 2169 1563 2220 terribilibus
1589 2171 1859 2234 operibus
1876 2173 2083 2237 suis,et

480 2237 596 2288 noli
626 2239 939 2303 superbire,
959 2240 1094 2303 quia
1118 2242 1171 2291 te
1192 2240 1249 2291 in
1273 2242 1456 2292 altum
1480 2242 1827 2293 vocavit:ne
1845 2243 1945 2294 tibi
1962 2258 2081 2296 non

483 2315 693 2370 parcat,
711 2310 808 2374 qui
820 2323 1009 2362 ramos
1032 2312 1323 2363 naturales
1340 2312 1599 2363 abscidit.
1617 2316 1872 2374 Quorum
1888 2316 2079 2367 absci-

483 2380 568 2431 sio
590 2381 1038 2448 demonstratur,
1052 2395 1185 2435 cum
1209 2384 1498 2435 subditur:
1518 2384 1584 2432 In
1599 2385 1947 2435 multitudine
1966 2389 2079 2436 vir-

481 2452 607 2501 tutis
654 2458 772 2518 tum,
810 2454 976 2517 idest,
1008 2455 1069 2506 in
1108 2455 1304 2505 multis
1346 2455 1660 2507 virtutibus
1683 2461 1739 2508 et
1765 2458 2074 2509 miraculis.

475 2524 804 2573 Mentientur
854 2526 947 2574 tibi
1188 2527 1406 2575 inimici
1441 2528 1540 2589 tui,
1566 2527 1719 2578 idest
1739 2528 1950 2590 Judwi,
1978 2530 2077 2593 qui

472 2597 853 2661 praerogative
876 2597 1102 2648 dicendi
1128 2616 1139 2644 :
1172 2598 1555 2649 suntinimici.
1581 2600 1734 2649 Etex
1758 2601 1865 2650 hoc
1888 2602 2077 2664 magis

476 2666 635 2729 digni
666 2670 1065 2732 reprobatione
1098 2669 1350 2729 fuerunt,
1373 2669 1509 2731 quia
1532 2669 1683 2722 inter
1708 2674 1794 2721 tot
1830 2673 2077 2723 virtutes

478 2742 535 2787 et
582 2738 860 2790 miracula
891 2753 1023 2791 cum
1048 2740 1277 2791 credere
1302 2740 1658 2803 debuissent,
1684 2741 1963 2793 increduli
1988 2757 2071 2795 re-

476 2813 835 2861 manserunt.
864 2811 1080 2862 Mentiti
1109 2816 1247 2863 sunt
1271 2811 1713 2873 autem,falsum
1734 2815 2074 2863 testimonium

477 2879 548 2930 de
576 2880 799 2933 Christo
824 2881 1083 2934 dicentes
1106 2900 1117 2930 :
1142 2895 1352 2947 corpus
1376 2883 1502 2946 ejus
1527 2882 1596 2934 de
1635 2883 1895 2948 sepulcro
1920 2884 2074 2937 fura-

483 2956 607 3002 tum
641 2953 995 3005 afﬂrmantes
1021 2955 1230 3018 (Matth.
1273 2952 1383 3017 ‘28.)
1419 2970 1431 3004 :
1463 2956 1941 3007 resurrectionem
1969 2970 2071 3008 ne-

414 3056 418 3061 -
479 3028 700 3085 gentes.
728 3027 796 3075 Et
822 3025 990 3077 valde
1013 3025 1333 3077 notandum
1360 3028 1469 3089 est,
1500 3025 1655 3089 quod
1680 3039 1809 3077 cum
1838 3027 2071 3091 diceret,

474 3095 818 3160 Mentientur,
833 3098 1104 3149 continuo
1120 3096 1342 3148 addidit
1358 3096 1470 3157 tibi,
1484 3097 1653 3159 idest,
1666 3098 1736 3149 ad
1750 3100 2069 3163 profectum

476 3170 661 3216 tuum.
687 3168 1047 3219 Mendacium
1061 3169 1216 3219 enim
1230 3168 1563 3220 Judaaorum
1583 3168 1655 3219 ad
1672 3171 2077 3221 commendan-

474 3236 607 3288 dam
630 3240 871 3291 multam
896 3241 1211 3305 potentiam
1238 3244 1398 3291 tuam
1424 3240 1664 3292 valebat.
1684 3241 1869 3301 Quare
1886 3242 2076 3293 solent

473 3306 637 3359 inimi
660 3312 842 3362 nostri
865 3311 1131 3363 mentiri?
1174 3313 1248 3363 Ut
1292 3312 1613 3373 potentiam
1656 3314 1937 3374 cujusque
1959 3312 2073 3363 mi-

472 3385 680 3456 nuant,
695 3382 781 3456 _de
804 3396 917 3456 quo
943 3383 1321 3434 mentiuntur.
1346 3382 1488 3444 Tibi,
1521 3381 1727 3456 inquit,
1753 3387 2067 3456 contraac-A
2096 3382 2144 3456 ρ

474 3450 612 3503 cidit
666 3454 808 3503 Nam
833 3455 1027 3504 minus
1051 3457 1350 3517 appareret
1367 3453 1622 3515 potentia
1649 3455 1765 3514 tua,
1792 3454 1841 3503 si
1867 3454 1966 3504 tibi
1988 3454 2066 3504 illi

472 3534 589 3572 non
626 3524 1023 3575 mentirentur.
1063 3524 1281 3576 Mentiti
1321 3528 1459 3574 sunt
1483 3522 1579 3583 illi,
1631 3528 1688 3574 et
1728 3525 1956 3575 occisus
1981 3528 2070 3577 est

404 3656 407 3659 _
472 3592 766 3644 Christus:
802 3595 1117 3646 resurrexit
1150 3607 1185 3646 a
1205 3594 1536 3655 mortuis,et
1561 3594 1774 3657 ubique
1798 3600 1887 3646 est
1918 3609 2069 3659 pras-

470 3662 696 3715 dicatus
740 3665 928 3726 (Marc.
972 3664 1057 3719 15.
1110 3670 1156 3713 et
1197 3664 1322 3725 16.).
1364 3664 1551 3715 Crevit
1582 3666 1838 3728 potentia
1858 3667 1985 3730 ejus
2008 3668 2067 3718 in

470 3737 638 3797 terra,
665 3740 722 3787 et
750 3736 1048 3801 impletum
1074 3738 1162 3787 est
1184 3736 1339 3799 quod
1364 3736 1631 3787 subditur
1657 3754 1667 3785 :

530 3824 580 3877 4.
621 3824 806 3875 Omnis
857 3831 1000 3875 terra
1037 3826 1219 3875 adoret
1274 3831 1339 3889 te,
1390 3825 1548 3885 Deus,
1594 3830 1640 3874 et
1681 3826 1879 3889 psallat
1924 3827 2021 3877 tibi
2045 3846 2056 3878 :

465 3896 733 3959 psalmum
750 3898 890 3947 dicat
908 3898 1122 3947 nomini
1147 3903 1253 3948 tuo.
1280 3897 1437 3949 Idest
1460 3897 1648 3948 omnis
1664 3899 1893 3962 generis
1911 3902 2060 3949 homo

464 3966 734 4020 habitans
769 3970 830 4021 in
864 3975 1031 4032 terra,
1059 3976 1112 4022 te
1136 3969 1234 4035 qui
1260 3982 1435 4021 verus
1461 3970 1614 4020 Deus
1638 3974 1746 4031 est,
1769 3970 2061 4022 adorando

464 4039 629 4091 colat.
678 4041 931 4093 Adorare
976 4042 1131 4093 enim
1173 4041 1245 4092 ad
1292 4040 1548 4091 divinam
1572 4041 1796 4105 proprie
1816 4042 2062 4106 pertinet

463 4112 598 4173 quia
621 4125 689 4164 ea
701 4113 823 4165 iem
846 4114 989 4164 ﬁdes
1006 4115 1130 4165 sine
1150 4113 1421 4177 operibus
1438 4115 1664 4163 mortua
1675 4117 1766 4163 est
1782 4113 2057 4178 (Jacobﬂ),

462 4188 615 4234 recte
640 4185 903 4236 subditur
929 4185 1028 4235 :Et
1059 4185 1257 4248 psallat
1289 4184 1401 4243 tibi,
1425 4183 1593 4247 idest,
1621 4184 1772 4235 bona
1793 4190 2062 4248 operetur

460 4253 533 4304 ad
558 4255 835 4307 honorem
862 4261 1045 4307 tuum.
1072 4255 1356 4305 Psalmum
1370 4255 1531 4319 dicat,
1550 4255 1701 4306 idest
1715 4255 1925 4307 bonam
1938 4273 2055 4318 ope-

461 4325 741 4378 rationem
766 4327 1035 4390 praadicet
1058 4342 1069 4377 :
1096 4327 1275 4378 ethoc
1297 4339 1413 4377 non
1428 4326 1556 4389 sibi,
1575 4327 1676 4378 sed
1703 4328 1919 4376 nomini
1945 4333 2054 4393 tuo,

460 4396 570 4448 hoc
597 4401 685 4448 est
713 4399 787 4449 ad
826 4398 1056 4449 laudem
1102 4400 1159 4449 et
1190 4398 1428 4461 gloriam
1466 4398 1718 4448 nominis
1768 4399 1866 4449 tui.
1894 4400 2056 4451 Tunc

460 4468 673 4533 quippe
690 4469 899 4521 utiliter
927 4471 1114 4521 Deum
1136 4469 1464 4532 adoramus,
1483 4468 1713 4532 quando
1738 4470 1981 4523 culturae
1998 4471 2057 4521 ﬂ-

457 4538 547 4589 dei
592 4541 810 4593 bonum
835 4555 999 4606 opus,
1026 4541 1086 4593 in
1108 4555 1222 4605 quo
1248 4543 1402 4593 Deus
1434 4540 1761 4604 honoretur,
1778 4541 2052 4607 Iadjungic

457 4622 609 4672 mus,
636 4616 809 4675 atque
833 4613 976 4664 alios
1000 4613 1301 4665 nobiscum
1327 4625 1472 4677 quos
1497 4626 1831 4676 possumus,
1848 4613 1919 4663 ad
1942 4627 2055 4665 ser-

457 4681 699 4733 vitutem
716 4684 817 4734 Dei
844 4685 1019 4735 verbo
1042 4690 1098 4736 et
1121 4684 1382 4749 exemplo
1407 4684 1706 4736 trahimus.
1725 4683 1888 4746 Quod
1901 4684 2054 4737 vidc-
2075 4680 2132 4752 D

457 4756 553 4804 tur
575 4754 666 4805 hic
695 4755 901 4819 facere,
927 4770 1060 4807 cum
1084 4757 1345 4821 protinus
1368 4756 1671 4821 adjungit:

606 4853 784 4904 Venite
819 4858 866 4903 et
889 4854 1052 4904 videte
1075 4870 1239 4917 opera
1263 4855 1377 4919 Dei,
1414 4855 1458 4907 Ο
1482 4856 1684 4919 gentes
1702 4854 1811 4918 (Ea:
1831 4855 2053 4918 Augus-

456 4926 608 4989 tino),
634 4939 667 4977 o
694 4926 909 4978 ultimae
932 4928 1212 4992 nationes,
1229 4927 1530 4990 relinquite
1551 4926 1786 4978 Judaeos
1802 4931 2051 4976 mentien-

456 5001 561 5049 tes.
590 4999 793 5050 Venite
817 4999 1158 5051 conﬂtentes
1194 5016 1205 5048 :
1252 4998 1504 5051 accedite
1529 4998 1799 5061 passibus
1822 4999 2048 5063 mentis,

452 5070 755 5122 affectibus
798 5072 1029 5123 amoris.
1060 5071 1265 5122 Venite
1301 5070 1374 5121 ad
1399 5070 1727 5132 Dominum,
1754 5075 2049 5133 properate

452 5142 524 5193 ad
551 5142 959 5203 ﬁdem,currite
984 5143 1057 5196 ad
1075 5141 1637 5201 Ecclesiam.Videte,
1656 5141 1822 5204 idest,
1836 5141 2050 5193 credite

451 5217 508 5265 et
530 5215 827 5280 intelligite
845 5228 1015 5279 opera
1039 5227 1172 5278 quas
1204 5214 1649 5273 fecitDominus,
1696 5214 1897 5276 quiest
1930 5214 2048 5262 Ter-

450 5285 622 5336 ribilis
634 5289 689 5335 in
703 5289 945 5337 consiliis
958 5303 1118 5350 super
1127 5286 1269 5347 ﬁlios
1282 5285 1589 5335 hominum.
1606 5284 1915 5336 Machinati
1928 5292 2048 5333 sunt

447 5358 557 5421 (Ea:
578 5361 707 5423 cod.)
734 5360 833 5410 filii
857 5360 1156 5411 hominum
1169 5358 1473 5410 consilium
1492 5357 1565 5409 ad
1589 5357 2043 5421 cruciﬂgendum

444 5430 735 5482 Christum
766 5432 940 5495 (Joan.
969 5429 1094 5491 11.).
1128 5431 1449 5481 Cruciﬂxus
1475 5429 1790 5481 exeieeavit
1812 5429 2043 5480 cruciﬂ-

441 5508 662 5566 gentes.
710 5505 828 5554 Vos
873 5503 1183 5553 machinati
1209 5502 1348 5554 estis
1374 5500 1924 5566 consiliaperdendi,
1951 5499 2044 5551 ille

441 5574 773 5626 excaecandi
797 5578 855 5625 et
866 5574 1121 5626 salvandi
1145 5575 1506 5627 :excmcandi
1532 5573 2043 5638 superbos,salvan-

442 5644 499 5695 di
522 5646 792 5698 humiles.
812 5645 899 5697 Ad
914 5646 1021 5697 hoc
1037 5648 1229 5699 autem
1243 5648 1521 5711 superbos
1533 5650 1689 5710 ipsos
1707 5643 2038 5704 excaecavit,

445 5722 510 5767 ut
534 5718 734 5769 caecati
779 5717 1235 5783 humiliarentur,
1283 5719 1571 5770 humiliati
1605 5717 2036 5774 confiterentur,

443 5788 693 5841 confessi
742 5788 1218 5844 illuminarcntur.
1264 5790 1531 5839 Terribilis
1559 5802 1693 5854 ergo
1716 5789 1777 5836 in
1802 5787 2041 5837 consiliis

508 5950 525 5971 ·
549 5941 935 6005 Reposuimus
968 5947 1161 5995 manat
1182 5954 1255 5997 ex
1278 5943 1605 6009 Augustino
1628 5954 1730 6008 pro
1742 5947 1939 5993 manet.

2185 1935 2482 1997 Quomodo
2506 1948 2642 2001 ergo
2666 1935 2908 1988 transiet
2928 1935 3338 1989 delectationes
3362 1950 3552 1988 rerum
3578 1938 3791 2003 peritu-

2184 2009 2404 2058 rarum!
2432 2008 2639 2060 Credat
2665 2008 2726 2059 in
2753 2006 3063 2072 Christum,
3095 2013 3151 2059 et
3172 2007 3268 2059 illo
3292 2009 3437 2060 duce
3463 2009 3523 2059 in
3546 2008 3788 2061 ﬂumine

2183 2080 2555 2143 pertransibit
2579 2080 2740 2144 pede.
2790 2078 2937 2141 Quid
2980 2083 3073 2132 est
3106 2078 3250 2145 pede
3280 2078 3522 2131 transire
3542 2083 3568 2130 ?
3597 2080 3789 2132 Facile

2182 2152 2443 2203 transire.
2471 2153 2598 2203 Non
2621 2153 2830 2215 quaerit
2854 2164 3089 2215 equum,
3106 2154 3451 2204 uttranseat.
3474 2152 3599 2203 Non
3614 2152 3790 2216 erigi-

2185 2225 2278 2274 tur
2299 2223 2565 2287 superbia
2575 2223 2648 2274 ad
2673 2221 3093 2276 transeundum
3110 2223 3341 2274 ﬂumen.
3356 2223 3601 2273 IIumilis
3616 2229 3788 2271 trans-

2178 2292 2241 2354 it,
2267 2299 2325 2345 et
2347 2294 2368 2322 δ
2398 2295 2566 2346 citius
2591 2296 2814 2346 transit.
2839 2297 2960 2347 Hoc
2983 2295 3156 2346 etiam
3176 2293 3345 2357 juxta
3366 2293 3613 2345 litteram
3645 2299 3704 2345 et
3724 2294 3786 2344 in

2180 2366 2360 2417 veteri
2405 2366 2616 2431 populo
2656 2367 2935 2418 Dominus
2969 2366 3133 2418 fecit:
3165 2366 3265 2417 sed
3300 2366 3452 2417 sicut
3470 2364 3784 2429 Apostolus

2179 2437 2319 2488 dicit
2340 2438 2536 2489 omnia
2566 2437 2625 2488 in
2644 2437 2830 2501 ﬂgura
2851 2436 3265 2500 contingebant
3293 2436 3404 2487 illis
3419 2436 3488 2499 (1'
3510 2434 3779 2497 Cor-.10.).

2179 2510 2248 2558 Et
2273 2508 2591 2560 notandum
2606 2508 2761 2572 quod
2776 2521 2893 2561 non
2906 2509 2985 2559 ait
2998 2508 3368 2568 Transibunt,
3386 2507 3485 2558 sed
3501 2508 3784 2556 Pertrans-

2178 2579 2351 2631 ibunt.
2404 2582 2471 2631 In
2507 2580 2744 2632 ﬂumine
2789 2580 2943 2632 enim
2991 2580 3135 2644 pede
3172 2579 3433 2640 transire,
3480 2579 3644 2629 estin
3670 2579 3781 2628 hac

2175 2651 2523 2702 mortalitate
2548 2650 2835 2703 humiliter
2858 2654 2915 2702 et
2939 2651 3271 2715 simpliciter
3294 2649 3542 2702 vivendo
3565 2649 3637 2700 ad
3667 2662 3783 2700 cae-

2174 2720 2343 2773 lestia
2376 2722 2662 2775 festinare.
2690 2724 3037 2774 Pertransire
3073 2735 3223 2781 vero,
3258 2726 3347 2774 est
3371 2734 3601 2773 cursum
3626 2726 3780 2772 recte

2175 2794 2407 2845 vivendi
2435 2796 2581 2846 bene
2607 2795 2905 2847 moriendo
2932 2795 3116 2846 linire.
3143 2794 3528 2845 Pertransibat
3543 2805 3779 2856 quoque

2173 2864 2387 2917 Paulus
2411 2879 2544 2917 cum
2569 2866 2814 2918 diceret:
2834 2868 3057 2917 Bonum
3079 2870 3370 2917 certamen
3394 2864 3627 2925 certavi,
3646 2877 3775 2915 cur-

2176 2949 2309 2988 sum
2333 2939 2757 2998 consummavi,
2784 2938 2956 2989 ﬂdem
2975 2937 3215 2989 servavi.
3234 2938 3316 2988 De
3336 2941 3542 2989 caetero
3561 2939 3777 2997 reposila

2173 3014 2264 3059 est
2292 3009 2432 3060 mihi
2456 3022 2667 3061 corona
2682 3010 2944 3073 justitiaa,
2963 3022 3140 3073 quam
3156 3008 3357 3061 reddet
3370 3008 3512 3059 mihi
3533 3010 3777 3056 Dominus

2172 3080 2233 3131 in
2256 3080 2353 3131 illa
2374 3081 2463 3132 die
2482 3082 2681 3145 justus
2699 3080 2881 3144 judex
2916 3079 2984 3143 (‘2.
3030 3081 3164 3132 Tim.
3191 3080 3281 3143 4.).
3306 3079 3468 3132 Unde
3491 3092 3649 3130 nunc
3673 3090 3777 3142 ap-

2174 3155 2232 3202 te
2265 3152 2534 3203 subditur
2571 3167 2581 3200 :
2617 3152 2698 3201 Ibi
2735 3152 3000 3202 laetabitur
3032 3152 3095 3200 in
3127 3152 3261 3214 ipso.
3298 3152 3403 3201 Hic
3423 3150 3571 3202 enim
3600 3162 3779 3214 super

2173 3224 2415 3275 ﬂumina
2426 3223 2757 3289 Babylonia:
2772 3225 3044 3276 sedemus
3062 3226 3117 3275 et
3133 3222 3423 3287 ploramus
3439 3220 3772 3285 (Psat.136.?,

2173 3299 2230 3346 et
2256 3299 2396 3346 sunt.
2417 3296 2583 3346 nobis
2608 3294 2881 3359 lacrymte
2910 3295 3094 3359 panis,
3111 3294 3250 3345 dum
3268 3293 3475 3344 dicitur
3497 3292 3773 3355 quotidie,

2171 3367 2277 3417 Ubi
2304 3370 2393 3417 est
2418 3368 2574 3417 Deus
2602 3371 2737 3418 tuus
2761 3367 2920 3430 (Psal.
2950 3366 3055 3428 41.)
3073 3369 3099 3416 ‘2
3125 3366 3207 3416 Ibi
3233 3378 3367 3416 vero
3389 3364 3625 3415 ﬂumine
3646 3364 3772 3426 jam

2172 3442 2480 3501 transacto,
2507 3438 2669 3491 ﬁnita
2686 3439 3047 3502 mortalitate,
3074 3442 3298 3499 recepta
3314 3436 3736 3498 incorruptione
3756 3452 3767 3483 :

2169 3508 2244 3565 ibi
2289 3509 2552 3557 laetabitur
2588 3512 2649 3558 in,
2696 3512 2827 3574 ipso,
2874 3511 3042 3570 idest,
3089 3510 3147 3559 in
3172 3511 3290 3560 Deo
3314 3512 3508 3558 nostro
3535 3505 3604 3569 (1.
3640 3506 3765 3556 Cor.

2169 3579 2296 3643 15.).
2327 3582 2487 3631 Tunc
2513 3581 2765 3632 eritvera
2793 3586 2850 3631 et
2872 3582 3121 3645 perfecta
3151 3577 3769 3639 nostralaetitia,quan-

2168 3650 2240 3701 do
2286 3650 2502 3703 similes
2540 3652 2591 3703 ei
2624 3652 2857 3714 erimus,
2890 3658 2945 3704 ct
2975 3651 3302 3703 videbimus
3325 3662 3457 3702 eum
3482 3649 3650 3699 sicuti
3685 3655 3768 3699 est

2166 3721 2234 3786 ('1.
2266 3721 2429 3771 Joan.
2458 3722 2551 3787 3.).

2228 3793 2277 3846 7.
2308 3794 2410 3852 Qui
2434 3795 2753 3843 dominatur
2778 3794 3047 3847 omnibus
3074 3812 3083 3843 :
3112 3797 3169 3846 et
3206 3794 3315 3845 hoc
3339 3793 3398 3841 in
3424 3792 3616 3841 virtute
3639 3807 3760 3851 sua,

2163 3862 2333 3927 idest,
2354 3867 2596 3931 propria,
2623 3867 2683 3914 in
2707 3873 2991 3916 aeternum:
3014 3865 3167 3929 quod
3193 3878 3324 3917 vere
3346 3863 3765 3927 omnipotentia

2163 3940 2271 3998 est,
2296 3941 2352 3987 et
2376 3937 2449 3987 ad
2472 3938 2660 3988 solum
2682 3938 2927 4002 pertinet
2952 3940 3148 3988 Deum.
3178 3937 3322 3998 Quia
3346 3935 3445 3999 qui
3468 3934 3764 3986 dominan-

2165 4011 2261 4058 tur
2301 4007 2357 4058 in
2395 4007 2503 4059 hoc
2548 4009 2786 4073 mundo,
2820 4022 3005 4072 neque
3025 4009 3086 4059 in
3110 4008 3325 4059 virtute
3349 4019 3469 4068 sua,
3508 4005 3609 4055 sed
3633 4005 3757 4064 Dei,

2160 4091 2347 4142 neque
2374 4079 2432 4130 in
2458 4084 2760 4145 aeternum,
2788 4081 2888 4131 sed
2902 4078 3686 4144 temporaliterdominantur.
3704 4077 3760 4128 Si

2160 4150 2310 4201 enim
2337 4156 2554 4203 aeterna
2578 4157 2733 4203 esset
2755 4153 2936 4204 virtus
2961 4157 3175 4213 nostra,
3205 4162 3319 4202 non
3335 4148 3478 4213 lapsi
3495 4160 3763 4200 essemus

2159 4220 2218 4271 in
2244 4227 2562 4288 peceatum,
2600 4236 2707 4274 nec
2732 4222 3018 4287 pmnalem
3053 4222 3470 4274 meruissemus
3494 4223 3756 4270 mortem.

2158 4292 2263 4342 Per
2306 4305 2414 4343 nos
2448 4306 2585 4358 ergo
2616 4294 2905 4360 inﬁrmati,
2949 4294 3050 4345 sed
3084 4306 3184 4358 per
3222 4305 3353 4343 eum
3404 4291 3577 4342 fortes
3604 4290 3756 4353 facti,

2158 4363 2256 4426 qui
2287 4364 2615 4416 dominatur
2639 4365 2698 4416 in
2728 4367 2937 4418 virtute
2969 4378 3075 4417 sua
3112 4366 3173 4416 in
3196 4367 3475 4416 aeternum
3501 4376 3513 4412 :
3540 4361 3757 4412 erimus

2157 4435 2460 4500 participes
2494 4437 2722 4489 virtutis
2747 4440 2875 4501 ejus
2892 4450 2991 4503 per
3004 4438 3214 4501 ipsum.
3233 4435 3395 4498 Quod
3408 4446 3525 4485 non
3541 4433 3759 4483 nostris

2155 4506 2394 4571 meritis,
2413 4508 2512 4559 sed
2525 4508 2914 4560 misericordia
2926 4511 2973 4573 ej
2984 4522 3054 4560 us
3067 4513 3259 4559 actum
3278 4505 3618 4567 ostenditur,
3636 4519 3755 4552 cum

2156 4577 2509 4630 subiul‘ertur
2533 4594 2545 4630 :
2576 4579 2728 4629 Oculi
2752 4582 2864 4644 ejus
2886 4596 3050 4645 super
3068 4585 3240 4644 gentes
3264 4578 3569 4640 respiciunt.
3589 4576 3754 4637 Quod

2154 4648 2307 4700 enim
2342 4650 2631 4713 gentilitas
2660 4652 2919 4709 credidit,
2945 4653 3159 4703 divinae
3202 4647 3607 4700 misericordiae
3630 4658 3751 4697 res-

2154 4725 2358 4783 pectus
2388 4723 2523 4786 egit,
2551 4734 2680 4784 qum
2707 4735 2840 4774 cum
2871 4724 3129 4787 eligitur,
3169 4721 3373 4773 Judaea
3399 4718 3752 4783 reprobatur.

2153 4791 2318 4844 Unde
2347 4798 2404 4845 et
2429 4794 2650 4845 subdit:
2673 4795 2777 4853 Qui
2796 4800 3119 4858 exasperant
3142 4808 3255 4842 non
3278 4791 3579 4840 exaltentur
3603 4790 3661 4837 in
3673 4803 3753 4837 sc-

2153 4865 2404 4929 metipsis.
2424 4867 3138 4930 ExasperitasJudmorum
3159 4865 3268 4916 fuit
3287 4860 3750 4928 ipsaintidelitasg

2151 4934 2261 4986 fuit
2283 4936 2569 5000 superbia,
2595 4937 2677 4988 ira
2699 4949 2927 5000 quoque
2952 4941 3007 4987 et
3026 4935 3242 4986 invidia
3285 4952 3297 4982 :
3333 4933 3565 4984 fuerunt
3587 4934 3752 4995 pravi

2151 5018 2359 5077 mores,
2387 5012 2444 5058 et
2469 5007 3059 5077 verbainerepationis
3075 5011 3133 5058 et
3153 5003 3526 5077 blasphemiae
3542 5001 3753 5077 adverg

2154 5074 2575 5130 sus'Christum
2605 5084 2661 5129 et
2685 5076 3016 5130 Ecclesium.
3045 5078 3151 5140 Qui
3175 5076 3444 5140 quoniam
3466 5074 3525 5125 in
3548 5075 3753 5125 semet-

2149 5148 2290 5212 ipsis
2319 5150 2449 5200 elati
2474 5151 2723 5213 fuerunt,
2742 5163 2860 5202 non
2884 5149 3143 5211 exaltari,
3166 5147 3267 5198 sed
3291 5146 3422 5197 duci
3447 5158 3480 5197 a
3502 5144 3749 5196 Domino

2149 5226 2500 5273 meruerunt.
2546 5223 2719 5282 Quasi
2763 5222 3130 5273 maledixisse
3172 5218 3413 5277 videtur,
3458 5229 3591 5267 cum
3646 5217 3745 5275 ait,

2147 5292 2275 5342 Non
2302 5294 2621 5342 comitentur.
2650 5295 2770 5344 Imo
2796 5293 2905 5357 (Ex
2928 5292 3251 5356 Augustino)
3281 5288 3623 5347 exaltentur,
3642 5288 3746 5338 sed

2147 5378 2263 5417 non
2287 5366 2345 5414 in
2368 5366 2676 5429 semetipsis,
2704 5364 3079 5415 humilientur
3103 5363 3163 5413 in
3175 5360 3397 5425 seipsis,
3416 5359 3745 5411 exaltentur

2145 5437 2208 5489 in
2252 5439 2387 5488 Deo.
2427 5437 2707 5499 Quoniam
2740 5436 2840 5500 qui
2885 5448 2947 5488 se
2981 5435 3263 5491 humiliat,
3291 5432 3660 5484 exaltabitur:
3688 5436 3747 5481 et

2147 5509 2247 5572 qui
2270 5522 2331 5559 se
2355 5507 2588 5570 exaltat,
2608 5507 3157 5569 humiliaibiturtLue.
3185 5502 3310 5567 17.).
3332 5503 3585 5566 Cognitis
3614 5502 3742 5552 istis

2146 5581 2415 5643 operibus
2458 5583 2633 5642 atque
2677 5578 2924 5642 acceptis
2950 5578 3126 5629 tantis
3160 5574 3447 5628 beneficiis
3470 5575 3746 5626 admonet

2143 5652 2214 5702 ad
2246 5653 2432 5701 Deum
2472 5650 2947 5713 benedicendum,
2974 5653 3031 5701 et
3056 5650 3211 5712 dicit,

2207 5722 2257 5775 8.
2299 5722 2594 5771 Bcnedicitc
2612 5728 2785 5785 gentes
2808 5723 2979 5770 Deum
3009 5726 3273 5771 nostrum.
3300 5723 3428 5772 Jam
3467 5719 3574 5781 (ιιω
3601 5718 3740 5777 cod.)

2141 5796 2299 5847 venit
2324 5807 2522 5847 semen
2552 5793 2818 5857 Abrahm,
2844 5793 2905 5844 in
2949 5805 3063 5856 quo
3099 5792 3513 5844 benedicentur
3536 5801 3739 5842 omnes

2203 5939 2224 5969 δ
2258 5938 2427 6004 Apud
2450 5937 2845 6004 Augustinum
2875 5938 3060 5990 tutius.
