3884 6392
60 407 164 464 905

1066 411 1139 462 IN
1175 378 1497 464 psALmos
1530 410 1738 464 Lxxv
1771 410 2357 465 COMMENTARIUS.

3263 416 3367 474 906

54 526 278 603 Gentes
292 522 443 601 (Gen.
463 520 600 603 2.2.),
622 523 947 603 Benedicite
975 536 1111 603 ergo
1136 524 1335 603 inuquo
1356 526 1660 603 ben‘edice-
1680 530 1733 603 Α
1755 541 1853 576 nos
1876 527 1934 575 in
1962 526 2341 603 refrigerium:
2361 525 2516 603 Ignis
2550 526 2659 603 (Ea:
2693 527 2847 603 eod.),
2884 533 2939 580 et
2962 541 3115 603 aqua
3138 533 3365 585 utrum-

52 594 209 645 mini.
232 593 496 656 Nam'qui
511 592 561 643 ei
589 592 961 656 benedixerit,
984 596 1090 646 erit
1110 602 1166 646 et
1191 595 1283 647 ille
1300 598 1655 648 benedictus.

55 666 254 728 Neque
285 664 442 716 enim
487 663 616 714 ideo
654 665 928 723 jubemur
979 666 1313 718 benedicere
1354 670 1555 729 Deum,
1594 674 1658 720 ut

49 741 253 787 nostra
277 734 602 787 benedictio
618 734 936 798 quidquam
952 737 1207 788 conferat
1224 740 1361 801 Deo,
1376 740 1473 802 qui
1493 741 1659 791 bono-

52 820 180 858 rum
201 810 534 858 nostrorum
559 819 677 857 non
701 806 923 870 indiget
949 808 1107 871 (Psat.
1124 807 1226 871 '15.)
1249 824 1261 872 ;
1290 811 1389 860 sed
1414 811 1541 861 ideo
1562 813 1659 861 be-

48 878 314 929 nedicere
361 877 743 941 prmcipimur,
776 884 842 929 ut
866 891 939 929 ex
971 880 1181 931 aliectu
1214 878 1388 947 322
1418 881 1653 933 benedi-

50 948 219 1001 cendi
242 949 488 1014 gratiam
513 951 637 1011 ejus
662 961 837 1012 quem
865 951 1277 1011 benedicimus,
1306 966 1654 1005 mereamur:

48 1024 105 1071 et
127 1020 213 1071 sic
236 1021 364 1083 ipsa
377 1020 707 1072 benedictio
743 1021 802 1072 in
836 1034 943 1072 nos
968 1027 1380 1085 retorqueatur.
1410 1024 1659 1075 Pertinet

50 1102 283 1154 quoque
298 1090 372 1143 ad
390 1091 724 1154 religionem
748 1095 1007 1144 nostram
1028 1098 1085 1144 et
1108 1093 1237 1144 ﬁdei
1256 1094 1541 1145 culturam
1561 1102 1656 1143 toto

49 1162 236 1225 corde,
262 1166 384 1213 toto
408 1162 616 1214 aﬁ‘ectu
634 1164 814 1214 Deum
839 1168 1105 1214 nostrum
1131 1164 1484 1229 benedicere,
1508 1178 1657 1230 pra:-

48 1230 257 1295 dicare,
281 1232 533 1284 laudare.
561 1233 694 1286 Ideo
719 1234 910 1285 adhuc
932 1235 1125 1286 subdit
1152 1249 1164 1285 :
1191 1236 1257 1283 Et
1281 1236 1534 1284 auditum
1569 1237 1660 1298 fu-

48 1304 142 1352 cite
156 1318 333 1353 vocem
347 1303 528 1353 taudis
544 1305 676 1367 ejus.
692 1306 817 1356 Non
835 1306 1023 1357 solum
1035 1306 1187 1369 apud
1203 1319 1303 1357 vos
1317 1307 1475 1371 ipsos
1490 1310 1656 1369 ipsum

47 1374 300 1436 laudate,
329 1374 432 1427 sed
457 1376 630 1427 etiam
653 1389 857 1428 vocem
884 1376 1074 1428 laudis
1098 1378 1228 1441 ejus
1248 1377 1377 1429 aliis
1401 1380 1658 1430 auditam

48 1445 218 1498 facite
260 1451 322 1498 et
365 1446 691 1511 praedicata.
719 1449 809 1499 Sic
838 1448 1159 1501 benedicite
1184 1450 1372 1502 Deum
1395 1450 1455 1501 in
1477 1451 1657 1513 vobis,

51 1520 113 1568 ut
136 1522 197 1568 et
218 1517 346 1569 aliis
371 1518 740 1582 praedicando
761 1520 1142 1582 annuntietis,

110 1587 161 1642 9.
180 1591 313 1654 Ipse
335 1591 589 1642 estenim
606 1591 703 1654 qui
722 1590 903 1654 posuit
925 1592 1177 1641 animam
1189 1606 1367 1641 meam
1389 1592 1461 1641 ad
1470 1592 1659 1642 vitam.

50 1662 206 1713 Deus
228 1659 304 1712 ad
320 1662 503 1713 vitam
525 1662 750 1714 animas
776 1667 1007 1714 nostras
1032 1663 1241 1725 posuit,
1267 1664 1402 1727 quia
1422 1676 1456 1716 a
1477 1668 1659 1715 morte

49 1733 339 1784 redemtas
377 1746 476 1797 per
511 1734 688 1786 ﬁnem
722 1735 1058 1787 viviﬁcavit.
1086 1737 1238 1787 Mors
1262 1736 1321 1786 in
1346 1736 1514 1787 nobis
1542 1736 1661 1787 vita

46 1805 105 1855 in
130 1806 268 1856 Deo.
294 1805 595 1866 Quomodo
632 1806 977 1870 quibusdam
1012 1806 1380 1858 credentibus
1403 1807 1483 1858 ait
1510 1809 1660 1871 Apo-

50 1875 260 1927 stolus:
277 1876 495 1929 Fuistis
510 1875 818 1940 aliquando
834 1878 1106 1942 tenebras,
1121 1891 1274 1929 nunc
1289 1883 1483 1930 autem
1496 1880 1584 1927 lux
1603 1882 1654 1926 in

47 1947 297 2000 Domino
337 1948 549 2012 (Ephcs.
577 1950 665 2009 5.).
692 1948 803 2000 Sed
827 1948 964 2011 quid
995 1948 1201 2001 deinde
1227 1963 1373 2014 opus
1412 1954 1518 2013 est,
1545 1949 1656 2000 nisi

48 2022 113 2069 ut
132 2030 577 2081 perseveremus
598 2032 788 2083 usque
804 2019 863 2070 in
884 2019 1401 2083 ﬁnem(Matth.‘24.)
1420 2024 1447 2069 εἲ
1472 2025 1529 2071 et
1552 2021 1655 2070 hoc

46 2089 169 2153 ipse
191 2089 371 2153 dedit,
411 2089 482 2141 de
523 2102 639 2153 quo
673 2096 1093 2154 consequenter
1114 2092 1194 2143 ait
1217 2106 1230 2142 :
1257 2092 1361 2150 Qui
1386 2107 1493 2140 non
1516 2092 1657 2140 dedit

50 2162 105 2209 in
119 2161 531 2210 commotionem
543 2162 699 2225 pedes
715 2176 873 2212 meos.
894 2163 997 2220 Qui
1008 2163 1185 2226 posuit
1202 2163 1454 2211 animam
1480 2177 1656 2211 meam

47 2232 118 2279 ad
162 2230 351 2293 vitam,
387 2231 512 2296 ipse
545 2232 691 2296 regit
724 2232 898 2296 pedes
939 2245 1121 2296 meos,
1147 2246 1219 2285 ne
1252 2236 1483 2296 nutent,
1521 2246 1594 2285 ne
1622 2245 1657 2284 a

51 2302 199 2354 bono
227 2307 397 2366 cepto
428 2302 566 2354 boni
604 2308 947 2355 moveantur
977 2305 1234 2355 atfectus.
1271 2306 1455 2365 Quare
1489 2304 1656 2366 dicis,

50 2372 195 2434 Quia
225 2384 347 2424 non
373 2372 532 2427 dedit
560 2373 621 2423 in
651 2379 874 2425 motum
903 2374 1078 2438 pedes
1102 2376 1273 2425 tuos?
1299 2373 1477 2425 Multa
1499 2374 1653 2425 enim

51 2444 271 2507 (inquit)
299 2444 454 2508 passi
486 2457 709 2496 sumus.

110 2515 196 2570 10.
236 2515 513 2574 Quoniam
532 2516 772 2581 probasti
801 2530 917 2576 nos,
937 2516 1096 2579 Deus,
1120 2514 1292 2579 idest,
1317 2516 1484 2568 nobis
1514 2516 1656 2579 ipsis

50 2591 103 2639 et
124 2586 254 2638 aliis
281 2588 552 2651 probatos
575 2587 895 2639 ostendisti.
919 2591 1054 2650 Igne
1068 2602 1167 2636 nos
1178 2587 1661 2637 examinaslisicut

48 2659 409 2707 emaminatur
431 2664 737 2723 argentum.
761 2658 865 2711 Vel
881 2658 1162 2711 materiaii
1177 2659 1326 2724 igne,
1342 2660 1492 2709 sicut
1510 2660 1660 2710 Lau-’

48 2729 335 2781 rentium:
386 2729 479 2782 vel
514 2730 667 2795 igne,
696 2730 866 2793 idest,
903 2742 1269 2793 quacumque
1295 2730 1657 2781 tribulatione

48 2813 162 2853 non
186 2801 461 2853 cremasti
484 2814 610 2865 nos,
637 2802 788 2853 sicut
812 2802 1033 2853 fenum:
1064 2802 1164 2853 sed
1191 2802 1465 2866 purgasli,
1507 2801 1657 2852 sicut

48 2877 374 2936 argentum.
408 2872 752 2924 Adhibenda
776 2874 943 2924 nobis
966 2873 1073 2934 (Ex
1105 2873 1270 2935 Aug.)
1299 2873 1507 2936 ignem,
1540 2885 1655 2923 non

49 2944 105 2994 in
126 2944 382 2995 cinerem
404 2944 741 2995 convertisti
766 2958 779 2994 :
808 2944 911 2995 sed
929 2944 1128 2995 sordes
1154 2954 1171 2973 ·
1195 2943 1502 2995 abstulisti.
1523 2945 1657 2993 Pro-

50 3015 144 3065 bat
185 3015 472 3067 Dominus
509 3020 743 3067 sanctos
782 3028 942 3078 suos,
967 3018 1026 3066 et
1049 3014 1489 3067 tribulationum
1523 3014 1656 3079 igne

50 3086 371 3138 examinat:
394 3092 459 3138 ut
479 3087 552 3137 ab
574 3088 730 3138 omni
756 3091 982 3138 terrena
1004 3086 1172 3138 sorde
1197 3092 1251 3138 et
1270 3086 1458 3137 carnis
1470 3085 1656 3137 delec-

51 3158 262 3210 Latione
284 3157 659 3210 mundentur.
672 3159 874 3211 Carnis
897 3162 1091 3210 autem
1112 3159 1493 3209 oblectamina
1505 3157 1654 3208 mul-
1690 3188 1701 3202 .

46 3234 165 3282 tum
187 3230 250 3281 in
273 3229 535 3282 adversis
559 3230 853 3282 deﬁciunt.
870 3233 939 3282 Et
952 3230 1191 3295 exponit
1205 3243 1304 3294 per
1316 3234 1506 3295 partes
1519 3233 1653 3290 ipsas

44 3301 521 3364 examinationes,
543 3315 675 3353 cum
701 3301 1003 3366 subjungit
1036 3315 1050 3352 :

1756 610 1869 660 que
1914 597 2299 662 periculosum
2328 596 2388 648 in
2428 597 2537 647 hac
2576 598 2713 649 vita.
2759 600 2919 650 Certe
2962 602 3190 654 videtur
3214 618 3363 668 aqua

1756 668 1950 732 ignem
1973 672 2329 733 extinguere,
2368 673 2424 719 et
2452 669 2605 732 ignis
2629 668 2850 721 videtur
2877 682 3088 734 aquam
3128 676 3361 727 siccare.

1759 750 1776 770 ⁸
1801 743 1936 792 Istas
1975 742 2117 805 ipsa:
2148 741 2493 792 tentationes
2529 745 2684 803 sunt,
2715 742 2926 804 quibus
2950 745 3211 798 abundat
3233 746 3360 799 haec

1760 813 1895 866 vita.
1920 815 2080 877 Ignis
2103 814 2233 876 urit,
2258 826 2409 876 aqua
2433 815 2763 879 corrumpit,
2782 818 3103 881 Utrumque
3133 828 3365 869 metuen-

1758 884 1897 936 dum
1922 890 2030 944 est,
2049 886 2270 936 etustio
2294 886 2694 947 tribulationis,
2715 892 2773 938 et
2788 900 2938 950 aqua
2954 892 3358 954 corruptionis.

1760 956 2000 1018 Quando
2026 960 2164 1007 sunt
2186 969 2279 1008 res
2299 961 2583 1021 angustae,
2599 958 2874 1022 etaliqua,
2889 961 3360 1023 quaeinfmlicitas

1758 1028 1969 1079 dicitur
1988 1029 2047 1078 in
2072 1028 2178 1079 hoc
2210 1028 2445 1091 mundo,
2491 1030 2657 1091 quasi
2680 1030 2828 1091 ignis
2854 1037 2960 1082 est.
3006 1034 3246 1095 Quando
3268 1048 3359 1087 res

1759 1103 1899 1149 sunt
1919 1111 2225 1162 prosperm,
2251 1103 2309 1150 et
2332 1099 2687 1150 abundantia
2703 1101 2975 1152 secularis
2996 1105 3359 1169 circumfluit,

1760 1170 1926 1231 quasi
1963 1182 2115 1232 aqua
2153 1174 2257 1220 est.
2285 1170 2428 1221 Vide
2448 1183 2520 1221 ne
2548 1175 2604 1221 te
2629 1171 2777 1233 ignis
2802 1178 3022 1236 exurat,
3047 1188 3117 1225 ne
3136 1181 3189 1226 te
3212 1189 3361 1240 aqua

1760 1246 2103 1304 corrumpat.
2140 1241 2365 1291 Firmus
2388 1246 2514 1292 esto
2549 1241 2834 1292 adversus
2862 1244 3074 1307 ignem,
3100 1247 3270 1309 coqui
3304 1253 3359 1299 te

1760 1317 1982 1377 oportet
2018 1329 2031 1366 :
2079 1318 2356 1377 tanquam
2394 1326 2498 1365 vas
2522 1313 2737 1364 factum
2763 1314 3003 1377 [ﬁctum]
3028 1318 3273 1369 mitteris
3296 1320 3353 1369 in

1762 1385 2069 1448 fornacem,
2094 1391 2161 1437 ut
2191 1386 2463 1448 llrmetur,
2479 1384 2635 1448 quod
2654 1384 2961 1437 formatum
2976 1392 3079 1439 est.
3096 1390 3212 1441 Vas
3226 1404 3359 1455 ergo

1759 1455 1893 1519 igne
1915 1456 2209 1507 ﬁrmatum
2231 1468 2445 1520 aquam
2468 1468 2586 1506 non
2612 1455 2791 1507 timet.
2815 1459 2929 1507 Vas
2943 1471 3075 1522 ergo
3088 1460 3137 1510 si
3152 1461 3347 1513 solida-

1762 1531 1887 1577 tum
1905 1526 2036 1590 igne
2058 1540 2176 1578 non
2189 1526 2375 1590 fuerit,
2395 1531 2670 1590 tanquam
2692 1526 2926 1579 lutuma
2951 1541 3065 1591 qua
3080 1531 3354 1584 solvetur.

1760 1598 1948 1649 Prima
1989 1598 2164 1661 igitur
2186 1598 2310 1649 vice
2336 1598 2504 1661 ignis.
2532 1600 2735 1649 Postea
2770 1598 2961 1650 ablato
2992 1601 3211 1665 timore,
3240 1616 3359 1653 me-

1760 1667 2041 1720 tuendum
2075 1670 2165 1719 est
2185 1682 2258 1719 ne
2282 1668 2522 1720 felicitas
2541 1674 2883 1733 corrumpat.
2909 1672 3052 1721 Cum
3083 1677 3279 1724 autem
3304 1679 3358 1725 te

1758 1736 1911 1803 ignis
1955 1751 2185 1802 crepare
2230 1752 2348 1790 non
2396 1739 2606 1801 fecerit,
2651 1743 2709 1790 et
2741 1739 2799 1790 in
2836 1752 3049 1803 aquam
3071 1754 3187 1793 non
3208 1757 3358 1795 mer-

1758 1810 1925 1874 geris,
1961 1810 2065 1860 sed
2095 1809 2417 1862 enataveris
2440 1823 2540 1874 per
2560 1809 2941 1873 disciplinam,
2973 1813 3260 1865 transiens
3285 1816 3357 1867 ad

1683 1903 1736 1977 B
1757 1881 2827 1977 essentmissi.infectae?
2849 1884 3359 1977 assesasses

1754 1952 1815 2002 in
1840 1952 2196 2016 refrigerium
2234 1954 2671 2015 sempiternum.
2719 1952 2977 2002 Eduxisti
3014 1955 3254 2019 (inquit),
3302 1958 3360 2009 id

1756 2028 1864 2085 est,
1911 2023 2160 2075 educes:
2187 2023 2545 2088 prasteritum
2592 2022 2749 2074 enim
2792 2025 2989 2088 posuit
3024 2038 3122 2089 pro
3146 2027 3358 2081 futuro.

1756 2095 1999 2159 Spiritus
2042 2096 2198 2147 enim
2236 2094 2552 2159 prophetia:
2591 2094 2677 2146 sic
2709 2096 2867 2147 novit
2891 2095 3101 2160 futura,
3127 2102 3192 2150 ut
3213 2112 3362 2163 prae-

1756 2165 1937 2218 terita.
1962 2165 2182 2219 Deinde
2206 2165 2510 2217 transactis
2544 2164 3028 2231 tribulationibus,
3060 2169 3198 2231 quid
3220 2169 3363 2222 ﬁat?

1755 2237 2015 2300 sequitur
2038 2252 2051 2287 :

1818 2307 1903 2362 13.
1950 2306 2194 2357 Introibo
2229 2308 2290 2356 in
2314 2308 2538 2357 domum
2576 2314 2746 2366 tuam,
2772 2321 2891 2359 non
2925 2320 3101 2360 manu
3124 2309 3353 2376 factam,

1753 2377 1811 2429 id
1856 2383 1963 2440 est,
2008 2378 2319 2431 cmlestem.
2364 2379 2431 2427 In
2477 2378 2818 2443 holocaustis,
2843 2378 2901 2429 id
2929 2382 3352 2440 est,omnicor-

1754 2448 2126 2513 ruptibilitate
2156 2451 2657 2501 consumta.Tunc
2686 2450 2839 2501 enim
2856 2450 2954 2501 ﬁet
2976 2450 3225 2514 perfecte
3256 2454 3359 2505 ho-

1754 2521 2107 2584 locaustum,
2124 2520 2356 2585 quando
2383 2520 2749 2585 corruptibile
2771 2520 2878 2572 hoc
2902 2520 3152 2573 induerit
3172 2523 3355 2575 incor-

1754 2593 2100 2657 ruptionem,
2147 2597 2203 2644 et
2227 2592 2466 2644 mortale
2489 2593 2598 2644 hoc
2625 2591 2897 2643 induetur
2932 2592 3359 2647 immortalitate

1756 2662 1824 2727 (1.
1873 2663 1993 2715 Cor.
2048 2662 2174 2725 15.).
2221 2665 2384 2715 Tunc
2406 2664 2568 2714 ﬁeret
2588 2675 2794 2721 sermo,
2827 2663 2926 2725 qui
2959 2663 3205 2728 scriptus
3226 2671 3357 2726 est;

1754 2735 2040 2799 Absorpta
2072 2738 2161 2786 est
2184 2747 2341 2786 mors
2364 2735 2426 2786 in
2458 2735 2695 2785 victoria
2727 2734 2884 2795 (Osee.
2934 2732 3059 2796 i3.)-
3111 2736 3359 2789 Victoria

1754 2805 1920 2869 quasi
1949 2806 2103 2870 ignis
2146 2805 2386 2858 divinus
2411 2808 2517 2867 est,
2544 2818 2680 2855 cum
2702 2805 2975 2856 absorbet
2996 2811 3240 2859 mortem
3259 2821 3362 2860 no-

1756 2880 1952 2927 stram.
1982 2879 2125 2928 Tota
2142 2889 2337 2927 meum
2365 2879 2677 2927 consumat
2698 2875 2848 2938 ignis
2867 2880 3017 2927 tuus.
3036 2877 3186 2928 Nihil
3206 2879 3357 2931 enim

1754 2953 2050 2999 remaneat
2069 2947 2235 2999 mihi:
2254 2951 2445 2998 totum
2466 2947 2540 2997 sit
2564 2946 2683 2997 tibi.
2711 2945 2843 2997 Tale
2865 2945 3271 3000 holocaustum
3286 2952 3360 3001 ot-

1755 3016 1898 3068 feret
1944 3018 2155 3070 Christi
2198 3030 2427 3081 corpus,
2466 3016 2524 3068 id
2567 3021 2656 3068 est
2701 3016 2806 3079 (Ea:
2852 3016 3034 3079 Aug.),
3087 3018 3356 3081 Ecclesia,

1754 3100 1887 3150 quas
1940 3088 2034 3139 hic
2078 3088 2348 3152 loquitur.
2385 3087 2803 3139 Holocaustum
2847 3091 3041 3139 autem
3065 3092 3247 3141 totum
3271 3092 3360 3142 in-

1754 3172 1998 3211 censum
2024 3160 2248 3219 dicitur,
2281 3158 2512 3224 quando
2538 3163 2724 3211 totum
2750 3158 2912 3210 ardet
2935 3159 3251 3225 atqueigne
3275 3162 3355 3213 di-

1755 3231 1891 3281 vino
1905 3236 2089 3282 totum
2119 3231 2460 3282 absumitur.
2481 3231 2608 3281 Non
2632 3230 2951 3281 remanebit
2969 3229 3186 3294 aliquid
3206 3245 3357 3283 mor-

1676 3317 1725 3391 ρ
1749 3301 2165 3391 :t‘alejtn‘carne,
2201 3314 2391 3366 neque
2406 3300 2625 3365 aliquid
2648 3299 2929 3365 culpabile
2952 3301 3012 3351 in
3043 3301 3264 3366 spiritu.
3296 3306 3359 3355 In

100 3372 185 3426 11.
206 3372 486 3422 lnduxisti
504 3387 599 3421 nos
624 3372 685 3421 in
725 3373 1002 3438 laqueum,
1025 3370 1254 3438 posuisti
1279 3370 1649 3421 tribulationes
1677 3370 1725 3391 υ
1748 3370 1845 3424 illa
1868 3373 2039 3425 domo
2064 3388 2076 3424 :

43 3443 96 3491 in
120 3448 282 3494 dorso
307 3450 488 3493 nostro
515 3460 525 3492 :
559 3442 866 3508 [Vers.1‘2.]
888 3443 1194 3508 imposuisti
1222 3441 1467 3492 homines
1488 3458 1649 3507 super

40 3516 213 3579 capita
228 3520 438 3566 nostra.
466 3516 762 3579 Laqueum
787 3514 927 3566 dicit
954 3514 1203 3576 vincula,
1228 3527 1501 3578 carceres,
1526 3514 1646 3566 sive

42 3586 327 3647 quaslibet
350 3585 716 3638 tentationes.
733 3588 858 3637 Non
870 3588 1065 3638 autem
1079 3584 1518 3649 intelligendum
1536 3590 1643 3650 est,

40 3657 355 3708 utinducat
377 3669 731 3720 quemquam
771 3659 929 3708 Deus
952 3658 1013 3708 in
1036 3657 1309 3721 laqueum
1346 3657 1642 3721 (quiaipse

38 3734 116 3779 cst
147 3729 471 3780 intentator
492 3732 772 3780 malorum
800 3729 995 3794 [Jacob.
1028 3728 1263 3792 ‘l.J),sed
1287 3729 1454 3792 quasi
1477 3729 1641 3780 indu-

34 3801 121 3864 cit,
145 3812 284 3852 cum
305 3800 511 3852 induci
532 3801 828 3864 permittit.
854 3801 1016 3854 Unde
1040 3803 1096 3851 in
1123 3800 1380 3851 oratione
1397 3802 1639 3850 dicimus:

35 3872 96 3921 Et
123 3884 197 3923 ne
222 3884 331 3923 nos
353 3870 597 3923 inducas
627 3871 688 3922 in
712 3872 1087 3923 tentationem
1111 3870 1327 3930 (Matth.
1366 3868 1457 3933 6.),
1472 3870 1638 3932 idest,

34 3954 100 3993 ne
128 3955 239 3993 nos
260 3941 462 3993 induci
488 3943 802 4007 permittas.
839 3944 1044 3996 Utrum
1068 3946 1261 3994 autem
1280 3954 1454 4005 super
1468 3953 1638 3993 sanc-

34 4018 224 4066 torum
245 4014 487 4067 dorsum
515 4013 998 4066 tribulationesim
1006 4018 1312 4078 ponantur,
1330 4015 1539 4065 Paulum
1557 4016 1640 4061 in-

37 4089 277 4150 terroga.
301 4087 429 4137 Non
445 4084 600 4137 enim
617 4086 957 4150 quienquies
975 4085 1374 4149 quadragenas
1385 4098 1535 4133 unam
1549 4088 1639 4132 mi-

34 4169 140 4209 nus
164 4170 232 4210 se
260 4169 296 4209 a
317 4156 539 4209 Judaeis
562 4158 853 4223 accepisse
878 4156 1085 4209 celabit
1115 4155 1181 4221 (2.
1222 4157 1341 4207 Cor.
1367 4155 1490 4218 11.).
1521 4158 1638 4207 Ilo-

35 4228 216 4281 mines
238 4232 437 4281 autem
466 4241 639 4293 super
649 4241 850 4281 eorum
865 4229 1052 4292 capita
1069 4227 1319 4292 impositi
1337 4230 1515 4290 erant,
1534 4229 1632 4289 qui

34 4301 109 4351 eis
142 4300 615 4363 dominabantur,
642 4300 704 4353 in
730 4304 961 4352 tantum
995 4303 1064 4351 ut
1099 4297 1371 4362 capitales
1395 4302 1635 4362 possent

35 4371 161 4424 dare
208 4372 549 4424 sententias.
587 4374 726 4424 Hac
747 4377 942 4423 autem
965 4370 1159 4422 omnia
1185 4369 1288 4433 (Ea:
1307 4370 1629 4433 Augustino)

32 4455 198 4506 passa
222 4447 313 4495 est
336 4443 771 4495 Ecclesiavariis
788 4442 1103 4494 etdiversis
1115 4440 1628 4505 persecutionibus.

35 4516 147 4566 Hoc
194 4518 256 4567 et
302 4513 636 4578 singillatim
676 4516 849 4566 etiam
873 4512 1041 4565 modo
1067 4512 1295 4577 patitur.
1324 4514 1448 4563 Non
1476 4514 1629 4564 enim

33 4587 341 4649 quisquam
374 4590 481 4649 est,
506 4585 606 4649 qui
631 4598 692 4636 se
717 4585 778 4637 in
795 4586 901 4637 hac
924 4586 1040 4636 vita
1058 4585 1131 4636 ab
1160 4583 1251 4634 his
1278 4586 1636 4633 tentationibus

32 4659 215 4720 possit
237 4656 432 4709 dicere
454 4658 794 4708 immunem.
824 4657 971 4719 Ergo
993 4656 1372 4720 imponuntur
1390 4656 1447 4706 et
1457 4654 1635 4706 homi-

32 4741 124 4762 nm:
153 4741 335 4762 cunam
356 4727 537 4762 nnniln
565 4732 755 4762 nnc.po
806 4727 1140 4762 Tnlnrnmna
1170 4739 1315 4762 nunc
1341 4726 1611 4762 nnlnmnq
1658 4689 1711 4762 D

32 4741 126 4780 nes
153 4741 335 4793 super
356 4727 544 4792 capita
565 4732 778 4780 nostra.
806 4727 1140 4779 Toleramus
1170 4739 1317 4791 quos
1340 4726 1631 4778 nolumus.

32 4800 282 4853 Patimur
298 4799 621 4863 superiores
646 4798 973 4863 aliquando,
988 4812 1143 4863 quos
1176 4798 1449 4851 novimus
1479 4800 1630 4863 pejo-

32 4883 130 4923 res.
159 4870 349 4923 Erecti
374 4870 529 4922 enim
552 4871 702 4923 male
735 4870 967 4934 superbi
992 4882 1240 4921 eramus.
1275 4867 1418 4920 Male
1440 4870 1634 4933 erecti,

31 4942 251 4994 curvati
276 4954 505 5005 sumus,
524 4945 591 4994 ut
612 4941 832 4992 curvati
856 4942 1003 4993 bene
1025 4941 1393 5005 erigeremur.
1444 4940 1511 4991 Et
1535 4940 1635 4991 bo-

30 5025 165 5065 num
188 5018 286 5067 est
308 5017 376 5064 ut
396 5012 833 5065 consideremus
849 5025 959 5064 nos
970 5017 1300 5076 peccatores
1321 5024 1470 5074 esse,
1487 5016 1545 5063 et
1561 5015 1633 5060 sic

35 5085 342 5143 toleremus
365 5085 669 5148 impositos
696 5097 869 5148 super
897 5085 1084 5148 capita
1102 5088 1303 5135 nostra
1326 5104 1338 5134 :
1365 5087 1431 5134 ut
1451 5088 1509 5134 et
1528 5096 1634 5134 nos

32 5157 407 5210 conﬁteamur
428 5158 566 5221 Deo,
586 5159 723 5221 quia
738 5156 912 5220 digne
926 5156 1193 5220 patimur.
1208 5154 1353 5217 Quid
1376 5156 1532 5206 enim
1547 5155 1635 5205 in-

31 5227 198 5293 digne
222 5229 455 5294 pateris.
475 5228 630 5292 quod
652 5229 781 5281 fecit
803 5227 902 5293 qui
917 5228 1116 5292 justus
1137 5230 1262 5278 est?
1282 5228 1519 5276 Posuisti
1535 5228 1635 5275 tri-

34 5298 329 5351 bulationes
355 5301 415 5349 in
436 5300 593 5350 dorso
622 5306 806 5350 nostro
834 5319 845 5348 :
874 5299 1184 5364 Imposuisti
1209 5299 1454 5349 homines
1476 5314 1636 5363 super

30 5374 205 5436 capita
232 5378 440 5422 nostra.
470 5369 645 5439 323
676 5371 890 5425 vaire
914 5372 1144 5423 videtur
1170 5372 1343 5431 Deus,
1368 5383 1501 5422 cum
1525 5372 1637 5423 ista

34 5442 174 5497 ficit.
202 5446 285 5497 Ne
309 5449 558 5507 metuas,
587 5448 745 5507 pater
766 5447 872 5494 est.
895 5445 1205 5505 Nunquam
1239 5443 1322 5493 sic
1357 5442 1543 5511 saevit,
1572 5448 1632 5493 ut

40 5517 248 5575 perdat.
277 5516 518 5579 Quando
543 5514 691 5566 male
718 5514 887 5576 vivis,
913 5515 962 5564 si
986 5514 1183 5578 parcit,
1200 5512 1328 5577 plus
1348 5514 1630 5565 irascitur:

37 5588 276 5641 Omnino
302 5590 432 5638 istae
456 5585 855 5638 tribulationes
879 5583 1105 5649 ﬂagella
1127 5590 1263 5636 sunt
1279 5586 1633 5649 corrigentis,

38 5670 100 5709 ne
120 5660 197 5711 sit
221 5658 513 5710 sententia
536 5658 850 5721 punientis,
874 5657 1038 5709 Unde
1061 5661 1120 5709 et
1142 5656 1411 5709 subditur
1436 5676 1446 5705 :

95 5729 178 5784 12.
220 5729 599 5781 Transivimus
617 5744 716 5795 per
742 5730 944 5795 ignem,
982 5734 1028 5777 ct
1058 5743 1304 5793 aquam:
1331 5732 1377 5778 et
1400 5729 1637 5779 eduxiin

100 5897 119 5918 ⁸
142 5890 325 5942 Penes
350 5858 683 5953 Augustin,
718 5885 956 5938 abluisti.

1813 3444 1893 3498 14.
1941 3446 2183 3494 Reddam
2220 3444 2315 3493 tibi
2346 3450 2468 3493 vota
2503 3458 2644 3506 mea,
2678 3458 2794 3508 quae
2817 3442 3188 3494 distinxerunt
3212 3445 3358 3497 labia

1744 3532 1883 3567 mea.
1915 3517 1978 3569 Id
2002 3522 2109 3579 est,
2144 3528 2263 3581 prie
2288 3516 2560 3569 omnibus
2583 3516 2708 3567 aliis
2730 3514 3045 3579 elegerunt,
3070 3518 3353 3582 meipsum

1743 3587 1979 3651 scilicet,
2011 3588 2166 3652 quod
2192 3592 2393 3640 votum
2409 3587 2721 3652 praefertur
2737 3587 3032 3637 omnibus.
3052 3588 3353 3641 Distinctio

1744 3672 1976 3723 quoque
2019 3659 2080 3710 in
2102 3659 2250 3710 votis
2274 3664 2381 3723 est,
2406 3663 2472 3711 ut
2492 3663 2548 3710 te
2574 3670 2836 3722 accuses,
2861 3662 2919 3709 et
2945 3658 3107 3710 illum
3129 3659 3348 3712 laudes.

1741 3732 1819 3781 Te
1847 3729 2129 3792 intelligas
2154 3734 2494 3793 creaturam,
2528 3729 2691 3780 illum
2730 3734 3051 3781 creatorem
3076 3746 3092 3778 :
3119 3736 3172 3782 te
3196 3736 3348 3783 tene-

1740 3802 1893 3864 bras,
1923 3799 2086 3852 illum
2114 3799 2578 3851 illuminatorem.
2618 3800 2897 3863 Quicquid
2922 3799 3012 3850 hic
3040 3800 3349 3867 distingui—

1740 3884 1872 3923 mus
1895 3870 2076 3929 labiis,
2101 3871 2161 3921 in
2186 3869 2688 3933 promissione,vel
2713 3870 3090 3933 ordinatione,
3103 3871 3193 3922 vel
3210 3880 3344 3933 voto,

1738 3941 1967 4007 quando
1984 3942 2043 3993 in
2060 3942 2297 3993 domum
2322 3940 2476 3992 illam
2495 3940 2861 3999 intrabimus,
2890 3944 3076 3991 totum
3098 3943 3342 3994 Domino

1737 4014 1856 4065 Deo
1879 4017 2079 4065 nostro
2104 4011 2523 4078 periolvemus.
2541 4012 2645 4062 Vel
2666 4016 2801 4061 vota
2821 4009 2987 4061 labiis
3003 4014 3339 4077 distinguere,

1737 4090 1828 4136 est
1852 4096 1935 4147 ea,
1962 4097 2094 4147 quae
2119 4086 2237 4135 Deo
2262 4084 2598 4145 aﬁ‘eruntur,
2620 4086 2813 4133 mente
2837 4085 2894 4132 et
2909 4082 3127 4134 ratione
3139 4083 3344 4136 discer-

1735 4169 1890 4209 nere.
1917 4156 2083 4208 Unde
2116 4156 2393 4220 scriptum
2411 4159 2529 4206 est:
2553 4153 2641 4205 Sic
2665 4158 2817 4205 recte
2843 4152 3065 4217 oﬁ‘eras,
3080 4159 3230 4207 recte
3247 4169 3340 4209 au-

1736 4230 1851 4278 tem
1896 4239 2012 4278 non
2049 4225 2295 4285 dividas,
2339 4224 2589 4289 peccasti
2638 4224 2835 4288 (Genes.
2862 4223 2950 4287 4.).
2988 4225 3097 4286 Qui
3121 4227 3339 4279 bonum

1734 4311 1881 4363 opus
1905 4297 2071 4349 offert
2094 4299 2234 4361 Deo,
2259 4302 2409 4348 recte
2445 4295 2678 4360 quidem
2704 4296 2885 4357 oﬁ‘ert,
2924 4296 3026 4348 sed
3050 4302 3200 4349 recte
3222 4312 3335 4351 non

1731 4370 1968 4421 dividit:
1996 4369 2045 4420 si
2067 4369 2201 4420 inde
2225 4368 2427 4420 mundi
2451 4366 2710 4432 gloriam,
2735 4372 2836 4418 aut
2858 4366 3082 4419 lucrum
3105 4368 3334 4433 aliquod

1730 4445 1940 4505 praeter
1961 4443 2145 4493 Deum
2172 4440 2421 4504 requirit.
2450 4442 2658 4491 Sancta
2681 4451 2816 4502 ergo
2850 4438 3101 4490 Ecclesia
3130 4442 3335 4490 interio—

1728 4512 1890 4564 ribus
1921 4513 2088 4563 labiis
2126 4516 2263 4564 vota
2296 4523 2403 4562 sua
2444 4511 2763 4573 distinguit,
2798 4511 2932 4573 quia
2964 4517 3117 4573 vota,
3154 4509 3329 4579 324

1732 4596 1864 4647 qua
1885 4584 2049 4635 oﬁ‘ert
2076 4586 2214 4646 Deo,
2248 4584 2321 4633 ab
2344 4582 2502 4633 omni
2523 4581 2691 4633 laude
2717 4581 2987 4632 humana.
3014 4586 3074 4633 et
3109 4586 3332 4635 terreno

1733 4656 2035 4707 commodo
2058 4654 2359 4719 disjungit.
2387 4655 2501 4705 Nec
2526 4652 2715 4704 solum
2730 4657 2863 4704 vota
2887 4653 3019 4705 vovi
3035 4654 3091 4704 in
3110 4667 3334 4720 prospe-

1734 4726 1812 4778 ris
1838 4745 1850 4785 ;
1885 4726 1989 4779 sed
2012 4730 2070 4778 et
2088 4725 2509 4777 confessionem
2527 4724 2688 4776 tenui
2716 4725 2775 4775 in
2797 4724 3077 4776 adversis.
3095 4726 3258 4778 Unde
3278 4732 3336 4778 et

1734 4798 1931 4849 subdit
1953 4813 1966 4849 :
1996 4798 2066 4847 Et
2108 4797 2342 4847 locutum
2365 4802 2436 4846 est
2460 4811 2517 4847 os
2540 4811 2718 4845 meum
2740 4796 2801 4844 in
2827 4796 3172 4847 tribulatione
3194 4813 3332 4849 mea.

1734 4869 1922 4921 Sancti
1947 4868 2103 4921 enim
2132 4874 2415 4933 martyres
2428 4868 2674 4920 conﬁteb
2684 4872 2856 4919 antur
2867 4869 3157 4921 Christum
3170 4871 3223 4921 in
3243 4877 3334 4920 tor-

1738 4939 1945 4991 mentis
1968 4939 2177 4992 Christi
2198 4940 2503 5004 (inquiunt)
2531 4939 2679 4991 servi
2704 4952 2910 4991 sumus
2929 4954 2944 4987 :
2960 4941 3169 4991 Christi
3186 4943 3330 4990 ﬁdem

1736 5016 2002 5063 tenemus
2026 5027 2041 5060 :
2068 5024 2168 5075 pro
2192 5011 2416 5064 Christo
2431 5010 3003 5062 moridesideramus.
3018 5012 3164 5062 Hinc
3189 5012 3329 5062 Pau-

1731 5082 1823 5133 lus
1848 5082 1927 5133 ait
1953 5099 1965 5131 :
2006 5082 2188 5134 Corde
2216 5081 2470 5134 creditur
2504 5082 2577 5133 ad
2596 5082 2906 5146 justitiam,
2931 5093 3028 5132 ore
3048 5086 3243 5133 autem
3266 5082 3332 5132 ﬁt

1733 5153 2017 5205 confessio
2041 5152 2114 5204 ad
2139 5153 2386 5205 salutem
2408 5155 2576 5217 (Rom.
2596 5153 2722 5217 10.).
2742 5154 2922 5205 Corde
2933 5166 3069 5213 ergo
3088 5154 3334 5205 tenenda

1733 5229 1823 5276 est
1850 5224 1993 5275 ﬁdes
2020 5241 2031 5272 :
2061 5236 2158 5274 ore
2181 5224 2532 5287 propalanda
2553 5229 2643 5275 est
2668 5224 2894 5276 veritas.
2910 5223 3124 5275 Deinde
3147 5227 3335 5275 osten-

1734 5296 1837 5357 dit,
1866 5294 2150 5359 quomodo
2166 5294 2227 5345 in
2252 5294 2487 5347 domum
2503 5295 2601 5345 Dei
2618 5294 2861 5345 introeat
2876 5293 2935 5345 in
2951 5293 3332 5347 holocaustis:

1734 5373 1793 5421 et
1815 5368 1937 5432 ipse
1966 5366 2302 5419 holocausta
2324 5365 2578 5429 exponit,
2605 5365 2804 5416 dicens
2830 5382 2841 5414 :

1798 5439 1881 5495 16.
1916 5439 2234 5489 Hotocausta
2256 5436 2551 5485 meduttata
2581 5435 2807 5499 offeram
2832 5436 2943 5498 tibi,
2968 5451 3090 5486 cum
3119 5437 3333 5486 incenso

1735 5512 1987 5562 arietum.
2013 5509 2158 5572 Quid
2181 5514 2273 5559 est
2293 5506 2645 5559 medullata?
2669 5508 2924 5571 Pinguia,
2940 5508 3154 5571 suavia,
3169 5507 3336 5571 plena

1736 5583 1971 5634 caritate
2005 5586 2060 5632 et
2082 5579 2401 5631 dulcedine.
2423 5578 2702 5642 Meipsum
2728 5578 3093 5644 tibioil‘eram,
3120 5580 3330 5643 pingue

1736 5654 2100 5713 sacriﬁcium,
2149 5665 2283 5704 cum
2325 5652 2563 5702 incenso
2598 5651 2862 5715 arietum,
2896 5650 2955 5702 id
2978 5656 3084 5716 est,
3105 5664 3238 5702 cum
3258 5651 3338 5701 in~

1735 5739 1911 5779 censa
1934 5733 1993 5780 et
2023 5730 2329 5779 consumta
2351 5723 2508 5777 omni
2529 5721 2832 5776 altitudine
2854 5728 2914 5775 et
2934 5724 3118 5788 rigore
3144 5737 3339 5788 super-

100 5958 121 5989 δ
153 5962 368 6013 Rectus
391 5958 548 6025 apud
574 5958 908 6024 Augustin,
937 5957 1018 6008 ita
1040 5960 1086 6009 et
1112 5956 1239 6023 ipsa
1262 5955 1595 6020 tentationes,
1623 5961 1729 6014 etc.,

326 6050 621 6109 PATROL.
658 6048 831 6107 XXI.

2919 6048 2990 6108 29
