3884 6408
1611 419 1879 472 RUFINO
1913 418 2377 472 PRESBYTERO
2410 419 2797 472 ASCRIPTUS
3747 414 3841 474 908

560 417 665 474 907

559 531 687 608 bim,
838 530 1127 608 m_eriullis_
1147 530 1292 608 meis
1338 531 1470 608 erit,_
1502 530 1655 608 quod
1692 535 1746 608 te
1775 530 1967 608 diligo.
2000 532 2150 608 Nihil
2176 536 2231 607 Α
2254 532 2361 608 {fias
2388 531 2708 608 Augustino)
2758 529 2913 608 illam
2945 529 3016 608 in.
3038 527 3209 608 corde
3234 531 3332 578 tuo
3356 526 3632 608 aspicere,
3659 527 3839 608 idest,

558 602 712 652 enim
737 602 975 652 interius
1004 600 1269 652 medullis
1292 602 1524 652 nostris.
1553 602 1699 652 Ossa
1722 602 1989 653 interiora
2014 607 2152 654 sunt
2176 598 2231 607 ”“
2251 602 2403 653 intra
2427 606 2481 653 te
2504 601 2754 665 diligere.
2781 599 3062 663 Quicquid
3085 600 3284 650 laetum
3306 598 3652 662 promiserit,
3672 598 3838 650 utilli-

557 672 1021 732 carne,medullaa
1043 672 1342 722 interiores
1368 676 1505 722 sunt
1532 672 1675 735 ipsis
1702 674 1951 724 ossibus.
1981 676 2150 735 Quis-

558 744 689 806 quis
733 756 867 806 ergo
908 745 964 793 in
996 744 1294 807 superﬁcie
1316 743 1451 794 colit
1474 745 1679 804 Deum,
1716 744 1901 808 magis
1926 744 2149 808 placere

556 814 678 865 vult
690 815 1038 865 hominibus.
1055 814 1225 865 Aliud
1236 815 1605 866 autemintus
1619 818 1876 866 sentiens
1893 831 1994 864 non
2008 822 2150 865 offert

551 885 888 937 holocausta
911 886 1241 937 medullata.
1256 887 1433 950 Cujus
1448 890 1642 937 autem
1654 888 1783 937 med
1793 886 1965 938 ullam
1984 890 2149 947 inspi-

552 957 645 1018 cit,
672 958 861 1019 ipsum
888 962 1074 1007 totum
1107 958 1330 1021 accipit.
1364 960 1573 1009 Totum
1597 971 1804 1022 corpus
1835 959 2043 1010 Christi
2064 958 2143 1010 lo-

551 1028 748 1089 quitur
773 1027 900 1078 hoc.
938 1031 1039 1079 Est
1074 1029 1227 1091 quod
1250 1029 1413 1080 offert
1444 1030 1579 1089 Deo,
1603 1029 1820 1080 scilicet
1842 1031 2143 1081 incensum

548 1098 809 1149 arietum.
828 1099 1050 1149 Arietes
1067 1104 1202 1150 sunt
1220 1100 1399 1151 duces
1424 1101 1717 1152 Ecclesiae.
1732 1103 2039 1152 lncensum
2059 1107 2145 1152 est

546 1170 725 1219 oratio
744 1173 1094 1221 sanctorum.
1122 1171 1368 1221 Maxime
1384 1176 1579 1222 autem
1602 1172 1808 1222 arietes
1834 1177 2000 1223 ornat
2023 1185 2142 1237 pro«

544 1242 837 1305 gregibus.
885 1243 954 1291 Et
998 1244 1139 1291 bene
1166 1255 1263 1305 per
1297 1243 1597 1293 incensum
1641 1244 1821 1293 oratio
1849 1244 2140 1306 accipitur,

546 1313 681 1373 quia
708 1312 788 1361 ibi
809 1312 1117 1363 electorum
1134 1326 1229 1364 cor
1244 1313 1438 1365 divino
1450 1314 1580 1377 igne
1592 1314 1939 1365 accenditur.
1961 1318 2016 1363 Et
2041 1318 2143 1363 sic-

545 1386 610 1433 ut
654 1383 872 1433 incensi
914 1383 1108 1434 fumus
1148 1384 1403 1435 suaviter
1437 1384 1655 1436 redolet
1680 1385 2032 1449 hominibus,
2059 1387 2141 1437 sic

544 1454 817 1505 orationis
864 1455 1091 1507 devotio
1120 1457 1371 1507 suaviter
1392 1457 1597 1520 flagrat
1619 1458 1757 1507 Deo.
1790 1456 2026 1520 Oﬂ'eram
2050 1458 2141 1506 tibi

543 1524 688 1573 boves
720 1540 842 1573 cum
860 1526 1044 1575 hircis.
1058 1527 1586 1578 Bovesinvenimus
1608 1527 1963 1588 triturantes,
1981 1531 2139 1588 etipsi

542 1596 861 1647 offeruntur
884 1598 1019 1648 Deo.
1046 1598 1356 1660 Apostolus
1381 1598 1450 1649 de
1465 1599 1967 1650 annuntiatoribus
1986 1602 2139 1648 Evan-

539 1667 671 1729 gelii
694 1667 839 1717 dixit
860 1667 1193 1730 intelligend
1205 1681 1320 1729 um,
1347 1669 1503 1732 quod
1528 1670 1804 1733 scriptum
1829 1672 1919 1721 est
1953 1687 1964 1718 :
1997 1672 2136 1723 Bovi

539 1738 828 1811 trituranti
865 1751 939 1811 os
964 1752 1083 1811 non
1106 1739 1447 1791 infrtenabis
1479 1740 1551 1811 (1.
1578 1742 1698 1791 Cor.
1734 1742 1974 1811 9;.Deut.
2006 1740 2132 1806 25.).

539 1810 687 1871 Ergo
711 1810 903 1873 magni
928 1809 1006 1859 illi
1032 1811 1262 1871 arietes,
1286 1811 1478 1873 magni
1503 1810 1580 1861 illi
1605 1809 1824 1862 bovesf
1844 1814 1990 1873 Quid
2035 1814 2133 1877 illi,

2250 674 2362 725 ciat
2406 674 2479 724 ad
2504 672 2858 736 peccandum
2881 690 2891 721 :
2930 671 3201 736 quicquid
3227 671 3388 721 triste
3411 670 3631 721 minata
3659 671 3833 732 fuerit,

2250 749 2315 796 ut
2338 745 2591 809 impellat
2609 745 2681 795 ad
2706 743 3201 804 malefaciendum,
3225 740 3438 805 despici
3468 740 3717 805 dignum
3737 748 3834 805 est,

2249 819 2312 866 ut
2335 817 2586 867 calcetur
2612 829 2624 874 ;
2650 829 2769 867 non
2795 815 3067 879 conspici,
3094 819 3159 865 ut
3182 816 3526 877 acceptetur.

2310 886 2395 940 19.
2438 888 2724 951 Propterea
2756 887 3035 935 exaudivit
3081 886 3238 946 Deus,
3291 891 3337 933 et
3382 882 3608 933 attendit
3628 884 3742 933 voci
3763 884 3835 934 de-

2245 958 2571 1022 pereationis
2611 973 2753 1007 mete.
2805 958 2951 1018 Quid
2990 960 3081 1007 est
3119 960 3439 1019 propterea?
3462 955 3607 1017 Quia
3628 954 3834 1019 iniqui-

2248 1031 2422 1080 tatem
2448 1042 2565 1080 non
2587 1029 2786 1093 aspexi
2816 1030 2876 1079 in
2899 1028 3070 1079 corde
3090 1040 3237 1079 meo.
3263 1027 3408 1077 Hinc
3432 1026 3748 1090 Apostolus
3761 1028 3833 1079 ait

2245 1099 2315 1163 (1.
2347 1100 2509 1149 Joan.
2553 1099 2662 1163 3.):
2699 1100 2755 1150 Si
2804 1112 2900 1151 cor
2943 1104 3207 1150 nostrum
3251 1111 3369 1149 non
3414 1098 3834 1162 reprehenderit

2243 1184 2367 1232 nos,
2397 1170 2667 1222 ﬁduciam
2695 1170 2997 1231 habemus,
3016 1170 3152 1233 quia
3175 1168 3448 1233 quicquid
3471 1169 3831 1232 postulaveri-

2241 1254 2394 1304 mus,
2419 1241 2783 1304 accipiemus.
2834 1244 2900 1291 Et
2943 1240 3051 1291 hoc
3084 1253 3201 1291 non
3246 1252 3320 1290 ex
3357 1239 3570 1290 nostris
3593 1240 3830 1303 meritis,

2244 1314 2347 1364 sed
2371 1325 2444 1364 ex
2468 1313 2652 1376 gratia
2681 1312 2877 1376 ipsius.
2905 1314 3208 1375 Propterea
3235 1310 3344 1361 hoc
3369 1323 3434 1361 su
3446 1311 3678 1374 bjunxit
3702 1328 3714 1359 :

2304 1382 2393 1438 20.
2430 1384 2742 1433 Benedictus
2781 1385 2945 1443 Deus,
3007 1384 3103 1447 qui
3139 1397 3248 1432 non
3292 1383 3491 1431 amovit
3535 1382 3829 1431 orationem

2242 1470 2437 1519 meam,
2460 1462 2509 1504 et
2532 1456 2964 1504 misericordiam
2985 1469 3145 1503 suam
3169 1470 3205 1503 a
3220 1468 3319 1505 me.
3339 1454 3429 1505 Sic
3442 1453 3595 1504 enim
3610 1456 3830 1514 pervenit

2238 1528 2311 1579 ad
2336 1528 2818 1579 resurrectionem
2840 1527 2967 1585 iste,
2994 1526 3093 1589 qui
3114 1525 3383 1588 loquitur,
3399 1525 3497 1575 ubi
3513 1527 3637 1589 jam
3662 1527 3719 1575 et
3732 1537 3828 1575 nos

2240 1612 2341 1663 spe
2365 1611 2587 1658 sumus,
2612 1603 2668 1649 et
2692 1610 2810 1649 vox
2832 1603 3031 1649 nostra
3048 1598 3162 1648 ista
3184 1600 3291 1649 est.
3317 1596 3583 1658 Quandiu
3595 1608 3731 1659 ergo
3744 1595 3827 1646 hic

2237 1681 2463 1733 sumus,
2499 1668 2608 1720 hoc
2632 1680 2868 1720 oramus
2895 1670 3100 1729 Deum,
3128 1670 3193 1718 ut
3213 1679 3331 1718 non
3343 1666 3826 1719 amoveatanobis

2236 1742 2551 1791 orationem
2567 1745 2847 1803 nostram,
2872 1744 2929 1791 et
2953 1738 3404 1790 misericordiam
3422 1750 3608 1800 suam,
3639 1737 3699 1788 id
3727 1741 3825 1801 est,

2237 1817 2303 1862 ut
2326 1817 2759 1875 perseveranter
2785 1824 3019 1863 oremus
3041 1823 3169 1869 nos,
3194 1813 3252 1861 et
3275 1815 3718 1873 perseveranter
3737 1809 3827 1859 mi-

538 1879 804 1974 quit‘forte.
828 1881 1041 1931 conscii
1058 1886 1197 1974 sunt
1217 1880 1545 1974 aliqu’o‘ru‘m
1569 1887 1975 1974 peccatorum?
2001 1886 2130 1966 Nun
2156 1900 2210 1974 B
2241 1888 2498 1964 screatur
2519 1884 2660 1974 ipse.
2681 1882 2849 1974 lifulti
2873 1888 3068 1933 tamen
3088 1880 3767 1974 languescuntinqrando,
3786 1886 3826 1974 et

538 1950 672 2013 quid
698 1950 807 2013 ipsi
822 1952 1221 2012 remanebunt,
1235 1955 1292 2003 et
1312 1952 1383 2003 ad
1402 1952 1807 2004 holocaustum
1827 1966 1944 2005 non
1959 1957 2130 2020 perti-

536 2022 794 2072 nebunt?
838 2021 971 2073 Ideo
1016 2035 1088 2073 ne
1139 2024 1248 2085 ipsi
1303 2025 1564 2081 timeant,
1600 2024 1821 2076 addidit
1843 2031 1901 2076 et
1923 2027 2133 2078 hircos.

537 2092 690 2142 Hirci
713 2105 815 2155 per
844 2106 904 2143 se
930 2106 1047 2144 non
1065 2092 1379 2155 salvantur,
1398 2095 1656 2158 adjuncti
1674 2096 1860 2147 bobus
1871 2101 2136 2157 accipiun-

537 2166 645 2213 tur.
672 2165 956 2213 Fecerunt
969 2164 1077 2214 sibi
1097 2166 1315 2215 amicos
1327 2165 1398 2216 de
1411 2178 1748 2217 mammona
1763 2169 2066 2227 iniquitatis,
2083 2176 2135 2217 ut

533 2237 591 2283 et
613 2232 720 2295 ipsi
739 2235 1014 2298 recipiant
1029 2247 1128 2285 eos
1141 2236 1200 2286 in
1224 2240 1441 2287 aeterna
1459 2238 1831 2289 tabernacula
1846 2238 1987 2299 (Luc.
2004 2238 2129 2303 16.).

534 2306 680 2366 Ergo
706 2303 847 2356 tales
873 2305 1015 2356 hirci
1037 2306 1110 2356 ad
1128 2307 1419 2358 sinistram
1442 2320 1559 2359 non
1581 2313 1755 2359 erunt
1778 2309 1988 2371 (Matth.
2003 2308 2131 2371 25.),

530 2375 825 2437 quoniam,
877 2377 1261 2441 eleemosynis
1317 2381 1560 2441 peccata
1618 2392 1724 2430 sua
1764 2381 2134 2432 redemerunt

531 2446 692 2507 (Dan.
721 2446 811 2508 4.).
848 2449 1103 2499 Possunt
1125 2461 1261 2512 ergo
1286 2462 1387 2512 per
1404 2450 1584 2500 boves
1610 2449 1843 2513 ﬁgurari
1858 2453 2130 2500 electorum

531 2516 793 2578 virtutes,
826 2518 1039 2581 quibus
1061 2519 1272 2570 duritia
1292 2522 1505 2572 mentis
1528 2526 1817 2586 exaratur,
1843 2527 1907 2573 ut
1926 2522 2132 2574 habilis

528 2586 603 2637 ad
617 2587 889 2639 ferendos
906 2588 1130 2640 fructus
1144 2590 1471 2654 spirituales
1487 2591 1786 2643 habeatur.
1806 2594 1991 2645 Boves
2012 2608 2131 2655 ergo

534 2659 648 2729 Deo
671 2657 935 2729 offerunt,
950 2660 1048 2722 qui
1062 2660 1304 2711 virtutes
1327 2674 1472 2724 quas
1494 2662 1713 2714 habent
1735 2665 2129 2729 gratimipsius

530 2727 824 2780 humiliter
847 2731 1162 2781 ascribunt.
1189 2731 1392 2782 Hircos
1418 2745 1647 2795 quoque
1671 2734 1891 2798 offerre,
1918 2727 2129 2787 estim-

530 2799 799 2860 mundos,
827 2804 884 2851 et
907 2800 1156 2853 lascivos
1175 2806 1366 2853 motus
1377 2804 1554 2854 animi
1568 2805 1815 2857 Domino
1833 2810 2130 2869 suppliciter

529 2870 804 2921 confiteri.
854 2872 1055 2922 Hircos
1100 2875 1219 2924 Deo
1252 2875 1565 2937 offerimus,
1608 2877 1837 2938 quando
1863 2878 1923 2929 in
1961 2880 2128 2930 nobis

528 2954 757 2993 omnem
784 2943 1070 2994 luxuriam
1093 2949 1151 2995 et
1178 2945 1554 3009 petulantiam
1572 2947 1964 3000 immolamus.
1981 2951 2128 3001 Rur-

529 3026 629 3064 sus
658 3012 733 3065 ad
752 3014 863 3066 alia
885 3015 1164 3067 beneticia
1183 3016 1547 3081 intelligenda
1570 3024 1771 3083 gentes
1794 3020 2019 3085 invitat,
2038 3022 2126 3073 di-

527 3098 665 3135 cens
690 3099 703 3134 Ζ

588 3155 672 3209 16.
712 3156 904 3217 Venite,
939 3157 1210 3221 passibus
1234 3160 1488 3210 mentis:
1514 3160 1715 3223 audite,
1745 3162 1983 3214 auribus
1999 3175 2125 3214 cor-

526 3227 635 3289 dis,
688 3231 733 3274 et
769 3227 1009 3277 narrabo
1055 3228 1256 3291 (omnes
1279 3231 1377 3293 qui
1405 3232 1600 3280 timetis
1628 3232 1842 3296 Deum).
1863 3234 1919 3284 Si
1941 3235 2123 3285 Deum

521 3310 639 3370 non
663 3298 1030 3370 timetis,non
1045 3301 1308 3363 narrabo,
1337 3303 1461 3352 Non
1485 3307 1574 3354 est
1598 3303 1815 3366 quibus
1840 3308 2122 3370 narretur,

523 3369 621 3419 ubi
657 3369 826 3419 timor
868 3370 973 3420 Dei
1006 3383 1120 3421 non
1144 3376 1252 3423 est.
1292 3373 1397 3423 Dei
1421 3375 1591 3425 timor
1608 3375 1824 3438 aperiet
1846 3388 2037 3436 aures,
2060 3381 2127 3428 ut

524 3440 617 3502 sit,
644 3440 958 3504 quaintret,
985 3441 1140 3505 quod
1160 3448 1496 3494 narraturus
1510 3458 1659 3496 sum.
1674 3445 1900 3499 Scilicet
1915 3455 2128 3511 quanta

520 3511 817 3573 beneﬁcia,
844 3517 1053 3575 prmter
1084 3513 1197 3577 illa,
1227 3526 1359 3577 quae
1388 3514 1543 3566 dicta
1575 3521 1731 3580 sunt,
1775 3518 1897 3581 fecit
1925 3520 2127 3569 animae

525 3597 669 3644 meae,
693 3581 741 3632 si
771 3583 949 3633 vultis
971 3588 1029 3633 et
1053 3590 1283 3635 vestrae.
1301 3585 1467 3636 Dedit
1489 3587 1663 3650 enim,
1682 3592 1748 3638 ut
1770 3589 1842 3639 ad
1868 3601 1998 3641 eum
2017 3589 2129 3641 cla-

525 3664 763 3725 marem,
808 3657 866 3703 et
906 3653 1210 3725 clamando
1244 3656 1306 3707 in
1343 3658 1516 3709 corde
1554 3658 1898 3725 exultarem,
1922 3666 2029 3714 etc.
2058 3664 2128 3714 Et

523 3724 634 3776 hoc
658 3728 764 3783 est,
791 3724 944 3786 quod
969 3724 1107 3777 dicit
1130 3740 1143 3776 :

606 3793 782 3864 325
819 3795 904 3849 17.
922 3796 1009 3846 Ad
1025 3798 1206 3862 ipsum
1222 3813 1311 3848 ore
1332 3813 1445 3848 meo
1467 3800 1700 3851 clamavi
1715 3806 1761 3852 et
1780 3803 2020 3853 exultavi
2031 3806 2126 3855 sub

524 3866 715 3931 lingua
738 3882 875 3918 mea.
902 3870 1025 3920 Hoc
1046 3869 1241 3933 ipsum
1254 3870 1467 3923 factum
1478 3871 1617 3923 dicit
1630 3872 1841 3926 animae
1854 3887 1978 3927 suae
1992 3882 2046 3924 ul
2063 3880 2124 3925 ad

522 3942 712 3992 Deum
723 3953 819 3992 ore
835 3953 944 3992 suo
961 3939 1249 3994 clamaret.
1271 3944 1427 3995 Prius
1438 3944 1591 3996 enim
1609 3946 1937 3999 Ecclesiade
1950 3951 2125 3997 Genti-

522 4014 634 4065 bus
662 4013 884 4078 lapides
908 4014 1185 4066 adorabat
1209 4019 1381 4080 atque
1404 4016 1477 4067 ad
1503 4016 1811 4070 simulacra
1837 4024 2001 4070 muta
2012 4020 2127 4071 cla-

524 4089 737 4139 mabat.
776 4088 907 4138 Jam
942 4086 1134 4150 imago
1168 4088 1272 4139 Dei
1298 4100 1575 4139 conversa
1598 4093 1689 4140 est
1712 4090 1783 4139 ad
1809 4095 2126 4142 creatorem

528 4171 718 4211 suum.
752 4160 821 4209 Et
853 4157 953 4221 qui
997 4157 1223 4209 dicebat
1263 4158 1453 4222 lapidi,
1494 4161 1659 4211 Pater
1704 4173 1869 4213 meus
1920 4175 1984 4213 es
2023 4167 2122 4213 tu:

525 4243 682 4281 nunc
746 4229 885 4279 dicit
937 4230 1075 4291 Deo,
1134 4231 1297 4280 Pater
1339 4236 1554 4292 noster,
1609 4231 1708 4294 qui
1754 4244 1817 4282 es
1862 4232 1923 4283 in
1968 4233 2126 4285 caelis

527 4299 842 4364 (Matth.6.).
873 4300 971 4349 Ore
986 4314 1099 4348 meo
1122 4300 1352 4363 (inquit)
1369 4301 1620 4365 clamavi,
1647 4316 1765 4354 non
1798 4316 1895 4355 ore
1917 4304 2123 4357 alieno.

528 4373 674 4423 Nam
699 4371 928 4433 quando
949 4369 1022 4421 ad
1046 4369 1264 4434 lapides
1281 4370 1622 4437 clamabant,
1636 4386 1732 4426 ore
1743 4374 1928 4427 alieno
1940 4379 2125 4425 clamn-

527 4443 686 4495 bant.
714 4442 953 4504 Quando
971 4442 1041 4492 ad
1061 4442 1240 4493 Deum
1251 4442 1515 4506 clamavi,
1534 4446 1683 4507 quod
1697 4446 2123 4512 ipsoinsph‘avit,

526 4515 599 4564 ad
627 4515 807 4579 ipsum
831 4529 920 4563 ore
943 4529 1057 4563 meo
1074 4513 1323 4565 clamavi.
1344 4516 1458 4567 Sub
1474 4514 1675 4579 lingua
1693 4530 1827 4570 vero
1841 4518 2121 4584 exultare,

527 4590 619 4637 est
641 4599 715 4637 ex
740 4587 984 4638 clamore
1009 4587 1170 4637 vocis
1204 4587 1482 4651 gaudium
1517 4588 1578 4639 in
1611 4589 1781 4641 corde
1801 4592 2117 4656 concipere.

527 4659 657 4726 Ipse
672 4660 763 4708 est
776 4670 949 4710 verus
974 4657 1187 4710 clamor
1202 4659 1274 4709 ad
1291 4660 1493 4723 Deum,
1512 4659 1730 4712 scilicet
1749 4661 1989 4714 airectus
2003 4676 2122 4715 cor-

2238 1967 2373 2004 cum
2401 1955 2461 2005 in
2484 1955 2736 2006 novitate
2777 1966 2901 2006 sum
2934 1953 3326 2005 conversionis
3373 1951 3668 2003 ferventes
3702 1951 3823 2013 sint,

2234 2030 2435 2089 postea
2447 2024 2652 2088 frigide
2669 2030 2725 2076 et
2736 2025 3093 2089 negligenter
3105 2024 3290 2075 securi
3307 2024 3823 2083 iiunt.Pigrescitani-

2235 2108 2384 2157 mus,
2411 2097 2849 2161 interrumpitur
2863 2097 3062 2147 oratio.
3084 2095 3307 2145 Dormis
3325 2094 3617 2157 tu,vigilat
3627 2093 3822 2149 hostis.

2234 2169 2585 2217 tentationes
2602 2170 2958 2219 excrescunt.
2969 2168 3269 2231 Propterea
3278 2164 3553 2229 praecepit
3570 2167 3820 2219 Dominus,

2232 2238 2369 2301 quia
2416 2243 2639 2301 oportet
2685 2251 2907 2302 semper
2950 2250 3130 2297 orare,
3170 2241 3229 2288 et
3258 2248 3560 2299 nunquam
3591 2233 3822 2285 deiicere

2232 2310 2379 2370 (Luc.
2429 2308 2555 2371 18.).
2586 2312 2733 2373 Ergo
2758 2321 2877 2359 non
2906 2308 3243 2359 deiiciamus
3275 2307 3336 2357 in
3365 2306 3602 2367 orando,
3643 2304 3818 2356 securi

2229 2380 2300 2430 de
2324 2381 2704 2444 promissione
2732 2394 2744 2430 :
2781 2380 2917 2443 quia
2937 2380 2985 2429 si
3005 2379 3211 2440 diil‘ert,
3235 2390 3353 2429 non
3373 2377 3583 2429 aufert.
3630 2377 3698 2427 Et
3736 2376 3818 2439 pio

2229 2452 2438 2503 ail‘ectu
2473 2452 2770 2502 dicamus:
2807 2451 3124 2500 Benedictus
3169 2450 3325 2509 Deus,
3365 2449 3461 2512 qui
3487 2463 3599 2497 non
3626 2446 3817 2496 amovit

2229 2524 2530 2573 orationem
2569 2538 2766 2587 meam,
2788 2529 2839 2574 et
2858 2522 3293 2571 misericordiam
3316 2535 3473 2569 suam
3497 2535 3531 2569 a
3554 2534 3657 2569 me.
3683 2521 3813 2571 Cum

2227 2594 2440 2645 videris
2464 2595 2573 2657 (Ea:
2588 2597 2749 2659 Aug.)
2774 2606 2893 2644 non
2916 2606 2951 2645 a
2973 2598 3027 2645 te
3039 2596 3292 2644 amotam
3303 2592 3623 2643 orationem
3641 2595 3813 2651 tuam,

2228 2677 2467 2716 securus
2515 2671 2657 2727 esto,
2699 2666 2837 2729 quia
2881 2677 3002 2716 non
3048 2676 3083 2715 a
3126 2667 3181 2716 te
3216 2666 3407 2715 amota
3429 2660 3817 2714 misericordia

2229 2737 2425 2786 ipsius.

2317 2751 2331 2786 1
2414 2774 2425 2785 .

2226 2750 2564 2912 1p$118326
2620 2833 2984 2898 TlTULUS
3042 2831 3366 2897 PSALMI
3412 2831 3662 2897 LXVI.

2292 2963 2334 3009 1.
2357 2961 2555 3008 Titulus
2578 2961 2821 3021 sequntis,
2852 2959 3038 3021 psalmi
3063 2963 3135 3007 est
3167 2973 3181 3009 :
3207 2956 3273 3005 In
3294 2958 3478 3019 ﬁnem,
3502 2956 3565 3005 in
3597 2954 3811 3005 humnis

2292 2974 2334 3009 1.
2357 2974 2555 3008 'ntuius
2578 2974 2821 3021 sequnus,
2889 2974 3038 3007 saimi
3063 2974 3135 3007 est
3167 2974 3181 3009 :
3207 2974 3273 3005 ιη
3294 2974 3478 3019 linem,
3502 2974 3565 3005 in
3597 2974 3811 3005 numms

2221 3022 2465 3088 psalmus
2486 3023 2683 3088 cantici
2701 2974 2892 3072 David).
2905 3021 3503 3088 Psalmusiste‘couvenit
3520 3021 3676 3088 David
3704 3034 3811 3088 pro-

2222 3082 2407 3147 phetia,
2432 3088 2539 3133 sive
2562 3087 2771 3133 cuilibet
2804 3086 2940 3132 fideli
2963 3099 2974 3131 :
2996 3086 3085 3143 qui
3108 3085 3219 3131 ideo
3237 3084 3423 3147 dicitur
3439 3082 3807 3147 psalmus,quia

2223 3144 2455 3199 admonet
2471 3150 2531 3197 ad
2549 3149 2935 3196 confessionem.
2955 3149 3008 3194 Et
3025 3148 3211 3193 dicitur
3225 3145 3645 3205 canticum,quia
3661 3144 3809 3191 nobis-

2226 3213 2488 3273 proposuit
2514 3213 2784 3259 maximam
2796 3210 3155 3257 exultationem
3170 3210 3230 3256 de
3242 3209 3621 3273 illuminatione
3637 3207 3810 3273 utrius-

2230 3271 2329 3336 que
2374 3276 2567 3337 populi,
2600 3275 2793 3321 scilicet
2835 3273 3125 3337 Judzeorum
3161 3276 3208 3337 et
3231 3272 3480 3337 Gentium,
3511 3284 3630 3337 qum
3654 3271 3810 3337 futura

2152 3316 2201 3391 C
2230 3316 3146 3396 3.2.1{animaanimaita,
3170 3316 3480 3396 summa";
3501 3316 3742 3395 rigans,
3766 3331 3807 3396 id

2226 3407 2316 3458 est,
2341 3395 2396 3445 in
2423 3400 2660 3446 laudibus
2686 3400 2795 3458 De}:
2823 3398 2902 3444 vel
2926 3396 2986 3443 in
3002 3396 3240 3459 hymnis,
3259 3396 3405 3459 idest,
3431 3395 3562 3441 inter
3587 3396 3718 3459 illos,
3732 3395 3808 3452 qui

2228 3431 2316 3531 3:1:
2351 3462 2714 3531 eXcellentiam
2747 3447 2986 3531 vocantur
3036 3431 3240 3531 gyri-ini:
3262 3431 3509 3531 inteliexit
3542 3457 3680 3504 enim
3699 3431 3810 3531 Ϊρξο-

2226 3520 2375 3593 pheta
2400 3527 2549 3571 Deum
2570 3537 2679 3593 esse
2702 3523 3010 3593 laudandum
3032 3522 3091 3568 de
3114 3522 3504 3593 illuminatione,
3518 3533 3673 3580 quam
3685 3520 3808 3593 datu-

2227 3585 2314 3642 }us
2338 3593 2444 3633 erat
2466 3587 2659 3633 mundo
2684 3598 2697 3633 :
2724 3586 2786 3632 de
2808 3599 2910 3644 qua
2933 3597 3108 3631 omnes
3130 3585 3368 3631 debemus
3379 3596 3494 3630 eum
3505 3595 3705 3629 summo
3719 3586 3807 3627 stu-

2227 3658 2311 3704 dio
2336 3650 2557 3706 laudare.
2572 3650 2674 3695 Hoc
2688 3649 2822 3694 enim
2848 3648 3067 3694 intendit
3087 3648 3357 3694 admonere
3368 3646 3615 3706 psalmus,
3630 3646 3715 3703 qui
3730 3654 3808 3688 nos

2227 3704 2402 3772 diirgit
2425 3713 2479 3757 in
2500 3712 2671 3772 finem,
2698 3710 2750 3756 id
2768 3716 2841 3757 est
2866 3711 3140 3758 Christum.
3155 3711 3353 3757 Materia
3370 3704 3443 3755 est
3459 3704 3809 3772 Christusillu-

2227 3770 2462 3829 minator.
2486 3775 2541 3820 In
2566 3770 2730 3832 prima
2755 3778 2891 3832 parte
2914 3778 3145 3831 precatur
3168 3770 3705 3832 illuminationemrln
3737 3780 3807 3832 se:

2226 3828 2393 3891 cunda
2417 3842 2551 3895 parte
2566 3828 2712 3899 '(qum
2742 3828 3327 3899 incipit—,Conﬁteantur
3339 3831 3433 3881 tibi
3444 3828 3805 3899 populi,D_eus)

2226 3894 2452 3953 hortatur
2475 3900 2535 3945 ad
2570 3894 2836 3957 utramque
2858 3894 3240 3957 confessionem,
3269 3897 3411 3953 idest,
3436 3894 3625 3955 peccati
3645 3894 3805 3957 etlau-

2227 3970 2321 4017 dis.
2371 3964 2425 4009 Et
2467 3963 2609 4019 ponit
2636 3955 2868 4009 caussam
2893 3961 3045 4007 Deum
3064 3955 3286 4017 judioem
3314 3971 3516 4018 aequum
3544 3970 3558 4006 :
3591 3961 3645 4006 ln
3682 3955 3806 4019 tertia

2226 4035 2382 4089 parte,
2408 4018 2705 4083 qutrrepetit
2734 4022 2968 4089 eumdem
2991 4034 3210 4083 versum,
3234 4022 3486 4089 admonet
3498 4021 3560 4089 ad
3598 4018 3805 4089 eamdem

2226 4080 2633 4139 confessionem:
2659 4089 2743 4134 sed
2757 4086 2857 4133 alia
2879 4080 3382 4149 deicaussa,scilicet,
3400 4083 3523 4142 quia
3540 4087 3672 4149 terra
3679 4080 3809 4149 prius

2225 4155 2432 4211 sterilis,
2448 4152 2593 4196 modo
2618 4150 2671 4196 in
2687 4150 2905 4196 adventu
2925 4148 3039 4211 Filii
3059 4147 3194 4193 dedit
3212 4144 3427 4211 fructum
3447 4158 3597 4192 suum
3615 4144 3807 4211 .thaia

2226 4218 2355 4264 vidit
2378 4204 2485 4262 esse
2510 4214 2681 4258 omnia
2705 4212 2835 4258 bona
2858 4224 2919 4256 ex
2953 4210 3295 4256 misericordia
3320 4210 3425 4265 Dei,
3452 4213 3715 4268 antequam
3740 4204 3805 4249 di-

2225 4284 2303 4327 cat
2324 4280 2385 4326 de
2407 4274 2800 4335 illuminatione,
2835 4273 3234 4320 misericordiam
3264 4276 3491 4331 precatur
3512 4271 3688 4318 dicens
3710 4279 3723 4316 :

2668 4395 2954 4461 PSALM
2966 4395 3068 4460 US
3128 4394 3371 4460 LXVI.

2287 4524 2340 4580 2.
2365 4526 2506 4575 Deus
2537 4525 2858 4573 misereatur
2879 4521 3069 4572 nostri.
3094 4520 3449 4573 Dimittendo
3471 4522 3719 4585 peccata.
3747 4513 3805 4563 Ει

2223 4597 2492 4647 benedicat
2516 4595 2694 4655 nobis,
2719 4593 2778 4644 id
2800 4597 2910 4654 est,
2932 4592 3270 4656 multiplicet
3291 4605 3399 4643 nos
3421 4596 3479 4643 et
3499 4600 3736 4643 numero
3757 4589 3807 4638 et

2230 4670 2479 4721 virtute:
2512 4668 2623 4719 hoc
2659 4664 2923 4719 videlicet
2960 4663 3177 4727 ordine,
3214 4667 3281 4716 ut
3313 4664 3583 4713 illuminet
3610 4661 3802 4713 vultum

528 4709 638 4799 (iis.
655 4728 852 4791 Ipsum
875 4727 1101 4792 publice
1121 4709 1440 4793 praestem
1457 4709 1987 4795 assesasses
2001 4709 2123 4784 ἐῶ-
2151 4709 2208 4783 D
2227 4709 2584 4795 gazas;
2593 4709 2940 4799 tentias,
2964 4709 3329 4799 ἷιὶᾘιῖῥὲιεῖόιιί
3340 4709 3726 4799 isteista,
3750 4731 3803 4781 in

526 4798 719 4849 fessus
745 4810 896 4869 sum.
923 4801 1134 4850 Parum
1158 4804 1248 4852 est
1275 4800 1527 4853 exaltare
1550 4803 1738 4853 Deum
1762 4803 1991 4869 lingua,
2019 4806 2121 4858 sed

527 4872 589 4919 et
612 4869 723 4919 sub
742 4868 943 4932 lingua
967 4884 979 4920 :
1010 4875 1078 4921 ut
1099 4871 1253 4933 quod
1279 4877 1472 4923 certus
1494 4872 1764 4939 loqueris,
1791 4868 2002 4927 taeitus
2013 4876 2122 4931 hoc

527 4940 765 5005 cogites.
782 4941 881 4991 Ille
905 4940 1115 4992 clamat
1124 4942 1450 4994 exultanter
1470 4945 1579 4995 sub
1588 4944 1807 5009 lingua,
1826 4958 2002 5011 quem
2017 4965 2120 5000 non

527 5011 817 5086 remordet
838 5012 1207 5086 conscientia.
1231 5015 1407 5086 Cujus
1429 5018 1624 5066 autem
1636 5018 1984 5071 conscientia
1997 5032 2124 5086 pec-

527 5083 710 5156 catrix
732 5087 837 5147 est,
862 5083 993 5156 ejus
1014 5096 1247 5156 quoque
1271 5085 1448 5136 oratio
1472 5086 1693 5138 inutilis
1717 5091 1807 5140 est
1828 5083 2017 5152 (Ιοαηῖ
2026 5089 2117 5156 9.).

525 5154 690 5217 Quod
713 5154 1016 5207 manifeste
1049 5154 1385 5217 declaratur,
1413 5170 1546 5207 cum
1571 5159 1840 5212 subditur
1863 5176 1879 5210 :

587 5224 674 5279 18.
698 5226 1047 5290 Iniquitatem
1068 5227 1115 5275 si
1138 5228 1329 5290 aspexi
1348 5229 1409 5277 in
1432 5230 1584 5278 corde
1605 5246 1720 5281 meo
1742 5248 1854 5283 non
1868 5236 2121 5287 exaudiet

523 5296 810 5347 Dominus.
837 5297 1014 5369 Quasi
1028 5298 1304 5361 aspicitur
1316 5301 1370 5349 in
1387 5299 1556 5351 corde
1573 5302 1865 5369 iniquitas,
1885 5306 2117 5369 quando

524 5380 591 5420 ea
625 5368 836 5419 mentis
857 5368 1040 5418 oculis
1078 5369 1281 5433 placet,
1314 5372 1547 5435 quando
1581 5368 1861 5439 delectat,
1882 5368 2115 5439 quando

522 5453 650 5491 eam
674 5440 802 5503 ipsa
824 5441 967 5491 ratio
977 5442 1272 5505 approbat,
1290 5448 1347 5494 et
1368 5455 1458 5494 am
1469 5449 1545 5495 at.
1564 5446 1641 5495 Ea
1656 5446 1827 5509 enim,
1846 5460 1977 5510 qum
1992 5451 2115 5497 dili-

520 5514 734 5575 gimus,
772 5512 1019 5563 libenter
1053 5515 1304 5577 aspicere
1329 5516 1603 5567 solemus.
1628 5517 1741 5568 Sed
1769 5518 1902 5580 quia
1941 5520 2117 5581 (sicut

521 5588 798 5648 scriptum
839 5586 943 5646 est)
982 5585 1297 5637 immundis
1327 5592 1385 5638 et
1422 5589 1813 5650 peccatoribus
1849 5589 1991 5641 nihil
2026 5597 2115 5643 est

515 5655 932 5718 mundum(Tit.
960 5656 1031 5719 1.)
1058 5672 1069 5706 :
1106 5658 1384 5720 quicquid
1412 5659 1484 5708 ab
1500 5659 1803 5710 immundo
1827 5660 1997 5712 corde
2021 5664 2114 5713 de-

516 5725 753 5797 rivatur,
781 5726 903 5777 sive
920 5727 995 5777 sit
1018 5729 1218 5791 oratio,
1246 5730 1369 5780 sive
1395 5730 1742 5795 prmdicatio,
1762 5732 1885 5783 sive
1911 5746 2112 5797 opera-

517 5794 615 5853 tio,
644 5799 870 5846 totuma
884 5798 999 5847 Deo
1024 5798 1392 5849 immundum
1407 5794 1897 5854 etinfructubsum
1907 5794 2107 5865 reputa-

2222 4814 2415 4863 mente
2437 4812 2634 4862 nostra
2658 4806 2958 4871 splendere
2981 4807 3150 4858 faciat
3170 4806 3369 4859 Filium
3380 4818 3570 4869 suum,
3586 4805 3802 4868 sapien-

2222 4886 2361 4934 tiam
2391 4894 2578 4941 suam,
2605 4881 2705 4943 qui
2727 4883 2817 4930 est
2828 4878 3047 4943 vultus,
3066 4884 3125 4930 et
3146 4879 3335 4943 imago
3353 4878 3497 4941 ejus.
3514 4879 3616 4928 Per
3630 4877 3799 4923 Filium

2222 4955 2375 5006 enim
2396 4953 2844 5025 repraesentatur
2867 4952 3047 5025 Pater,
3075 4949 3225 5025 sicut
3242 4950 3366 5025 ipse
3388 4948 3468 5025 ait
3492 4964 3505 4998 :
3537 4948 3643 5025 Qui
3660 4944 3803 5025 videt

2220 5038 2333 5089 me,
2361 5024 2521 5076 videt
2541 5027 2600 5075 et
2623 5025 2847 5075 Patrem
2877 5022 3058 5084 (Joan.
3095 5020 3219 5084 14.).
3254 5020 3475 5072 Deinde
3500 5018 3801 5083 subjuugit,

2221 5096 2374 5161 quod
2404 5096 2767 5160 praemiserat
2791 5108 2803 5145 :
2849 5094 2918 5143 Et
2942 5094 3260 5142 misereatur
3280 5092 3471 5142 nostri.
3496 5094 3799 5151 Utrumque
3854 5132 3857 5143 ς

2220 5172 2309 5219 est
2334 5167 2488 5217 enim
2510 5166 2680 5217 nobis
2704 5166 3117 5225 necessarium,
3142 5167 3199 5215 et
3222 5168 3532 5226 utrumque
3567 5161 3798 5226 legimus
3850 5194 3857 5223 ,η

2221 5238 2529 5302 scriptum:
2557 5238 2625 5289 Et
2649 5235 3045 5288 misericordia
3066 5236 3193 5297 ejus
3217 5234 3532 5299 prmveniet
3547 5245 3636 5284 me
3650 5226 3793 5302 (Psat.

2218 5298 2365 5371 58.)}
2414 5311 2484 5360 Et
2526 5307 2913 5360 misericordia
2957 5308 3082 5371 ejus
3115 5308 3503 5370 subsequetur
3533 5316 3623 5356 me
3648 5298 3795 5367 (Psal.

2217 5380 2343 5443 ‘22.).
2398 5381 2584 5432 Prima
2626 5392 2764 5443 ergo
2812 5378 3202 5430 misericordia
3244 5382 3351 5442 est,
3378 5377 3448 5428 de
3478 5373 3795 5428 remissione

2216 5457 2596 5516 peccatorum,
2624 5453 2695 5503 de
2720 5450 3091 5503 multitudine
3118 5450 3415 5509 virtutum,
3438 5449 3510 5500 de
3527 5444 3793 5499 illumina-

2218 5523 2369 5574 tione
2395 5523 2711 5588 sapientiae.
2727 5522 2993 5574 Secunda
3008 5520 3397 5573 misericordia
3412 5524 3517 5581 est,
3536 5516 3624 5570 vel
3642 5518 3789 5567 bona,

2217 5606 2349 5657 quae
2374 5594 2611 5659 largitur
2633 5596 2882 5653 Deus,ut
2887 5594 3010 5657 jam
3027 5594 3088 5644 in
3102 5594 3270 5643 nobis
3283 5603 3624 5644 conservare
3635 5590 3790 5659 digna-

2217 5655 2326 5717 tur.
2352 5655 2673 5729 Utrumque
2698 5655 3003 5717 hortantur
3026 5664 3253 5729 psalmi,
3290 5668 3356 5716 ut
3380 5676 3485 5715 nos
3511 5655 3787 5713 benedicat

2212 5738 2389 5800 Deus,
2410 5742 2466 5788 et
2480 5743 2663 5789 utnos
2676 5737 3083 5788 benedicamus
3097 5738 3300 5787 Deum.
3316 5739 3440 5784 Cum
3456 5732 3698 5782 benedicit
3713 5737 3788 5774 nos

2212 5809 2387 5870 Deus,
2435 5822 2543 5861 nos
2581 5809 2913 5860 crescimus.
2946 5810 3015 5859 Et
3038 5820 3171 5859 cum
3197 5806 3587 5859 benedicimus
3603 5804 3784 5870 Deum,

513 5865 632 5945 ιυιζε
651 5866 798 5945 Ergo
827 5879 944 5917 non
967 5869 1236 5945 exaudiet
1258 5872 1415 5945 Deus
1438 5883 1685 5935 precem.
1713 5874 1883 5945 cuius
1907 5887 1979 5926 ex
1995 5876 2109 5928 ini-
2208 5891 2319 5931 nos
2342 5865 2677 5933 crescimus.
2704 5883 3019 5944 Utrumque
3038 5880 3207 5931 nobis
3242 5878 3494 5944 prodest.
3507 5869 3786 5945 Priorestia

515 5938 734 5996 quitate
789 5944 1116 6002 corruptam
1161 5942 1441 6005 conspicit
1470 5947 1745 5997 mentem.
1784 5944 1909 5999 Noli
1931 5947 2111 6011 igitur
2160 6000 2173 6016 ,
2207 5950 2380 6003 nobis
2425 5952 2750 6005 benedictio
2785 5938 3032 6014 Domini,
3058 5955 3118 6005 et
3137 5938 3504 6015 consequens
3528 5950 3631 6008 est,
3656 5945 3719 5996 ut
3742 5940 3787 5990 θι
