3884 6392
1052 454 1126 503 ΙΝ
1164 453 1485 507 PSALMOS
1519 452 1727 506 LXXV
1760 452 2343 510 COMMENTARIUS.

3233 471 3340 528 910

2 572 127 647 nos
156 560 593 647 benedicamus
608 560 935 647 Dominum.
951 562 1052 614 Illa
1063 564 1274 627 pluvia,
1293 566 1401 618 iste
1426 567 1644 647 fructus
1667 569 1722 642 Α
1838 567 2157 647 notandum
2173 569 2326 647 quod
2347 583 2492 647 cum!
2505 574 2669 627 tertio
2684 575 2899 630 diceret
2919 580 3095 645 Deus,
3112 594 3229 634 non
3241 586 3342 647 ait,

6 635 107 681 est
139 644 159 681 :
215 631 503 681 illuminet
537 632 759 697 (inquit]
800 633 1006 682 vultum
1029 650 1191 683 suum
1213 652 1375 700 super
1396 652 1493 687 nos
1519 653 1531 688 :
1558 638 1645 688 lu-

4 714 162 776 men
204 716 394 776 suum
418 703 587 754 nobis
610 703 977 768 impressum,
1000 718 1098 769 per
1119 719 1227 757 nos
1256 709 1646 776 obscuratum,

6 777 71 823 et
104 772 243 825 fere
271 773 604 825 extinctum
629 778 718 825 est
740 787 839 838 per
860 780 1179 839 peccatum.
1206 772 1334 841 Ipse
1359 793 1493 842 ergo
1528 792 1651 843 pec-

7 848 232 894 catum
265 843 436 895 tollat
474 848 531 894 et
562 843 863 896 illuminet.
894 846 1081 896 Mittat
1106 847 1323 898 radium
1352 849 1648 912 sapientiai

8 927 175 965 suae.
210 915 524 966 Tenebras
547 918 778 965 nostras
802 915 1068 980 expellat,
1098 922 1165 968 ut
1188 918 1247 968 in
1270 920 1435 970 nobis
1460 922 1647 984 imago

9 987 157 1048 ejus
184 985 441 1049 fulgeat.
474 988 657 1048 Quare
688 987 973 1039 convertit
996 1000 1058 1039 se
1082 988 1157 1040 ad
1179 989 1282 1040 Dei
1315 990 1647 1042 familiarem

4 1056 418 1120 locutionem,
445 1061 503 1109 et
525 1056 663 1107 dicit
686 1073 698 1105 :

80 1125 139 1181 3.
202 1128 278 1177 Ut
332 1142 714 1192 cognoscamus
760 1128 823 1177 in
866 1132 1009 1179 terra
1054 1130 1203 1180 viam
1246 1136 1414 1183 luam.
1449 1133 1515 1184 In
1534 1145 1647 1196 qua

13 1201 235 1249 terra?
268 1198 341 1247 In
380 1198 630 1248 omnibus
658 1198 918 1263 gentibus.
944 1203 1128 1263 Quam
1153 1202 1306 1254 viam
1327 1206 1354 1253 ?
1396 1203 1648 1252 Salutare

10 1274 215 1333 tuum,
240 1269 311 1321 id
334 1274 444 1335 est,
470 1270 677 1322 Filium
693 1275 876 1333 tuum,
893 1285 1007 1335 quo
1020 1273 1328 1325 salvemur.
1349 1275 1476 1338 Ipse
1491 1275 1646 1326 enim

9 1340 98 1390 ait
153 1355 171 1391 :
228 1343 359 1405 Ego
399 1354 530 1392 sum
577 1342 688 1404 via,
726 1343 938 1393 veritas
971 1345 1027 1393 et
1048 1344 1163 1395 vita
1185 1344 1366 1408 (Joan.
1405 1345 1531 1409 1b.).
1558 1346 1646 1397 Ad

7 1410 135 1462 hoc
164 1423 322 1475 ergo
345 1411 636 1476 miserere,
656 1412 729 1463 ad
752 1412 862 1463 hoc
876 1412 1155 1477 illumina,
1174 1415 1399 1466 utviam
1414 1428 1649 1479 cognos-

9 1493 267 1545 camus,
284 1495 389 1546 per
406 1494 579 1546 quam
602 1484 674 1534 ad
700 1487 755 1534 te
776 1484 1099 1549 pertingere
1125 1483 1299 1552 327
1321 1487 1640 1538 valeamus.

13 1552 305 1605 Attende
349 1553 639 1617 quomodo
682 1554 865 1605 factus
906 1561 996 1607 est
1036 1558 1203 1607 nobis
1239 1558 1499 1608 Christus
1530 1559 1645 1609 via.

14 1624 425 1689 Evangelista
445 1626 598 1676 dicat
623 1642 635 1674 :
672 1626 927 1677 Verbum
953 1639 1083 1678 caro
1107 1628 1321 1679 factum
1342 1633 1449 1689 est,
1476 1633 1535 1680 et
1556 1629 1649 1680 ha-

14 1696 253 1747 bitavit
303 1695 366 1747 in
400 1696 569 1747 nobis
614 1696 792 1759 (Joan.
830 1696 918 1761 1.).
955 1699 1019 1749 In
1045 1710 1113 1749 eo
1136 1711 1288 1763 ergo,
1315 1700 1469 1763 quod
1494 1701 1648 1750 Deus

10 1768 228 1818 factus
280 1772 375 1818 est
419 1767 611 1830 homo,
652 1768 786 1819 data
823 1773 913 1821 est
935 1770 1104 1820 nobis
1128 1770 1356 1822 ﬁducia.
1382 1774 1448 1821 ut
1475 1771 1647 1822 homo

9 1838 223 1900 possit
248 1837 379 1889 ﬁeri
399 1840 572 1890 Deus.
599 1840 667 1889 Et
690 1840 827 1901 quia
848 1844 1109 1891 nostram
1131 1854 1359 1893 carnem
1384 1842 1518 1892 fecit
1539 1842 1647 1892 im-

10 1907 368 2003 mortalem,
383 1909 543 2003 deAdit
566 1910 743 2003 nobis
756 1912 1147 2003 certitudinen:
1165 1913 1462 1993 mortalem
1476 1925 1646 1977 posse
1672 1930 1727 2003 B

11 1981 374 2045 pertingere
403 1980 478 2031 ad
517 1980 1026 2033 immortalitatem.
1062 1984 1201 2035 Haec
1225 1990 1313 2035 est
1335 1984 1449 2044 via,
1471 1996 1645 2047 quam

11 2051 300 2102 ostendit
333 2050 504 2102 nobis
527 2052 683 2102 Deus
706 2053 767 2102 in
792 2057 959 2114 terra,
974 2065 1091 2116 qua
1115 2054 1447 2117 gradiamur
1460 2054 1532 2105 ad
1548 2067 1655 2105 cae-

5 2123 224 2175 lestia.
254 2123 332 2173 Et
365 2122 493 2174 huic
519 2127 609 2174 est
641 2122 785 2174 ﬁdes
808 2128 1026 2175 nostra.

77 2194 139 2248 4.
201 2193 592 2256 Conﬁteantur
614 2206 749 2258 ergo
773 2194 869 2243 tibi
894 2195 1106 2258 populi,
1141 2196 1281 2245 Deus
1297 2197 1652 2259 conﬁteantur

16 2266 120 2315 tibi
147 2264 576 2329 poputiomnes.
594 2266 738 2327 Quia
749 2266 1306 2329 cognoveruntviam
1325 2272 1502 2319 tuam.
1518 2271 1650 2317 Con-

12 2338 321 2389 ﬁteantur
344 2336 469 2399 jam
498 2340 732 2400 peccata
756 2348 878 2388 sua.
924 2338 1318 2390 Conﬁteantur
1341 2341 1398 2389 et
1422 2338 1650 2389 laudem

14 2414 215 2460 tuam.
248 2408 325 2457 Et
346 2419 466 2459 non
490 2420 643 2459 unus
673 2407 921 2472 populus
940 2413 1184 2470 tantum,
1212 2409 1315 2460 sed
1336 2410 1527 2473 populi
1542 2424 1652 2458 om-

16 2495 112 2529 nes
141 2493 157 2530 :
193 2478 346 2542 quia
388 2478 462 2530 ad
510 2480 754 2543 gratiam
790 2480 1114 2531 invitantur
1149 2493 1372 2532 omnes.
1398 2482 1562 2532 Prius
1587 2494 1651 2534 se

13 2555 324 2602 accusent
350 2564 364 2599 :
397 2549 557 2613 prius
579 2563 641 2602 se
670 2551 1075 2615 condemnent,
1091 2554 1157 2603 ut
1181 2552 1262 2603 sic
1276 2552 1650 2616 postmodum

14 2623 211 2686 digne
240 2626 301 2672 te
324 2620 581 2672 laudent.
610 2622 759 2683 Quid
782 2623 952 2674 times
976 2623 1253 2685 conﬁteri,
1277 2635 1311 2673 ο
1335 2623 1524 2687 homo,
1550 2624 1650 2686 qui

11 2706 143 2744 non
162 2691 515 2743 conﬁtendo
540 2704 670 2743 esse
695 2706 813 2744 non
828 2697 989 2757 potes
1015 2694 1275 2745 occultus
1288 2698 1309 2741 ?
1328 2696 1649 2743 Damnaberis

15 2767 279 2825 tacitus,
310 2763 414 2826 qui
439 2775 640 2827 posses
654 2763 884 2816 liberari
913 2764 1233 2815 confessus.
1247 2764 1337 2815 Ad
1350 2765 1649 2829 hocexigit

14 2840 189 2889 Deus
215 2833 680 2898 confessionem,
704 2840 772 2887 ut
797 2836 1000 2887 liberet
1021 2836 1313 2887 humilem.
1340 2837 1553 2899 thuia
1572 2839 1649 2888 is-

18 2914 79 2960 ta
103 2906 422 2959 confessio
446 2918 565 2957 non
586 2905 659 2957 ad
683 2906 1024 2970 supplicium
1055 2907 1233 2971 ducit,
1266 2906 1369 2959 sed
1393 2906 1465 2958 ad
1502 2921 1647 2971 gau-

18 2981 195 3031 dium
227 2992 242 3028 :
276 2977 548 3039 sequitur
569 2981 627 3029 et
659 2977 832 3029 dicit:

83 3051 436 3105 5.Laelentur
480 3052 527 3098 et
559 3049 793 3098 exultent
828 3053 1020 3111 gentes.
1056 3048 1281 3101 Laetitia
1311 3048 1554 3102 refertur
1575 3050 1649 3101 ad

14 3124 301 3174 animam
331 3134 344 3170 :
370 3120 649 3172 exultatio
674 3120 749 3171 ad
777 3132 1003 3181 corpus.
1030 3122 1171 3171 Cum
1187 3133 1323 3184 ergo
1348 3120 1651 3173 salventur

12 3204 273 3257 corpore
303 3195 365 3242 et
389 3190 910 3255 animadmtentur,
944 3195 1003 3242 et
1037 3194 1301 3243 exultent
1328 3196 1549 3255 gentes.
1582 3194 1651 3243 Et

12 3266 157 3316 dicit
189 3274 387 3327 quare
410 3276 424 3313 :
451 3263 586 3326 quia
613 3262 831 3325 judicas
850 3263 1076 3326 populos
1097 3264 1161 3311 in
1188 3264 1449 3326 aequitate.
1489 3264 1641 3315 Red-

12 3336 221 3388 dendo
241 3333 497 3398 singulis
510 3335 833 3385 secundum
850 3335 1055 3386 merita
1069 3346 1189 3386 sua.
1212 3334 1429 3397 thuia
1443 3344 1641 3396 propter

12 3409 128 3459 hoc
152 3419 291 3459 non
317 3405 566 3460 multum
590 3404 916 3458 laudaretur
942 3406 1095 3471 (quia
1118 3406 1232 3457 nisi
1256 3408 1640 3456 misericorditer

9 3480 68 3531 in
93 3480 218 3532 hac
246 3478 378 3531 vita
400 3476 573 3529 etiam
597 3478 861 3529 homines
880 3478 1163 3541 visitaret,
1181 3490 1383 3529 omnes
1399 3477 1639 3530 damna-

9 3552 268 3613 rentur),
296 3548 432 3600 ideo
453 3549 664 3613 adjecit
690 3564 701 3600 :
728 3549 796 3598 Et
814 3554 990 3613 gentes
1010 3550 1227 3598 interra
1244 3549 1467 3613 dirigis:
1494 3551 1636 3601 sub-

6 3622 211 3682 audis,
269 3624 344 3672 ut
374 3624 527 3672 recte
556 3620 807 3673 vivendo
830 3619 1145 3672 ambulent.
1180 3620 1453 3673 Distortae
1476 3627 1639 3673 erant

7 3698 232 3758 gentes
276 3706 292 3742 :
336 3692 500 3743 venit
542 3704 750 3743 manus
784 3692 885 3743 Dei
924 3706 938 3743 :
978 3696 1213 3744 extenta
1254 3693 1637 3744 misericordi-

7 3772 116 3827 ter,
167 3763 411 3815 Direxit
445 3775 546 3826 per
577 3762 881 3826 justitiam,
923 3776 1070 3826 quos
1099 3768 1388 3815 tortuosos
1416 3766 1636 3816 invenit

2 3850 109 3903 per
133 3834 655 3900 culpam.Directaa
681 3838 819 3885 sunt
840 3840 1045 3898 gentes
1068 3835 1397 3887 :ambulant
1420 3835 1478 3886 in
1502 3836 1632 3901 ﬁde,

1 3909 362 3974 gaudentes
400 3906 459 3957 in
490 3907 610 3957 Deo
634 3918 756 3967 suo,
783 3905 875 3970 pia
898 3918 1070 3970 opera
1093 3906 1383 3958 facientes.
1409 3908 1636 3971 Repetit

1 3995 146 4047 ergo
189 3977 453 4031 eundem
480 3989 715 4029 versum
750 3976 809 4029 in
838 3978 1253 4042 exhortatione,
1288 3990 1462 4042 quam
1486 3991 1634 4043 prai-

2 4054 211 4105 misit:
259 4049 369 4101 sed
392 4049 563 4101 aliam
587 4061 855 4102 caussam
879 4050 1095 4102 subdit.

63 4125 122 4181 6.
159 4122 552 4183 Conﬁteantur
594 4120 690 4170 tibi
722 4121 911 4186 populi
942 4122 1118 4171 Deus:
1154 4123 1514 4185 conﬁteantur
1536 4121 1632 4173 tibi

3 4195 214 4262 populi
267 4205 477 4255 omnes,
519 4192 671 4244 Audi
702 4204 970 4244 caussam
997 4207 1010 4243 :
1042 4193 1206 4242 Terra
1227 4193 1369 4243 dedit
1388 4193 1631 4255 fructum

3 4283 203 4319 suum.
243 4265 443 4327 Terra,
469 4276 603 4328 quae
625 4265 783 4329 prius
810 4262 1115 4317 maledicta
1140 4270 1280 4329 erat,
1303 4268 1361 4317 et
1382 4265 1630 4329 profere-

4 4344 101 4393 bat
128 4337 354 4402 spinas
382 4340 442 4387 et
466 4335 708 4387 tribulos
744 4335 820 4401 (in
843 4335 1261 4393 maledictione,
1287 4348 1462 4399 quam
1487 4337 1633 4389 dixit

4 4415 173 4465 Deus
198 4407 354 4460 Adin
382 4424 393 4455 :
421 4406 717 4458 Maledicta
741 4407 971 4459 terrain
999 4420 1166 4471 opere
1193 4412 1292 4459 tuo
1312 4408 1513 4473 (Genu.
1532 4408 1625 4473 3.])

3 4486 168 4536 facta
194 4484 295 4533 est
326 4479 430 4541 (Ex
463 4478 787 4542 Augustino)
826 4478 1136 4530 t‘ructicans
1160 4478 1351 4530 dando
1378 4479 1630 4532 fructum

3 4567 219 4618 suum,
245 4551 307 4602 id
339 4554 447 4614 est,
485 4550 890 4602 convenientia
912 4563 1081 4614 opera
1103 4561 1228 4602 sua.
1253 4551 1454 4602 Omnis
1480 4555 1630 4604 terra

3 4633 130 4681 erat
176 4623 373 4690 spinis
398 4621 581 4686 plena.
608 4622 871 4675 Accessit
892 4621 1236 4674 eradicantis
1259 4634 1471 4674 manus
1496 4637 1508 4674 :
1532 4635 1628 4674 ac-

3 4699 200 4752 cessit
225 4694 459 4746 vocatio
476 4693 794 4757 majestatis
818 4695 969 4757 ejus,
992 4694 1481 4747 etmisericordite.
1506 4697 1628 4748 Ca:-

3 4773 86 4838 pit
109 4774 290 4823 terra
314 4764 590 4817 conﬁteri.
609 4766 741 4838 Jam
752 4764 854 4838 dat
866 4770 1015 4816 terra
1038 4765 1290 4818 fructum
1315 4779 1503 4818 suum.
1519 4769 1625 4820 Fe-

3 4837 79 4896 cit
104 4839 287 4894 enim
314 4838 487 4900 Deus,
513 4837 664 4900 quod
689 4837 1069 4899 subjunctum
1097 4842 1222 4889 est:

63 4915 122 4970 7.
177 4908 477 4962 Benedicat
513 4923 611 4958 nos
654 4909 814 4967 Deus,
839 4908 978 4957 Deus
1013 4913 1208 4969 noster,
1233 4908 1503 4961 benedicat
1532 4925 1629 4961 nos

3 4987 155 5035 Deus
186 4996 207 5049 ;
240 4986 292 5031 et
330 4984 573 5030 metuant
598 4994 722 5031 eum
755 4994 936 5030 omnes
956 4981 1090 5042 ﬁnes
1124 4986 1290 5031 terrae.
1316 4982 1498 5034 Etiam
1524 4984 1659 5043 (Ex.

3 5056 145 5120 cod.)
218 5058 400 5116 atque
441 5050 832 5117 multipliciter
859 5050 1265 5105 benedicendo.
1302 5053 1629 5107 Benedictio
1666 5062 1679 5070 ‘

5 5130 174 5181 enim
202 5125 267 5176 in
294 5122 767 5188 multiplicatione
788 5122 934 5187 solet
959 5124 1213 5176 maxime
1236 5128 1294 5177 et
1322 5126 1545 5189 proprie
1569 5128 1629 5178 in

5 5196 207 5264 telligi
232 5210 248 5247 :
278 5193 436 5264 quod
460 5196 521 5245 in
544 5195 750 5247 Genesi
774 5194 1146 5247 manifestum
1169 5200 1277 5249 est.
1306 5197 1448 5248 Nam
1474 5198 1631 5261 quod

5 5263 156 5323 iecit
188 5269 357 5319 Deus
386 5263 595 5329 lucem,
620 5270 676 5318 et
697 5266 894 5318 divisit
917 5277 952 5317 a
975 5267 1256 5318 tenebris:
1292 5271 1352 5318 et
1370 5268 1501 5320 fecit
1538 5269 1631 5320 ﬁr-

6 5342 416 5398 mamentum,
462 5342 521 5389 et
550 5337 825 5389 discrevit
846 5349 1004 5390 mare
1028 5339 1100 5388 ab
1123 5337 1319 5389 arida:
1343 5351 1631 5403 nusquam

5 5418 83 5466 ibi
109 5413 352 5464 dictum
375 5413 467 5459 est
492 5426 503 5457 :
529 5408 833 5461 Benedixit
860 5412 1028 5461 Deus.
1057 5411 1312 5461 Ventum
1336 5411 1513 5462 estad
1544 5425 1629 5475 ea,

5 5498 147 5549 quae
178 5479 561 5534 fecunditatis
585 5480 1025 5533 habituraerant
1041 5492 1268 5532 semen:
1289 5484 1630 5547 ethenedixit,

5 5559 222 5609 dicens
267 5553 394 5604 eis:
442 5553 688 5603 Crescite
732 5557 790 5604 et
824 5551 1301 5617 multiplicamini,
1340 5555 1396 5604 et
1419 5553 1631 5617 replete

8 5638 209 5692 aquas
240 5623 422 5676 maris
438 5637 450 5674 :
477 5633 731 5687 avesque
744 5622 1195 5687 multiplicentur
1210 5637 1385 5688 super
1402 5629 1628 5676 terram.

10 5698 303 5751 Similiter
324 5699 382 5748 et
403 5694 623 5746 homini
645 5695 991 5747 benedicens
1016 5696 1121 5748 ait:
1143 5696 1389 5747 Crescite
1413 5700 1470 5749 et
1492 5697 1633 5747 mul-

11 5766 391 5838 tiplicamini,
416 5771 473 5819 et
494 5765 706 5832 replete
729 5766 937 5819 faciem
977 5770 1143 5820 terrm
1171 5768 1316 5831 (Gen.
1350 5766 1377 5822 1
1406 5769 1442 5830 ).
1474 5769 1635 5821 Patet

11 5847 244 5909 itaque,
262 5839 402 5905 quia
413 5838 474 5891 in
489 5838 885 5903 benedictione
900 5838 1303 5905 multiplicatio
1315 5841 1633 5903 intelligitur.

80 5996 100 6017 ·
124 5979 452 6048 Augustin.
484 5978 735 6045 typhum.

1653 4718 1709 4792 D

1748 638 2015 708 Metuant
2039 650 2156 699 eos,
2190 640 2291 690 sed
2316 655 2455 690 eum.
2471 644 2535 694 In
2552 657 2668 708 quo
2689 648 2987 701 evidenter
3003 638 3251 704 Trinitas
3268 638 3341 704 est

1748 707 2049 784 declarata,
2076 721 2210 784 quas
2244 710 2391 762 trina
2418 707 2593 780 328
2626 717 2685 768 in
2715 721 2992 784 personis,
3012 726 3070 774 et
3087 735 3199 775 una
3218 737 3341 777 cre-

1747 778 1904 853 ditur
1927 779 1983 830 in
2013 781 2356 853 substantia.
2388 778 2455 832 Et
2484 778 2733 837 Ῑηᾶιῑιαηῖ
2757 778 3122 853 (ἱηίιιιίῐ)ἐυγη
3157 808 3341 845 omnes

1745 852 1877 912 ﬁnes
1901 854 2066 901 terrae.
2082 851 2173 901 Sic
2188 853 2546 906 abundanter
2574 858 2633 908 in
2657 851 2888 911 nomine
2923 851 3131 914 Christi
3161 865 3337 916 bene-

1747 920 1900 994 dicat
1926 933 2034 972 nos
2057 923 2232 984 Deus,
2251 928 2316 973 ut
2340 925 2470 975 ﬁliis
2495 928 2617 978 suis
2642 930 2875 994 impleat
2896 932 3231 986 universam
3256 936 3340 985 ia-

1747 992 1892 1042 ciem
1905 998 2090 1054 terrae,
2113 994 2397 1057 adoptatis
2421 996 2479 1047 in
2502 992 2742 1062 regnum
2757 1014 2929 1053 suum
2942 1003 3337 1058 cohairedibus

1747 1063 2032 1126 unigeniti
2068 1064 2194 1113 Filii
2230 1064 2320 1114 sui
2357 1066 2551 1129 (Gatat.
2593 1069 2682 1132 4.).
2718 1073 2868 1123 Bene
2890 1077 3083 1125 autem
3112 1076 3230 1127 ait:
3268 1076 3337 1125 Et

1746 1138 1991 1182 metuant
2014 1148 2156 1196 cum,
2181 1135 2316 1198 quia
2345 1136 2504 1189 nulla
2526 1139 2584 1189 in
2600 1139 2709 1191 hoc
2732 1144 2951 1194 mundo
2972 1147 3336 1198 verasecuri-

1748 1209 1854 1278 tas.
1872 1206 2080 1278 Beatus
2095 1204 2287 1278 homo,
2307 1206 2405 1269 qui
2424 1220 2650 1273 semper
2659 1216 2748 1263 est
2761 1213 3192 1277 pavidus(Prov.
3207 1214 3335 1278 28.).

1748 1276 1941 1347 Nescit
1965 1274 2140 1347 homo
2163 1276 2331 1337 diem,
2358 1290 2546 1341 neque
2586 1274 2805 1345 horam,
2828 1274 3058 1347 quando
3084 1274 3338 1338 transeat

1749 1345 2141 1422 μωρὰ-25)(
2170 1347 2367 1422 liescit
2402 1353 2598 1401 utrum
2635 1352 2764 1404 odio
2799 1345 2875 1405 an
2898 1368 3093 1407 amore
3126 1357 3337 1422 dignus

1749 1418 1824 1467 sit
1842 1416 2049 1480 (Eccles.
2076 1416 2167 1480 9.).
2183 1418 2514 1471 Timeamus
2535 1434 2671 1486 ergo
2687 1424 2890 1475 Deum.
2905 1416 3336 1489 Timeamu'sju-

1746 1490 1962 1540 dicium
1993 1490 2117 1552 ejus
2142 1502 2155 1539 :
2184 1494 2248 1540 ut
2271 1494 2470 1554 postea
2494 1494 2677 1544 securi
2692 1506 2823 1547 esse
2846 1497 3164 1550 valeamus.

2013 1595 2377 1661 TITULUS
2431 1598 2754 1663 PSALMI
2796 1600 3065 1667 LXVII.

1809 1708 1869 1773 1.,
1883 1705 2119 1773 Sequitur
2133 1704 2318 1773 titulus
2334 1706 2513 1773 psalmi
2526 1710 2780 1766 sequentis
2795 1721 2807 1757 :
2822 1709 2885 1773 In
2899 1710 3083 1772 ﬁnem,
3094 1709 3338 1773 psalmus

1748 1766 1945 1815 cantici
1970 1765 2160 1814 David.
2189 1768 2415 1830 Psalmus
2436 1768 2545 1830 iste,
2570 1765 2658 1828 qui
2682 1776 2754 1816 est
2776 1765 3272 1830 designattts'cantici
3292 1783 3340 1822 et

1748 1831 1981 1897 maxime;
2007 1829 2347 1897 exultationis,
2372 1829 2664 1897 attribuitur
2679 1834 2829 1897 David
2857 1829 3225 1897 prophettr,qui
3256 1837 3340 1883 hic

1752 1892 1975 1951 loquitur
1998 1892 2267 1955 attendenti
2286 1892 2339 1937 in
2366 1894 2533 1955 ﬁnem,
2561 1894 2611 1938 id
2637 1900 2726 1954 est,
2752 1896 2805 1941 in
2830 1897 3083 1943 Christum
3096 1892 3205 1945 {vel
3220 1912 3340 1945 con-

1750 1955 1989 2002 sideranti
2007 1967 2081 2013 ea,
2109 1967 2223 2012 quas
2244 1954 2296 1999 in
2315 1955 2462 2000 ﬁnem
2491 1954 2763 2014 temporum
2788 1964 2930 2005 erant
2953 1963 3178 2006 ventura.
3200 1962 3340 2007 Psal-

1750 2031 1863 2066 mus
1887 2018 1978 2062 iste
2003 2016 2113 2061 ideo
2136 2022 2206 2061 est
2227 2017 2425 2079 cantici,
2451 2018 2571 2076 quia
2599 2022 2710 2080 tale,
2734 2020 2859 2078 quid
2884 2022 3015 2067 unde
3038 2023 3183 2068 nobis
3198 2024 3339 2068 exul-

1753 2080 1957 2129 tandum
1983 2082 2074 2141 est,
2098 2080 2494 2138 proponit:quia
2506 2086 2821 2138 reprmsenlal
2844 2084 3139 2141 mysterium
3161 2090 3340 2130 nostris

1751 2140 2096 2203 reparationis.
2113 2141 2195 2203 list
2219 2153 2431 2203 namque
2454 2142 2680 2200 psalmus
2694 2144 2784 2188 iste
2801 2140 3008 2191 refertus
3029 2146 3340 2203 Evangelicis

1750 2202 2096 2268 sacramentis._
2126 2202 2364 2268 Loquitur
2386 2203 2521 2268 enim
2536 2203 2607 2268 Ade
2629 2205 2879 2268 passione,
2897 2207 2986 2252 ubi
3008 2202 3223 2254 dicitur:
3252 2210 3340 2254 Do.

1750 2266 1879 2314 mini
1902 2263 2101 2311 Domini
2122 2264 2287 2309 exitus
2310 2266 2501 2313 mortis.
2532 2265 2596 2311 De
2619 2263 2982 2315 resurrectione
3004 2269 3093 2315 ubi
3118 2269 3332 2317 dicitur:

1750 2330 1967 2386 Exurgat
1989 2328 2132 2373 Deus.
2160 2326 2224 2371 De
2266 2328 2577 2386 ascensione,
2610 2329 2699 2375 ubi
2724 2329 2910 2377 dicitur
2934 2343 2944 2375 :
2971 2331 3257 2381 Ascendisti
3282 2332 3336 2378 in

1749 2392 1924 2438 alium.
1962 2390 2026 2435 De
2046 2388 2316 2434 emissione
2342 2389 2557 2446 Spiritus
2581 2391 2763 2449 Sancti,
2792 2392 2879 2438 ubi
2904 2393 3110 2439 dicitur:
3141 2394 3336 2441 Conﬁr-

1748 2468 1829 2500 ma
1854 2453 1981 2498 Deus
2006 2452 2097 2497 hoc
2119 2450 2253 2509 quod
2284 2456 2514 2508 operatus
2543 2465 2595 2498 es
2618 2453 2673 2499 in
2698 2454 2863 2500 nobis.
2893 2456 2958 2501 De
2985 2456 3336 2502 incarnatione

1750 2516 1836 2563 ubi
1861 2515 2047 2560 dicitur
2073 2526 2085 2560 :
2112 2512 2287 2558 Manda
2316 2514 2445 2559 Deus
2475 2514 2646 2561 virtuti
2671 2519 2786 2563 tute.
2819 2517 2941 2570 Quae
2963 2519 3133 2564 omnia
3156 2518 3339 2565 debent

1750 2577 1895 2625 nobis
1931 2588 2037 2622 esse
2070 2575 2263 2620 cantica
2281 2580 2327 2620 et
2350 2575 2607 2625 exultatio.
2635 2578 2831 2623 Materia
2854 2584 2927 2625 est
2950 2579 3180 2628 Christus
3203 2580 3336 2626 exal-

1750 2644 1896 2700 tatus,
1940 2643 1987 2683 et
2026 2637 2250 2700 exaltans
2281 2638 2569 2686 Ecclesium.
2623 2641 2836 2686 Intentio
2870 2647 2944 2687 est
2970 2655 3056 2688 nos
3075 2643 3340 2689 admonere

1748 2703 1810 2748 ad
1855 2699 2451 2765 Christi_exaltal_ionem,
2487 2706 2540 2746 ut
2564 2706 2822 2765 cantemus
2846 2704 3060 2765 Christo,
3083 2710 3130 2750 et
3152 2704 3341 2750 exalte-

1748 2777 1861 2811 mus
1885 2776 2020 2811 eum.
2046 2763 2158 2808 Haec
2179 2762 2384 2820 quidem
2409 2763 2620 2809 intentio
2646 2768 2845 2811 notatur
2866 2765 2921 2811 in
2945 2762 3137 2824 psalmo
3162 2767 3214 2812 in
3233 2767 3343 2825 plu-

1748 2827 1890 2873 ribus
1914 2825 2055 2873 locis.
2080 2824 2263 2870 Invitat
2286 2826 2524 2882 propheta
2547 2839 2720 2872 omnes
2745 2827 2939 2873 futuros
2961 2829 3093 2874 ﬁlios
3109 2824 3341 2875 Ecclesiae

1749 2895 1805 2935 ut
1825 2890 2131 2934 attendentes
2146 2886 2404 2946 beneﬁcia,
2429 2900 2541 2946 quas
2565 2889 2637 2934 eis
2658 2890 2992 2935 attribuentur
3027 2902 3116 2948 per
3155 2890 3339 2937 Christi

1747 2951 2031 3009 passionem
2056 2953 2101 2994 et
2124 2949 2556 3011 resurrectionem,
2581 2954 2695 3011 etc.,
2720 2963 2781 2996 ne
2804 2950 2859 2995 in
2887 2964 3101 2998 vacuum
3128 2953 3337 3009 gratiam

1750 3014 1835 3059 Del
1861 3010 2195 3075 recipiant(‘2.
2240 3010 2357 3058 Cor.
2386 3009 2473 3075 6.)_,
2514 3024 2577 3075 ne
2606 3009 2788 3069 ingrati
2816 3012 2934 3057 sint.
2973 3012 3070 3062 Sed
3107 3014 3335 3075 gratiam,

1748 3088 1862 3134 quae
1885 3074 1957 3121 eis
1996 3087 2082 3131 per
2116 3074 2221 3118 haec
2253 3073 2490 3130 mysteria
2523 3074 2636 3117 data
2666 3079 2756 3134 est,
2794 3086 2944 3132 quam
2970 3076 3186 3121 maxime
3209 3073 3339 3121 celeé

1747 3138 1893 3183 brent
1922 3149 2039 3181 voce
2066 3139 2111 3181 et
2131 3147 2294 3192 opere,
2316 3140 2362 3179 et
2386 3135 2439 3179 in
2464 3134 2636 3180 eadem
2660 3135 2817 3193 gratia
2834 3134 3167 3194 (sicutversus
3186 3138 3336 3183 ﬁnem

1750 3199 1928 3257 psalmi
1954 3196 2263 3245 subinfertur
2286 3195 2495 3260 :Regna
2510 3201 2658 3243 terra:
2678 3200 2886 3244 cantate
2910 3197 3036 3260 Deo)
3048 3200 3339 3246 omnimoda

1742 3262 2052 3319 jocunditate
2074 3261 2127 3305 in
2153 3260 2359 3304 Domino
2380 3258 2620 3308 exultent.
2646 3260 2702 3305 Et
2727 3261 3003 3307 notandum
3020 3258 3182 3320 quod,
3207 3263 3336 3309 sicut

1667 3300 1716 3375 C
1742 3300 2213 3383 agitasse};
2222 3300 2913 3380 maestissimus;
2921 3300 3059 3370 ἷηῖτέ
3068 3300 3337 3383 ἶῶὶῖιζιῖζ

1742 3400 1799 3434 co
1837 3387 2100 3447 exprimat,
2148 3384 2373 3442 loquitur
2415 3384 2471 3430 in
2516 3385 2697 3443 psalmi
2747 3385 2996 3444 principio
3035 3390 3131 3433 sub
3175 3388 3337 3445 ﬁgura

1738 3450 1957 3558 oiptantis
2010 3452 2182 3504 ,tamen
2202 3447 2348 3504 juxta
2377 3448 2674 3493 sententiam
2703 3450 3039 3496 enunciativas
3074 3448 3334 3507 orationis,

1737 3524 1761 3558 ε
1785 3524 1811 3559 c
1834 3524 1974 3570 ineip
1996 3523 2103 3557 ens.

2182 3576 2587 3642 PSALMUS
2621 3577 2890 3643 LXVII.

1798 3692 1850 3747 2.
1877 3693 2156 3755 Exsurgat
2187 3692 2348 3755 Deus,
2374 3697 2422 3742 et
2454 3693 2787 3757 dissipentur
2801 3694 3020 3744 inimici
3046 3709 3176 3759 ejus.
3201 3696 3353 3748 Jam.

1734 3765 1841 3829 (Ea:
1867 3764 2191 3828 Augustino)
2216 3763 2431 3814 factum
2455 3768 2565 3815 est.
2590 3766 2928 3817 Resurrexit
2970 3766 3248 3827 Christus.
3275 3774 3333 3822 et

1733 3834 1996 3899 dissipati
2022 3838 2160 3884 sunt
2181 3832 2397 3884 inimici
2420 3834 2547 3897 ejus
2564 3846 2664 3898 per
2686 3847 2888 3887 omnes
2903 3841 3125 3900 gentes.
3139 3837 3332 3891 111ᾱωὶ

1731 3907 1792 3958 in
1809 3918 1876 3959 eo
1900 3907 2026 3970 ipso
2047 3904 2192 3967 loco,
2208 3904 2308 3955 ubi
2332 3904 2662 3956 inimicitias
2677 3912 3080 3971 exercuerunt,
3093 3910 3328 3957 debellett

1733 3982 1891 4040 sunt,
1919 3982 2092 4040 atque
2113 3975 2247 4027 inde
2271 3987 2368 4039 per
2391 3981 2600 4026 cuncta
2623 3976 2885 4041 dispersi.
2912 3979 2982 4029 Et
3010 3991 3169 4030 nunc
3190 3979 3329 4031 ode-

1732 4054 1886 4113 runt,
1919 4048 2021 4101 sed
2043 4051 2317 4099 metuunt
2343 4063 2354 4095 :
2384 4052 2443 4098 et
2464 4048 2591 4110 ipsa
2612 4052 2771 4099 metu
2795 4048 3031 4113 faciunt,
3055 4050 3209 4112 quod
3230 4064 3326 4103 se-

1731 4121 1945 4185 quitur.
1969 4120 2038 4169 Et
2060 4118 2390 4183 fugiantqui
2403 4119 2633 4167 oderunt
2654 4133 2778 4168 eum
2802 4136 2837 4170 a
2857 4120 2997 4183 facie
3015 4121 3148 4185 ejus.
3168 4123 3327 4187 Fuga

1731 4195 1941 4259 quippe
1972 4193 2149 4246 animi
2180 4194 2268 4244 est
2291 4193 2477 4243 timor.
2505 4193 2650 4244 Nam
2673 4193 2887 4246 carnali
2909 4194 3065 4260 fuga,
3090 4207 3205 4259 quo
3228 4195 3325 4247 fu-

1730 4268 1898 4332 giunt
1922 4277 1957 4317 a
1980 4266 2122 4317 facie
2144 4265 2288 4328 ejus,
2314 4264 2415 4328 qui
2437 4264 2653 4328 ubique
2676 4271 2766 4317 est
2780 4270 3077 4330 praesens?
3093 4270 3215 4329 Quo
3230 4268 3325 4319 ibo

1732 4337 1958 4403 (inquit)
1997 4348 2033 4388 a
2064 4336 2264 4401 spiritu
2301 4340 2435 4387 tuo?
2466 4337 2535 4387 Et
2572 4348 2689 4399 quo
2720 4348 2755 4388 a
2791 4338 2931 4389 facie
2965 4341 3065 4389 tua
3105 4338 3324 4402 fugiam

1728 4408 1888 4473 (Psal.
1928 4406 2109 4471 138.)?
2141 4408 2348 4459 Animo
2373 4420 2527 4472 ergo,
2552 4421 2671 4460 non
2695 4421 2930 4473 corpore
2952 4409 3182 4473 fugiunt
3207 4425 3219 4460 :
3256 4410 3322 4461 ti-

1726 4479 1935 4532 mendo
1961 4482 2172 4544 potius,
2191 4491 2365 4542 quam
2387 4478 2637 4530 latendo.
2657 4481 2861 4541 Necab
2886 4492 2954 4532 ea
2969 4479 3127 4541 facie,
3144 4492 3321 4543 quam

1727 4565 1847 4604 non
1872 4550 2081 4613 vident,
2108 4551 2211 4602 sed
2234 4551 2307 4601 ab
2332 4561 2416 4613 ea,
2445 4561 2623 4613 quam
2649 4555 2953 4616 coguntur,
2979 4556 3047 4603 ut
3065 4551 3319 4605 videant.

1728 4624 1925 4675 Facies
1951 4622 2165 4687 quippe
2188 4622 2312 4686 ejus
2335 4621 2618 4689 appellata
2640 4627 2729 4674 est
2751 4623 3060 4686 praesentia
3073 4624 3199 4687 ejus
3222 4638 3324 4689 per

1736 4694 2047 4746 Ecclesiam
2066 4695 2212 4757 ejus.
2232 4694 2477 4759 Fugiant
2498 4705 2677 4757 ergoa
2700 4694 2839 4746 facie
2852 4695 2898 4758 ej
2908 4708 2994 4746 us.
3011 4695 3322 4748 Timeanta

1734 4766 2047 4831 praesentia
2083 4770 2413 4817 sanctorum
2443 4770 2500 4818 et
2531 4765 2786 4817 ﬁdelium
2808 4769 2955 4830 ejus.
2982 4763 3159 4837 329
3192 4770 3325 4821 Sive

1727 4850 1762 4911 a
1804 4838 1947 4911 facie
1985 4838 2124 4911 ejus
2154 4838 2398 4911 fugiant,
2422 4837 2595 4911 sicut
2625 4837 2903 4911 scriptum
2927 4844 3018 4891 est
3043 4840 3324 4911 :Tollatur

1724 4909 1957 4974 impius,
1976 4921 2049 4960 ne
2071 4908 2269 4962 videat
2292 4910 2534 4974 gloriam
2560 4909 2660 4961 Dei
2684 4910 2830 4973 (Isai.
2853 4910 2983 4975 ‘26.).
3008 4908 3095 4966 De
3114 4913 3325 4977 quibus

1724 4980 1917 5033 adhuc
1945 4980 2214 5032 subditur
2240 4994 2254 5031 :

1790 5051 1841 5106 3.
1877 5052 2027 5102 Sicut
2071 5052 2243 5115 deﬁcit
2277 5051 2465 5115 fumus
2509 5053 2779 5117 deﬁciant.
2804 5053 3149 5107 Extulerunt
3171 5053 3323 5107 enim

1731 5123 1835 5188 (Ea:
1873 5123 2200 5186 Augusltno)
2248 5134 2309 5174 se
2342 5125 2416 5174 ab
2437 5124 2672 5188 ignibus
2697 5125 2962 5177 odiorum
2981 5138 3239 5189 suorum,
3263 5125 3325 5177 in

1730 5194 2016 5259 superbia
2046 5202 2063 5223 ·
2107 5195 2447 5246 cumulum:
2500 5199 2556 5247 et
2601 5199 2880 5261 ponentes
2921 5196 2984 5248 in
3025 5196 3234 5248 calum
3258 5208 3326 5249 os

1731 5278 1920 5329 suum,
1956 5270 2132 5327 atque
2160 5263 2515 5325 clamantes;
2560 5266 2856 5330 Cruciﬁge,
2899 5267 3168 5330 cruciﬁge
3192 5280 3326 5319 eum

1730 5338 1911 5401 (Joan.
1972 5336 2101 5399 19.),
2152 5336 2317 5400 quasi
2363 5337 2610 5389 victores
2658 5341 3026 5390 tumuerunt:
3056 5338 3158 5391 sed
3188 5351 3326 5392 mox

1733 5410 1870 5461 victi
1889 5412 2270 5461 evanuerunt.
2297 5409 2395 5458 Est
2410 5413 2607 5459 autem
2630 5409 2925 5473 proprium
2949 5410 3326 5475 superborum

1731 5487 1796 5533 ut
1820 5480 2088 5532 deﬁciant
2105 5480 2255 5530 sicut
2279 5478 2487 5531 fumus.
2504 5480 2661 5531 Sicut
2682 5481 2836 5531 enim
2852 5481 3050 5533 fumus
3072 5481 3328 5547 procedit

1730 5554 1802 5605 ab
1821 5553 1956 5616 igne
1982 5569 1993 5600 :
2022 5552 2104 5602 sic
2129 5551 2398 5602 exaltatio
2418 5564 2611 5602 eorum
2638 5552 2979 5615 proceditab
2993 5554 3199 5605 ardore
3214 5567 3328 5602 con-

1730 5624 2120 5687 cupiscentiae.
2152 5624 2220 5674 Et
2256 5623 2403 5674 sicut
2427 5622 2623 5673 fumus
2648 5625 3061 5689 quantomagis
3086 5627 3328 5687 ascendit,

1732 5697 1891 5747 tanto
1918 5694 2102 5758 magis
2125 5695 2418 5745 evanescit
2444 5712 2454 5743 :
2485 5694 2566 5745 sic
2596 5695 2875 5759 superbus
2906 5694 3333 5761 quoplusexal-

1732 5771 1888 5819 tatur
1917 5766 1979 5817 in
2003 5767 2264 5828 elatione,
2289 5778 2356 5818 eo
2380 5765 2626 5831 amplius
2654 5766 2848 5819 deﬁcit
2873 5780 2908 5820 a
2930 5768 3185 5822 veritate.
3215 5767 3335 5821 Ad-

1731 5838 1849 5892 huc
1873 5849 2103 5903 quoque
2126 5850 2360 5903 poenam
2383 5851 2585 5893 eorum
2603 5842 2929 5907 exaggerat,
2941 5853 3074 5895 cum
3090 5841 3335 5908 subjun-
