  <div class='ocr_page' id='page_1' title='image "/cluster/home/n/w/nwhite01/storage/ocr_20150623/21/umn.319510024773153/457.png"; bbox 0 0 3884 6412; ppageno 0'>
   <div class='ocr_carea' id='block_1_1' title="bbox 557 453 657 512">
    <p class='ocr_par' dir='ltr' id='par_1_1' title="bbox 557 453 657 512">
     <span class='ocr_line' id='line_1_1' title="bbox 557 453 657 512; baseline -0.01 0"><span class='ocrx_word' id='word_1_1' title='bbox 557 453 657 512; x_wconf 88' lang='grc'>911</span> 
     </span>
    </p>
   </div>
   <div class='ocr_carea' id='block_1_2' title="bbox 1611 437 2805 494">
    <p class='ocr_par' dir='ltr' id='par_1_2' title="bbox 1611 437 2805 494">
     <span class='ocr_line' id='line_1_2' title="bbox 1611 437 2805 494; baseline -0.003 0"><span class='ocrx_word' id='word_1_2' title='bbox 1611 439 1881 494; x_wconf 82' lang='lat' dir='ltr'>RUFINO</span> <span class='ocrx_word' id='word_1_3' title='bbox 1916 438 2380 493; x_wconf 80' lang='lat' dir='ltr'>PRESBYTERO</span> <span class='ocrx_word' id='word_1_4' title='bbox 2418 437 2805 491; x_wconf 84' lang='lat' dir='ltr'>ASCRIPTUS</span> 
     </span>
    </p>
   </div>
   <div class='ocr_carea' id='block_1_3' title="bbox 3770 436 3878 494">
    <p class='ocr_par' dir='ltr' id='par_1_3' title="bbox 3770 436 3878 494">
     <span class='ocr_line' id='line_1_3' title="bbox 3770 436 3878 494; baseline 0 0"><span class='ocrx_word' id='word_1_5' title='bbox 3770 436 3878 494; x_wconf 64' lang='lat' dir='ltr'>9H</span> 
     </span>
    </p>
   </div>
   <div class='ocr_carea' id='block_1_4' title="bbox 555 550 3878 634">
    <p class='ocr_par' dir='ltr' id='par_1_4' title="bbox 555 550 3878 634">
     <span class='ocr_line' id='line_1_4' title="bbox 555 550 3878 634; baseline -0.006 -15"><span class='ocrx_word' id='word_1_6' title='bbox 555 569 675 634; x_wconf 90' lang='lat' dir='ltr'>git:</span> <span class='ocrx_word' id='word_1_7' title='bbox 705 566 855 617; x_wconf 86' lang='lat' dir='ltr'>Sicut</span> <span class='ocrx_word' id='word_1_8' title='bbox 874 564 995 629; x_wconf 82' lang='lat' dir='ltr'>[luit</span> <span class='ocrx_word' id='word_1_9' title='bbox 1018 577 1140 612; x_wconf 86' lang='lat' dir='ltr'>cera</span> <span class='ocrx_word' id='word_1_10' title='bbox 1163 575 1199 610; x_wconf 87' lang='lat' dir='ltr'>a</span> <span class='ocrx_word' id='word_1_11' title='bbox 1220 557 1358 622; x_wconf 79' lang='lat' dir='ltr'>facie</span> <span class='ocrx_word' id='word_1_12' title='bbox 1384 555 1544 634; x_wconf 67' lang='lat' dir='ltr'>ignis,</span> <span class='ocrx_word' id='word_1_13' title='bbox 1568 554 1645 634; x_wconf 80' lang='lat' dir='ltr'>sic</span> <span class='ocrx_word' id='word_1_14' title='bbox 1669 558 2154 634; x_wconf 44' lang='lat' dir='ltr'>pereantpecc‘ato-</span> <span class='ocrx_word' id='word_1_15' title='bbox 2177 556 2234 629; x_wconf 76' lang='grc' dir='ltr'><strong>Α</strong></span> <span class='ocrx_word' id='word_1_16' title='bbox 2264 556 2351 603; x_wconf 86' lang='lat' dir='ltr'>tas</span> <span class='ocrx_word' id='word_1_17' title='bbox 2366 568 2387 634; x_wconf 59' lang='grc' dir='ltr'><em>ε</em></span> <span class='ocrx_word' id='word_1_18' title='bbox 2414 550 2852 634; x_wconf 64' lang='lat' dir='ltr'>colligitviduas</span> <span class='ocrx_word' id='word_1_19' title='bbox 2875 555 2932 631; x_wconf 78' lang='lat' dir='ltr'>et</span> <span class='ocrx_word' id='word_1_20' title='bbox 2955 550 3264 634; x_wconf 41' lang='lat' dir='ltr'>orphan‘os,</span> <span class='ocrx_word' id='word_1_21' title='bbox 3289 554 3357 602; x_wconf 78' lang='lat' dir='ltr'>ut</span> <span class='ocrx_word' id='word_1_22' title='bbox 3377 550 3509 634; x_wconf 74' lang='lat' dir='ltr'>pius</span> <span class='ocrx_word' id='word_1_23' title='bbox 3533 556 3878 634; x_wconf 25' lang='lat' dir='ltr'>pater-uncus</span> 
     </span>
    </p>
   </div>
   <div class='ocr_carea' id='block_1_5' title="bbox 555 624 2153 700">
    <p class='ocr_par' dir='ltr' id='par_1_5' title="bbox 555 624 2153 700">
     <span class='ocr_line' id='line_1_5' title="bbox 555 624 2153 700; baseline -0.008 -12"><span class='ocrx_word' id='word_1_24' title='bbox 555 624 637 687; x_wconf 53' lang='lat' dir='ltr'>iis</span> <span class='ocrx_word' id='word_1_25' title='bbox 673 654 709 687; x_wconf 88' lang='lat' dir='ltr'>a</span> <span class='ocrx_word' id='word_1_26' title='bbox 735 624 883 700; x_wconf 67' lang='lat' dir='ltr'>facie</span> <span class='ocrx_word' id='word_1_27' title='bbox 913 633 1153 684; x_wconf 78' lang='lat' dir='ltr'>Domini.</span> <span class='ocrx_word' id='word_1_28' title='bbox 1192 628 1468 693; x_wconf 86' lang='lat' dir='ltr'>Quamvis</span> <span class='ocrx_word' id='word_1_29' title='bbox 1500 626 1744 700; x_wconf 79' lang='lat' dir='ltr'>fortasse</span> <span class='ocrx_word' id='word_1_30' title='bbox 1770 637 1867 700; x_wconf 86' lang='lat' dir='ltr'>eos</span> <span class='ocrx_word' id='word_1_31' title='bbox 1898 625 2004 676; x_wconf 92' lang='lat' dir='ltr'>hoc</span> <span class='ocrx_word' id='word_1_32' title='bbox 2024 624 2153 700; x_wconf 88' lang='lat' dir='ltr'>_loco</span> 
     </span>
    </p>
   </div>
   <div class='ocr_carea' id='block_1_6' title="bbox 555 697 2163 773">
    <p class='ocr_par' dir='ltr' id='par_1_6' title="bbox 555 697 2163 773">
     <span class='ocr_line' id='line_1_6' title="bbox 555 697 2163 773; baseline -0.011 -11"><span class='ocrx_word' id='word_1_33' title='bbox 555 697 965 773; x_wconf 79' lang='lat' dir='ltr'>significaverit</span> <span class='ocrx_word' id='word_1_34' title='bbox 977 706 1081 767; x_wconf 65' lang='lat' dir='ltr'>(Ex</span> <span class='ocrx_word' id='word_1_35' title='bbox 1093 702 1249 765; x_wconf 82' lang='lat' dir='ltr'>eod.),</span> <span class='ocrx_word' id='word_1_36' title='bbox 1268 710 1514 764; x_wconf 87' lang='lat' dir='ltr'>quorum</span> <span class='ocrx_word' id='word_1_37' title='bbox 1530 697 1740 773; x_wconf 79' lang='lat' dir='ltr'>duritia</span> <span class='ocrx_word' id='word_1_38' title='bbox 1757 698 1875 773; x_wconf 43' lang='lat' dir='ltr'>{im</span> <span class='ocrx_word' id='word_1_39' title='bbox 1884 698 2163 773; x_wconf 45' lang='lat' dir='ltr'>pteniten:</span> 
     </span>
    </p>
   </div>
   <div class='ocr_carea' id='block_1_7' title="bbox 556 764 2164 841">
    <p class='ocr_par' dir='ltr' id='par_1_7' title="bbox 556 764 2164 841">
     <span class='ocr_line' id='line_1_7' title="bbox 556 764 2164 841; baseline -0.01 -11"><span class='ocrx_word' id='word_1_40' title='bbox 556 764 651 830; x_wconf 69' lang='grc' dir='ltr'>ῐὶξὲ</span> <span class='ocrx_word' id='word_1_41' title='bbox 690 777 959 841; x_wconf 87' lang='lat' dir='ltr'>lacrymis</span> <span class='ocrx_word' id='word_1_42' title='bbox 984 764 1245 825; x_wconf 81' lang='lat' dir='ltr'>solvitur</span> <span class='ocrx_word' id='word_1_43' title='bbox 1270 788 1280 819; x_wconf 91' lang='lat'>:</span> <span class='ocrx_word' id='word_1_44' title='bbox 1310 775 1507 821; x_wconf 92' lang='lat' dir='ltr'>tamen</span> <span class='ocrx_word' id='word_1_45' title='bbox 1544 766 1717 841; x_wconf 83' lang='lat' dir='ltr'>etiam</span> <span class='ocrx_word' id='word_1_46' title='bbox 1740 766 1908 841; x_wconf 71' lang='lat' dir='ltr'>aliud</span> <span class='ocrx_word' id='word_1_47' title='bbox 1922 764 2164 841; x_wconf 86' lang='lat' dir='ltr'>intelligi</span> 
     </span>
    </p>
   </div>
   <div class='ocr_carea' id='block_1_8' title="bbox 554 838 2163 914">
    <p class='ocr_par' dir='ltr' id='par_1_8' title="bbox 554 838 2163 914">
     <span class='ocr_line' id='line_1_8' title="bbox 554 838 2163 914; baseline -0.008 -14"><span class='ocrx_word' id='word_1_48' title='bbox 554 853 761 914; x_wconf 90' lang='lat' dir='ltr'>potest,</span> <span class='ocrx_word' id='word_1_49' title='bbox 780 838 846 898; x_wconf 81' lang='lat' dir='ltr'>ut</span> <span class='ocrx_word' id='word_1_50' title='bbox 866 847 1124 896; x_wconf 85' lang='lat' dir='ltr'>futurum</span> <span class='ocrx_word' id='word_1_51' title='bbox 1143 842 1426 907; x_wconf 81' lang='lat' dir='ltr'>judicium</span> <span class='ocrx_word' id='word_1_52' title='bbox 1445 838 1843 914; x_wconf 66' lang='lat' dir='ltr'>committetur.</span> <span class='ocrx_word' id='word_1_53' title='bbox 1856 838 2008 914; x_wconf 80' lang='lat' dir='ltr'>_Nam</span> <span class='ocrx_word' id='word_1_54' title='bbox 2027 840 2163 900; x_wconf 89' lang='lat' dir='ltr'>quia</span> 
     </span>
    </p>
   </div>
   <div class='ocr_carea' id='block_1_9' title="bbox 554 907 2162 979">
    <p class='ocr_par' dir='ltr' id='par_1_9' title="bbox 554 907 2162 979">
     <span class='ocr_line' id='line_1_9' title="bbox 554 907 2162 979; baseline -0.009 -8"><span class='ocrx_word' id='word_1_55' title='bbox 554 907 613 971; x_wconf 76' lang='lat' dir='ltr'>in</span> <span class='ocrx_word' id='word_1_56' title='bbox 639 907 758 970; x_wconf 86' lang='lat' dir='ltr'>hoc</span> <span class='ocrx_word' id='word_1_57' title='bbox 774 918 1007 979; x_wconf 66' lang='lat' dir='ltr'>saeculo,</span> <span class='ocrx_word' id='word_1_58' title='bbox 1027 918 1179 966; x_wconf 86' lang='lat' dir='ltr'>sicut.</span> <span class='ocrx_word' id='word_1_59' title='bbox 1201 914 1398 964; x_wconf 87' lang='lat' dir='ltr'>fumus</span> <span class='ocrx_word' id='word_1_60' title='bbox 1412 923 1474 960; x_wconf 91' lang='lat' dir='ltr'>se</span> <span class='ocrx_word' id='word_1_61' title='bbox 1495 907 1825 959; x_wconf 71' lang='lat' dir='ltr'>extollendo</span> <span class='ocrx_word' id='word_1_62' title='bbox 1842 910 2130 957; x_wconf 87' lang='lat' dir='ltr'>defecerunt</span> <span class='ocrx_word' id='word_1_63' title='bbox 2150 922 2162 957; x_wconf 93' lang='lat'>:</span> 
     </span>
    </p>
   </div>
   <div class='ocr_carea' id='block_1_10' title="bbox 555 978 2157 1042">
    <p class='ocr_par' dir='ltr' id='par_1_10' title="bbox 555 978 2157 1042">
     <span class='ocr_line' id='line_1_10' title="bbox 555 978 2157 1042; baseline -0.009 0"><span class='ocrx_word' id='word_1_64' title='bbox 555 991 751 1042; x_wconf 90' lang='lat' dir='ltr'>veniet</span> <span class='ocrx_word' id='word_1_65' title='bbox 772 990 883 1040; x_wconf 85' lang='lat' dir='ltr'>illis</span> <span class='ocrx_word' id='word_1_66' title='bbox 907 990 966 1039; x_wconf 91' lang='lat' dir='ltr'>in</span> <span class='ocrx_word' id='word_1_67' title='bbox 988 988 1101 1037; x_wconf 86' lang='lat' dir='ltr'>line</span> <span class='ocrx_word' id='word_1_68' title='bbox 1125 990 1386 1037; x_wconf 86' lang='lat' dir='ltr'>extrema</span> <span class='ocrx_word' id='word_1_69' title='bbox 1408 982 1720 1041; x_wconf 81' lang='lat' dir='ltr'>damnatio,</span> <span class='ocrx_word' id='word_1_70' title='bbox 1744 984 1856 1029; x_wconf 86' lang='lat' dir='ltr'>uta</span> <span class='ocrx_word' id='word_1_71' title='bbox 1878 980 1980 1030; x_wconf 86' lang='lat' dir='ltr'>Dei</span> <span class='ocrx_word' id='word_1_72' title='bbox 1998 978 2157 1040; x_wconf 90' lang='lat' dir='ltr'>facie,</span> 
     </span>
    </p>
   </div>
   <div class='ocr_carea' id='block_1_11' title="bbox 553 1051 2160 1125">
    <p class='ocr_par' dir='ltr' id='par_1_11' title="bbox 553 1051 2160 1125">
     <span class='ocr_line' id='line_1_11' title="bbox 553 1051 2160 1125; baseline -0.009 -11"><span class='ocrx_word' id='word_1_73' title='bbox 553 1062 722 1124; x_wconf 90' lang='lat' dir='ltr'>idest,</span> <span class='ocrx_word' id='word_1_74' title='bbox 747 1062 1059 1125; x_wconf 59' lang='lat' dir='ltr'>praesentia</span> <span class='ocrx_word' id='word_1_75' title='bbox 1080 1054 1390 1122; x_wconf 89' lang='lat' dir='ltr'>pereantin</span> <span class='ocrx_word' id='word_1_76' title='bbox 1415 1058 1718 1125; x_wconf 71' lang='lat' dir='ltr'>aeternum,</span> <span class='ocrx_word' id='word_1_77' title='bbox 1736 1051 2007 1125; x_wconf 67' lang='lat' dir='ltr'>eumipsa</span> <span class='ocrx_word' id='word_1_78' title='bbox 2028 1066 2160 1111; x_wconf 82' lang='lat' dir='ltr'>prte-</span> 
     </span>
    </p>
   </div>
   <div class='ocr_carea' id='block_1_12' title="bbox 555 1121 2159 1185">
    <p class='ocr_par' dir='ltr' id='par_1_12' title="bbox 555 1121 2159 1185">
     <span class='ocr_line' id='line_1_12' title="bbox 555 1121 2159 1185; baseline -0.007 -1"><span class='ocrx_word' id='word_1_79' title='bbox 555 1121 819 1184; x_wconf 78' lang='lat' dir='ltr'>sentatus</span> <span class='ocrx_word' id='word_1_80' title='bbox 853 1130 1024 1181; x_wconf 85' lang='lat' dir='ltr'>fuerit</span> <span class='ocrx_word' id='word_1_81' title='bbox 1060 1121 1121 1179; x_wconf 83' lang='lat' dir='ltr'>in</span> <span class='ocrx_word' id='word_1_82' title='bbox 1155 1140 1262 1179; x_wconf 88' lang='lat' dir='ltr'>sua</span> <span class='ocrx_word' id='word_1_83' title='bbox 1284 1124 1554 1185; x_wconf 91' lang='lat' dir='ltr'>claritate,</span> <span class='ocrx_word' id='word_1_84' title='bbox 1583 1121 1743 1173; x_wconf 91' lang='lat' dir='ltr'>velut</span> <span class='ocrx_word' id='word_1_85' title='bbox 1766 1121 1915 1184; x_wconf 80' lang='lat' dir='ltr'>ignis</span> <span class='ocrx_word' id='word_1_86' title='bbox 1937 1121 2013 1172; x_wconf 91' lang='lat' dir='ltr'>ad</span> <span class='ocrx_word' id='word_1_87' title='bbox 2043 1134 2159 1185; x_wconf 72' lang='lat' dir='ltr'>p03-</span> 
     </span>
    </p>
   </div>
   <div class='ocr_carea' id='block_1_13' title="bbox 554 1194 2158 1262">
    <p class='ocr_par' dir='ltr' id='par_1_13' title="bbox 554 1194 2158 1262">
     <span class='ocr_line' id='line_1_13' title="bbox 554 1194 2158 1262; baseline -0.01 -7"><span class='ocrx_word' id='word_1_88' title='bbox 554 1216 690 1255; x_wconf 91' lang='lat' dir='ltr'>nam</span> <span class='ocrx_word' id='word_1_89' title='bbox 706 1201 1010 1262; x_wconf 87' lang='lat' dir='ltr'>malorum,</span> <span class='ocrx_word' id='word_1_90' title='bbox 1036 1198 1345 1260; x_wconf 86' lang='lat' dir='ltr'>lumenque</span> <span class='ocrx_word' id='word_1_91' title='bbox 1369 1196 1669 1245; x_wconf 89' lang='lat' dir='ltr'>bonorum.</span> <span class='ocrx_word' id='word_1_92' title='bbox 1686 1194 1956 1243; x_wconf 86' lang='lat' dir='ltr'>Peribunt</span> <span class='ocrx_word' id='word_1_93' title='bbox 1971 1196 2158 1253; x_wconf 82' lang='lat' dir='ltr'>quippe</span> 
     </span>
    </p>
   </div>
   <div class='ocr_carea' id='block_1_14' title="bbox 553 1264 2158 1339">
    <p class='ocr_par' dir='ltr' id='par_1_14' title="bbox 553 1264 2158 1339">
     <span class='ocr_line' id='line_1_14' title="bbox 553 1264 2158 1339; baseline -0.008 -13"><span class='ocrx_word' id='word_1_94' title='bbox 553 1280 885 1339; x_wconf 89' lang='lat' dir='ltr'>peccatores</span> <span class='ocrx_word' id='word_1_95' title='bbox 912 1288 922 1319; x_wconf 88' lang='lat'>:</span> <span class='ocrx_word' id='word_1_96' title='bbox 968 1284 1085 1321; x_wconf 92' lang='lat' dir='ltr'>non</span> <span class='ocrx_word' id='word_1_97' title='bbox 1108 1275 1184 1333; x_wconf 36' lang='lat' dir='ltr'>,ut</span> <span class='ocrx_word' id='word_1_98' title='bbox 1207 1279 1441 1332; x_wconf 81' lang='lat' dir='ltr'>prorsus</span> <span class='ocrx_word' id='word_1_99' title='bbox 1464 1265 1736 1339; x_wconf 79' lang='lat' dir='ltr'>deficiant</span> <span class='ocrx_word' id='word_1_100' title='bbox 1756 1275 1791 1313; x_wconf 91' lang='lat' dir='ltr'>a</span> <span class='ocrx_word' id='word_1_101' title='bbox 1815 1264 2158 1339; x_wconf 82' lang='lat' dir='ltr'>substantia,</span> 
     </span>
    </p>
   </div>
   <div class='ocr_carea' id='block_1_15' title="bbox 556 1336 2158 1405">
    <p class='ocr_par' dir='ltr' id='par_1_15' title="bbox 556 1336 2158 1405">
     <span class='ocr_line' id='line_1_15' title="bbox 556 1336 2158 1405; baseline -0.007 -8"><span class='ocrx_word' id='word_1_102' title='bbox 556 1336 660 1397; x_wconf 79' lang='lat' dir='ltr'>sed</span> <span class='ocrx_word' id='word_1_103' title='bbox 686 1346 837 1395; x_wconf 90' lang='lat' dir='ltr'>sicut</span> <span class='ocrx_word' id='word_1_104' title='bbox 860 1355 895 1395; x_wconf 90' lang='lat' dir='ltr'>a</span> <span class='ocrx_word' id='word_1_105' title='bbox 920 1342 1060 1393; x_wconf 80' lang='lat' dir='ltr'>facie</span> <span class='ocrx_word' id='word_1_106' title='bbox 1083 1340 1234 1405; x_wconf 82' lang='lat' dir='ltr'>ignis</span> <span class='ocrx_word' id='word_1_107' title='bbox 1256 1339 1383 1389; x_wconf 87' lang='lat' dir='ltr'>fluit</span> <span class='ocrx_word' id='word_1_108' title='bbox 1404 1349 1551 1400; x_wconf 88' lang='lat' dir='ltr'>cera,</span> <span class='ocrx_word' id='word_1_109' title='bbox 1567 1336 1649 1386; x_wconf 90' lang='lat' dir='ltr'>sic</span> <span class='ocrx_word' id='word_1_110' title='bbox 1664 1348 1700 1386; x_wconf 91' lang='lat' dir='ltr'>a</span> <span class='ocrx_word' id='word_1_111' title='bbox 1716 1342 1923 1385; x_wconf 91' lang='lat' dir='ltr'>terrore</span> <span class='ocrx_word' id='word_1_112' title='bbox 1942 1337 2158 1387; x_wconf 86' lang='lat' dir='ltr'>districti</span> 
     </span>
    </p>
   </div>
   <div class='ocr_carea' id='block_1_16' title="bbox 547 1408 2163 1481">
    <p class='ocr_par' dir='ltr' id='par_1_16' title="bbox 547 1408 2163 1481">
     <span class='ocr_line' id='line_1_16' title="bbox 547 1408 2163 1481; baseline -0.006 -15"><span class='ocrx_word' id='word_1_113' title='bbox 547 1416 760 1481; x_wconf 91' lang='lat' dir='ltr'>judicis</span> <span class='ocrx_word' id='word_1_114' title='bbox 773 1415 1168 1465; x_wconf 76' lang='lat' dir='ltr'>dissolvantur</span> <span class='ocrx_word' id='word_1_115' title='bbox 1180 1412 1241 1461; x_wconf 90' lang='lat' dir='ltr'>in</span> <span class='ocrx_word' id='word_1_116' title='bbox 1256 1408 1629 1481; x_wconf 82' lang='lat' dir='ltr'>conscientia.</span> <span class='ocrx_word' id='word_1_117' title='bbox 1645 1408 2163 1481; x_wconf 81' lang='lat' dir='ltr'>_Postquamosten-</span> 
     </span>
    </p>
   </div>
   <div class='ocr_carea' id='block_1_17' title="bbox 552 1476 2160 1542">
    <p class='ocr_par' dir='ltr' id='par_1_17' title="bbox 552 1476 2160 1542">
     <span class='ocr_line' id='line_1_17' title="bbox 552 1476 2160 1542; baseline -0.007 -5"><span class='ocrx_word' id='word_1_118' title='bbox 552 1476 635 1537; x_wconf 80' lang='lat' dir='ltr'>dit</span> <span class='ocrx_word' id='word_1_119' title='bbox 658 1486 729 1536; x_wconf 93' lang='lat' dir='ltr'>de</span> <span class='ocrx_word' id='word_1_120' title='bbox 751 1484 960 1535; x_wconf 75' lang='lat' dir='ltr'>Christi</span> <span class='ocrx_word' id='word_1_121' title='bbox 980 1482 1326 1534; x_wconf 82' lang='lat' dir='ltr'>exaltatione</span> <span class='ocrx_word' id='word_1_122' title='bbox 1349 1478 1488 1542; x_wconf 87' lang='lat' dir='ltr'>quid</span> <span class='ocrx_word' id='word_1_123' title='bbox 1499 1476 1803 1539; x_wconf 80' lang='lat' dir='ltr'>contingat</span> <span class='ocrx_word' id='word_1_124' title='bbox 1814 1476 2000 1539; x_wconf 87' lang='lat' dir='ltr'>malis,</span> <span class='ocrx_word' id='word_1_125' title='bbox 2019 1489 2160 1527; x_wconf 91' lang='lat' dir='ltr'>con-</span> 
     </span>
    </p>
   </div>
   <div class='ocr_carea' id='block_1_18' title="bbox 553 1546 2157 1620">
    <p class='ocr_par' dir='ltr' id='par_1_18' title="bbox 553 1546 2157 1620">
     <span class='ocr_line' id='line_1_18' title="bbox 553 1546 2157 1620; baseline -0.007 -11"><span class='ocrx_word' id='word_1_126' title='bbox 553 1560 862 1620; x_wconf 89' lang='lat' dir='ltr'>sequenter</span> <span class='ocrx_word' id='word_1_127' title='bbox 886 1554 1141 1606; x_wconf 88' lang='lat' dir='ltr'>insinuat</span> <span class='ocrx_word' id='word_1_128' title='bbox 1172 1552 1309 1616; x_wconf 92' lang='lat' dir='ltr'>quid</span> <span class='ocrx_word' id='word_1_129' title='bbox 1332 1550 1404 1601; x_wconf 91' lang='lat' dir='ltr'>de</span> <span class='ocrx_word' id='word_1_130' title='bbox 1427 1548 1629 1602; x_wconf 90' lang='lat' dir='ltr'>eadem</span> <span class='ocrx_word' id='word_1_131' title='bbox 1652 1546 1952 1611; x_wconf 86' lang='lat' dir='ltr'>proveniat</span> <span class='ocrx_word' id='word_1_132' title='bbox 1974 1548 2157 1605; x_wconf 90' lang='lat' dir='ltr'>bonis,</span> 
     </span>
    </p>
   </div>
   <div class='ocr_carea' id='block_1_19' title="bbox 553 1631 790 1682">
    <p class='ocr_par' dir='ltr' id='par_1_19' title="bbox 553 1631 790 1682">
     <span class='ocr_line' id='line_1_19' title="bbox 553 1631 790 1682; baseline -0.017 0"><span class='ocrx_word' id='word_1_133' title='bbox 553 1631 752 1682; x_wconf 87' lang='lat' dir='ltr'>dicens</span> <span class='ocrx_word' id='word_1_134' title='bbox 778 1645 790 1678; x_wconf 91' lang='lat'>:</span> 
     </span>
    </p>
   </div>
   <div class='ocr_carea' id='block_1_20' title="bbox 613 1689 2158 1763">
    <p class='ocr_par' dir='ltr' id='par_1_20' title="bbox 613 1689 2158 1763">
     <span class='ocr_line' id='line_1_20' title="bbox 613 1689 2158 1763; baseline -0.01 -9"><span class='ocrx_word' id='word_1_135' title='bbox 613 1702 665 1755; x_wconf 81' lang='grc'><strong>4.</strong></span> <span class='ocrx_word' id='word_1_136' title='bbox 690 1701 758 1750; x_wconf 86' lang='lat' dir='ltr'>Et</span> <span class='ocrx_word' id='word_1_137' title='bbox 785 1699 922 1763; x_wconf 84' lang='lat' dir='ltr'>justi</span> <span class='ocrx_word' id='word_1_138' title='bbox 965 1696 1267 1761; x_wconf 69' lang='lat' dir='ltr'>epulantur,</span> <span class='ocrx_word' id='word_1_139' title='bbox 1292 1693 1460 1754; x_wconf 89' lang='lat' dir='ltr'>idest,</span> <span class='ocrx_word' id='word_1_140' title='bbox 1500 1690 1827 1743; x_wconf 83' lang='lat' dir='ltr'>reﬁciantur</span> <span class='ocrx_word' id='word_1_141' title='bbox 1853 1689 2158 1763; x_wconf 83' lang='lat' dir='ltr'>ipsoscili-</span> 
     </span>
    </p>
   </div>
   <div class='ocr_carea' id='block_1_21' title="bbox 552 1761 2159 1833">
    <p class='ocr_par' dir='ltr' id='par_1_21' title="bbox 552 1761 2159 1833">
     <span class='ocr_line' id='line_1_21' title="bbox 552 1761 2159 1833; baseline -0.011 -9"><span class='ocrx_word' id='word_1_142' title='bbox 552 1779 644 1824; x_wconf 92' lang='lat' dir='ltr'>cet</span> <span class='ocrx_word' id='word_1_143' title='bbox 680 1761 818 1831; x_wconf 85' lang='lat' dir='ltr'>Deo,</span> <span class='ocrx_word' id='word_1_144' title='bbox 856 1769 953 1833; x_wconf 92' lang='lat' dir='ltr'>qui</span> <span class='ocrx_word' id='word_1_145' title='bbox 990 1769 1097 1820; x_wconf 90' lang='lat' dir='ltr'>erit</span> <span class='ocrx_word' id='word_1_146' title='bbox 1127 1766 1322 1817; x_wconf 83' lang='lat' dir='ltr'>omnia</span> <span class='ocrx_word' id='word_1_147' title='bbox 1357 1766 1417 1814; x_wconf 90' lang='lat' dir='ltr'>in</span> <span class='ocrx_word' id='word_1_148' title='bbox 1441 1763 1710 1813; x_wconf 90' lang='lat' dir='ltr'>omnibus</span> <span class='ocrx_word' id='word_1_149' title='bbox 1746 1761 2062 1833; x_wconf 66' lang='lat' dir='ltr'>(Iz&#39;phes.1.).</span> <span class='ocrx_word' id='word_1_150' title='bbox 2093 1763 2159 1833; x_wconf 59' lang='lat' dir='ltr'>tit</span> 
     </span>
    </p>
   </div>
   <div class='ocr_carea' id='block_1_22' title="bbox 552 1832 2157 1902">
    <p class='ocr_par' dir='ltr' id='par_1_22' title="bbox 552 1832 2157 1902">
     <span class='ocr_line' id='line_1_22' title="bbox 552 1832 2157 1902; baseline -0.007 -11"><span class='ocrx_word' id='word_1_151' title='bbox 552 1844 788 1892; x_wconf 73' lang='lat' dir='ltr'>exultent</span> <span class='ocrx_word' id='word_1_152' title='bbox 810 1832 1172 1902; x_wconf 79' lang='lat' dir='ltr'>inconspectu</span> <span class='ocrx_word' id='word_1_153' title='bbox 1190 1837 1304 1885; x_wconf 72' lang='lat' dir='ltr'>Dei.</span> <span class='ocrx_word' id='word_1_154' title='bbox 1331 1837 1457 1885; x_wconf 88' lang='lat' dir='ltr'>Non</span> <span class='ocrx_word' id='word_1_155' title='bbox 1478 1836 1633 1883; x_wconf 89' lang='lat' dir='ltr'>enim</span> <span class='ocrx_word' id='word_1_156' title='bbox 1657 1834 1765 1883; x_wconf 90' lang='lat' dir='ltr'>erit</span> <span class='ocrx_word' id='word_1_157' title='bbox 1787 1832 2157 1882; x_wconf 79' lang='lat' dir='ltr'>exultationis</span> 
     </span>
    </p>
   </div>
   <div class='ocr_carea' id='block_1_23' title="bbox 555 1903 2236 1992">
    <p class='ocr_par' dir='ltr' id='par_1_23' title="bbox 555 1903 2236 1992">
     <span class='ocr_line' id='line_1_23' title="bbox 555 1903 2236 1992; baseline -0.008 -27"><span class='ocrx_word' id='word_1_158' title='bbox 555 1917 728 1977; x_wconf 83' lang='lat' dir='ltr'>hujus</span> <span class='ocrx_word' id='word_1_159' title='bbox 749 1918 1040 1973; x_wconf 75' lang='lat' dir='ltr'>tamquam</span> <span class='ocrx_word' id='word_1_160' title='bbox 1064 1920 1254 1959; x_wconf 85' lang='lat' dir='ltr'>coram</span> <span class='ocrx_word' id='word_1_161' title='bbox 1274 1905 1606 1986; x_wconf 80' lang='lat' dir='ltr'>hominibus</span> <span class='ocrx_word' id='word_1_162' title='bbox 1621 1903 1731 1952; x_wconf 85' lang='lat' dir='ltr'>ulla</span> <span class='ocrx_word' id='word_1_163' title='bbox 1748 1903 2158 1983; x_wconf 62' lang='lat' dir='ltr'>illaDiSJaCLilH-</span> <span class='ocrx_word' id='word_1_164' title='bbox 2182 1920 2236 1992; x_wconf 85' lang='lat' dir='ltr'><strong>B</strong></span> 
     </span>
    </p>
   </div>
   <div class='ocr_carea' id='block_1_24' title="bbox 554 1975 2155 2046">
    <p class='ocr_par' dir='ltr' id='par_1_24' title="bbox 554 1975 2155 2046">
     <span class='ocr_line' id='line_1_24' title="bbox 554 1975 2155 2046; baseline -0.007 -10"><span class='ocrx_word' id='word_1_165' title='bbox 554 1975 651 2046; x_wconf 74' lang='lat' dir='ltr'>tia,</span> <span class='ocrx_word' id='word_1_166' title='bbox 703 1984 805 2033; x_wconf 92' lang='lat' dir='ltr'>sed</span> <span class='ocrx_word' id='word_1_167' title='bbox 843 1984 903 2031; x_wconf 91' lang='lat' dir='ltr'>in</span> <span class='ocrx_word' id='word_1_168' title='bbox 937 1984 1251 2042; x_wconf 88' lang='lat' dir='ltr'>conspectu</span> <span class='ocrx_word' id='word_1_169' title='bbox 1284 1979 1412 2041; x_wconf 88' lang='lat' dir='ltr'>ejus</span> <span class='ocrx_word' id='word_1_170' title='bbox 1438 1977 1534 2038; x_wconf 85' lang='lat' dir='ltr'>qui</span> <span class='ocrx_word' id='word_1_171' title='bbox 1562 1976 1684 2025; x_wconf 89' lang='lat' dir='ltr'>sine</span> <span class='ocrx_word' id='word_1_172' title='bbox 1709 1986 1900 2025; x_wconf 89' lang='lat' dir='ltr'>errore</span> <span class='ocrx_word' id='word_1_173' title='bbox 1924 1975 2155 2038; x_wconf 84' lang='lat' dir='ltr'>inspicit</span> 
     </span>
    </p>
   </div>
   <div class='ocr_carea' id='block_1_25' title="bbox 555 2047 2157 2119">
    <p class='ocr_par' dir='ltr' id='par_1_25' title="bbox 555 2047 2157 2119">
     <span class='ocr_line' id='line_1_25' title="bbox 555 2047 2157 2119; baseline -0.01 -12"><span class='ocrx_word' id='word_1_174' title='bbox 555 2056 710 2119; x_wconf 90' lang='lat' dir='ltr'>quod</span> <span class='ocrx_word' id='word_1_175' title='bbox 735 2053 990 2104; x_wconf 89' lang='lat' dir='ltr'>donavit.</span> <span class='ocrx_word' id='word_1_176' title='bbox 1017 2050 1114 2100; x_wconf 77' lang='lat' dir='ltr'>Vel</span> <span class='ocrx_word' id='word_1_177' title='bbox 1138 2047 2157 2119; x_wconf 68' lang='lat' dir='ltr'>exultabuntjustiiiiconspectubci,</span> 
     </span>
    </p>
   </div>
   <div class='ocr_carea' id='block_1_26' title="bbox 556 2116 2158 2191">
    <p class='ocr_par' dir='ltr' id='par_1_26' title="bbox 556 2116 2158 2191">
     <span class='ocr_line' id='line_1_26' title="bbox 556 2116 2158 2191; baseline -0.007 -14"><span class='ocrx_word' id='word_1_178' title='bbox 556 2116 691 2191; x_wconf 69' lang='lat' dir='ltr'>quia</span> <span class='ocrx_word' id='word_1_179' title='bbox 734 2130 925 2189; x_wconf 85' lang='lat' dir='ltr'>ipsum</span> <span class='ocrx_word' id='word_1_180' title='bbox 973 2123 1109 2171; x_wconf 69' lang='lat' dir='ltr'>facie</span> <span class='ocrx_word' id='word_1_181' title='bbox 1151 2120 1224 2170; x_wconf 91' lang='lat' dir='ltr'>ad</span> <span class='ocrx_word' id='word_1_182' title='bbox 1254 2120 1459 2170; x_wconf 80' lang='lat' dir='ltr'>faciem</span> <span class='ocrx_word' id='word_1_183' title='bbox 1490 2118 1782 2191; x_wconf 60' lang='lat' dir='ltr'>videbunt</span> <span class='ocrx_word' id='word_1_184' title='bbox 1807 2117 1850 2176; x_wconf 87' lang='lat'>(1</span> <span class='ocrx_word' id='word_1_185' title='bbox 1886 2118 2006 2191; x_wconf 67' lang='lat' dir='ltr'>Cor.</span> <span class='ocrx_word' id='word_1_186' title='bbox 2034 2116 2158 2191; x_wconf 65' lang='lat'>&#39;13.).</span> 
     </span>
    </p>
   </div>
   <div class='ocr_carea' id='block_1_27' title="bbox 553 2188 2159 2252">
    <p class='ocr_par' dir='ltr' id='par_1_27' title="bbox 553 2188 2159 2252">
     <span class='ocr_line' id='line_1_27' title="bbox 553 2188 2159 2252; baseline -0.009 -2"><span class='ocrx_word' id='word_1_187' title='bbox 553 2188 716 2252; x_wconf 75' lang='lat' dir='ltr'>Unde</span> <span class='ocrx_word' id='word_1_188' title='bbox 751 2188 940 2247; x_wconf 61' lang='lat' dir='ltr'>adhuc</span> <span class='ocrx_word' id='word_1_189' title='bbox 964 2200 1117 2244; x_wconf 91' lang='lat' dir='ltr'>recte</span> <span class='ocrx_word' id='word_1_190' title='bbox 1146 2192 1411 2242; x_wconf 78' lang='lat' dir='ltr'>subditur</span> <span class='ocrx_word' id='word_1_191' title='bbox 1436 2207 1445 2235; x_wconf 90' lang='lat'>:</span> <span class='ocrx_word' id='word_1_192' title='bbox 1476 2190 1871 2236; x_wconf 69' lang='lat' dir='ltr'>lz&#39;ldclcctentur</span> <span class='ocrx_word' id='word_1_193' title='bbox 1895 2189 1955 2235; x_wconf 81' lang='lat' dir='ltr'>in</span> <span class='ocrx_word' id='word_1_194' title='bbox 1979 2188 2159 2236; x_wconf 49' lang='lat' dir='ltr'>latitia</span> 
     </span>
    </p>
   </div>
   <div class='ocr_carea' id='block_1_28' title="bbox 555 2259 2161 2331">
    <p class='ocr_par' dir='ltr' id='par_1_28' title="bbox 555 2259 2161 2331">
     <span class='ocr_line' id='line_1_28' title="bbox 555 2259 2161 2331; baseline -0.007 -10"><span class='ocrx_word' id='word_1_195' title='bbox 555 2272 717 2321; x_wconf 93' lang='lat' dir='ltr'>Tunc</span> <span class='ocrx_word' id='word_1_196' title='bbox 741 2268 975 2331; x_wconf 88' lang='lat' dir='ltr'>quidem</span> <span class='ocrx_word' id='word_1_197' title='bbox 993 2264 1194 2315; x_wconf 61' lang='lat' dir='ltr'>laetitia</span> <span class='ocrx_word' id='word_1_198' title='bbox 1216 2261 1567 2312; x_wconf 75' lang='lat' dir='ltr'>delectabilis</span> <span class='ocrx_word' id='word_1_199' title='bbox 1591 2260 1715 2321; x_wconf 89' lang='lat' dir='ltr'>erit,</span> <span class='ocrx_word' id='word_1_200' title='bbox 1735 2259 1969 2321; x_wconf 85' lang='lat' dir='ltr'>quando</span> <span class='ocrx_word' id='word_1_201' title='bbox 1993 2260 2161 2309; x_wconf 88' lang='lat' dir='ltr'>timor</span> 
     </span>
    </p>
   </div>
   <div class='ocr_carea' id='block_1_29' title="bbox 554 2332 2160 2394">
    <p class='ocr_par' dir='ltr' id='par_1_29' title="bbox 554 2332 2160 2394">
     <span class='ocr_line' id='line_1_29' title="bbox 554 2332 2160 2394; baseline -0.007 -1"><span class='ocrx_word' id='word_1_202' title='bbox 554 2350 611 2393; x_wconf 90' lang='lat' dir='ltr'>et</span> <span class='ocrx_word' id='word_1_203' title='bbox 646 2339 970 2393; x_wconf 84' lang='lat' dir='ltr'>sollicitudo</span> <span class='ocrx_word' id='word_1_204' title='bbox 994 2337 1185 2387; x_wconf 88' lang='lat' dir='ltr'>omnis</span> <span class='ocrx_word' id='word_1_205' title='bbox 1211 2333 1449 2384; x_wconf 74' lang='lat' dir='ltr'>exclusa</span> <span class='ocrx_word' id='word_1_206' title='bbox 1473 2332 1657 2394; x_wconf 83' lang='lat' dir='ltr'>fuerit,</span> <span class='ocrx_word' id='word_1_207' title='bbox 1685 2332 1916 2393; x_wconf 81' lang='lat' dir='ltr'>quando</span> <span class='ocrx_word' id='word_1_208' title='bbox 1944 2337 2160 2382; x_wconf 69' lang='lat' dir='ltr'>interna</span> 
     </span>
    </p>
   </div>
   <div class='ocr_carea' id='block_1_30' title="bbox 556 2404 2160 2478">
    <p class='ocr_par' dir='ltr' id='par_1_30' title="bbox 556 2404 2160 2478">
     <span class='ocr_line' id='line_1_30' title="bbox 556 2404 2160 2478; baseline -0.006 -14"><span class='ocrx_word' id='word_1_209' title='bbox 556 2412 915 2478; x_wconf 87' lang='lat' dir='ltr'>permanebit</span> <span class='ocrx_word' id='word_1_210' title='bbox 954 2410 1234 2459; x_wconf 85' lang='lat' dir='ltr'>securitas</span> <span class='ocrx_word' id='word_1_211' title='bbox 1271 2410 1329 2456; x_wconf 89' lang='lat' dir='ltr'>et</span> <span class='ocrx_word' id='word_1_212' title='bbox 1363 2416 1563 2478; x_wconf 85' lang='lat' dir='ltr'>secura</span> <span class='ocrx_word' id='word_1_213' title='bbox 1596 2405 1906 2478; x_wconf 54' lang='lat' dir='ltr'>aeternitas.</span> <span class='ocrx_word' id='word_1_214' title='bbox 1942 2404 2160 2454; x_wconf 85' lang='lat' dir='ltr'>Deinde</span> 
     </span>
    </p>
   </div>
   <div class='ocr_carea' id='block_1_31' title="bbox 550 2475 2156 2547">
    <p class='ocr_par' dir='ltr' id='par_1_31' title="bbox 550 2475 2156 2547">
     <span class='ocr_line' id='line_1_31' title="bbox 550 2475 2156 2547; baseline -0.006 -14"><span class='ocrx_word' id='word_1_215' title='bbox 550 2475 664 2547; x_wconf 74' lang='lat' dir='ltr'>(Eae</span> <span class='ocrx_word' id='word_1_216' title='bbox 680 2484 840 2546; x_wconf 83' lang='lat' dir='ltr'>Aug.)</span> <span class='ocrx_word' id='word_1_217' title='bbox 855 2494 916 2532; x_wconf 91' lang='lat' dir='ltr'>se</span> <span class='ocrx_word' id='word_1_218' title='bbox 940 2480 1013 2531; x_wconf 92' lang='lat' dir='ltr'>ad</span> <span class='ocrx_word' id='word_1_219' title='bbox 1038 2480 1196 2543; x_wconf 85' lang='lat' dir='ltr'>ipsos</span> <span class='ocrx_word' id='word_1_220' title='bbox 1220 2476 1526 2534; x_wconf 80' lang='lat' dir='ltr'>convertit,</span> <span class='ocrx_word' id='word_1_221' title='bbox 1548 2475 1760 2547; x_wconf 84' lang='lat' dir='ltr'>quibus</span> <span class='ocrx_word' id='word_1_222' title='bbox 1785 2478 1999 2524; x_wconf 85' lang='lat' dir='ltr'>tantam</span> <span class='ocrx_word' id='word_1_223' title='bbox 2020 2490 2156 2535; x_wconf 81' lang='lat' dir='ltr'>spem</span> 
     </span>
    </p>
   </div>
   <div class='ocr_carea' id='block_1_32' title="bbox 554 2545 1969 2609">
    <p class='ocr_par' dir='ltr' id='par_1_32' title="bbox 554 2545 1969 2609">
     <span class='ocr_line' id='line_1_32' title="bbox 554 2545 1969 2609; baseline -0.008 -3"><span class='ocrx_word' id='word_1_224' title='bbox 554 2545 732 2607; x_wconf 85' lang='lat' dir='ltr'>dedit.</span> <span class='ocrx_word' id='word_1_225' title='bbox 760 2545 828 2604; x_wconf 85' lang='lat' dir='ltr'>Et</span> <span class='ocrx_word' id='word_1_226' title='bbox 859 2553 952 2603; x_wconf 89' lang='lat' dir='ltr'>hic</span> <span class='ocrx_word' id='word_1_227' title='bbox 978 2554 1244 2601; x_wconf 85' lang='lat' dir='ltr'>viventes</span> <span class='ocrx_word' id='word_1_228' title='bbox 1268 2547 1574 2609; x_wconf 87' lang='lat' dir='ltr'>alloquitur</span> <span class='ocrx_word' id='word_1_229' title='bbox 1597 2550 1655 2595; x_wconf 92' lang='lat' dir='ltr'>et</span> <span class='ocrx_word' id='word_1_230' title='bbox 1679 2545 1969 2595; x_wconf 84' lang='lat' dir='ltr'>hortatur:</span> 
     </span>
    </p>
   </div>
   <div class='ocr_carea' id='block_1_33' title="bbox 617 2615 2157 2683">
    <p class='ocr_par' dir='ltr' id='par_1_33' title="bbox 617 2615 2157 2683">
     <span class='ocr_line' id='line_1_33' title="bbox 617 2615 2157 2683; baseline -0.008 -8"><span class='ocrx_word' id='word_1_231' title='bbox 617 2625 668 2679; x_wconf 84' lang='lat'>5.</span> <span class='ocrx_word' id='word_1_232' title='bbox 699 2626 921 2674; x_wconf 87' lang='lat' dir='ltr'>Cantate</span> <span class='ocrx_word' id='word_1_233' title='bbox 957 2623 1096 2683; x_wconf 85' lang='lat' dir='ltr'>Deo,</span> <span class='ocrx_word' id='word_1_234' title='bbox 1121 2620 1394 2683; x_wconf 78' lang='lat' dir='ltr'>psalmum</span> <span class='ocrx_word' id='word_1_235' title='bbox 1429 2617 1585 2665; x_wconf 74' lang='lat' dir='ltr'>dicite</span> <span class='ocrx_word' id='word_1_236' title='bbox 1617 2615 1837 2665; x_wconf 74' lang='lat' dir='ltr'>nomini</span> <span class='ocrx_word' id='word_1_237' title='bbox 1871 2618 2002 2679; x_wconf 84' lang='lat' dir='ltr'>ejus.</span> <span class='ocrx_word' id='word_1_238' title='bbox 2042 2618 2157 2668; x_wconf 80' lang='lat' dir='ltr'>Ad-</span> 
     </span>
    </p>
   </div>
   <div class='ocr_carea' id='block_1_34' title="bbox 555 2686 2160 2756">
    <p class='ocr_par' dir='ltr' id='par_1_34' title="bbox 555 2686 2160 2756">
     <span class='ocr_line' id='line_1_34' title="bbox 555 2686 2160 2756; baseline -0.006 -8"><span class='ocrx_word' id='word_1_239' title='bbox 555 2701 753 2748; x_wconf 90' lang='lat' dir='ltr'>monet</span> <span class='ocrx_word' id='word_1_240' title='bbox 772 2700 833 2745; x_wconf 92' lang='lat' dir='ltr'>ut</span> <span class='ocrx_word' id='word_1_241' title='bbox 862 2707 929 2745; x_wconf 89' lang='lat' dir='ltr'>ea</span> <span class='ocrx_word' id='word_1_242' title='bbox 951 2704 1083 2756; x_wconf 67' lang='lat' dir='ltr'>quae</span> <span class='ocrx_word' id='word_1_243' title='bbox 1103 2693 1391 2753; x_wconf 85' lang='lat' dir='ltr'>dicuntur,</span> <span class='ocrx_word' id='word_1_244' title='bbox 1420 2701 1588 2752; x_wconf 85' lang='lat' dir='ltr'>Opere</span> <span class='ocrx_word' id='word_1_245' title='bbox 1609 2686 2019 2751; x_wconf 88' lang='lat' dir='ltr'>compleantur.</span> <span class='ocrx_word' id='word_1_246' title='bbox 2041 2691 2160 2739; x_wconf 85' lang='lat' dir='ltr'>Dis-</span> 
     </span>
    </p>
   </div>
   <div class='ocr_carea' id='block_1_35' title="bbox 557 2759 2159 2827">
    <p class='ocr_par' dir='ltr' id='par_1_35' title="bbox 557 2759 2159 2827">
     <span class='ocr_line' id='line_1_35' title="bbox 557 2759 2159 2827; baseline -0.005 -8"><span class='ocrx_word' id='word_1_247' title='bbox 557 2770 864 2819; x_wconf 90' lang='lat' dir='ltr'>creverunt</span> <span class='ocrx_word' id='word_1_248' title='bbox 908 2763 1141 2827; x_wconf 89' lang='lat' dir='ltr'>quidam</span> <span class='ocrx_word' id='word_1_249' title='bbox 1185 2763 1331 2812; x_wconf 88' lang='lat' dir='ltr'>inter</span> <span class='ocrx_word' id='word_1_250' title='bbox 1355 2763 1643 2810; x_wconf 79' lang='lat' dir='ltr'>canticum</span> <span class='ocrx_word' id='word_1_251' title='bbox 1664 2764 1721 2809; x_wconf 91' lang='lat' dir='ltr'>et</span> <span class='ocrx_word' id='word_1_252' title='bbox 1752 2759 2057 2822; x_wconf 86' lang='lat' dir='ltr'>psalmum,</span> <span class='ocrx_word' id='word_1_253' title='bbox 2096 2766 2159 2811; x_wconf 91' lang='lat' dir='ltr'>ut</span> 
     </span>
    </p>
   </div>
   <div class='ocr_carea' id='block_1_36' title="bbox 556 2830 2157 2904">
    <p class='ocr_par' dir='ltr' id='par_1_36' title="bbox 556 2830 2157 2904">
     <span class='ocr_line' id='line_1_36' title="bbox 556 2830 2157 2904; baseline -0.004 -14"><span class='ocrx_word' id='word_1_254' title='bbox 556 2842 831 2904; x_wconf 86' lang='lat' dir='ltr'>quoniam</span> <span class='ocrx_word' id='word_1_255' title='bbox 876 2840 1161 2887; x_wconf 86' lang='lat' dir='ltr'>canticum</span> <span class='ocrx_word' id='word_1_256' title='bbox 1210 2846 1306 2883; x_wconf 88' lang='lat' dir='ltr'>ore</span> <span class='ocrx_word' id='word_1_257' title='bbox 1344 2832 1643 2896; x_wconf 82' lang='lat' dir='ltr'>profertur,</span> <span class='ocrx_word' id='word_1_258' title='bbox 1675 2830 1933 2904; x_wconf 81' lang='lat' dir='ltr'>psalmus</span> <span class='ocrx_word' id='word_1_259' title='bbox 1965 2836 2157 2883; x_wconf 89' lang='lat' dir='ltr'>autem</span> 
     </span>
    </p>
   </div>
   <div class='ocr_carea' id='block_1_37' title="bbox 556 2903 2159 2969">
    <p class='ocr_par' dir='ltr' id='par_1_37' title="bbox 556 2903 2159 2969">
     <span class='ocr_line' id='line_1_37' title="bbox 556 2903 2159 2969; baseline -0.006 -5"><span class='ocrx_word' id='word_1_260' title='bbox 556 2903 813 2965; x_wconf 78' lang='lat' dir='ltr'>adhibito</span> <span class='ocrx_word' id='word_1_261' title='bbox 843 2906 1052 2960; x_wconf 80' lang='lat' dir='ltr'>visibili</span> <span class='ocrx_word' id='word_1_262' title='bbox 1081 2917 1311 2969; x_wconf 86' lang='lat' dir='ltr'>organo,</span> <span class='ocrx_word' id='word_1_263' title='bbox 1330 2904 1496 2963; x_wconf 88' lang='lat' dir='ltr'>idest,</span> <span class='ocrx_word' id='word_1_264' title='bbox 1522 2903 1786 2967; x_wconf 88' lang='lat' dir='ltr'>psalterio</span> <span class='ocrx_word' id='word_1_265' title='bbox 1800 2904 2039 2968; x_wconf 85' lang='lat' dir='ltr'>canitur,</span> <span class='ocrx_word' id='word_1_266' title='bbox 2060 2918 2159 2967; x_wconf 88' lang='lat' dir='ltr'>per</span> 
     </span>
    </p>
   </div>
   <div class='ocr_carea' id='block_1_38' title="bbox 557 2974 2154 3041">
    <p class='ocr_par' dir='ltr' id='par_1_38' title="bbox 557 2974 2154 3041">
     <span class='ocr_line' id='line_1_38' title="bbox 557 2974 2154 3041; baseline -0.005 -7"><span class='ocrx_word' id='word_1_267' title='bbox 557 2983 846 3034; x_wconf 89' lang='lat' dir='ltr'>canticum</span> <span class='ocrx_word' id='word_1_268' title='bbox 873 2978 1179 3041; x_wconf 69' lang='lat' dir='ltr'>significari</span> <span class='ocrx_word' id='word_1_269' title='bbox 1197 2977 1500 3027; x_wconf 79' lang='lat' dir='ltr'>videantur</span> <span class='ocrx_word' id='word_1_270' title='bbox 1517 2974 1913 3037; x_wconf 76' lang='lat' dir='ltr'>intelligentiae</span> <span class='ocrx_word' id='word_1_271' title='bbox 1927 2978 2154 3035; x_wconf 88' lang='lat' dir='ltr'>mentis,</span> 
     </span>
    </p>
   </div>
   <div class='ocr_carea' id='block_1_39' title="bbox 556 3047 2157 3118">
    <p class='ocr_par' dir='ltr' id='par_1_39' title="bbox 556 3047 2157 3118">
     <span class='ocr_line' id='line_1_39' title="bbox 556 3047 2157 3118; baseline -0.004 -14"><span class='ocrx_word' id='word_1_272' title='bbox 556 3066 656 3118; x_wconf 88' lang='lat' dir='ltr'>per</span> <span class='ocrx_word' id='word_1_273' title='bbox 679 3051 965 3116; x_wconf 83' lang='lat' dir='ltr'>psalmum</span> <span class='ocrx_word' id='word_1_274' title='bbox 991 3060 1125 3099; x_wconf 90' lang='lat' dir='ltr'>vero</span> <span class='ocrx_word' id='word_1_275' title='bbox 1155 3059 1327 3109; x_wconf 87' lang='lat' dir='ltr'>opera</span> <span class='ocrx_word' id='word_1_276' title='bbox 1355 3047 1625 3108; x_wconf 88' lang='lat' dir='ltr'>corporis.</span> <span class='ocrx_word' id='word_1_277' title='bbox 1652 3047 1735 3095; x_wconf 83' lang='lat' dir='ltr'>Ita</span> <span class='ocrx_word' id='word_1_278' title='bbox 1757 3058 1892 3109; x_wconf 84' lang='lat' dir='ltr'>ergo</span> <span class='ocrx_word' id='word_1_279' title='bbox 1922 3047 2157 3109; x_wconf 88' lang='lat' dir='ltr'>quidam</span> 
     </span>
    </p>
   </div>
   <div class='ocr_carea' id='block_1_40' title="bbox 555 3117 2157 3184">
    <p class='ocr_par' dir='ltr' id='par_1_40' title="bbox 555 3117 2157 3184">
     <span class='ocr_line' id='line_1_40' title="bbox 555 3117 2157 3184; baseline -0.005 -7"><span class='ocrx_word' id='word_1_280' title='bbox 555 3117 973 3184; x_wconf 83' lang='lat' dir='ltr'>discreverunt,</span> <span class='ocrx_word' id='word_1_281' title='bbox 992 3126 1057 3171; x_wconf 92' lang='lat' dir='ltr'>ut</span> <span class='ocrx_word' id='word_1_282' title='bbox 1078 3122 1313 3169; x_wconf 66' lang='lat' dir='ltr'>Cantate</span> <span class='ocrx_word' id='word_1_283' title='bbox 1327 3120 1463 3178; x_wconf 91' lang='lat' dir='ltr'>Deo,</span> <span class='ocrx_word' id='word_1_284' title='bbox 1484 3118 1701 3167; x_wconf 90' lang='lat' dir='ltr'>dictum</span> <span class='ocrx_word' id='word_1_285' title='bbox 1727 3117 2002 3181; x_wconf 87' lang='lat' dir='ltr'>videatur,</span> <span class='ocrx_word' id='word_1_286' title='bbox 2021 3120 2157 3181; x_wconf 90' lang='lat' dir='ltr'>quia</span> 
     </span>
    </p>
   </div>
   <div class='ocr_carea' id='block_1_41' title="bbox 557 3191 2161 3262">
    <p class='ocr_par' dir='ltr' id='par_1_41' title="bbox 557 3191 2161 3262">
     <span class='ocr_line' id='line_1_41' title="bbox 557 3191 2161 3262; baseline -0.006 -12"><span class='ocrx_word' id='word_1_287' title='bbox 557 3209 690 3262; x_wconf 72' lang='lat' dir='ltr'>quae</span> <span class='ocrx_word' id='word_1_288' title='bbox 713 3197 772 3247; x_wconf 90' lang='lat' dir='ltr'>in</span> <span class='ocrx_word' id='word_1_289' title='bbox 794 3195 984 3258; x_wconf 87' lang='lat' dir='ltr'>seipsa</span> <span class='ocrx_word' id='word_1_290' title='bbox 1013 3204 1178 3242; x_wconf 91' lang='lat' dir='ltr'>mens</span> <span class='ocrx_word' id='word_1_291' title='bbox 1205 3195 1343 3253; x_wconf 83' lang='lat' dir='ltr'>agit,</span> <span class='ocrx_word' id='word_1_292' title='bbox 1370 3191 1486 3239; x_wconf 86' lang='lat' dir='ltr'>Deo</span> <span class='ocrx_word' id='word_1_293' title='bbox 1514 3194 1649 3239; x_wconf 87' lang='lat' dir='ltr'>nota</span> <span class='ocrx_word' id='word_1_294' title='bbox 1673 3194 1827 3251; x_wconf 91' lang='lat' dir='ltr'>sunt,</span> <span class='ocrx_word' id='word_1_295' title='bbox 1856 3192 1955 3240; x_wconf 86' lang='lat' dir='ltr'>sed</span> <span class='ocrx_word' id='word_1_296' title='bbox 1972 3192 2043 3240; x_wconf 86' lang='lat' dir='ltr'>ab</span> <span class='ocrx_word' id='word_1_297' title='bbox 2062 3191 2161 3241; x_wconf 91' lang='lat' dir='ltr'>ho-</span> 
     </span>
    </p>
   </div>
   <div class='ocr_carea' id='block_1_42' title="bbox 556 3262 2157 3324">
    <p class='ocr_par' dir='ltr' id='par_1_42' title="bbox 556 3262 2157 3324">
     <span class='ocr_line' id='line_1_42' title="bbox 556 3262 2157 3324; baseline -0.006 -4"><span class='ocrx_word' id='word_1_298' title='bbox 556 3269 813 3321; x_wconf 92' lang='lat' dir='ltr'>minibus</span> <span class='ocrx_word' id='word_1_299' title='bbox 853 3278 967 3316; x_wconf 92' lang='lat' dir='ltr'>non</span> <span class='ocrx_word' id='word_1_300' title='bbox 1002 3263 1289 3315; x_wconf 85' lang='lat' dir='ltr'>videntur.</span> <span class='ocrx_word' id='word_1_301' title='bbox 1327 3262 1512 3324; x_wconf 87' lang='lat' dir='ltr'>Opera</span> <span class='ocrx_word' id='word_1_302' title='bbox 1543 3272 1676 3311; x_wconf 89' lang='lat' dir='ltr'>vero</span> <span class='ocrx_word' id='word_1_303' title='bbox 1711 3262 1861 3310; x_wconf 87' lang='lat' dir='ltr'>bona</span> <span class='ocrx_word' id='word_1_304' title='bbox 1883 3262 2157 3323; x_wconf 89' lang='lat' dir='ltr'>quoniam</span> 
     </span>
    </p>
   </div>
   <div class='ocr_carea' id='block_1_43' title="bbox 2263 622 3878 688">
    <p class='ocr_par' dir='ltr' id='par_1_43' title="bbox 2263 622 3878 688">
     <span class='ocr_line' id='line_1_43' title="bbox 2263 622 3878 688; baseline -0.001 -14"><span class='ocrx_word' id='word_1_305' title='bbox 2263 624 2504 688; x_wconf 89' lang='lat' dir='ltr'>orphani</span> <span class='ocrx_word' id='word_1_306' title='bbox 2519 629 2577 675; x_wconf 93' lang='lat' dir='ltr'>et</span> <span class='ocrx_word' id='word_1_307' title='bbox 2600 623 2809 686; x_wconf 67' lang='lat' dir='ltr'>vidum,</span> <span class='ocrx_word' id='word_1_308' title='bbox 2828 622 2927 685; x_wconf 89' lang='lat' dir='ltr'>qui</span> <span class='ocrx_word' id='word_1_309' title='bbox 2955 623 3123 673; x_wconf 87' lang='lat' dir='ltr'>talem</span> <span class='ocrx_word' id='word_1_310' title='bbox 3149 624 3372 673; x_wconf 88' lang='lat' dir='ltr'>Patrem</span> <span class='ocrx_word' id='word_1_311' title='bbox 3395 622 3615 674; x_wconf 88' lang='lat' dir='ltr'>habent</span> <span class='ocrx_word' id='word_1_312' title='bbox 3637 624 3878 675; x_wconf 75' lang='lat' dir='ltr'>etJudi</span> 
     </span>
    </p>
   </div>
   <div class='ocr_carea' id='block_1_44' title="bbox 2262 692 3878 760">
    <p class='ocr_par' dir='ltr' id='par_1_44' title="bbox 2262 692 3878 760">
     <span class='ocr_line' id='line_1_44' title="bbox 2262 692 3878 760; baseline 0.001 -15"><span class='ocrx_word' id='word_1_313' title='bbox 2262 708 2405 747; x_wconf 84' lang='lat' dir='ltr'>cem.</span> <span class='ocrx_word' id='word_1_314' title='bbox 2452 696 2524 746; x_wconf 90' lang='lat' dir='ltr'>Hi</span> <span class='ocrx_word' id='word_1_315' title='bbox 2556 701 2751 747; x_wconf 91' lang='lat' dir='ltr'>autem</span> <span class='ocrx_word' id='word_1_316' title='bbox 2786 698 2923 745; x_wconf 88' lang='lat' dir='ltr'>sunt</span> <span class='ocrx_word' id='word_1_317' title='bbox 2944 692 3027 744; x_wconf 91' lang='lat' dir='ltr'>illi</span> <span class='ocrx_word' id='word_1_318' title='bbox 3061 693 3299 757; x_wconf 87' lang='lat' dir='ltr'>orphani</span> <span class='ocrx_word' id='word_1_319' title='bbox 3323 699 3381 746; x_wconf 92' lang='lat' dir='ltr'>et</span> <span class='ocrx_word' id='word_1_320' title='bbox 3415 694 3627 760; x_wconf 66' lang='lat' dir='ltr'>vidum,</span> <span class='ocrx_word' id='word_1_321' title='bbox 3655 697 3878 760; x_wconf 81' lang='lat' dir='ltr'>quibus</span> 
     </span>
    </p>
   </div>
   <div class='ocr_carea' id='block_1_45' title="bbox 2263 766 3878 831">
    <p class='ocr_par' dir='ltr' id='par_1_45' title="bbox 2263 766 3878 831">
     <span class='ocr_line' id='line_1_45' title="bbox 2263 766 3878 831; baseline 0 -14"><span class='ocrx_word' id='word_1_322' title='bbox 2263 766 2527 819; x_wconf 89' lang='lat' dir='ltr'>diabolus</span> <span class='ocrx_word' id='word_1_323' title='bbox 2552 771 2712 831; x_wconf 87' lang='lat' dir='ltr'>pater</span> <span class='ocrx_word' id='word_1_324' title='bbox 2733 770 2791 817; x_wconf 91' lang='lat' dir='ltr'>et</span> <span class='ocrx_word' id='word_1_325' title='bbox 2810 768 3056 817; x_wconf 89' lang='lat' dir='ltr'>maritus</span> <span class='ocrx_word' id='word_1_326' title='bbox 3081 770 3349 816; x_wconf 88' lang='lat' dir='ltr'>mortuus</span> <span class='ocrx_word' id='word_1_327' title='bbox 3372 768 3477 818; x_wconf 90' lang='lat' dir='ltr'>est.</span> <span class='ocrx_word' id='word_1_328' title='bbox 3493 767 3609 831; x_wconf 91' lang='lat' dir='ltr'>Ipsi</span> <span class='ocrx_word' id='word_1_329' title='bbox 3622 772 3771 818; x_wconf 89' lang='lat' dir='ltr'>sunt</span> <span class='ocrx_word' id='word_1_330' title='bbox 3784 772 3878 829; x_wconf 87' lang='lat' dir='ltr'>qui</span> 
     </span>
    </p>
   </div>
   <div class='ocr_carea' id='block_1_46' title="bbox 2261 838 3878 901">
    <p class='ocr_par' dir='ltr' id='par_1_46' title="bbox 2261 838 3878 901">
     <span class='ocr_line' id='line_1_46' title="bbox 2261 838 3878 901; baseline 0.001 -13"><span class='ocrx_word' id='word_1_331' title='bbox 2261 838 2464 890; x_wconf 87' lang='lat' dir='ltr'>dicunt</span> <span class='ocrx_word' id='word_1_332' title='bbox 2487 855 2497 887; x_wconf 93' lang='lat'>:</span> <span class='ocrx_word' id='word_1_333' title='bbox 2525 838 2801 899; x_wconf 86' lang='lat' dir='ltr'>Quoniam</span> <span class='ocrx_word' id='word_1_334' title='bbox 2844 842 3003 901; x_wconf 91' lang='lat' dir='ltr'>pater</span> <span class='ocrx_word' id='word_1_335' title='bbox 3035 849 3202 887; x_wconf 91' lang='lat' dir='ltr'>meus</span> <span class='ocrx_word' id='word_1_336' title='bbox 3226 841 3283 888; x_wconf 94' lang='lat' dir='ltr'>et</span> <span class='ocrx_word' id='word_1_337' title='bbox 3305 842 3486 889; x_wconf 88' lang='lat' dir='ltr'>mater</span> <span class='ocrx_word' id='word_1_338' title='bbox 3508 850 3640 890; x_wconf 90' lang='lat' dir='ltr'>mea</span> <span class='ocrx_word' id='word_1_339' title='bbox 3664 838 3878 890; x_wconf 77' lang='lat' dir='ltr'>dereli-</span> 
     </span>
    </p>
   </div>
   <div class='ocr_carea' id='block_1_47' title="bbox 2261 908 3878 972">
    <p class='ocr_par' dir='ltr' id='par_1_47' title="bbox 2261 908 3878 972">
     <span class='ocr_line' id='line_1_47' title="bbox 2261 908 3878 972; baseline -0.001 -14"><span class='ocrx_word' id='word_1_340' title='bbox 2261 914 2510 972; x_wconf 90' lang='lat' dir='ltr'>querunt</span> <span class='ocrx_word' id='word_1_341' title='bbox 2523 921 2629 967; x_wconf 90' lang='lat' dir='ltr'>me,</span> <span class='ocrx_word' id='word_1_342' title='bbox 2651 908 3138 959; x_wconf 89' lang='lat' dir='ltr'>Dominusautem</span> <span class='ocrx_word' id='word_1_343' title='bbox 3148 908 3429 958; x_wconf 88' lang='lat' dir='ltr'>assumsit</span> <span class='ocrx_word' id='word_1_344' title='bbox 3443 921 3535 959; x_wconf 91' lang='lat' dir='ltr'>me</span> <span class='ocrx_word' id='word_1_345' title='bbox 3554 909 3728 971; x_wconf 81' lang='lat' dir='ltr'>(Psal.</span> <span class='ocrx_word' id='word_1_346' title='bbox 3742 908 3878 971; x_wconf 64' lang='lat'>26.).</span> 
     </span>
    </p>
   </div>
   <div class='ocr_carea' id='block_1_48' title="bbox 2260 977 3878 1044">
    <p class='ocr_par' dir='ltr' id='par_1_48' title="bbox 2260 977 3878 1044">
     <span class='ocr_line' id='line_1_48' title="bbox 2260 977 3878 1044; baseline 0.001 -15"><span class='ocrx_word' id='word_1_347' title='bbox 2260 980 2342 1029; x_wconf 94' lang='lat' dir='ltr'>De</span> <span class='ocrx_word' id='word_1_348' title='bbox 2367 980 2456 1030; x_wconf 90' lang='lat' dir='ltr'>his</span> <span class='ocrx_word' id='word_1_349' title='bbox 2483 979 2587 1042; x_wconf 69' lang='lat' dir='ltr'>(Ex</span> <span class='ocrx_word' id='word_1_350' title='bbox 2619 981 2778 1042; x_wconf 85' lang='lat' dir='ltr'>Aug.)</span> <span class='ocrx_word' id='word_1_351' title='bbox 2805 979 3075 1042; x_wconf 83' lang='lat' dir='ltr'>orphanis</span> <span class='ocrx_word' id='word_1_352' title='bbox 3099 984 3158 1029; x_wconf 92' lang='lat' dir='ltr'>et</span> <span class='ocrx_word' id='word_1_353' title='bbox 3189 977 3401 1041; x_wconf 91' lang='lat' dir='ltr'>viduis,</span> <span class='ocrx_word' id='word_1_354' title='bbox 3427 978 3594 1041; x_wconf 90' lang='lat' dir='ltr'>idest,</span> <span class='ocrx_word' id='word_1_355' title='bbox 3622 980 3751 1044; x_wconf 89' lang='lat' dir='ltr'>spei</span> <span class='ocrx_word' id='word_1_356' title='bbox 3779 994 3878 1031; x_wconf 90' lang='lat' dir='ltr'>se-</span> 
     </span>
    </p>
   </div>
   <div class='ocr_carea' id='block_1_49' title="bbox 2259 1049 3860 1115">
    <p class='ocr_par' dir='ltr' id='par_1_49' title="bbox 2259 1049 3860 1115">
     <span class='ocr_line' id='line_1_49' title="bbox 2259 1049 3860 1115; baseline 0.002 -15"><span class='ocrx_word' id='word_1_357' title='bbox 2259 1050 2467 1101; x_wconf 88' lang='lat' dir='ltr'>cularis</span> <span class='ocrx_word' id='word_1_358' title='bbox 2492 1051 2765 1101; x_wconf 88' lang='lat' dir='ltr'>societate</span> <span class='ocrx_word' id='word_1_359' title='bbox 2790 1049 3100 1113; x_wconf 89' lang='lat' dir='ltr'>destitutis,</span> <span class='ocrx_word' id='word_1_360' title='bbox 3124 1051 3409 1101; x_wconf 89' lang='lat' dir='ltr'>Dominus</span> <span class='ocrx_word' id='word_1_361' title='bbox 3436 1052 3545 1101; x_wconf 88' lang='lat' dir='ltr'>sibi</span> <span class='ocrx_word' id='word_1_362' title='bbox 3582 1053 3860 1115; x_wconf 87' lang='lat' dir='ltr'>templun</span> 
     </span>
    </p>
   </div>
   <div class='ocr_carea' id='block_1_50' title="bbox 2261 1120 3878 1187">
    <p class='ocr_par' dir='ltr' id='par_1_50' title="bbox 2261 1120 3878 1187">
     <span class='ocr_line' id='line_1_50' title="bbox 2261 1120 3878 1187; baseline 0.001 -18"><span class='ocrx_word' id='word_1_363' title='bbox 2261 1122 2514 1184; x_wconf 85' lang='lat' dir='ltr'>fabricat,</span> <span class='ocrx_word' id='word_1_364' title='bbox 2537 1122 2606 1172; x_wconf 91' lang='lat' dir='ltr'>de</span> <span class='ocrx_word' id='word_1_365' title='bbox 2633 1134 2665 1183; x_wconf 92' lang='lat' dir='ltr'>q</span> <span class='ocrx_word' id='word_1_366' title='bbox 2677 1134 2747 1171; x_wconf 93' lang='lat' dir='ltr'>uo</span> <span class='ocrx_word' id='word_1_367' title='bbox 2759 1125 3178 1183; x_wconf 87' lang='lat' dir='ltr'>consequenter</span> <span class='ocrx_word' id='word_1_368' title='bbox 3192 1120 3331 1187; x_wconf 80' lang='lat' dir='ltr'>dicit</span> <span class='ocrx_word' id='word_1_369' title='bbox 3347 1139 3358 1170; x_wconf 93' lang='lat'>:</span> <span class='ocrx_word' id='word_1_370' title='bbox 3375 1122 3512 1171; x_wconf 87' lang='lat' dir='ltr'>Deus</span> <span class='ocrx_word' id='word_1_371' title='bbox 3527 1122 3591 1170; x_wconf 89' lang='lat' dir='ltr'>in</span> <span class='ocrx_word' id='word_1_372' title='bbox 3614 1121 3732 1171; x_wconf 89' lang='lat' dir='ltr'>loco</span> <span class='ocrx_word' id='word_1_373' title='bbox 3743 1138 3851 1171; x_wconf 84' lang='lat' dir='ltr'>san</span> <span class='ocrx_word' id='word_1_374' title='bbox 3862 1128 3878 1158; x_wconf 85' lang='lat'>&#39;-</span> 
     </span>
    </p>
   </div>
   <div class='ocr_carea' id='block_1_51' title="bbox 2260 1190 3878 1254">
    <p class='ocr_par' dir='ltr' id='par_1_51' title="bbox 2260 1190 3878 1254">
     <span class='ocr_line' id='line_1_51' title="bbox 2260 1190 3878 1254; baseline 0.002 -14"><span class='ocrx_word' id='word_1_375' title='bbox 2260 1198 2337 1241; x_wconf 86' lang='lat' dir='ltr'>cto</span> <span class='ocrx_word' id='word_1_376' title='bbox 2352 1208 2466 1242; x_wconf 87' lang='lat' dir='ltr'>suo.</span> <span class='ocrx_word' id='word_1_377' title='bbox 2485 1196 2665 1254; x_wconf 82' lang='lat' dir='ltr'>Quem</span> <span class='ocrx_word' id='word_1_378' title='bbox 2681 1190 2868 1241; x_wconf 91' lang='lat' dir='ltr'>locum</span> <span class='ocrx_word' id='word_1_379' title='bbox 2883 1190 3209 1242; x_wconf 88' lang='lat' dir='ltr'>evidentius</span> <span class='ocrx_word' id='word_1_380' title='bbox 3221 1191 3492 1248; x_wconf 84' lang='lat' dir='ltr'>ostendit.</span> <span class='ocrx_word' id='word_1_381' title='bbox 3507 1205 3640 1243; x_wconf 91' lang='lat' dir='ltr'>cum</span> <span class='ocrx_word' id='word_1_382' title='bbox 3659 1196 3845 1242; x_wconf 83' lang='lat' dir='ltr'>subdit</span> <span class='ocrx_word' id='word_1_383' title='bbox 3865 1208 3878 1244; x_wconf 93' lang='lat'>:</span> 
     </span>
    </p>
   </div>
   <div class='ocr_carea' id='block_1_52' title="bbox 2323 1261 3878 1326">
    <p class='ocr_par' dir='ltr' id='par_1_52' title="bbox 2323 1261 3878 1326">
     <span class='ocr_line' id='line_1_52' title="bbox 2323 1261 3878 1326; baseline -0.004 -10"><span class='ocrx_word' id='word_1_384' title='bbox 2323 1273 2367 1317; x_wconf 88' lang='grc'><strong>7.</strong></span> <span class='ocrx_word' id='word_1_385' title='bbox 2393 1266 2530 1314; x_wconf 84' lang='lat' dir='ltr'>Deus</span> <span class='ocrx_word' id='word_1_386' title='bbox 2545 1264 2641 1326; x_wconf 79' lang='lat' dir='ltr'>qui</span> <span class='ocrx_word' id='word_1_387' title='bbox 2666 1264 2726 1311; x_wconf 76' lang='lat' dir='ltr'>in</span> <span class='ocrx_word' id='word_1_388' title='bbox 2745 1261 2992 1311; x_wconf 79' lang='lat' dir='ltr'>habitare</span> <span class='ocrx_word' id='word_1_389' title='bbox 3008 1262 3157 1323; x_wconf 73' lang='lat' dir='ltr'>facit,</span> <span class='ocrx_word' id='word_1_390' title='bbox 3174 1261 3364 1326; x_wconf 84' lang='lat' dir='ltr'>plures</span> <span class='ocrx_word' id='word_1_391' title='bbox 3380 1263 3665 1315; x_wconf 83' lang='lat' dir='ltr'>homines.</span> <span class='ocrx_word' id='word_1_392' title='bbox 3693 1264 3878 1312; x_wconf 74' lang='lat' dir='ltr'>Unius</span> 
     </span>
    </p>
   </div>
   <div class='ocr_carea' id='block_1_53' title="bbox 2258 1332 3878 1397">
    <p class='ocr_par' dir='ltr' id='par_1_53' title="bbox 2258 1332 3878 1397">
     <span class='ocr_line' id='line_1_53' title="bbox 2258 1332 3878 1397; baseline -0.002 -10"><span class='ocrx_word' id='word_1_393' title='bbox 2258 1338 2424 1387; x_wconf 84' lang='lat' dir='ltr'>moris</span> <span class='ocrx_word' id='word_1_394' title='bbox 2464 1336 2525 1384; x_wconf 84' lang='lat' dir='ltr'>in</span> <span class='ocrx_word' id='word_1_395' title='bbox 2555 1335 2733 1397; x_wconf 87' lang='lat' dir='ltr'>domo,</span> <span class='ocrx_word' id='word_1_396' title='bbox 2774 1332 2942 1397; x_wconf 91' lang='lat' dir='ltr'>idest,</span> <span class='ocrx_word' id='word_1_397' title='bbox 2979 1333 3151 1384; x_wconf 92' lang='lat' dir='ltr'>unius</span> <span class='ocrx_word' id='word_1_398' title='bbox 3192 1334 3509 1386; x_wconf 83' lang='lat' dir='ltr'>voluntatis</span> <span class='ocrx_word' id='word_1_399' title='bbox 3541 1335 3878 1387; x_wconf 84' lang='lat' dir='ltr'>secundum</span> 
     </span>
    </p>
   </div>
   <div class='ocr_carea' id='block_1_54' title="bbox 2258 1404 3878 1470">
    <p class='ocr_par' dir='ltr' id='par_1_54' title="bbox 2258 1404 3878 1470">
     <span class='ocr_line' id='line_1_54' title="bbox 2258 1404 3878 1470; baseline -0.002 -10"><span class='ocrx_word' id='word_1_400' title='bbox 2258 1410 2430 1460; x_wconf 83' lang='lat' dir='ltr'>fidem</span> <span class='ocrx_word' id='word_1_401' title='bbox 2447 1410 2506 1458; x_wconf 92' lang='lat' dir='ltr'>et</span> <span class='ocrx_word' id='word_1_402' title='bbox 2527 1405 2822 1457; x_wconf 87' lang='lat' dir='ltr'>caritatem</span> <span class='ocrx_word' id='word_1_403' title='bbox 2842 1404 2903 1455; x_wconf 88' lang='lat' dir='ltr'>in</span> <span class='ocrx_word' id='word_1_404' title='bbox 2918 1416 3037 1455; x_wconf 89' lang='lat' dir='ltr'>una</span> <span class='ocrx_word' id='word_1_405' title='bbox 3059 1404 3329 1456; x_wconf 87' lang='lat' dir='ltr'>Ecclesia.</span> <span class='ocrx_word' id='word_1_406' title='bbox 3361 1406 3435 1456; x_wconf 89' lang='lat' dir='ltr'>Hi</span> <span class='ocrx_word' id='word_1_407' title='bbox 3473 1411 3630 1466; x_wconf 90' lang='lat' dir='ltr'>sunt,</span> <span class='ocrx_word' id='word_1_408' title='bbox 3653 1407 3730 1457; x_wconf 90' lang='lat' dir='ltr'>de</span> <span class='ocrx_word' id='word_1_409' title='bbox 3753 1407 3878 1470; x_wconf 89' lang='lat' dir='ltr'>qui-</span> 
     </span>
    </p>
   </div>
   <div class='ocr_carea' id='block_1_55' title="bbox 2258 1474 3878 1541">
    <p class='ocr_par' dir='ltr' id='par_1_55' title="bbox 2258 1474 3878 1541">
     <span class='ocr_line' id='line_1_55' title="bbox 2258 1474 3878 1541; baseline -0.002 -10"><span class='ocrx_word' id='word_1_410' title='bbox 2258 1480 2371 1531; x_wconf 89' lang='lat' dir='ltr'>bus</span> <span class='ocrx_word' id='word_1_411' title='bbox 2395 1477 2627 1541; x_wconf 88' lang='lat' dir='ltr'>legitur:</span> <span class='ocrx_word' id='word_1_412' title='bbox 2655 1477 2788 1527; x_wconf 88' lang='lat' dir='ltr'>Erat</span> <span class='ocrx_word' id='word_1_413' title='bbox 2811 1474 2895 1527; x_wconf 88' lang='lat' dir='ltr'>eis</span> <span class='ocrx_word' id='word_1_414' title='bbox 2909 1488 3007 1526; x_wconf 91' lang='lat' dir='ltr'>cor</span> <span class='ocrx_word' id='word_1_415' title='bbox 3022 1488 3201 1526; x_wconf 92' lang='lat' dir='ltr'>unum</span> <span class='ocrx_word' id='word_1_416' title='bbox 3213 1476 3472 1528; x_wconf 87' lang='lat' dir='ltr'>etanima</span> <span class='ocrx_word' id='word_1_417' title='bbox 3495 1489 3612 1528; x_wconf 87' lang='lat' dir='ltr'>una</span> <span class='ocrx_word' id='word_1_418' title='bbox 3629 1476 3878 1540; x_wconf 74' lang='lat' dir='ltr'>(Act.4.).</span> 
     </span>
    </p>
   </div>
   <div class='ocr_carea' id='block_1_56' title="bbox 2257 1546 3878 1612">
    <p class='ocr_par' dir='ltr' id='par_1_56' title="bbox 2257 1546 3878 1612">
     <span class='ocr_line' id='line_1_56' title="bbox 2257 1546 3878 1612; baseline -0.002 -9"><span class='ocrx_word' id='word_1_419' title='bbox 2257 1551 2439 1604; x_wconf 89' lang='lat' dir='ltr'>Unius</span> <span class='ocrx_word' id='word_1_420' title='bbox 2464 1547 2697 1612; x_wconf 92' lang='lat' dir='ltr'>quidem</span> <span class='ocrx_word' id='word_1_421' title='bbox 2718 1546 2895 1598; x_wconf 90' lang='lat' dir='ltr'>moris</span> <span class='ocrx_word' id='word_1_422' title='bbox 2920 1551 3076 1609; x_wconf 90' lang='lat' dir='ltr'>sunt,</span> <span class='ocrx_word' id='word_1_423' title='bbox 3104 1559 3351 1609; x_wconf 87' lang='lat' dir='ltr'>quorum</span> <span class='ocrx_word' id='word_1_424' title='bbox 3372 1547 3738 1612; x_wconf 83' lang='lat' dir='ltr'>prepositum</span> <span class='ocrx_word' id='word_1_425' title='bbox 3753 1561 3878 1601; x_wconf 90' lang='lat' dir='ltr'>non</span> 
     </span>
    </p>
   </div>
   <div class='ocr_carea' id='block_1_57' title="bbox 2256 1618 3878 1683">
    <p class='ocr_par' dir='ltr' id='par_1_57' title="bbox 2256 1618 3878 1683">
     <span class='ocr_line' id='line_1_57' title="bbox 2256 1618 3878 1683; baseline -0.003 -11"><span class='ocrx_word' id='word_1_426' title='bbox 2256 1625 2517 1673; x_wconf 89' lang='lat' dir='ltr'>mutatur</span> <span class='ocrx_word' id='word_1_427' title='bbox 2535 1619 2597 1669; x_wconf 92' lang='lat' dir='ltr'>in</span> <span class='ocrx_word' id='word_1_428' title='bbox 2620 1618 2862 1669; x_wconf 89' lang='lat' dir='ltr'>diversa.</span> <span class='ocrx_word' id='word_1_429' title='bbox 2879 1620 2945 1668; x_wconf 94' lang='lat' dir='ltr'>In</span> <span class='ocrx_word' id='word_1_430' title='bbox 2961 1619 3173 1668; x_wconf 89' lang='lat' dir='ltr'>talibus</span> <span class='ocrx_word' id='word_1_431' title='bbox 3191 1624 3281 1669; x_wconf 89' lang='lat' dir='ltr'>est</span> <span class='ocrx_word' id='word_1_432' title='bbox 3297 1621 3471 1679; x_wconf 91' lang='lat' dir='ltr'>Deus,</span> <span class='ocrx_word' id='word_1_433' title='bbox 3487 1624 3798 1683; x_wconf 87' lang='lat' dir='ltr'>tamquam</span> <span class='ocrx_word' id='word_1_434' title='bbox 3819 1623 3878 1667; x_wconf 86' lang='lat' dir='ltr'>in</span> 
     </span>
    </p>
   </div>
   <div class='ocr_carea' id='block_1_58' title="bbox 2257 1690 3877 1754">
    <p class='ocr_par' dir='ltr' id='par_1_58' title="bbox 2257 1690 3877 1754">
     <span class='ocr_line' id='line_1_58' title="bbox 2257 1690 3877 1754; baseline -0.005 -9"><span class='ocrx_word' id='word_1_435' title='bbox 2257 1694 2380 1745; x_wconf 93' lang='lat' dir='ltr'>loco</span> <span class='ocrx_word' id='word_1_436' title='bbox 2407 1696 2605 1742; x_wconf 83' lang='lat' dir='ltr'>sancto</span> <span class='ocrx_word' id='word_1_437' title='bbox 2629 1703 2753 1740; x_wconf 91' lang='lat' dir='ltr'>suo.</span> <span class='ocrx_word' id='word_1_438' title='bbox 2780 1691 2925 1740; x_wconf 89' lang='lat' dir='ltr'>Nam</span> <span class='ocrx_word' id='word_1_439' title='bbox 2950 1691 3099 1740; x_wconf 90' lang='lat' dir='ltr'>sicut</span> <span class='ocrx_word' id='word_1_440' title='bbox 3124 1690 3183 1739; x_wconf 88' lang='lat' dir='ltr'>in</span> <span class='ocrx_word' id='word_1_441' title='bbox 3196 1702 3406 1754; x_wconf 87' lang='lat' dir='ltr'>magna</span> <span class='ocrx_word' id='word_1_442' title='bbox 3418 1690 3674 1742; x_wconf 87' lang='lat' dir='ltr'>hominis</span> <span class='ocrx_word' id='word_1_443' title='bbox 3697 1694 3877 1751; x_wconf 87' lang='lat' dir='ltr'>domo,</span> 
     </span>
    </p>
   </div>
   <div class='ocr_carea' id='block_1_59' title="bbox 2258 1760 3877 1826">
    <p class='ocr_par' dir='ltr' id='par_1_59' title="bbox 2258 1760 3877 1826">
     <span class='ocr_line' id='line_1_59' title="bbox 2258 1760 3877 1826; baseline -0.003 -11"><span class='ocrx_word' id='word_1_444' title='bbox 2258 1778 2372 1815; x_wconf 90' lang='lat' dir='ltr'>non</span> <span class='ocrx_word' id='word_1_445' title='bbox 2408 1764 2465 1813; x_wconf 91' lang='lat' dir='ltr'>in</span> <span class='ocrx_word' id='word_1_446' title='bbox 2501 1762 2910 1825; x_wconf 89' lang='lat' dir='ltr'>qualicumque</span> <span class='ocrx_word' id='word_1_447' title='bbox 2934 1760 3057 1811; x_wconf 93' lang='lat' dir='ltr'>loco</span> <span class='ocrx_word' id='word_1_448' title='bbox 3083 1762 3389 1824; x_wconf 83' lang='lat' dir='ltr'>requiescit</span> <span class='ocrx_word' id='word_1_449' title='bbox 3416 1761 3693 1813; x_wconf 88' lang='lat' dir='ltr'>dominus</span> <span class='ocrx_word' id='word_1_450' title='bbox 3720 1763 3877 1826; x_wconf 89' lang='lat' dir='ltr'>ejus,</span> 
     </span>
    </p>
   </div>
   <div class='ocr_carea' id='block_1_60' title="bbox 2259 1832 3877 1896">
    <p class='ocr_par' dir='ltr' id='par_1_60' title="bbox 2259 1832 3877 1896">
     <span class='ocr_line' id='line_1_60' title="bbox 2259 1832 3877 1896; baseline -0.002 -11"><span class='ocrx_word' id='word_1_451' title='bbox 2259 1836 2358 1885; x_wconf 83' lang='lat' dir='ltr'>sed</span> <span class='ocrx_word' id='word_1_452' title='bbox 2411 1835 2600 1896; x_wconf 90' lang='lat' dir='ltr'>aliquo</span> <span class='ocrx_word' id='word_1_453' title='bbox 2638 1835 2834 1895; x_wconf 86' lang='lat' dir='ltr'>utique</span> <span class='ocrx_word' id='word_1_454' title='bbox 2880 1832 3183 1883; x_wconf 89' lang='lat' dir='ltr'>secretiore</span> <span class='ocrx_word' id='word_1_455' title='bbox 3216 1838 3274 1883; x_wconf 92' lang='lat' dir='ltr'>et</span> <span class='ocrx_word' id='word_1_456' title='bbox 3309 1832 3670 1885; x_wconf 87' lang='lat' dir='ltr'>honoratiore</span> <span class='ocrx_word' id='word_1_457' title='bbox 3702 1832 3836 1884; x_wconf 91' lang='lat' dir='ltr'>loco</span> <span class='ocrx_word' id='word_1_458' title='bbox 3865 1848 3877 1881; x_wconf 92' lang='lat'>:</span> 
     </span>
    </p>
   </div>
   <div class='ocr_carea' id='block_1_61' title="bbox 2260 1904 3877 1966">
    <p class='ocr_par' dir='ltr' id='par_1_61' title="bbox 2260 1904 3877 1966">
     <span class='ocr_line' id='line_1_61' title="bbox 2260 1904 3877 1966; baseline -0.001 -10"><span class='ocrx_word' id='word_1_459' title='bbox 2260 1908 2341 1957; x_wconf 91' lang='lat' dir='ltr'>sic</span> <span class='ocrx_word' id='word_1_460' title='bbox 2364 1908 2519 1956; x_wconf 92' lang='lat' dir='ltr'>Deus</span> <span class='ocrx_word' id='word_1_461' title='bbox 2546 1917 2663 1954; x_wconf 91' lang='lat' dir='ltr'>non</span> <span class='ocrx_word' id='word_1_462' title='bbox 2683 1905 2743 1953; x_wconf 91' lang='lat' dir='ltr'>in</span> <span class='ocrx_word' id='word_1_463' title='bbox 2764 1904 3033 1954; x_wconf 88' lang='lat' dir='ltr'>omnibus</span> <span class='ocrx_word' id='word_1_464' title='bbox 3058 1904 3298 1966; x_wconf 87' lang='lat' dir='ltr'>habitat,</span> <span class='ocrx_word' id='word_1_465' title='bbox 3318 1904 3417 1954; x_wconf 91' lang='lat' dir='ltr'>sed</span> <span class='ocrx_word' id='word_1_466' title='bbox 3435 1907 3495 1955; x_wconf 89' lang='lat' dir='ltr'>in</span> <span class='ocrx_word' id='word_1_467' title='bbox 3518 1904 3611 1956; x_wconf 89' lang='lat' dir='ltr'>his</span> <span class='ocrx_word' id='word_1_468' title='bbox 3638 1910 3877 1956; x_wconf 83' lang='lat' dir='ltr'>tantum</span> 
     </span>
    </p>
   </div>
   <div class='ocr_carea' id='block_1_62' title="bbox 2257 1974 3878 2040">
    <p class='ocr_par' dir='ltr' id='par_1_62' title="bbox 2257 1974 3878 2040">
     <span class='ocr_line' id='line_1_62' title="bbox 2257 1974 3878 2040; baseline -0.003 -13"><span class='ocrx_word' id='word_1_469' title='bbox 2257 1979 2355 2040; x_wconf 90' lang='lat' dir='ltr'>qui</span> <span class='ocrx_word' id='word_1_470' title='bbox 2392 1989 2566 2027; x_wconf 82' lang='lat' dir='ltr'>unius</span> <span class='ocrx_word' id='word_1_471' title='bbox 2591 1975 2767 2025; x_wconf 88' lang='lat' dir='ltr'>moris</span> <span class='ocrx_word' id='word_1_472' title='bbox 2798 1978 2949 2032; x_wconf 89' lang='lat' dir='ltr'>sunt,</span> <span class='ocrx_word' id='word_1_473' title='bbox 2982 1974 3081 2036; x_wconf 91' lang='lat' dir='ltr'>qui</span> <span class='ocrx_word' id='word_1_474' title='bbox 3108 1976 3454 2026; x_wconf 90' lang='lat' dir='ltr'>unanimiter</span> <span class='ocrx_word' id='word_1_475' title='bbox 3474 1981 3531 2026; x_wconf 92' lang='lat' dir='ltr'>et</span> <span class='ocrx_word' id='word_1_476' title='bbox 3551 1980 3878 2025; x_wconf 83' lang='lat' dir='ltr'>concorditer</span> 
     </span>
    </p>
   </div>
   <div class='ocr_carea' id='block_1_63' title="bbox 2257 2045 3877 2110">
    <p class='ocr_par' dir='ltr' id='par_1_63' title="bbox 2257 2045 3877 2110">
     <span class='ocr_line' id='line_1_63' title="bbox 2257 2045 3877 2110; baseline -0.001 -12"><span class='ocrx_word' id='word_1_477' title='bbox 2257 2052 2471 2100; x_wconf 88' lang='lat' dir='ltr'>vivunt.</span> <span class='ocrx_word' id='word_1_478' title='bbox 2502 2050 2614 2098; x_wconf 75' lang='lat' dir='ltr'>Nec</span> <span class='ocrx_word' id='word_1_479' title='bbox 2626 2048 2732 2097; x_wconf 91' lang='lat' dir='ltr'>hoc</span> <span class='ocrx_word' id='word_1_480' title='bbox 2754 2046 2877 2096; x_wconf 87' lang='lat' dir='ltr'>suis</span> <span class='ocrx_word' id='word_1_481' title='bbox 2897 2045 3116 2095; x_wconf 90' lang='lat' dir='ltr'>viribus</span> <span class='ocrx_word' id='word_1_482' title='bbox 3138 2046 3352 2097; x_wconf 92' lang='lat' dir='ltr'>debent</span> <span class='ocrx_word' id='word_1_483' title='bbox 3368 2046 3719 2104; x_wconf 86' lang='lat' dir='ltr'>adscribere,</span> <span class='ocrx_word' id='word_1_484' title='bbox 3734 2048 3877 2110; x_wconf 83' lang='lat' dir='ltr'>quia</span> 
     </span>
    </p>
   </div>
   <div class='ocr_carea' id='block_1_64' title="bbox 2257 2117 3878 2182">
    <p class='ocr_par' dir='ltr' id='par_1_64' title="bbox 2257 2117 3878 2182">
     <span class='ocr_line' id='line_1_64' title="bbox 2257 2117 3878 2182; baseline -0.001 -11"><span class='ocrx_word' id='word_1_485' title='bbox 2257 2134 2373 2171; x_wconf 90' lang='lat' dir='ltr'>non</span> <span class='ocrx_word' id='word_1_486' title='bbox 2400 2124 2538 2169; x_wconf 89' lang='lat' dir='ltr'>sunt</span> <span class='ocrx_word' id='word_1_487' title='bbox 2567 2119 2676 2181; x_wconf 90' lang='lat' dir='ltr'>ipsi</span> <span class='ocrx_word' id='word_1_488' title='bbox 2700 2118 2800 2179; x_wconf 91' lang='lat' dir='ltr'>qui</span> <span class='ocrx_word' id='word_1_489' title='bbox 2836 2117 3079 2167; x_wconf 85' lang='lat' dir='ltr'>faciunt:</span> <span class='ocrx_word' id='word_1_490' title='bbox 3110 2118 3213 2167; x_wconf 85' lang='lat' dir='ltr'>sed</span> <span class='ocrx_word' id='word_1_491' title='bbox 3239 2120 3395 2168; x_wconf 87' lang='lat' dir='ltr'>Deus</span> <span class='ocrx_word' id='word_1_492' title='bbox 3412 2119 3521 2169; x_wconf 92' lang='lat' dir='ltr'>hoc</span> <span class='ocrx_word' id='word_1_493' title='bbox 3548 2131 3647 2182; x_wconf 89' lang='lat' dir='ltr'>per</span> <span class='ocrx_word' id='word_1_494' title='bbox 3667 2132 3775 2170; x_wconf 90' lang='lat' dir='ltr'>eos</span> <span class='ocrx_word' id='word_1_495' title='bbox 3791 2121 3878 2170; x_wconf 89' lang='lat' dir='ltr'>fa-</span> 
     </span>
    </p>
   </div>
   <div class='ocr_carea' id='block_1_65' title="bbox 2259 2187 3877 2254">
    <p class='ocr_par' dir='ltr' id='par_1_65' title="bbox 2259 2187 3877 2254">
     <span class='ocr_line' id='line_1_65' title="bbox 2259 2187 3877 2254; baseline 0 -13"><span class='ocrx_word' id='word_1_496' title='bbox 2259 2192 2351 2254; x_wconf 88' lang='lat' dir='ltr'>cit,</span> <span class='ocrx_word' id='word_1_497' title='bbox 2380 2190 2478 2254; x_wconf 89' lang='lat' dir='ltr'>qui</span> <span class='ocrx_word' id='word_1_498' title='bbox 2504 2189 2825 2239; x_wconf 84' lang='lat' dir='ltr'>inhabitare</span> <span class='ocrx_word' id='word_1_499' title='bbox 2848 2187 2983 2238; x_wconf 83' lang='lat' dir='ltr'>facit</span> <span class='ocrx_word' id='word_1_500' title='bbox 3006 2188 3181 2238; x_wconf 92' lang='lat' dir='ltr'>unius</span> <span class='ocrx_word' id='word_1_501' title='bbox 3206 2190 3379 2239; x_wconf 89' lang='lat' dir='ltr'>moris</span> <span class='ocrx_word' id='word_1_502' title='bbox 3401 2191 3460 2239; x_wconf 88' lang='lat' dir='ltr'>in</span> <span class='ocrx_word' id='word_1_503' title='bbox 3482 2190 3681 2241; x_wconf 90' lang='lat' dir='ltr'>domo:</span> <span class='ocrx_word' id='word_1_504' title='bbox 3697 2194 3877 2252; x_wconf 82' lang='lat' dir='ltr'>cujus</span> 
     </span>
    </p>
   </div>
   <div class='ocr_carea' id='block_1_66' title="bbox 2257 2260 3874 2324">
    <p class='ocr_par' dir='ltr' id='par_1_66' title="bbox 2257 2260 3874 2324">
     <span class='ocr_line' id='line_1_66' title="bbox 2257 2260 3874 2324; baseline -0.001 -11"><span class='ocrx_word' id='word_1_505' title='bbox 2257 2263 2449 2313; x_wconf 89' lang='lat' dir='ltr'>adhuc</span> <span class='ocrx_word' id='word_1_506' title='bbox 2471 2262 2652 2324; x_wconf 84' lang='lat' dir='ltr'>gratia</span> <span class='ocrx_word' id='word_1_507' title='bbox 2671 2260 2855 2323; x_wconf 78' lang='lat' dir='ltr'>magis</span> <span class='ocrx_word' id='word_1_508' title='bbox 2873 2261 3327 2322; x_wconf 87' lang='lat' dir='ltr'>commendatur,</span> <span class='ocrx_word' id='word_1_509' title='bbox 3357 2273 3490 2311; x_wconf 90' lang='lat' dir='ltr'>cum</span> <span class='ocrx_word' id='word_1_510' title='bbox 3507 2263 3834 2309; x_wconf 80' lang='lat' dir='ltr'>subinfertnr</span> <span class='ocrx_word' id='word_1_511' title='bbox 3862 2278 3874 2311; x_wconf 75' lang='grc' dir='ltr'><strong>ε</strong></span> 
     </span>
    </p>
   </div>
   <div class='ocr_carea' id='block_1_67' title="bbox 2259 2331 3875 2393">
    <p class='ocr_par' dir='ltr' id='par_1_67' title="bbox 2259 2331 3875 2393">
     <span class='ocr_line' id='line_1_67' title="bbox 2259 2331 3875 2393; baseline 0.001 -11"><span class='ocrx_word' id='word_1_512' title='bbox 2259 2335 2363 2392; x_wconf 86' lang='lat' dir='ltr'>Qui</span> <span class='ocrx_word' id='word_1_513' title='bbox 2388 2334 2561 2381; x_wconf 83' lang='lat' dir='ltr'>educit</span> <span class='ocrx_word' id='word_1_514' title='bbox 2584 2333 2784 2380; x_wconf 79' lang='lat' dir='ltr'>vinctos</span> <span class='ocrx_word' id='word_1_515' title='bbox 2806 2332 2864 2378; x_wconf 85' lang='lat' dir='ltr'>in</span> <span class='ocrx_word' id='word_1_516' title='bbox 2889 2331 3227 2393; x_wconf 76' lang='lat' dir='ltr'>fortitudine.</span> <span class='ocrx_word' id='word_1_517' title='bbox 3259 2332 3529 2383; x_wconf 86' lang='lat' dir='ltr'>Vinctum</span> <span class='ocrx_word' id='word_1_518' title='bbox 3541 2332 3692 2382; x_wconf 90' lang='lat' dir='ltr'>enim</span> <span class='ocrx_word' id='word_1_519' title='bbox 3706 2338 3875 2384; x_wconf 88' lang='lat' dir='ltr'>tene—</span> 
     </span>
    </p>
   </div>
   <div class='ocr_carea' id='block_1_68' title="bbox 2259 2403 3873 2468">
    <p class='ocr_par' dir='ltr' id='par_1_68' title="bbox 2259 2403 3873 2468">
     <span class='ocr_line' id='line_1_68' title="bbox 2259 2403 3873 2468; baseline -0.002 -12"><span class='ocrx_word' id='word_1_520' title='bbox 2259 2409 2356 2456; x_wconf 69' lang='lat' dir='ltr'>bat</span> <span class='ocrx_word' id='word_1_521' title='bbox 2380 2405 2567 2454; x_wconf 89' lang='lat' dir='ltr'>hostis</span> <span class='ocrx_word' id='word_1_522' title='bbox 2592 2404 2864 2465; x_wconf 89' lang='lat' dir='ltr'>antiquus</span> <span class='ocrx_word' id='word_1_523' title='bbox 2890 2404 3427 2468; x_wconf 86' lang='lat' dir='ltr'>genushumanum,</span> <span class='ocrx_word' id='word_1_524' title='bbox 3447 2403 3600 2466; x_wconf 91' lang='lat' dir='ltr'>quod</span> <span class='ocrx_word' id='word_1_525' title='bbox 3615 2417 3723 2455; x_wconf 89' lang='lat' dir='ltr'>sua</span> <span class='ocrx_word' id='word_1_526' title='bbox 3736 2406 3873 2467; x_wconf 87' lang='lat' dir='ltr'>qui-</span> 
     </span>
    </p>
   </div>
   <div class='ocr_carea' id='block_1_69' title="bbox 2260 2473 3877 2527">
    <p class='ocr_par' dir='ltr' id='par_1_69' title="bbox 2260 2473 3877 2527">
     <span class='ocr_line' id='line_1_69' title="bbox 2260 2473 3877 2527; baseline -0.001 -1"><span class='ocrx_word' id='word_1_527' title='bbox 2260 2476 2388 2527; x_wconf 91' lang='lat' dir='ltr'>dem</span> <span class='ocrx_word' id='word_1_528' title='bbox 2416 2475 2750 2525; x_wconf 85' lang='lat' dir='ltr'>fortitudine</span> <span class='ocrx_word' id='word_1_529' title='bbox 2766 2475 3047 2524; x_wconf 88' lang='lat' dir='ltr'>Dominus</span> <span class='ocrx_word' id='word_1_530' title='bbox 3070 2473 3349 2525; x_wconf 85' lang='lat' dir='ltr'>liberavit.</span> <span class='ocrx_word' id='word_1_531' title='bbox 3362 2476 3551 2525; x_wconf 87' lang='lat' dir='ltr'>Viucti</span> <span class='ocrx_word' id='word_1_532' title='bbox 3567 2475 3625 2525; x_wconf 91' lang='lat' dir='ltr'>in</span> <span class='ocrx_word' id='word_1_533' title='bbox 3640 2475 3877 2526; x_wconf 53' lang='lat' dir='ltr'>inferne</span> 
     </span>
    </p>
   </div>
   <div class='ocr_carea' id='block_1_70' title="bbox 2260 2546 3875 2609">
    <p class='ocr_par' dir='ltr' id='par_1_70' title="bbox 2260 2546 3875 2609">
     <span class='ocr_line' id='line_1_70' title="bbox 2260 2546 3875 2609; baseline -0.001 -10"><span class='ocrx_word' id='word_1_534' title='bbox 2260 2558 2315 2599; x_wconf 88' lang='lat' dir='ltr'>et</span> <span class='ocrx_word' id='word_1_535' title='bbox 2338 2549 2682 2599; x_wconf 72' lang='lat' dir='ltr'>Patriarchee</span> <span class='ocrx_word' id='word_1_536' title='bbox 2708 2551 2764 2596; x_wconf 90' lang='lat' dir='ltr'>et</span> <span class='ocrx_word' id='word_1_537' title='bbox 2794 2546 3091 2608; x_wconf 67' lang='lat' dir='ltr'>Prophetaa</span> <span class='ocrx_word' id='word_1_538' title='bbox 3115 2546 3537 2609; x_wconf 84' lang='lat' dir='ltr'>detinebantur,</span> <span class='ocrx_word' id='word_1_539' title='bbox 3568 2558 3716 2609; x_wconf 89' lang='lat' dir='ltr'>quos</span> <span class='ocrx_word' id='word_1_540' title='bbox 3741 2558 3875 2598; x_wconf 48' lang='lat' dir='ltr'>man</span> 
     </span>
    </p>
   </div>
   <div class='ocr_carea' id='block_1_71' title="bbox 2260 2617 3872 2684">
    <p class='ocr_par' dir='ltr' id='par_1_71' title="bbox 2260 2617 3872 2684">
     <span class='ocr_line' id='line_1_71' title="bbox 2260 2617 3872 2684; baseline -0.003 -14"><span class='ocrx_word' id='word_1_541' title='bbox 2260 2632 2375 2684; x_wconf 81' lang='lat' dir='ltr'>gna</span> <span class='ocrx_word' id='word_1_542' title='bbox 2406 2632 2595 2669; x_wconf 90' lang='lat' dir='ltr'>secum</span> <span class='ocrx_word' id='word_1_543' title='bbox 2618 2618 2827 2668; x_wconf 89' lang='lat' dir='ltr'>virtute</span> <span class='ocrx_word' id='word_1_544' title='bbox 2844 2617 3060 2667; x_wconf 80' lang='lat' dir='ltr'>eduxit.</span> <span class='ocrx_word' id='word_1_545' title='bbox 3080 2618 3321 2668; x_wconf 89' lang='lat' dir='ltr'>Vinctus</span> <span class='ocrx_word' id='word_1_546' title='bbox 3341 2622 3460 2668; x_wconf 89' lang='lat' dir='ltr'>erat</span> <span class='ocrx_word' id='word_1_547' title='bbox 3480 2620 3698 2681; x_wconf 87' lang='lat' dir='ltr'>Petrus,</span> <span class='ocrx_word' id='word_1_548' title='bbox 3715 2634 3872 2679; x_wconf 79' lang='lat' dir='ltr'>queui</span> 
     </span>
    </p>
   </div>
   <div class='ocr_carea' id='block_1_72' title="bbox 2259 2688 3875 2752">
    <p class='ocr_par' dir='ltr' id='par_1_72' title="bbox 2259 2688 3875 2752">
     <span class='ocr_line' id='line_1_72' title="bbox 2259 2688 3875 2752; baseline -0.001 -9"><span class='ocrx_word' id='word_1_549' title='bbox 2259 2706 2333 2743; x_wconf 88' lang='lat' dir='ltr'>ex</span> <span class='ocrx_word' id='word_1_550' title='bbox 2380 2691 2624 2743; x_wconf 83' lang='lat' dir='ltr'>Herodis</span> <span class='ocrx_word' id='word_1_551' title='bbox 2657 2689 2982 2740; x_wconf 89' lang='lat' dir='ltr'>carceribus</span> <span class='ocrx_word' id='word_1_552' title='bbox 3007 2692 3259 2740; x_wconf 81' lang='lat' dir='ltr'>extraxit</span> <span class='ocrx_word' id='word_1_553' title='bbox 3284 2691 3415 2750; x_wconf 81' lang='lat' dir='ltr'>(Act.</span> <span class='ocrx_word' id='word_1_554' title='bbox 3443 2688 3508 2743; x_wconf 74' lang='lat'>12</span> <span class='ocrx_word' id='word_1_555' title='bbox 3534 2693 3568 2752; x_wconf 93' lang='lat'>).</span> <span class='ocrx_word' id='word_1_556' title='bbox 3601 2691 3787 2741; x_wconf 89' lang='lat' dir='ltr'>Solvit</span> <span class='ocrx_word' id='word_1_557' title='bbox 3815 2698 3875 2742; x_wconf 91' lang='lat' dir='ltr'>et</span> 
     </span>
    </p>
   </div>
   <div class='ocr_carea' id='block_1_73' title="bbox 2258 2761 3876 2828">
    <p class='ocr_par' dir='ltr' id='par_1_73' title="bbox 2258 2761 3876 2828">
     <span class='ocr_line' id='line_1_73' title="bbox 2258 2761 3876 2828; baseline -0.002 -15"><span class='ocrx_word' id='word_1_558' title='bbox 2258 2765 2458 2828; x_wconf 82' lang='lat' dir='ltr'>gravia</span> <span class='ocrx_word' id='word_1_559' title='bbox 2478 2761 2705 2813; x_wconf 89' lang='lat' dir='ltr'>vincula</span> <span class='ocrx_word' id='word_1_560' title='bbox 2716 2766 3081 2823; x_wconf 78' lang='lat' dir='ltr'>peccatorum</span> <span class='ocrx_word' id='word_1_561' title='bbox 3096 2761 3307 2823; x_wconf 90' lang='lat' dir='ltr'>quibus</span> <span class='ocrx_word' id='word_1_562' title='bbox 3322 2761 3789 2825; x_wconf 81' lang='lat' dir='ltr'>impediebantur</span> <span class='ocrx_word' id='word_1_563' title='bbox 3806 2777 3876 2810; x_wconf 87' lang='lat' dir='ltr'>ne</span> 
     </span>
    </p>
   </div>
   <div class='ocr_carea' id='block_1_74' title="bbox 2256 2832 3876 2896">
    <p class='ocr_par' dir='ltr' id='par_1_74' title="bbox 2256 2832 3876 2896">
     <span class='ocr_line' id='line_1_74' title="bbox 2256 2832 3876 2896; baseline -0.003 -10"><span class='ocrx_word' id='word_1_564' title='bbox 2256 2834 2617 2886; x_wconf 76' lang='lat' dir='ltr'>ambularent</span> <span class='ocrx_word' id='word_1_565' title='bbox 2644 2834 2705 2882; x_wconf 89' lang='lat' dir='ltr'>in</span> <span class='ocrx_word' id='word_1_566' title='bbox 2737 2832 2827 2881; x_wconf 88' lang='lat' dir='ltr'>via</span> <span class='ocrx_word' id='word_1_567' title='bbox 2864 2836 3300 2896; x_wconf 58' lang='lat' dir='ltr'>praceptorum.</span> <span class='ocrx_word' id='word_1_568' title='bbox 3339 2832 3603 2882; x_wconf 72' lang='lat' dir='ltr'>Similiter</span> <span class='ocrx_word' id='word_1_569' title='bbox 3638 2848 3724 2882; x_wconf 89' lang='lat' dir='ltr'>eos</span> <span class='ocrx_word' id='word_1_570' title='bbox 3770 2836 3876 2896; x_wconf 86' lang='lat' dir='ltr'>qui</span> 
     </span>
    </p>
   </div>
   <div class='ocr_carea' id='block_1_75' title="bbox 2256 2903 3871 2971">
    <p class='ocr_par' dir='ltr' id='par_1_75' title="bbox 2256 2903 3871 2971">
     <span class='ocr_line' id='line_1_75' title="bbox 2256 2903 3871 2971; baseline 0 -16"><span class='ocrx_word' id='word_1_571' title='bbox 2256 2910 2603 2971; x_wconf 63' lang='lat' dir='ltr'>exasperant,</span> <span class='ocrx_word' id='word_1_572' title='bbox 2630 2903 2796 2961; x_wconf 88' lang='lat' dir='ltr'>idest,</span> <span class='ocrx_word' id='word_1_573' title='bbox 2811 2904 2893 2953; x_wconf 88' lang='lat' dir='ltr'>ita</span> <span class='ocrx_word' id='word_1_574' title='bbox 2916 2903 3135 2954; x_wconf 83' lang='lat' dir='ltr'>fortiter</span> <span class='ocrx_word' id='word_1_575' title='bbox 3149 2910 3206 2955; x_wconf 93' lang='lat' dir='ltr'>et</span> <span class='ocrx_word' id='word_1_576' title='bbox 3218 2908 3478 2968; x_wconf 86' lang='lat' dir='ltr'>potenter</span> <span class='ocrx_word' id='word_1_577' title='bbox 3494 2904 3684 2955; x_wconf 91' lang='lat' dir='ltr'>educit</span> <span class='ocrx_word' id='word_1_578' title='bbox 3698 2904 3871 2969; x_wconf 89' lang='lat' dir='ltr'>alios,</span> 
     </span>
    </p>
   </div>
   <div class='ocr_carea' id='block_1_76' title="bbox 2258 2975 3870 3044">
    <p class='ocr_par' dir='ltr' id='par_1_76' title="bbox 2258 2975 3870 3044">
     <span class='ocr_line' id='line_1_76' title="bbox 2258 2975 3870 3044; baseline -0.001 -14"><span class='ocrx_word' id='word_1_579' title='bbox 2258 2981 2354 3044; x_wconf 90' lang='lat' dir='ltr'>qui</span> <span class='ocrx_word' id='word_1_580' title='bbox 2399 2975 2720 3028; x_wconf 90' lang='lat' dir='ltr'>resistendo</span> <span class='ocrx_word' id='word_1_581' title='bbox 2760 2975 3007 3037; x_wconf 63' lang='lat' dir='ltr'>justitiaa</span> <span class='ocrx_word' id='word_1_582' title='bbox 3044 2977 3228 3025; x_wconf 92' lang='lat' dir='ltr'>Deum</span> <span class='ocrx_word' id='word_1_583' title='bbox 3252 2976 3325 3026; x_wconf 84' lang='lat' dir='ltr'>ad</span> <span class='ocrx_word' id='word_1_584' title='bbox 3350 2976 3492 3025; x_wconf 91' lang='lat' dir='ltr'>iram</span> <span class='ocrx_word' id='word_1_585' title='bbox 3527 2984 3870 3039; x_wconf 80' lang='lat' dir='ltr'>provocant.</span> 
     </span>
    </p>
   </div>
   <div class='ocr_carea' id='block_1_77' title="bbox 2256 3046 3877 3111">
    <p class='ocr_par' dir='ltr' id='par_1_77' title="bbox 2256 3046 3877 3111">
     <span class='ocr_line' id='line_1_77' title="bbox 2256 3046 3877 3111; baseline 0 -12"><span class='ocrx_word' id='word_1_586' title='bbox 2256 3052 2361 3111; x_wconf 84' lang='lat' dir='ltr'>Qui</span> <span class='ocrx_word' id='word_1_587' title='bbox 2388 3050 2634 3097; x_wconf 83' lang='lat' dir='ltr'>habitant</span> <span class='ocrx_word' id='word_1_588' title='bbox 2653 3048 2710 3093; x_wconf 84' lang='lat' dir='ltr'>in</span> <span class='ocrx_word' id='word_1_589' title='bbox 2727 3048 3003 3109; x_wconf 83' lang='lat' dir='ltr'>sepulcris.</span> <span class='ocrx_word' id='word_1_590' title='bbox 3022 3046 3189 3110; x_wconf 90' lang='lat' dir='ltr'>idest,</span> <span class='ocrx_word' id='word_1_591' title='bbox 3206 3047 3579 3098; x_wconf 90' lang='lat' dir='ltr'>consentiunt</span> <span class='ocrx_word' id='word_1_592' title='bbox 3608 3047 3877 3109; x_wconf 42' lang='lat' dir='ltr'>voluptag</span> 
     </span>
    </p>
   </div>
   <div class='ocr_carea' id='block_1_78' title="bbox 2259 3116 3877 3196">
    <p class='ocr_par' dir='ltr' id='par_1_78' title="bbox 2259 3116 3877 3196">
     <span class='ocr_line' id='line_1_78' title="bbox 2259 3116 3877 3196; baseline -0.002 -23"><span class='ocrx_word' id='word_1_593' title='bbox 2259 3124 2414 3174; x_wconf 88' lang='lat' dir='ltr'>tibus</span> <span class='ocrx_word' id='word_1_594' title='bbox 2439 3120 2654 3196; x_wconf 67' lang='lat' dir='ltr'>carnis:</span> <span class='ocrx_word' id='word_1_595' title='bbox 2685 3116 2834 3185; x_wconf 74' lang='lat'>33]</span> <span class='ocrx_word' id='word_1_596' title='bbox 2867 3130 3001 3196; x_wconf 60' lang='lat' dir='ltr'>quae</span> <span class='ocrx_word' id='word_1_597' title='bbox 3022 3131 3153 3169; x_wconf 90' lang='lat' dir='ltr'>caro</span> <span class='ocrx_word' id='word_1_598' title='bbox 3182 3118 3613 3182; x_wconf 82' lang='lat' dir='ltr'>estsepulcrum</span> <span class='ocrx_word' id='word_1_599' title='bbox 3626 3118 3877 3196; x_wconf 39' lang='lat' dir='ltr'>annua,“i</span> 
     </span>
    </p>
   </div>
   <div class='ocr_carea' id='block_1_79' title="bbox 2260 3190 3802 3258">
    <p class='ocr_par' dir='ltr' id='par_1_79' title="bbox 2260 3190 3802 3258">
     <span class='ocr_line' id='line_1_79' title="bbox 2260 3190 3802 3258; baseline -0.001 -14"><span class='ocrx_word' id='word_1_600' title='bbox 2260 3194 2395 3258; x_wconf 90' lang='lat' dir='ltr'>quia</span> <span class='ocrx_word' id='word_1_601' title='bbox 2441 3192 2521 3243; x_wconf 92' lang='lat' dir='ltr'>ibi</span> <span class='ocrx_word' id='word_1_602' title='bbox 2565 3190 2759 3241; x_wconf 88' lang='lat' dir='ltr'>anima</span> <span class='ocrx_word' id='word_1_603' title='bbox 2808 3190 2964 3240; x_wconf 88' lang='lat' dir='ltr'>carni</span> <span class='ocrx_word' id='word_1_604' title='bbox 2998 3195 3368 3242; x_wconf 88' lang='lat' dir='ltr'>consentiens</span> <span class='ocrx_word' id='word_1_605' title='bbox 3398 3192 3691 3255; x_wconf 89' lang='lat' dir='ltr'>putrescit,</span> <span class='ocrx_word' id='word_1_606' title='bbox 3720 3193 3802 3242; x_wconf 88' lang='lat' dir='ltr'>sic</span> 
     </span>
    </p>
   </div>
   <div class='ocr_carea' id='block_1_80' title="bbox 2259 3260 3801 3327">
    <p class='ocr_par' dir='ltr' id='par_1_80' title="bbox 2259 3260 3801 3327">
     <span class='ocr_line' id='line_1_80' title="bbox 2259 3260 3801 3327; baseline -0.003 -12"><span class='ocrx_word' id='word_1_607' title='bbox 2259 3276 2389 3315; x_wconf 88' lang='lat' dir='ltr'>caro</span> <span class='ocrx_word' id='word_1_608' title='bbox 2414 3264 2474 3314; x_wconf 90' lang='lat' dir='ltr'>in</span> <span class='ocrx_word' id='word_1_609' title='bbox 2515 3260 2795 3325; x_wconf 88' lang='lat' dir='ltr'>sepulcro.</span> <span class='ocrx_word' id='word_1_610' title='bbox 2821 3260 2908 3311; x_wconf 90' lang='lat' dir='ltr'>Illi</span> <span class='ocrx_word' id='word_1_611' title='bbox 2933 3261 3040 3322; x_wconf 78' lang='lat' dir='ltr'>(Ea:</span> <span class='ocrx_word' id='word_1_612' title='bbox 3072 3263 3401 3326; x_wconf 82' lang='lat' dir='ltr'>Augustino)</span> <span class='ocrx_word' id='word_1_613' title='bbox 3425 3263 3732 3327; x_wconf 90' lang='lat' dir='ltr'>compediti</span> <span class='ocrx_word' id='word_1_614' title='bbox 3768 3264 3801 3312; x_wconf 68' lang='lat' dir='ltr'>ft</span> 
     </span>
    </p>
   </div>
   <div class='ocr_carea' id='block_1_81' title="bbox 556 3330 3801 3406">
    <p class='ocr_par' dir='ltr' id='par_1_81' title="bbox 556 3330 3801 3406">
     <span class='ocr_line' id='line_1_81' title="bbox 556 3330 3801 3406; baseline -0.003 -14"><span class='ocrx_word' id='word_1_615' title='bbox 556 3341 689 3392; x_wconf 90' lang='lat' dir='ltr'>ideo</span> <span class='ocrx_word' id='word_1_616' title='bbox 712 3338 957 3389; x_wconf 88' lang='lat' dir='ltr'>videnda</span> <span class='ocrx_word' id='word_1_617' title='bbox 989 3339 1126 3386; x_wconf 89' lang='lat' dir='ltr'>sunt</span> <span class='ocrx_word' id='word_1_618' title='bbox 1142 3334 1225 3406; x_wconf 85' lang='lat' dir='ltr'>ab</span> <span class='ocrx_word' id='word_1_619' title='bbox 1248 3332 1694 3406; x_wconf 78' lang='lat' dir='ltr'>hominibus,_ut</span> <span class='ocrx_word' id='word_1_620' title='bbox 1714 3330 2036 3406; x_wconf 78' lang='lat' dir='ltr'>glorificent</span> <span class='ocrx_word' id='word_1_621' title='bbox 2060 3334 2161 3406; x_wconf 71' lang='lat' dir='ltr'>Pa-</span> <span class='ocrx_word' id='word_1_622' title='bbox 2187 3331 2235 3406; x_wconf 72' lang='grc' dir='ltr'><strong>ρ</strong></span> <span class='ocrx_word' id='word_1_623' title='bbox 2263 3337 2433 3386; x_wconf 88' lang='lat' dir='ltr'>sitam</span> <span class='ocrx_word' id='word_1_624' title='bbox 2456 3334 2674 3395; x_wconf 89' lang='lat' dir='ltr'>volunt,</span> <span class='ocrx_word' id='word_1_625' title='bbox 2710 3345 2817 3383; x_wconf 91' lang='lat' dir='ltr'>nec</span> <span class='ocrx_word' id='word_1_626' title='bbox 2842 3332 3137 3406; x_wconf 89' lang='lat' dir='ltr'>ambulare</span> <span class='ocrx_word' id='word_1_627' title='bbox 3162 3340 3407 3398; x_wconf 88' lang='lat' dir='ltr'>possunt</span> <span class='ocrx_word' id='word_1_628' title='bbox 3426 3348 3441 3397; x_wconf 89' lang='lat'><strong>;</strong></span> <span class='ocrx_word' id='word_1_629' title='bbox 3457 3337 3754 3397; x_wconf 88' lang='lat' dir='ltr'>Deumque</span> <span class='ocrx_word' id='word_1_630' title='bbox 3779 3348 3801 3382; x_wconf 71' lang='grc' dir='ltr'><strong>ί</strong></span> 
     </span>
    </p>
   </div>
   <div class='ocr_carea' id='block_1_82' title="bbox 560 3402 2160 3468">
    <p class='ocr_par' dir='ltr' id='par_1_82' title="bbox 560 3402 2160 3468">
     <span class='ocr_line' id='line_1_82' title="bbox 560 3402 2160 3468; baseline -0.005 -6"><span class='ocrx_word' id='word_1_631' title='bbox 560 3417 705 3463; x_wconf 87' lang='lat' dir='ltr'>trem</span> <span class='ocrx_word' id='word_1_632' title='bbox 728 3414 993 3460; x_wconf 85' lang='lat' dir='ltr'>nostrum</span> <span class='ocrx_word' id='word_1_633' title='bbox 1018 3406 1116 3468; x_wconf 89' lang='lat' dir='ltr'>qui</span> <span class='ocrx_word' id='word_1_634' title='bbox 1138 3404 1197 3454; x_wconf 91' lang='lat' dir='ltr'>in</span> <span class='ocrx_word' id='word_1_635' title='bbox 1226 3403 1384 3454; x_wconf 62' lang='lat' dir='ltr'>caelis</span> <span class='ocrx_word' id='word_1_636' title='bbox 1421 3407 1511 3453; x_wconf 90' lang='lat' dir='ltr'>est</span> <span class='ocrx_word' id='word_1_637' title='bbox 1548 3402 1763 3464; x_wconf 85' lang='lat' dir='ltr'>(Matth.</span> <span class='ocrx_word' id='word_1_638' title='bbox 1805 3402 1921 3464; x_wconf 82' lang='lat'>6.):</span> <span class='ocrx_word' id='word_1_639' title='bbox 1956 3404 2160 3454; x_wconf 87' lang='lat' dir='ltr'>merito</span> 
     </span>
    </p>
   </div>
   <div class='ocr_carea' id='block_1_83' title="bbox 559 3472 2167 3538">
    <p class='ocr_par' dir='ltr' id='par_1_83' title="bbox 559 3472 2167 3538">
     <span class='ocr_line' id='line_1_83' title="bbox 559 3472 2167 3538; baseline -0.005 -4"><span class='ocrx_word' id='word_1_640' title='bbox 559 3483 780 3534; x_wconf 91' lang='lat' dir='ltr'>dictum</span> <span class='ocrx_word' id='word_1_641' title='bbox 804 3481 900 3530; x_wconf 88' lang='lat' dir='ltr'>sit:</span> <span class='ocrx_word' id='word_1_642' title='bbox 930 3477 1158 3528; x_wconf 87' lang='lat' dir='ltr'>Psallite</span> <span class='ocrx_word' id='word_1_643' title='bbox 1170 3474 1413 3537; x_wconf 88' lang='lat' dir='ltr'>nomini,</span> <span class='ocrx_word' id='word_1_644' title='bbox 1436 3473 1606 3535; x_wconf 90' lang='lat' dir='ltr'>idest,</span> <span class='ocrx_word' id='word_1_645' title='bbox 1623 3472 2002 3524; x_wconf 79' lang='lat' dir='ltr'>diil&#39;amationi</span> <span class='ocrx_word' id='word_1_646' title='bbox 2018 3475 2167 3538; x_wconf 91' lang='lat' dir='ltr'>ejus,</span> 
     </span>
    </p>
   </div>
   <div class='ocr_carea' id='block_1_84' title="bbox 562 3545 2167 3606">
    <p class='ocr_par' dir='ltr' id='par_1_84' title="bbox 562 3545 2167 3606">
     <span class='ocr_line' id='line_1_84' title="bbox 562 3545 2167 3606; baseline -0.005 -1"><span class='ocrx_word' id='word_1_647' title='bbox 562 3558 627 3606; x_wconf 89' lang='lat' dir='ltr'>ut</span> <span class='ocrx_word' id='word_1_648' title='bbox 648 3550 1009 3603; x_wconf 89' lang='lat' dir='ltr'>laudabiliter</span> <span class='ocrx_word' id='word_1_649' title='bbox 1031 3545 1381 3598; x_wconf 91' lang='lat' dir='ltr'>nominetur.</span> <span class='ocrx_word' id='word_1_650' title='bbox 1399 3546 1605 3596; x_wconf 86' lang='lat' dir='ltr'>Cantat</span> <span class='ocrx_word' id='word_1_651' title='bbox 1624 3546 1740 3595; x_wconf 92' lang='lat' dir='ltr'>Deo</span> <span class='ocrx_word' id='word_1_652' title='bbox 1758 3545 1857 3606; x_wconf 88' lang='lat' dir='ltr'>qui</span> <span class='ocrx_word' id='word_1_653' title='bbox 1873 3546 2167 3606; x_wconf 88' lang='lat' dir='ltr'>vivitDeo,</span> 
     </span>
    </p>
   </div>
   <div class='ocr_carea' id='block_1_85' title="bbox 564 3616 2165 3681">
    <p class='ocr_par' dir='ltr' id='par_1_85' title="bbox 564 3616 2165 3681">
     <span class='ocr_line' id='line_1_85' title="bbox 564 3616 2165 3681; baseline -0.004 -6"><span class='ocrx_word' id='word_1_654' title='bbox 564 3623 761 3675; x_wconf 88' lang='lat' dir='ltr'>Psallit</span> <span class='ocrx_word' id='word_1_655' title='bbox 804 3620 1025 3671; x_wconf 88' lang='lat' dir='ltr'>nomini</span> <span class='ocrx_word' id='word_1_656' title='bbox 1067 3620 1213 3681; x_wconf 88' lang='lat' dir='ltr'>ejus,</span> <span class='ocrx_word' id='word_1_657' title='bbox 1250 3616 1350 3680; x_wconf 91' lang='lat' dir='ltr'>qui</span> <span class='ocrx_word' id='word_1_658' title='bbox 1380 3619 1644 3681; x_wconf 88' lang='lat' dir='ltr'>operatur</span> <span class='ocrx_word' id='word_1_659' title='bbox 1666 3616 1728 3665; x_wconf 92' lang='lat' dir='ltr'>in</span> <span class='ocrx_word' id='word_1_660' title='bbox 1751 3618 1993 3679; x_wconf 85' lang='lat' dir='ltr'>gloriam</span> <span class='ocrx_word' id='word_1_661' title='bbox 2019 3619 2165 3680; x_wconf 88' lang='lat' dir='ltr'>ejus.</span> 
     </span>
    </p>
   </div>
   <div class='ocr_carea' id='block_1_86' title="bbox 564 3686 2167 3753">
    <p class='ocr_par' dir='ltr' id='par_1_86' title="bbox 564 3686 2167 3753">
     <span class='ocr_line' id='line_1_86' title="bbox 564 3686 2167 3753; baseline -0.004 -6"><span class='ocrx_word' id='word_1_662' title='bbox 564 3699 649 3747; x_wconf 86' lang='lat' dir='ltr'>Ita</span> <span class='ocrx_word' id='word_1_663' title='bbox 672 3698 900 3745; x_wconf 88' lang='lat' dir='ltr'>cantate</span> <span class='ocrx_word' id='word_1_664' title='bbox 927 3694 1041 3741; x_wconf 89' lang='lat' dir='ltr'>Deo</span> <span class='ocrx_word' id='word_1_665' title='bbox 1062 3704 1074 3740; x_wconf 92' lang='lat'>:</span> <span class='ocrx_word' id='word_1_666' title='bbox 1098 3691 1178 3740; x_wconf 87' lang='lat' dir='ltr'>ita</span> <span class='ocrx_word' id='word_1_667' title='bbox 1203 3687 1428 3752; x_wconf 90' lang='lat' dir='ltr'>psallite</span> <span class='ocrx_word' id='word_1_668' title='bbox 1446 3690 1581 3749; x_wconf 90' lang='lat' dir='ltr'>Deo,</span> <span class='ocrx_word' id='word_1_669' title='bbox 1606 3686 1780 3750; x_wconf 89' lang='lat' dir='ltr'>idest,</span> <span class='ocrx_word' id='word_1_670' title='bbox 1805 3688 1886 3738; x_wconf 91' lang='lat' dir='ltr'>sic</span> <span class='ocrx_word' id='word_1_671' title='bbox 1904 3688 2167 3753; x_wconf 88' lang='lat' dir='ltr'>vivendo,</span> 
     </span>
    </p>
   </div>
   <div class='ocr_carea' id='block_1_87' title="bbox 565 3758 2171 3829">
    <p class='ocr_par' dir='ltr' id='par_1_87' title="bbox 565 3758 2171 3829">
     <span class='ocr_line' id='line_1_87' title="bbox 565 3758 2171 3829; baseline -0.004 -12"><span class='ocrx_word' id='word_1_672' title='bbox 565 3769 649 3817; x_wconf 91' lang='lat' dir='ltr'>sic</span> <span class='ocrx_word' id='word_1_673' title='bbox 692 3763 997 3829; x_wconf 84' lang='lat' dir='ltr'>operando.</span> <span class='ocrx_word' id='word_1_674' title='bbox 1034 3763 1103 3812; x_wconf 87' lang='lat' dir='ltr'>Et</span> <span class='ocrx_word' id='word_1_675' title='bbox 1150 3764 1325 3811; x_wconf 90' lang='lat' dir='ltr'>etiam</span> <span class='ocrx_word' id='word_1_676' title='bbox 1366 3761 1464 3808; x_wconf 80' lang='lat' dir='ltr'>iter</span> <span class='ocrx_word' id='word_1_677' title='bbox 1491 3758 1651 3821; x_wconf 81' lang='lat' dir='ltr'>facile</span> <span class='ocrx_word' id='word_1_678' title='bbox 1698 3759 1765 3824; x_wconf 87' lang='lat' dir='ltr'>ei,</span> <span class='ocrx_word' id='word_1_679' title='bbox 1788 3758 1957 3823; x_wconf 91' lang='lat' dir='ltr'>idest,</span> <span class='ocrx_word' id='word_1_680' title='bbox 1998 3759 2171 3811; x_wconf 87' lang='lat' dir='ltr'>corda</span> 
     </span>
    </p>
   </div>
   <div class='ocr_carea' id='block_1_88' title="bbox 564 3829 2169 3897">
    <p class='ocr_par' dir='ltr' id='par_1_88' title="bbox 564 3829 2169 3897">
     <span class='ocr_line' id='line_1_88' title="bbox 564 3829 2169 3897; baseline -0.006 -7"><span class='ocrx_word' id='word_1_681' title='bbox 564 3838 893 3890; x_wconf 89' lang='lat' dir='ltr'>auditorum</span> <span class='ocrx_word' id='word_1_682' title='bbox 938 3831 1305 3897; x_wconf 71' lang='lat' dir='ltr'>praedicando</span> <span class='ocrx_word' id='word_1_683' title='bbox 1348 3830 1399 3881; x_wconf 89' lang='lat' dir='ltr'>ei</span> <span class='ocrx_word' id='word_1_684' title='bbox 1434 3829 1665 3893; x_wconf 89' lang='lat' dir='ltr'>aperite.</span> <span class='ocrx_word' id='word_1_685' title='bbox 1695 3830 1819 3890; x_wconf 86' lang='lat' dir='ltr'>Qui,</span> <span class='ocrx_word' id='word_1_686' title='bbox 1845 3829 2015 3889; x_wconf 88' lang='lat' dir='ltr'>idest,</span> <span class='ocrx_word' id='word_1_687' title='bbox 2045 3831 2169 3895; x_wconf 91' lang='lat' dir='ltr'>ipse</span> 
     </span>
    </p>
   </div>
   <div class='ocr_carea' id='block_1_89' title="bbox 567 3901 2174 3970">
    <p class='ocr_par' dir='ltr' id='par_1_89' title="bbox 567 3901 2174 3970">
     <span class='ocr_line' id='line_1_89' title="bbox 567 3901 2174 3970; baseline -0.004 -9"><span class='ocrx_word' id='word_1_688' title='bbox 567 3910 659 3961; x_wconf 87' lang='lat' dir='ltr'>cui</span> <span class='ocrx_word' id='word_1_689' title='bbox 684 3911 835 3961; x_wconf 86' lang='lat' dir='ltr'>viam</span> <span class='ocrx_word' id='word_1_690' title='bbox 862 3917 1061 3970; x_wconf 85' lang='lat' dir='ltr'>parare</span> <span class='ocrx_word' id='word_1_691' title='bbox 1086 3903 1327 3963; x_wconf 84' lang='lat' dir='ltr'>debetis,</span> <span class='ocrx_word' id='word_1_692' title='bbox 1346 3901 1598 3951; x_wconf 78' lang='lat' dir='ltr'>Ascendit</span> <span class='ocrx_word' id='word_1_693' title='bbox 1616 3916 1776 3965; x_wconf 83' lang='lat' dir='ltr'>super</span> <span class='ocrx_word' id='word_1_694' title='bbox 1794 3917 2058 3954; x_wconf 78' lang='lat' dir='ltr'>occasum.</span> <span class='ocrx_word' id='word_1_695' title='bbox 2084 3904 2174 3954; x_wconf 82' lang='lat' dir='ltr'>Vi-</span> 
     </span>
    </p>
   </div>
   <div class='ocr_carea' id='block_1_90' title="bbox 566 3973 2168 4048">
    <p class='ocr_par' dir='ltr' id='par_1_90' title="bbox 566 3973 2168 4048">
     <span class='ocr_line' id='line_1_90' title="bbox 566 3973 2168 4048; baseline -0.005 -15"><span class='ocrx_word' id='word_1_696' title='bbox 566 3984 645 4033; x_wconf 92' lang='lat' dir='ltr'>cit</span> <span class='ocrx_word' id='word_1_697' title='bbox 669 3977 1138 4048; x_wconf 80' lang='lat' dir='ltr'>330‘mortem,</span> <span class='ocrx_word' id='word_1_698' title='bbox 1180 3978 1333 4048; x_wconf 77' lang='lat' dir='ltr'>sicut</span> <span class='ocrx_word' id='word_1_699' title='bbox 1360 3973 1823 4048; x_wconf 75' lang='lat' dir='ltr'>perprophetam</span> <span class='ocrx_word' id='word_1_700' title='bbox 1846 3987 2018 4048; x_wconf 81' lang='lat' dir='ltr'>suum</span> <span class='ocrx_word' id='word_1_701' title='bbox 2043 3975 2168 4048; x_wconf 0' lang='lat' dir='ltr'>ait):</span> 
     </span>
    </p>
   </div>
   <div class='ocr_carea' id='block_1_91' title="bbox 567 4043 2167 4111">
    <p class='ocr_par' dir='ltr' id='par_1_91' title="bbox 567 4043 2167 4111">
     <span class='ocr_line' id='line_1_91' title="bbox 567 4043 2167 4111; baseline -0.008 -5"><span class='ocrx_word' id='word_1_702' title='bbox 567 4043 856 4105; x_wconf 56' lang='lat' dir='ltr'>Ero&#39;m&#39;ors</span> <span class='ocrx_word' id='word_1_703' title='bbox 878 4057 995 4111; x_wconf 92' lang='lat' dir='ltr'>tua,</span> <span class='ocrx_word' id='word_1_704' title='bbox 1018 4061 1052 4099; x_wconf 93' lang='grc' dir='ltr'>ο</span> <span class='ocrx_word' id='word_1_705' title='bbox 1083 4059 1240 4098; x_wconf 90' lang='lat' dir='ltr'>mors</span> <span class='ocrx_word' id='word_1_706' title='bbox 1265 4045 1394 4111; x_wconf 88' lang='lat' dir='ltr'>(Osc.</span> <span class='ocrx_word' id='word_1_707' title='bbox 1416 4044 1515 4103; x_wconf 80' lang='lat' dir='ltr'>l3;</span> <span class='ocrx_word' id='word_1_708' title='bbox 1548 4044 1670 4094; x_wconf 85' lang='lat' dir='ltr'>Cor.</span> <span class='ocrx_word' id='word_1_709' title='bbox 1697 4043 1865 4105; x_wconf 86' lang='grc'>15.1;</span> <span class='ocrx_word' id='word_1_710' title='bbox 1896 4046 2053 4095; x_wconf 82' lang='lat' dir='ltr'>Hebr.</span> <span class='ocrx_word' id='word_1_711' title='bbox 2079 4044 2112 4099; x_wconf 68' lang='lat'><strong>2</strong></span> <span class='ocrx_word' id='word_1_712' title='bbox 2137 4046 2167 4109; x_wconf 91' lang='lat'>).</span> 
     </span>
    </p>
   </div>
   <div class='ocr_carea' id='block_1_92' title="bbox 567 4118 2174 4188">
    <p class='ocr_par' dir='ltr' id='par_1_92' title="bbox 567 4118 2174 4188">
     <span class='ocr_line' id='line_1_92' title="bbox 567 4118 2174 4188; baseline -0.004 -14"><span class='ocrx_word' id='word_1_713' title='bbox 567 4127 675 4175; x_wconf 88' lang='lat' dir='ltr'>lter</span> <span class='ocrx_word' id='word_1_714' title='bbox 702 4124 861 4188; x_wconf 79' lang='lat' dir='ltr'>facile</span> <span class='ocrx_word' id='word_1_715' title='bbox 889 4122 1114 4172; x_wconf 87' lang='lat' dir='ltr'>Christo</span> <span class='ocrx_word' id='word_1_716' title='bbox 1161 4118 1267 4182; x_wconf 74' lang='lat' dir='ltr'>(Eas</span> <span class='ocrx_word' id='word_1_717' title='bbox 1310 4118 1494 4181; x_wconf 81' lang='lat' dir='ltr'>Aug.),</span> <span class='ocrx_word' id='word_1_718' title='bbox 1528 4121 1595 4166; x_wconf 92' lang='lat' dir='ltr'>ut</span> <span class='ocrx_word' id='word_1_719' title='bbox 1634 4128 1735 4181; x_wconf 88' lang='lat' dir='ltr'>per</span> <span class='ocrx_word' id='word_1_720' title='bbox 1758 4119 2052 4179; x_wconf 90' lang='lat' dir='ltr'>speciosos</span> <span class='ocrx_word' id='word_1_721' title='bbox 2084 4131 2174 4182; x_wconf 89' lang='lat' dir='ltr'>pe-</span> 
     </span>
    </p>
   </div>
   <div class='ocr_carea' id='block_1_93' title="bbox 571 4188 2171 4259">
    <p class='ocr_par' dir='ltr' id='par_1_93' title="bbox 571 4188 2171 4259">
     <span class='ocr_line' id='line_1_93' title="bbox 571 4188 2171 4259; baseline -0.006 -9"><span class='ocrx_word' id='word_1_722' title='bbox 571 4198 675 4250; x_wconf 91' lang='lat' dir='ltr'>des</span> <span class='ocrx_word' id='word_1_723' title='bbox 708 4193 1254 4259; x_wconf 85' lang='lat' dir='ltr'>evangelizantium,</span> <span class='ocrx_word' id='word_1_724' title='bbox 1292 4189 1489 4253; x_wconf 86' lang='lat' dir='ltr'>pervia</span> <span class='ocrx_word' id='word_1_725' title='bbox 1512 4188 1629 4240; x_wconf 90' lang='lat' dir='ltr'>sint</span> <span class='ocrx_word' id='word_1_726' title='bbox 1662 4188 1714 4240; x_wconf 91' lang='lat' dir='ltr'>ei</span> <span class='ocrx_word' id='word_1_727' title='bbox 1739 4188 1911 4240; x_wconf 90' lang='lat' dir='ltr'>corda</span> <span class='ocrx_word' id='word_1_728' title='bbox 1933 4189 2171 4241; x_wconf 86' lang='lat' dir='ltr'>creden-</span> 
     </span>
    </p>
   </div>
   <div class='ocr_carea' id='block_1_94' title="bbox 572 4261 2175 4331">
    <p class='ocr_par' dir='ltr' id='par_1_94' title="bbox 572 4261 2175 4331">
     <span class='ocr_line' id='line_1_94' title="bbox 572 4261 2175 4331; baseline -0.005 -10"><span class='ocrx_word' id='word_1_729' title='bbox 572 4271 735 4321; x_wconf 87' lang='lat' dir='ltr'>tium.</span> <span class='ocrx_word' id='word_1_730' title='bbox 772 4269 898 4331; x_wconf 87' lang='lat' dir='ltr'>Ipse</span> <span class='ocrx_word' id='word_1_731' title='bbox 934 4268 1088 4316; x_wconf 89' lang='lat' dir='ltr'>enim</span> <span class='ocrx_word' id='word_1_732' title='bbox 1119 4261 1383 4314; x_wconf 87' lang='lat' dir='ltr'>ascendit</span> <span class='ocrx_word' id='word_1_733' title='bbox 1418 4272 1592 4331; x_wconf 87' lang='lat' dir='ltr'>super</span> <span class='ocrx_word' id='word_1_734' title='bbox 1611 4272 1900 4324; x_wconf 90' lang='lat' dir='ltr'>occasum,</span> <span class='ocrx_word' id='word_1_735' title='bbox 1926 4275 2060 4312; x_wconf 90' lang='lat' dir='ltr'>cum</span> <span class='ocrx_word' id='word_1_736' title='bbox 2084 4275 2175 4314; x_wconf 88' lang='lat' dir='ltr'>re-</span> 
     </span>
    </p>
   </div>
   <div class='ocr_carea' id='block_1_95' title="bbox 572 4330 2176 4406">
    <p class='ocr_par' dir='ltr' id='par_1_95' title="bbox 572 4330 2176 4406">
     <span class='ocr_line' id='line_1_95' title="bbox 572 4330 2176 4406; baseline -0.006 -13"><span class='ocrx_word' id='word_1_737' title='bbox 572 4330 865 4406; x_wconf 87' lang='lat' dir='ltr'>surgendo</span> <span class='ocrx_word' id='word_1_738' title='bbox 887 4338 1021 4389; x_wconf 90' lang='lat' dir='ltr'>vicit</span> <span class='ocrx_word' id='word_1_739' title='bbox 1035 4334 1289 4406; x_wconf 90' lang='lat' dir='ltr'>corporis</span> <span class='ocrx_word' id='word_1_740' title='bbox 1305 4343 1528 4406; x_wconf 82' lang='lat' dir='ltr'>casum.</span> <span class='ocrx_word' id='word_1_741' title='bbox 1552 4330 1642 4406; x_wconf 12' lang='lat' dir='ltr'>_Iilli</span> <span class='ocrx_word' id='word_1_742' title='bbox 1664 4332 1836 4406; x_wconf 85' lang='lat' dir='ltr'>etiam</span> <span class='ocrx_word' id='word_1_743' title='bbox 1851 4333 1960 4383; x_wconf 88' lang='lat' dir='ltr'>iter</span> <span class='ocrx_word' id='word_1_744' title='bbox 1984 4335 2176 4383; x_wconf 85' lang='lat' dir='ltr'>faciunt</span> 
     </span>
    </p>
   </div>
   <div class='ocr_carea' id='block_1_96' title="bbox 574 4403 2172 4475">
    <p class='ocr_par' dir='ltr' id='par_1_96' title="bbox 574 4403 2172 4475">
     <span class='ocr_line' id='line_1_96' title="bbox 574 4403 2172 4475; baseline -0.008 -9"><span class='ocrx_word' id='word_1_745' title='bbox 574 4403 820 4475; x_wconf 75' lang='lat' dir='ltr'>Christo,</span> <span class='ocrx_word' id='word_1_746' title='bbox 850 4410 948 4474; x_wconf 89' lang='lat' dir='ltr'>qui</span> <span class='ocrx_word' id='word_1_747' title='bbox 971 4421 1006 4460; x_wconf 88' lang='lat' dir='ltr'>a</span> <span class='ocrx_word' id='word_1_748' title='bbox 1026 4405 1214 4472; x_wconf 86' lang='lat' dir='ltr'>pravis</span> <span class='ocrx_word' id='word_1_749' title='bbox 1231 4403 1679 4468; x_wconf 84' lang='lat' dir='ltr'>cogitationibus</span> <span class='ocrx_word' id='word_1_750' title='bbox 1692 4404 1880 4464; x_wconf 89' lang='lat' dir='ltr'>corda,</span> <span class='ocrx_word' id='word_1_751' title='bbox 1905 4407 2172 4466; x_wconf 79' lang='lat' dir='ltr'>mandant,</span> 
     </span>
    </p>
   </div>
   <div class='ocr_carea' id='block_1_97' title="bbox 574 4476 2173 4539">
    <p class='ocr_par' dir='ltr' id='par_1_97' title="bbox 574 4476 2173 4539">
     <span class='ocr_line' id='line_1_97' title="bbox 574 4476 2173 4539; baseline -0.006 0"><span class='ocrx_word' id='word_1_752' title='bbox 574 4492 631 4539; x_wconf 91' lang='lat' dir='ltr'>et</span> <span class='ocrx_word' id='word_1_753' title='bbox 652 4498 720 4538; x_wconf 88' lang='lat' dir='ltr'>ea</span> <span class='ocrx_word' id='word_1_754' title='bbox 742 4484 855 4536; x_wconf 85' lang='lat' dir='ltr'>fide</span> <span class='ocrx_word' id='word_1_755' title='bbox 879 4486 938 4535; x_wconf 90' lang='lat' dir='ltr'>et</span> <span class='ocrx_word' id='word_1_756' title='bbox 957 4480 1123 4533; x_wconf 90' lang='lat' dir='ltr'>bonis</span> <span class='ocrx_word' id='word_1_757' title='bbox 1137 4477 1394 4529; x_wconf 91' lang='lat' dir='ltr'>moribus</span> <span class='ocrx_word' id='word_1_758' title='bbox 1414 4481 1587 4539; x_wconf 88' lang='lat' dir='ltr'>atque</span> <span class='ocrx_word' id='word_1_759' title='bbox 1609 4476 1925 4527; x_wconf 88' lang='lat' dir='ltr'>virtutibus</span> <span class='ocrx_word' id='word_1_760' title='bbox 1948 4483 2173 4529; x_wconf 88' lang='lat' dir='ltr'>ornant.</span> 
     </span>
    </p>
   </div>
   <div class='ocr_carea' id='block_1_98' title="bbox 575 4546 2174 4620">
    <p class='ocr_par' dir='ltr' id='par_1_98' title="bbox 575 4546 2174 4620">
     <span class='ocr_line' id='line_1_98' title="bbox 575 4546 2174 4620; baseline -0.007 -11"><span class='ocrx_word' id='word_1_761' title='bbox 575 4557 737 4620; x_wconf 91' lang='lat' dir='ltr'>Quod</span> <span class='ocrx_word' id='word_1_762' title='bbox 761 4557 860 4608; x_wconf 85' lang='lat' dir='ltr'>ubi</span> <span class='ocrx_word' id='word_1_763' title='bbox 882 4555 1095 4606; x_wconf 85' lang='lat' dir='ltr'>factum</span> <span class='ocrx_word' id='word_1_764' title='bbox 1114 4551 1222 4602; x_wconf 91' lang='lat' dir='ltr'>fuit</span> <span class='ocrx_word' id='word_1_765' title='bbox 1236 4550 1443 4600; x_wconf 89' lang='lat' dir='ltr'>domus</span> <span class='ocrx_word' id='word_1_766' title='bbox 1460 4546 1652 4611; x_wconf 90' lang='lat' dir='ltr'>pudici</span> <span class='ocrx_word' id='word_1_767' title='bbox 1675 4547 1919 4620; x_wconf 89' lang='lat' dir='ltr'>pectoris</span> <span class='ocrx_word' id='word_1_768' title='bbox 1938 4552 2174 4620; x_wconf 81' lang='lat' dir='ltr'>templum</span> 
     </span>
    </p>
   </div>
   <div class='ocr_carea' id='block_1_99' title="bbox 576 4619 2177 4692">
    <p class='ocr_par' dir='ltr' id='par_1_99' title="bbox 576 4619 2177 4692">
     <span class='ocr_line' id='line_1_99' title="bbox 576 4619 2177 4692; baseline -0.007 -11"><span class='ocrx_word' id='word_1_769' title='bbox 576 4619 810 4692; x_wconf 84' lang='lat' dir='ltr'>repente</span> <span class='ocrx_word' id='word_1_770' title='bbox 850 4626 915 4677; x_wconf 84' lang='lat' dir='ltr'>ﬁt</span> <span class='ocrx_word' id='word_1_771' title='bbox 956 4626 1078 4676; x_wconf 91' lang='lat' dir='ltr'>Dei.</span> <span class='ocrx_word' id='word_1_772' title='bbox 1106 4626 1176 4675; x_wconf 92' lang='lat' dir='ltr'>Et</span> <span class='ocrx_word' id='word_1_773' title='bbox 1211 4620 1435 4673; x_wconf 89' lang='lat' dir='ltr'>debetis</span> <span class='ocrx_word' id='word_1_774' title='bbox 1468 4621 1520 4671; x_wconf 93' lang='lat' dir='ltr'>ei</span> <span class='ocrx_word' id='word_1_775' title='bbox 1545 4620 1654 4671; x_wconf 86' lang='lat' dir='ltr'>iter</span> <span class='ocrx_word' id='word_1_776' title='bbox 1678 4619 1882 4692; x_wconf 84' lang='lat' dir='ltr'>facere,</span> <span class='ocrx_word' id='word_1_777' title='bbox 1907 4619 2045 4683; x_wconf 89' lang='lat' dir='ltr'>quia</span> <span class='ocrx_word' id='word_1_778' title='bbox 2067 4621 2177 4670; x_wconf 91' lang='lat' dir='ltr'>Do-</span> 
     </span>
    </p>
   </div>
   <div class='ocr_carea' id='block_1_100' title="bbox 578 4690 2169 4754">
    <p class='ocr_par' dir='ltr' id='par_1_100' title="bbox 578 4690 2169 4754">
     <span class='ocr_line' id='line_1_100' title="bbox 578 4690 2169 4754; baseline -0.004 -6"><span class='ocrx_word' id='word_1_779' title='bbox 578 4690 764 4748; x_wconf 80' lang='lat' dir='ltr'>minus</span> <span class='ocrx_word' id='word_1_780' title='bbox 790 4711 989 4747; x_wconf 77' lang='lat' dir='ltr'>nomen</span> <span class='ocrx_word' id='word_1_781' title='bbox 1017 4700 1107 4747; x_wconf 91' lang='lat' dir='ltr'>est</span> <span class='ocrx_word' id='word_1_782' title='bbox 1129 4693 1229 4743; x_wconf 89' lang='lat' dir='ltr'>illi.</span> <span class='ocrx_word' id='word_1_783' title='bbox 1255 4694 1378 4744; x_wconf 90' lang='lat' dir='ltr'>Hoc</span> <span class='ocrx_word' id='word_1_784' title='bbox 1396 4703 1609 4743; x_wconf 91' lang='lat' dir='ltr'>nomen</span> <span class='ocrx_word' id='word_1_785' title='bbox 1628 4690 1783 4754; x_wconf 88' lang='lat' dir='ltr'>quod</span> <span class='ocrx_word' id='word_1_786' title='bbox 1806 4695 1896 4742; x_wconf 91' lang='lat' dir='ltr'>est</span> <span class='ocrx_word' id='word_1_787' title='bbox 1912 4694 2169 4754; x_wconf 84' lang='lat' dir='ltr'>Dominus,</span> 
     </span>
    </p>
   </div>
   <div class='ocr_carea' id='block_1_101' title="bbox 578 4762 2169 4837">
    <p class='ocr_par' dir='ltr' id='par_1_101' title="bbox 578 4762 2169 4837">
     <span class='ocr_line' id='line_1_101' title="bbox 578 4762 2169 4837; baseline -0.003 -14"><span class='ocrx_word' id='word_1_788' title='bbox 578 4769 905 4837; x_wconf 87' lang='lat' dir='ltr'>specialiter</span> <span class='ocrx_word' id='word_1_789' title='bbox 926 4768 977 4820; x_wconf 91' lang='lat' dir='ltr'>ei</span> <span class='ocrx_word' id='word_1_790' title='bbox 999 4766 1261 4830; x_wconf 81' lang='lat' dir='ltr'>congruit</span> <span class='ocrx_word' id='word_1_791' title='bbox 1279 4781 1290 4812; x_wconf 90' lang='lat'>:</span> <span class='ocrx_word' id='word_1_792' title='bbox 1311 4764 1451 4830; x_wconf 87' lang='lat' dir='ltr'>quia</span> <span class='ocrx_word' id='word_1_793' title='bbox 1471 4764 1593 4828; x_wconf 88' lang='lat' dir='ltr'>ipse</span> <span class='ocrx_word' id='word_1_794' title='bbox 1609 4776 1709 4827; x_wconf 91' lang='lat' dir='ltr'>per</span> <span class='ocrx_word' id='word_1_795' title='bbox 1733 4775 1795 4813; x_wconf 92' lang='lat' dir='ltr'>se</span> <span class='ocrx_word' id='word_1_796' title='bbox 1810 4762 2169 4817; x_wconf 89' lang='lat' dir='ltr'>dominatur:</span> 
     </span>
    </p>
   </div>
   <div class='ocr_carea' id='block_1_102' title="bbox 578 4837 2173 4907">
    <p class='ocr_par' dir='ltr' id='par_1_102' title="bbox 578 4837 2173 4907">
     <span class='ocr_line' id='line_1_102' title="bbox 578 4837 2173 4907; baseline -0.004 -10"><span class='ocrx_word' id='word_1_797' title='bbox 578 4848 637 4898; x_wconf 91' lang='lat' dir='ltr'>et</span> <span class='ocrx_word' id='word_1_798' title='bbox 668 4856 840 4896; x_wconf 87' lang='lat' dir='ltr'>nemo</span> <span class='ocrx_word' id='word_1_799' title='bbox 870 4847 1060 4907; x_wconf 88' lang='lat' dir='ltr'>potest</span> <span class='ocrx_word' id='word_1_800' title='bbox 1082 4840 1381 4902; x_wconf 89' lang='lat' dir='ltr'>dominari,</span> <span class='ocrx_word' id='word_1_801' title='bbox 1423 4839 1536 4889; x_wconf 87' lang='lat' dir='ltr'>nisi</span> <span class='ocrx_word' id='word_1_802' title='bbox 1581 4849 1681 4902; x_wconf 88' lang='lat' dir='ltr'>per</span> <span class='ocrx_word' id='word_1_803' title='bbox 1703 4837 1912 4902; x_wconf 91' lang='lat' dir='ltr'>ipsum.</span> <span class='ocrx_word' id='word_1_804' title='bbox 1938 4838 2009 4889; x_wconf 88' lang='lat' dir='ltr'>Et</span> <span class='ocrx_word' id='word_1_805' title='bbox 2038 4839 2173 4901; x_wconf 89' lang='lat' dir='ltr'>quia</span> 
     </span>
    </p>
   </div>
   <div class='ocr_carea' id='block_1_103' title="bbox 579 4910 2173 4983">
    <p class='ocr_par' dir='ltr' id='par_1_103' title="bbox 579 4910 2173 4983">
     <span class='ocr_line' id='line_1_103' title="bbox 579 4910 2173 4983; baseline -0.004 -13"><span class='ocrx_word' id='word_1_806' title='bbox 579 4929 727 4983; x_wconf 89' lang='lat' dir='ltr'>opus</span> <span class='ocrx_word' id='word_1_807' title='bbox 743 4917 962 4967; x_wconf 88' lang='lat' dir='ltr'>bonum</span> <span class='ocrx_word' id='word_1_808' title='bbox 979 4916 1035 4964; x_wconf 91' lang='lat' dir='ltr'>et</span> <span class='ocrx_word' id='word_1_809' title='bbox 1056 4911 1389 4976; x_wconf 71' lang='lat' dir='ltr'>praedicatio</span> <span class='ocrx_word' id='word_1_810' title='bbox 1411 4911 1514 4961; x_wconf 91' lang='lat' dir='ltr'>Dei</span> <span class='ocrx_word' id='word_1_811' title='bbox 1537 4910 1709 4961; x_wconf 88' lang='lat' dir='ltr'>etiam</span> <span class='ocrx_word' id='word_1_812' title='bbox 1725 4925 1859 4963; x_wconf 92' lang='lat' dir='ltr'>cum</span> <span class='ocrx_word' id='word_1_813' title='bbox 1880 4912 2173 4965; x_wconf 81' lang='lat' dir='ltr'>alacritate</span> 
     </span>
    </p>
   </div>
   <div class='ocr_carea' id='block_1_104' title="bbox 578 4984 2174 5051">
    <p class='ocr_par' dir='ltr' id='par_1_104' title="bbox 578 4984 2174 5051">
     <span class='ocr_line' id='line_1_104' title="bbox 578 4984 2174 5051; baseline -0.006 -8"><span class='ocrx_word' id='word_1_814' title='bbox 578 4991 751 5043; x_wconf 89' lang='lat' dir='ltr'>debet</span> <span class='ocrx_word' id='word_1_815' title='bbox 772 4988 914 5051; x_wconf 80' lang='lat' dir='ltr'>ﬁeri,</span> <span class='ocrx_word' id='word_1_816' title='bbox 936 4990 1089 5037; x_wconf 91' lang='lat' dir='ltr'>recte</span> <span class='ocrx_word' id='word_1_817' title='bbox 1107 4984 1482 5045; x_wconf 88' lang='lat' dir='ltr'>subjunctum</span> <span class='ocrx_word' id='word_1_818' title='bbox 1507 4986 1597 5033; x_wconf 87' lang='lat' dir='ltr'>est</span> <span class='ocrx_word' id='word_1_819' title='bbox 1621 4998 1633 5032; x_wconf 92' lang='lat'>:</span> <span class='ocrx_word' id='word_1_820' title='bbox 1659 4984 1913 5033; x_wconf 73' lang='lat' dir='ltr'>Exultate</span> <span class='ocrx_word' id='word_1_821' title='bbox 1939 4986 1997 5033; x_wconf 83' lang='lat' dir='ltr'>in</span> <span class='ocrx_word' id='word_1_822' title='bbox 2021 4998 2174 5033; x_wconf 86' lang='lat' dir='ltr'>cons-</span> 
     </span>
    </p>
   </div>
   <div class='ocr_carea' id='block_1_105' title="bbox 577 5053 2175 5129">
    <p class='ocr_par' dir='ltr' id='par_1_105' title="bbox 577 5053 2175 5129">
     <span class='ocr_line' id='line_1_105' title="bbox 577 5053 2175 5129; baseline -0.004 -16"><span class='ocrx_word' id='word_1_823' title='bbox 577 5068 729 5129; x_wconf 85' lang='lat' dir='ltr'>pectu</span> <span class='ocrx_word' id='word_1_824' title='bbox 751 5061 883 5126; x_wconf 83' lang='lat' dir='ltr'>ejus.</span> <span class='ocrx_word' id='word_1_825' title='bbox 909 5062 1062 5111; x_wconf 88' lang='lat' dir='ltr'>Dum</span> <span class='ocrx_word' id='word_1_826' title='bbox 1086 5056 1241 5109; x_wconf 90' lang='lat' dir='ltr'>enim</span> <span class='ocrx_word' id='word_1_827' title='bbox 1264 5054 1448 5105; x_wconf 81' lang='lat' dir='ltr'>facitis</span> <span class='ocrx_word' id='word_1_828' title='bbox 1470 5053 1578 5129; x_wconf 83' lang='lat' dir='ltr'>iter</span> <span class='ocrx_word' id='word_1_829' title='bbox 1591 5055 1662 5118; x_wconf 90' lang='lat' dir='ltr'>ei,</span> <span class='ocrx_word' id='word_1_830' title='bbox 1680 5054 1816 5129; x_wconf 85' lang='lat' dir='ltr'>dum</span> <span class='ocrx_word' id='word_1_831' title='bbox 1841 5057 2175 5129; x_wconf 68' lang='lat' dir='ltr'>praeparatis</span> 
     </span>
    </p>
   </div>
   <div class='ocr_carea' id='block_1_106' title="bbox 578 5126 2175 5200">
    <p class='ocr_par' dir='ltr' id='par_1_106' title="bbox 578 5126 2175 5200">
     <span class='ocr_line' id='line_1_106' title="bbox 578 5126 2175 5200; baseline -0.004 -14"><span class='ocrx_word' id='word_1_832' title='bbox 578 5126 695 5200; x_wconf 83' lang='lat' dir='ltr'>qua</span> <span class='ocrx_word' id='word_1_833' title='bbox 738 5132 950 5194; x_wconf 83' lang='lat' dir='ltr'>veniat,</span> <span class='ocrx_word' id='word_1_834' title='bbox 983 5134 1308 5200; x_wconf 82' lang='lat' dir='ltr'>gentesque</span> <span class='ocrx_word' id='word_1_835' title='bbox 1340 5126 1927 5200; x_wconf 86' lang='lat' dir='ltr'>possideat,multam</span> <span class='ocrx_word' id='word_1_836' title='bbox 1952 5128 2175 5192; x_wconf 88' lang='lat' dir='ltr'>passuri</span> 
     </span>
    </p>
   </div>
   <div class='ocr_carea' id='block_1_107' title="bbox 580 5199 2175 5273">
    <p class='ocr_par' dir='ltr' id='par_1_107' title="bbox 580 5199 2175 5273">
     <span class='ocr_line' id='line_1_107' title="bbox 580 5199 2175 5273; baseline -0.005 -14"><span class='ocrx_word' id='word_1_837' title='bbox 580 5199 722 5260; x_wconf 85' lang='lat' dir='ltr'>estis</span> <span class='ocrx_word' id='word_1_838' title='bbox 746 5207 806 5258; x_wconf 90' lang='lat' dir='ltr'>in</span> <span class='ocrx_word' id='word_1_839' title='bbox 829 5206 1143 5273; x_wconf 82' lang='lat' dir='ltr'>conspectu</span> <span class='ocrx_word' id='word_1_840' title='bbox 1160 5199 1461 5273; x_wconf 80' lang='lat' dir='ltr'>hominum</span> <span class='ocrx_word' id='word_1_841' title='bbox 1484 5199 1792 5273; x_wconf 84' lang='lat' dir='ltr'>tristitiam.</span> <span class='ocrx_word' id='word_1_842' title='bbox 1811 5200 1919 5251; x_wconf 91' lang='lat' dir='ltr'>Sed</span> <span class='ocrx_word' id='word_1_843' title='bbox 1938 5214 2042 5251; x_wconf 88' lang='lat' dir='ltr'>vos</span> <span class='ocrx_word' id='word_1_844' title='bbox 2068 5201 2175 5265; x_wconf 75' lang='lat' dir='ltr'>(Ea:</span> 
     </span>
    </p>
   </div>
   <div class='ocr_carea' id='block_1_108' title="bbox 578 5271 2174 5343">
    <p class='ocr_par' dir='ltr' id='par_1_108' title="bbox 578 5271 2174 5343">
     <span class='ocr_line' id='line_1_108' title="bbox 578 5271 2174 5343; baseline -0.005 -11"><span class='ocrx_word' id='word_1_845' title='bbox 578 5282 713 5343; x_wconf 89' lang='lat' dir='ltr'>eod.)</span> <span class='ocrx_word' id='word_1_846' title='bbox 737 5292 853 5331; x_wconf 91' lang='lat' dir='ltr'>non</span> <span class='ocrx_word' id='word_1_847' title='bbox 886 5271 1072 5328; x_wconf 81' lang='lat' dir='ltr'>selum</span> <span class='ocrx_word' id='word_1_848' title='bbox 1102 5272 1279 5325; x_wconf 90' lang='lat' dir='ltr'>nolite</span> <span class='ocrx_word' id='word_1_849' title='bbox 1303 5271 1561 5332; x_wconf 84' lang='lat' dir='ltr'>deficere,</span> <span class='ocrx_word' id='word_1_850' title='bbox 1578 5271 1682 5343; x_wconf 90' lang='lat' dir='ltr'>sed</span> <span class='ocrx_word' id='word_1_851' title='bbox 1702 5272 1875 5323; x_wconf 87' lang='lat' dir='ltr'>etiam</span> <span class='ocrx_word' id='word_1_852' title='bbox 1899 5273 2174 5335; x_wconf 85' lang='lat' dir='ltr'>exultate,</span> 
     </span>
    </p>
   </div>
   <div class='ocr_carea' id='block_1_109' title="bbox 577 5342 2172 5411">
    <p class='ocr_par' dir='ltr' id='par_1_109' title="bbox 577 5342 2172 5411">
     <span class='ocr_line' id='line_1_109' title="bbox 577 5342 2172 5411; baseline -0.008 -7"><span class='ocrx_word' id='word_1_853' title='bbox 577 5342 703 5404; x_wconf 88' lang='lat' dir='ltr'>non</span> <span class='ocrx_word' id='word_1_854' title='bbox 731 5351 792 5402; x_wconf 90' lang='lat' dir='ltr'>in</span> <span class='ocrx_word' id='word_1_855' title='bbox 817 5351 1131 5411; x_wconf 89' lang='lat' dir='ltr'>conspectu</span> <span class='ocrx_word' id='word_1_856' title='bbox 1155 5342 1591 5406; x_wconf 87' lang='lat' dir='ltr'>hominum,sed</span> <span class='ocrx_word' id='word_1_857' title='bbox 1614 5343 1674 5393; x_wconf 92' lang='lat' dir='ltr'>in</span> <span class='ocrx_word' id='word_1_858' title='bbox 1696 5349 2007 5408; x_wconf 88' lang='lat' dir='ltr'>conspectu</span> <span class='ocrx_word' id='word_1_859' title='bbox 2034 5345 2134 5395; x_wconf 91' lang='lat' dir='ltr'>Dei</span> <span class='ocrx_word' id='word_1_860' title='bbox 2161 5362 2172 5392; x_wconf 86' lang='lat'>:</span> 
     </span>
    </p>
   </div>
   <div class='ocr_carea' id='block_1_110' title="bbox 578 5416 2178 5490">
    <p class='ocr_par' dir='ltr' id='par_1_110' title="bbox 578 5416 2178 5490">
     <span class='ocr_line' id='line_1_110' title="bbox 578 5416 2178 5490; baseline -0.01 -15"><span class='ocrx_word' id='word_1_861' title='bbox 578 5426 688 5490; x_wconf 91' lang='lat' dir='ltr'>Spe</span> <span class='ocrx_word' id='word_1_862' title='bbox 711 5422 1052 5486; x_wconf 85' lang='lat' dir='ltr'>gaudentes,</span> <span class='ocrx_word' id='word_1_863' title='bbox 1078 5418 1137 5468; x_wconf 92' lang='lat' dir='ltr'>in</span> <span class='ocrx_word' id='word_1_864' title='bbox 1161 5416 1523 5490; x_wconf 82' lang='lat' dir='ltr'>tribulatione</span> <span class='ocrx_word' id='word_1_865' title='bbox 1542 5416 1825 5478; x_wconf 88' lang='lat' dir='ltr'>patientes</span> <span class='ocrx_word' id='word_1_866' title='bbox 1846 5418 2014 5490; x_wconf 70' lang='lat' dir='ltr'>(liam.</span> <span class='ocrx_word' id='word_1_867' title='bbox 2056 5416 2178 5478; x_wconf 67' lang='lat'>12.),</span> 
     </span>
    </p>
   </div>
   <div class='ocr_carea' id='block_1_111' title="bbox 578 5487 2180 5555">
    <p class='ocr_par' dir='ltr' id='par_1_111' title="bbox 578 5487 2180 5555">
     <span class='ocr_line' id='line_1_111' title="bbox 578 5487 2180 5555; baseline -0.007 -7"><span class='ocrx_word' id='word_1_868' title='bbox 578 5487 666 5548; x_wconf 76' lang='lat' dir='ltr'>Illi</span> <span class='ocrx_word' id='word_1_869' title='bbox 690 5500 887 5547; x_wconf 89' lang='lat' dir='ltr'>autem</span> <span class='ocrx_word' id='word_1_870' title='bbox 910 5492 1009 5555; x_wconf 89' lang='lat' dir='ltr'>qui</span> <span class='ocrx_word' id='word_1_871' title='bbox 1031 5502 1135 5541; x_wconf 91' lang='lat' dir='ltr'>vos</span> <span class='ocrx_word' id='word_1_872' title='bbox 1152 5487 1322 5539; x_wconf 89' lang='lat' dir='ltr'>modo</span> <span class='ocrx_word' id='word_1_873' title='bbox 1348 5488 1601 5543; x_wconf 88' lang='lat' dir='ltr'>turbant,</span> <span class='ocrx_word' id='word_1_874' title='bbox 1620 5488 1988 5550; x_wconf 88' lang='lat' dir='ltr'>postmodum</span> <span class='ocrx_word' id='word_1_875' title='bbox 2007 5492 2180 5536; x_wconf 84' lang='lat' dir='ltr'>turba-</span> 
     </span>
    </p>
   </div>
   <div class='ocr_carea' id='block_1_112' title="bbox 576 5559 2176 5625">
    <p class='ocr_par' dir='ltr' id='par_1_112' title="bbox 576 5559 2176 5625">
     <span class='ocr_line' id='line_1_112' title="bbox 576 5559 2176 5625; baseline -0.006 -6"><span class='ocrx_word' id='word_1_876' title='bbox 576 5569 791 5619; x_wconf 87' lang='lat' dir='ltr'>buntur</span> <span class='ocrx_word' id='word_1_877' title='bbox 812 5579 848 5618; x_wconf 91' lang='lat' dir='ltr'>a</span> <span class='ocrx_word' id='word_1_878' title='bbox 880 5565 1022 5615; x_wconf 87' lang='lat' dir='ltr'>facie</span> <span class='ocrx_word' id='word_1_879' title='bbox 1046 5564 1193 5625; x_wconf 87' lang='lat' dir='ltr'>ejus.</span> <span class='ocrx_word' id='word_1_880' title='bbox 1224 5559 1490 5611; x_wconf 86' lang='lat' dir='ltr'>Audituri</span> <span class='ocrx_word' id='word_1_881' title='bbox 1510 5560 1665 5610; x_wconf 89' lang='lat' dir='ltr'>enim</span> <span class='ocrx_word' id='word_1_882' title='bbox 1683 5561 1818 5609; x_wconf 89' lang='lat' dir='ltr'>sunt</span> <span class='ocrx_word' id='word_1_883' title='bbox 1842 5560 1901 5609; x_wconf 92' lang='lat' dir='ltr'>in</span> <span class='ocrx_word' id='word_1_884' title='bbox 1918 5560 2136 5621; x_wconf 88' lang='lat' dir='ltr'>judicio</span> <span class='ocrx_word' id='word_1_885' title='bbox 2164 5576 2176 5610; x_wconf 90' lang='lat'>:</span> 
     </span>
    </p>
   </div>
   <div class='ocr_carea' id='block_1_113' title="bbox 576 5630 2178 5701">
    <p class='ocr_par' dir='ltr' id='par_1_113' title="bbox 576 5630 2178 5701">
     <span class='ocr_line' id='line_1_113' title="bbox 576 5630 2178 5701; baseline -0.006 -10"><span class='ocrx_word' id='word_1_886' title='bbox 576 5641 662 5691; x_wconf 90' lang='lat' dir='ltr'>Ite</span> <span class='ocrx_word' id='word_1_887' title='bbox 694 5642 753 5690; x_wconf 93' lang='lat' dir='ltr'>in</span> <span class='ocrx_word' id='word_1_888' title='bbox 793 5638 987 5701; x_wconf 87' lang='lat' dir='ltr'>ignem</span> <span class='ocrx_word' id='word_1_889' title='bbox 1012 5633 1525 5694; x_wconf 65' lang='lat' dir='ltr'>aiternumullallh.</span> <span class='ocrx_word' id='word_1_890' title='bbox 1571 5630 1695 5693; x_wconf 73' lang='lat'>9.5.).</span> <span class='ocrx_word' id='word_1_891' title='bbox 1741 5630 2122 5679; x_wconf 81' lang='lat' dir='ltr'>Turbabuntur</span> <span class='ocrx_word' id='word_1_892' title='bbox 2144 5647 2178 5681; x_wconf 88' lang='lat' dir='ltr'>a</span> 
     </span>
    </p>
   </div>
   <div class='ocr_carea' id='block_1_114' title="bbox 576 5709 1259 5774">
    <p class='ocr_par' dir='ltr' id='par_1_114' title="bbox 576 5709 1259 5774">
     <span class='ocr_line' id='line_1_114' title="bbox 576 5709 1259 5774; baseline -0.007 -13"><span class='ocrx_word' id='word_1_893' title='bbox 576 5711 715 5773; x_wconf 79' lang='lat' dir='ltr'>facie</span> <span class='ocrx_word' id='word_1_894' title='bbox 738 5712 869 5774; x_wconf 83' lang='lat' dir='ltr'>ejus.</span> <span class='ocrx_word' id='word_1_895' title='bbox 893 5709 1071 5772; x_wconf 86' lang='lat' dir='ltr'>Cujus</span> <span class='ocrx_word' id='word_1_896' title='bbox 1097 5709 1259 5768; x_wconf 77' lang='lat' dir='ltr'>ejus?</span> 
     </span>
    </p>
   </div>
   <div class='ocr_carea' id='block_1_115' title="bbox 641 5773 2177 5844">
    <p class='ocr_par' dir='ltr' id='par_1_115' title="bbox 641 5773 2177 5844">
     <span class='ocr_line' id='line_1_115' title="bbox 641 5773 2177 5844; baseline -0.006 -10"><span class='ocrx_word' id='word_1_897' title='bbox 641 5781 692 5834; x_wconf 84' lang='lat'>6.</span> <span class='ocrx_word' id='word_1_898' title='bbox 717 5773 897 5831; x_wconf 67' lang='lat' dir='ltr'>Patris</span> <span class='ocrx_word' id='word_1_899' title='bbox 920 5781 1301 5844; x_wconf 79' lang='lat' dir='ltr'>orpltanorum</span> <span class='ocrx_word' id='word_1_900' title='bbox 1336 5782 1380 5825; x_wconf 88' lang='lat' dir='ltr'>et</span> <span class='ocrx_word' id='word_1_901' title='bbox 1396 5775 1601 5840; x_wconf 76' lang='lat' dir='ltr'>judicis</span> <span class='ocrx_word' id='word_1_902' title='bbox 1624 5774 1939 5823; x_wconf 79' lang='lat' dir='ltr'>viduarum.</span> <span class='ocrx_word' id='word_1_903' title='bbox 1964 5776 2011 5825; x_wconf 83' lang='grc' dir='ltr'>Α</span> <span class='ocrx_word' id='word_1_904' title='bbox 2038 5773 2177 5825; x_wconf 88' lang='lat' dir='ltr'>facie</span> 
     </span>
    </p>
   </div>
   <div class='ocr_carea' id='block_1_116' title="bbox 578 5847 2182 5915">
    <p class='ocr_par' dir='ltr' id='par_1_116' title="bbox 578 5847 2182 5915">
     <span class='ocr_line' id='line_1_116' title="bbox 578 5847 2182 5915; baseline -0.004 -12"><span class='ocrx_word' id='word_1_905' title='bbox 578 5852 723 5915; x_wconf 86' lang='lat' dir='ltr'>justi</span> <span class='ocrx_word' id='word_1_906' title='bbox 743 5856 800 5904; x_wconf 90' lang='lat' dir='ltr'>et</span> <span class='ocrx_word' id='word_1_907' title='bbox 823 5853 942 5905; x_wconf 87' lang='lat' dir='ltr'>veri</span> <span class='ocrx_word' id='word_1_908' title='bbox 957 5852 1080 5913; x_wconf 87' lang='lat' dir='ltr'>Dei,</span> <span class='ocrx_word' id='word_1_909' title='bbox 1103 5850 1201 5913; x_wconf 91' lang='lat' dir='ltr'>qui</span> <span class='ocrx_word' id='word_1_910' title='bbox 1216 5849 1409 5900; x_wconf 90' lang='lat' dir='ltr'>turbat</span> <span class='ocrx_word' id='word_1_911' title='bbox 1432 5847 1660 5911; x_wconf 90' lang='lat' dir='ltr'>impios,</span> <span class='ocrx_word' id='word_1_912' title='bbox 1688 5848 1753 5896; x_wconf 91' lang='lat' dir='ltr'>ut</span> <span class='ocrx_word' id='word_1_913' title='bbox 1773 5858 1975 5898; x_wconf 89' lang='lat' dir='ltr'>severa</span> <span class='ocrx_word' id='word_1_914' title='bbox 1995 5851 2182 5911; x_wconf 87' lang='lat' dir='ltr'>potes-</span> 
     </span>
    </p>
   </div>
   <div class='ocr_carea' id='block_1_117' title="bbox 2267 3405 3827 3472">
    <p class='ocr_par' dir='ltr' id='par_1_117' title="bbox 2267 3405 3827 3472">
     <span class='ocr_line' id='line_1_117' title="bbox 2267 3405 3827 3472; baseline -0.001 -14"><span class='ocrx_word' id='word_1_915' title='bbox 2267 3413 2590 3472; x_wconf 88' lang='lat' dir='ltr'>precantur,</span> <span class='ocrx_word' id='word_1_916' title='bbox 2616 3409 2681 3455; x_wconf 91' lang='lat' dir='ltr'>ut</span> <span class='ocrx_word' id='word_1_917' title='bbox 2706 3406 2928 3468; x_wconf 89' lang='lat' dir='ltr'>possint</span> <span class='ocrx_word' id='word_1_918' title='bbox 2946 3416 2958 3462; x_wconf 88' lang='lat'><strong>;</strong></span> <span class='ocrx_word' id='word_1_919' title='bbox 2976 3405 3143 3468; x_wconf 90' lang='lat' dir='ltr'>eique</span> <span class='ocrx_word' id='word_1_920' title='bbox 3167 3406 3370 3456; x_wconf 90' lang='lat' dir='ltr'>dicunt</span> <span class='ocrx_word' id='word_1_921' title='bbox 3387 3421 3399 3455; x_wconf 90' lang='lat'>:</span> <span class='ocrx_word' id='word_1_922' title='bbox 3415 3408 3497 3457; x_wconf 90' lang='lat' dir='ltr'>De</span> <span class='ocrx_word' id='word_1_923' title='bbox 3521 3406 3827 3457; x_wconf 80' lang='lat' dir='ltr'>necessita’</span> 
     </span>
    </p>
   </div>
   <div class='ocr_carea' id='block_1_118' title="bbox 2268 3474 3849 3547">
    <p class='ocr_par' dir='ltr' id='par_1_118' title="bbox 2268 3474 3849 3547">
     <span class='ocr_line' id='line_1_118' title="bbox 2268 3474 3849 3547; baseline -0.001 -17"><span class='ocrx_word' id='word_1_924' title='bbox 2268 3482 2378 3530; x_wconf 92' lang='lat' dir='ltr'>bus</span> <span class='ocrx_word' id='word_1_925' title='bbox 2407 3480 2547 3530; x_wconf 90' lang='lat' dir='ltr'>meis</span> <span class='ocrx_word' id='word_1_926' title='bbox 2572 3489 2708 3528; x_wconf 89' lang='lat' dir='ltr'>erue</span> <span class='ocrx_word' id='word_1_927' title='bbox 2733 3489 2824 3527; x_wconf 91' lang='lat' dir='ltr'>me</span> <span class='ocrx_word' id='word_1_928' title='bbox 2848 3476 3013 3537; x_wconf 87' lang='lat' dir='ltr'>(Psat.</span> <span class='ocrx_word' id='word_1_929' title='bbox 3037 3476 3363 3541; x_wconf 72' lang='lat' dir='ltr'>24.).Aquo</span> <span class='ocrx_word' id='word_1_930' title='bbox 3381 3478 3638 3529; x_wconf 83' lang='lat' dir='ltr'>exauditi</span> <span class='ocrx_word' id='word_1_931' title='bbox 3652 3474 3849 3547; x_wconf 37' lang='lat' dir='ltr'>grati,&quot;</span> 
     </span>
    </p>
   </div>
   <div class='ocr_carea' id='block_1_119' title="bbox 2265 3547 3847 3613">
    <p class='ocr_par' dir='ltr' id='par_1_119' title="bbox 2265 3547 3847 3613">
     <span class='ocr_line' id='line_1_119' title="bbox 2265 3547 3847 3613; baseline -0.001 -12"><span class='ocrx_word' id='word_1_932' title='bbox 2265 3554 2465 3613; x_wconf 84' lang='lat' dir='ltr'>agunt,</span> <span class='ocrx_word' id='word_1_933' title='bbox 2493 3549 2781 3600; x_wconf 89' lang='lat' dir='ltr'>dicentes:</span> <span class='ocrx_word' id='word_1_934' title='bbox 2809 3547 3087 3612; x_wconf 88' lang='lat' dir='ltr'>Dirupisti</span> <span class='ocrx_word' id='word_1_935' title='bbox 3112 3549 3344 3600; x_wconf 87' lang='lat' dir='ltr'>vincula</span> <span class='ocrx_word' id='word_1_936' title='bbox 3368 3549 3671 3612; x_wconf 76' lang='lat' dir='ltr'>meatPsal.</span> <span class='ocrx_word' id='word_1_937' title='bbox 3700 3548 3847 3611; x_wconf 36' lang='lat'>115;,</span> 
     </span>
    </p>
   </div>
   <div class='ocr_carea' id='block_1_120' title="bbox 2268 3620 3853 3684">
    <p class='ocr_par' dir='ltr' id='par_1_120' title="bbox 2268 3620 3853 3684">
     <span class='ocr_line' id='line_1_120' title="bbox 2268 3620 3853 3684; baseline -0.001 -12"><span class='ocrx_word' id='word_1_938' title='bbox 2268 3624 2368 3672; x_wconf 87' lang='lat' dir='ltr'>Isti</span> <span class='ocrx_word' id='word_1_939' title='bbox 2392 3626 2588 3672; x_wconf 90' lang='lat' dir='ltr'>autem</span> <span class='ocrx_word' id='word_1_940' title='bbox 2622 3624 3056 3683; x_wconf 85' lang='lat' dir='ltr'>exasperantes,</span> <span class='ocrx_word' id='word_1_941' title='bbox 3095 3621 3193 3683; x_wconf 90' lang='lat' dir='ltr'>qui</span> <span class='ocrx_word' id='word_1_942' title='bbox 3228 3621 3491 3671; x_wconf 88' lang='lat' dir='ltr'>habitant</span> <span class='ocrx_word' id='word_1_943' title='bbox 3514 3621 3573 3672; x_wconf 91' lang='lat' dir='ltr'>in</span> <span class='ocrx_word' id='word_1_944' title='bbox 3595 3620 3853 3684; x_wconf 61' lang='lat' dir='ltr'>sepulcri&quot;</span> 
     </span>
    </p>
   </div>
   <div class='ocr_carea' id='block_1_121' title="bbox 2266 3690 3844 3756">
    <p class='ocr_par' dir='ltr' id='par_1_121' title="bbox 2266 3690 3844 3756">
     <span class='ocr_line' id='line_1_121' title="bbox 2266 3690 3844 3756; baseline 0 -15"><span class='ocrx_word' id='word_1_945' title='bbox 2266 3692 2327 3744; x_wconf 89' lang='lat' dir='ltr'>in</span> <span class='ocrx_word' id='word_1_946' title='bbox 2366 3706 2432 3744; x_wconf 91' lang='lat' dir='ltr'>eo</span> <span class='ocrx_word' id='word_1_947' title='bbox 2470 3704 2681 3755; x_wconf 80' lang='lat' dir='ltr'>genere</span> <span class='ocrx_word' id='word_1_948' title='bbox 2707 3694 2863 3753; x_wconf 90' lang='lat' dir='ltr'>sunt,</span> <span class='ocrx_word' id='word_1_949' title='bbox 2884 3691 3040 3754; x_wconf 91' lang='lat' dir='ltr'>quod</span> <span class='ocrx_word' id='word_1_950' title='bbox 3063 3694 3173 3743; x_wconf 90' lang='lat' dir='ltr'>alio</span> <span class='ocrx_word' id='word_1_951' title='bbox 3195 3690 3319 3743; x_wconf 93' lang='lat' dir='ltr'>loco</span> <span class='ocrx_word' id='word_1_952' title='bbox 3336 3694 3626 3756; x_wconf 85' lang='lat' dir='ltr'>Scriptura</span> <span class='ocrx_word' id='word_1_953' title='bbox 3649 3691 3844 3756; x_wconf 73' lang='lat' dir='ltr'>signiu</span> 
     </span>
    </p>
   </div>
   <div class='ocr_carea' id='block_1_122' title="bbox 2267 3750 3873 3829">
    <p class='ocr_par' dir='ltr' id='par_1_122' title="bbox 2267 3750 3873 3829">
     <span class='ocr_line' id='line_1_122' title="bbox 2267 3750 3873 3829; baseline 0.001 -16"><span class='ocrx_word' id='word_1_954' title='bbox 2267 3768 2377 3823; x_wconf 87' lang='lat' dir='ltr'>cat,</span> <span class='ocrx_word' id='word_1_955' title='bbox 2404 3750 2601 3814; x_wconf 82' lang='lat' dir='ltr'>dicens</span> <span class='ocrx_word' id='word_1_956' title='bbox 2628 3780 2639 3812; x_wconf 89' lang='lat'>:</span> <span class='ocrx_word' id='word_1_957' title='bbox 2666 3765 2715 3813; x_wconf 84' lang='lat' dir='ltr'><strong>A</strong></span> <span class='ocrx_word' id='word_1_958' title='bbox 2738 3750 2966 3815; x_wconf 78' lang='lat' dir='ltr'>mortuo</span> <span class='ocrx_word' id='word_1_959' title='bbox 2991 3764 3172 3815; x_wconf 90' lang='lat' dir='ltr'>veluti</span> <span class='ocrx_word' id='word_1_960' title='bbox 3202 3767 3302 3828; x_wconf 90' lang='lat' dir='ltr'>qui</span> <span class='ocrx_word' id='word_1_961' title='bbox 3325 3779 3444 3816; x_wconf 90' lang='lat' dir='ltr'>non</span> <span class='ocrx_word' id='word_1_962' title='bbox 3458 3750 3561 3829; x_wconf 48' lang='lat' dir='ltr'>_sit,</span> <span class='ocrx_word' id='word_1_963' title='bbox 3577 3750 3728 3829; x_wconf 67' lang='lat' dir='ltr'>perit</span> <span class='ocrx_word' id='word_1_964' title='bbox 3740 3750 3873 3815; x_wconf 72' lang='lat' dir='ltr'>con&#39;-</span> 
     </span>
    </p>
   </div>
   <div class='ocr_carea' id='block_1_123' title="bbox 2268 3833 3874 3898">
    <p class='ocr_par' dir='ltr' id='par_1_123' title="bbox 2268 3833 3874 3898">
     <span class='ocr_line' id='line_1_123' title="bbox 2268 3833 3874 3898; baseline 0 -13"><span class='ocrx_word' id='word_1_965' title='bbox 2268 3835 2442 3886; x_wconf 88' lang='lat' dir='ltr'>fessio</span> <span class='ocrx_word' id='word_1_966' title='bbox 2484 3834 2652 3898; x_wconf 85' lang='lat' dir='ltr'>(Eccli.</span> <span class='ocrx_word' id='word_1_967' title='bbox 2678 3833 2803 3897; x_wconf 83' lang='lat'>17.).</span> <span class='ocrx_word' id='word_1_968' title='bbox 2831 3835 2993 3887; x_wconf 92' lang='lat' dir='ltr'>Unde</span> <span class='ocrx_word' id='word_1_969' title='bbox 3039 3840 3129 3886; x_wconf 84' lang='lat' dir='ltr'>est</span> <span class='ocrx_word' id='word_1_970' title='bbox 3150 3842 3209 3887; x_wconf 90' lang='lat' dir='ltr'>et</span> <span class='ocrx_word' id='word_1_971' title='bbox 3232 3836 3371 3887; x_wconf 86' lang='lat' dir='ltr'>illud</span> <span class='ocrx_word' id='word_1_972' title='bbox 3398 3852 3410 3887; x_wconf 91' lang='lat'>:</span> <span class='ocrx_word' id='word_1_973' title='bbox 3440 3838 3703 3888; x_wconf 90' lang='lat' dir='ltr'>Peccator</span> <span class='ocrx_word' id='word_1_974' title='bbox 3734 3848 3874 3886; x_wconf 82' lang='lat' dir='ltr'>cuni</span> 
     </span>
    </p>
   </div>
   <div class='ocr_carea' id='block_1_124' title="bbox 2272 3907 3865 3972">
    <p class='ocr_par' dir='ltr' id='par_1_124' title="bbox 2272 3907 3865 3972">
     <span class='ocr_line' id='line_1_124' title="bbox 2272 3907 3865 3972; baseline -0.001 -14"><span class='ocrx_word' id='word_1_975' title='bbox 2272 3908 2557 3958; x_wconf 88' lang='lat' dir='ltr'>veneritin</span> <span class='ocrx_word' id='word_1_976' title='bbox 2574 3907 2925 3970; x_wconf 83' lang='lat' dir='ltr'>profundum</span> <span class='ocrx_word' id='word_1_977' title='bbox 2941 3909 3239 3967; x_wconf 88' lang='lat' dir='ltr'>malorum,</span> <span class='ocrx_word' id='word_1_978' title='bbox 3258 3912 3531 3957; x_wconf 83' lang='lat' dir='ltr'>contemnit</span> <span class='ocrx_word' id='word_1_979' title='bbox 3551 3910 3721 3972; x_wconf 83' lang='lat' dir='ltr'>(Prov.</span> <span class='ocrx_word' id='word_1_980' title='bbox 3738 3908 3865 3971; x_wconf 80' lang='lat'>18.).</span> 
     </span>
    </p>
   </div>
   <div class='ocr_carea' id='block_1_125' title="bbox 2269 3978 3871 4044">
    <p class='ocr_par' dir='ltr' id='par_1_125' title="bbox 2269 3978 3871 4044">
     <span class='ocr_line' id='line_1_125' title="bbox 2269 3978 3871 4044; baseline -0.001 -16"><span class='ocrx_word' id='word_1_981' title='bbox 2269 3978 2440 4029; x_wconf 84' lang='lat' dir='ltr'>Aliud</span> <span class='ocrx_word' id='word_1_982' title='bbox 2461 3978 2714 4029; x_wconf 90' lang='lat' dir='ltr'>estenim</span> <span class='ocrx_word' id='word_1_983' title='bbox 2738 3978 3081 4042; x_wconf 88' lang='lat' dir='ltr'>desiderare,</span> <span class='ocrx_word' id='word_1_984' title='bbox 3094 3978 3246 4030; x_wconf 89' lang='lat' dir='ltr'>aliud</span> <span class='ocrx_word' id='word_1_985' title='bbox 3261 3982 3871 4044; x_wconf 50' lang='lat' dir='ltr'>cpplignarejustitiarw‘</span> 
     </span>
    </p>
   </div>
   <div class='ocr_carea' id='block_1_126' title="bbox 2270 4048 3867 4113">
    <p class='ocr_par' dir='ltr' id='par_1_126' title="bbox 2270 4048 3867 4113">
     <span class='ocr_line' id='line_1_126' title="bbox 2270 4048 3867 4113; baseline 0.003 -12"><span class='ocrx_word' id='word_1_986' title='bbox 2270 4048 2427 4101; x_wconf 81' lang='lat' dir='ltr'>aliud</span> <span class='ocrx_word' id='word_1_987' title='bbox 2450 4063 2484 4100; x_wconf 89' lang='lat' dir='ltr'>a</span> <span class='ocrx_word' id='word_1_988' title='bbox 2511 4050 2661 4099; x_wconf 90' lang='lat' dir='ltr'>malo</span> <span class='ocrx_word' id='word_1_989' title='bbox 2683 4049 2826 4100; x_wconf 91' lang='lat' dir='ltr'>velle</span> <span class='ocrx_word' id='word_1_990' title='bbox 2850 4050 3094 4113; x_wconf 87' lang='lat' dir='ltr'>liberari,</span> <span class='ocrx_word' id='word_1_991' title='bbox 3123 4052 3279 4101; x_wconf 89' lang='lat' dir='ltr'>aliud</span> <span class='ocrx_word' id='word_1_992' title='bbox 3304 4052 3454 4102; x_wconf 79' lang='lat' dir='ltr'>mala</span> <span class='ocrx_word' id='word_1_993' title='bbox 3465 4054 3867 4105; x_wconf 74' lang='lat' dir='ltr'>suaderenden.</span> 
     </span>
    </p>
   </div>
   <div class='ocr_carea' id='block_1_127' title="bbox 2269 4120 3871 4187">
    <p class='ocr_par' dir='ltr' id='par_1_127' title="bbox 2269 4120 3871 4187">
     <span class='ocr_line' id='line_1_127' title="bbox 2269 4120 3871 4187; baseline 0.002 -14"><span class='ocrx_word' id='word_1_994' title='bbox 2269 4122 2462 4187; x_wconf 90' lang='lat' dir='ltr'>potius</span> <span class='ocrx_word' id='word_1_995' title='bbox 2487 4134 2666 4185; x_wconf 91' lang='lat' dir='ltr'>quam</span> <span class='ocrx_word' id='word_1_996' title='bbox 2692 4120 2853 4173; x_wconf 83' lang='lat' dir='ltr'>fateri</span> <span class='ocrx_word' id='word_1_997' title='bbox 2879 4137 2892 4172; x_wconf 91' lang='lat'>:</span> <span class='ocrx_word' id='word_1_998' title='bbox 2926 4128 3203 4185; x_wconf 89' lang='lat' dir='ltr'>utrosque</span> <span class='ocrx_word' id='word_1_999' title='bbox 3229 4128 3421 4174; x_wconf 75' lang='lat' dir='ltr'>tamen</span> <span class='ocrx_word' id='word_1_1000' title='bbox 3446 4124 3630 4187; x_wconf 87' lang='lat' dir='ltr'>gratia</span> <span class='ocrx_word' id='word_1_1001' title='bbox 3657 4123 3871 4178; x_wconf 85' lang='lat' dir='ltr'>Christi</span> 
     </span>
    </p>
   </div>
   <div class='ocr_carea' id='block_1_128' title="bbox 2270 4194 3872 4259">
    <p class='ocr_par' dir='ltr' id='par_1_128' title="bbox 2270 4194 3872 4259">
     <span class='ocr_line' id='line_1_128' title="bbox 2270 4194 3872 4259; baseline 0.002 -14"><span class='ocrx_word' id='word_1_1002' title='bbox 2270 4195 2463 4245; x_wconf 91' lang='lat' dir='ltr'>educit</span> <span class='ocrx_word' id='word_1_1003' title='bbox 2485 4194 2545 4244; x_wconf 91' lang='lat' dir='ltr'>in</span> <span class='ocrx_word' id='word_1_1004' title='bbox 2568 4194 2913 4245; x_wconf 87' lang='lat' dir='ltr'>fortitudine.</span> <span class='ocrx_word' id='word_1_1005' title='bbox 2941 4197 3064 4255; x_wconf 90' lang='lat' dir='ltr'>Qua</span> <span class='ocrx_word' id='word_1_1006' title='bbox 3087 4195 3443 4259; x_wconf 88' lang='lat' dir='ltr'>fortitudine,</span> <span class='ocrx_word' id='word_1_1007' title='bbox 3468 4198 3578 4248; x_wconf 90' lang='lat' dir='ltr'>nisi</span> <span class='ocrx_word' id='word_1_1008' title='bbox 3600 4197 3872 4249; x_wconf 85' lang='lat' dir='ltr'>utadver-</span> 
     </span>
    </p>
   </div>
   <div class='ocr_carea' id='block_1_129' title="bbox 2272 4267 3870 4331">
    <p class='ocr_par' dir='ltr' id='par_1_129' title="bbox 2272 4267 3870 4331">
     <span class='ocr_line' id='line_1_129' title="bbox 2272 4267 3870 4331; baseline 0.002 -15"><span class='ocrx_word' id='word_1_1009' title='bbox 2272 4278 2375 4316; x_wconf 90' lang='lat' dir='ltr'>sus</span> <span class='ocrx_word' id='word_1_1010' title='bbox 2399 4270 2697 4330; x_wconf 89' lang='lat' dir='ltr'>peccatum</span> <span class='ocrx_word' id='word_1_1011' title='bbox 2715 4279 2899 4329; x_wconf 89' lang='lat' dir='ltr'>usque</span> <span class='ocrx_word' id='word_1_1012' title='bbox 2915 4267 2988 4317; x_wconf 88' lang='lat' dir='ltr'>ad</span> <span class='ocrx_word' id='word_1_1013' title='bbox 3013 4270 3352 4331; x_wconf 89' lang='lat' dir='ltr'>sanguinem</span> <span class='ocrx_word' id='word_1_1014' title='bbox 3369 4272 3627 4319; x_wconf 83' lang='lat' dir='ltr'>certent?</span> <span class='ocrx_word' id='word_1_1015' title='bbox 3642 4271 3725 4320; x_wconf 86' lang='lat' dir='ltr'>Ex</span> <span class='ocrx_word' id='word_1_1016' title='bbox 3739 4279 3870 4319; x_wconf 86' lang='lat' dir='ltr'>utro-</span> 
     </span>
    </p>
   </div>
   <div class='ocr_carea' id='block_1_130' title="bbox 2271 4337 3861 4405">
    <p class='ocr_par' dir='ltr' id='par_1_130' title="bbox 2271 4337 3861 4405">
     <span class='ocr_line' id='line_1_130' title="bbox 2271 4337 3861 4405; baseline 0.004 -18"><span class='ocrx_word' id='word_1_1017' title='bbox 2271 4350 2382 4400; x_wconf 90' lang='lat' dir='ltr'>que</span> <span class='ocrx_word' id='word_1_1018' title='bbox 2415 4337 2568 4388; x_wconf 89' lang='lat' dir='ltr'>enim</span> <span class='ocrx_word' id='word_1_1019' title='bbox 2589 4350 2797 4405; x_wconf 79' lang='lat' dir='ltr'>genere</span> <span class='ocrx_word' id='word_1_1020' title='bbox 2830 4338 2979 4389; x_wconf 82' lang='lat' dir='ltr'>ﬁunt</span> <span class='ocrx_word' id='word_1_1021' title='bbox 3002 4339 3219 4402; x_wconf 91' lang='lat' dir='ltr'>idonei,</span> <span class='ocrx_word' id='word_1_1022' title='bbox 3252 4340 3466 4403; x_wconf 91' lang='lat' dir='ltr'>quibus</span> <span class='ocrx_word' id='word_1_1023' title='bbox 3487 4345 3861 4395; x_wconf 72' lang='lat' dir='ltr'>constituatu:</span> 
     </span>
    </p>
   </div>
   <div class='ocr_carea' id='block_1_131' title="bbox 2270 4408 3854 4476">
    <p class='ocr_par' dir='ltr' id='par_1_131' title="bbox 2270 4408 3854 4476">
     <span class='ocr_line' id='line_1_131' title="bbox 2270 4408 3854 4476; baseline 0.001 -16"><span class='ocrx_word' id='word_1_1024' title='bbox 2270 4408 2433 4461; x_wconf 91' lang='lat' dir='ltr'>locus</span> <span class='ocrx_word' id='word_1_1025' title='bbox 2468 4415 2706 4461; x_wconf 89' lang='lat' dir='ltr'>sanctus</span> <span class='ocrx_word' id='word_1_1026' title='bbox 2730 4411 2875 4472; x_wconf 87' lang='lat' dir='ltr'>ejus.</span> <span class='ocrx_word' id='word_1_1027' title='bbox 2896 4409 2982 4461; x_wconf 88' lang='lat' dir='ltr'>Illi</span> <span class='ocrx_word' id='word_1_1028' title='bbox 2999 4411 3189 4476; x_wconf 91' lang='lat' dir='ltr'>soluti,</span> <span class='ocrx_word' id='word_1_1029' title='bbox 3214 4411 3292 4462; x_wconf 86' lang='lat' dir='ltr'>illi</span> <span class='ocrx_word' id='word_1_1030' title='bbox 3309 4413 3651 4464; x_wconf 90' lang='lat' dir='ltr'>resuscitati.</span> <span class='ocrx_word' id='word_1_1031' title='bbox 3673 4416 3740 4465; x_wconf 88' lang='lat' dir='ltr'>Et</span> <span class='ocrx_word' id='word_1_1032' title='bbox 3763 4414 3854 4465; x_wconf 59' lang='lat' dir='ltr'>ho:</span> 
     </span>
    </p>
   </div>
   <div class='ocr_carea' id='block_1_132' title="bbox 2274 4481 3870 4549">
    <p class='ocr_par' dir='ltr' id='par_1_132' title="bbox 2274 4481 3870 4549">
     <span class='ocr_line' id='line_1_132' title="bbox 2274 4481 3870 4549; baseline 0.003 -17"><span class='ocrx_word' id='word_1_1033' title='bbox 2274 4482 2429 4546; x_wconf 90' lang='lat' dir='ltr'>quod</span> <span class='ocrx_word' id='word_1_1034' title='bbox 2455 4481 2625 4533; x_wconf 91' lang='lat' dir='ltr'>modo</span> <span class='ocrx_word' id='word_1_1035' title='bbox 2649 4481 3021 4544; x_wconf 87' lang='lat' dir='ltr'>spiritualiter</span> <span class='ocrx_word' id='word_1_1036' title='bbox 3035 4483 3398 4546; x_wconf 90' lang='lat' dir='ltr'>adimpletur,</span> <span class='ocrx_word' id='word_1_1037' title='bbox 3435 4485 3591 4548; x_wconf 90' lang='lat' dir='ltr'>prius</span> <span class='ocrx_word' id='word_1_1038' title='bbox 3622 4486 3870 4549; x_wconf 83' lang='lat' dir='ltr'>figurali-</span> 
     </span>
    </p>
   </div>
   <div class='ocr_carea' id='block_1_133' title="bbox 2275 4553 3743 4618">
    <p class='ocr_par' dir='ltr' id='par_1_133' title="bbox 2275 4553 3743 4618">
     <span class='ocr_line' id='line_1_133' title="bbox 2275 4553 3743 4618; baseline 0 -13"><span class='ocrx_word' id='word_1_1039' title='bbox 2275 4559 2361 4605; x_wconf 90' lang='lat' dir='ltr'>ter</span> <span class='ocrx_word' id='word_1_1040' title='bbox 2383 4553 2813 4604; x_wconf 88' lang='lat' dir='ltr'>ostendebatur.</span> <span class='ocrx_word' id='word_1_1041' title='bbox 2842 4556 3139 4615; x_wconf 90' lang='lat' dir='ltr'>Quomodo</span> <span class='ocrx_word' id='word_1_1042' title='bbox 3154 4557 3181 4604; x_wconf 76' lang='lat' dir='ltr'>‘l</span> <span class='ocrx_word' id='word_1_1043' title='bbox 3208 4555 3469 4618; x_wconf 88' lang='lat' dir='ltr'>sequitur</span> <span class='ocrx_word' id='word_1_1044' title='bbox 3490 4561 3549 4608; x_wconf 91' lang='lat' dir='ltr'>et</span> <span class='ocrx_word' id='word_1_1045' title='bbox 3572 4556 3705 4608; x_wconf 89' lang='lat' dir='ltr'>dicit</span> <span class='ocrx_word' id='word_1_1046' title='bbox 3733 4574 3743 4605; x_wconf 90' lang='lat'>:</span> 
     </span>
    </p>
   </div>
   <div class='ocr_carea' id='block_1_134' title="bbox 2336 4626 3868 4695">
    <p class='ocr_par' dir='ltr' id='par_1_134' title="bbox 2336 4626 3868 4695">
     <span class='ocr_line' id='line_1_134' title="bbox 2336 4626 3868 4695; baseline 0 -17"><span class='ocrx_word' id='word_1_1047' title='bbox 2336 4626 2387 4681; x_wconf 83' lang='lat'>8.</span> <span class='ocrx_word' id='word_1_1048' title='bbox 2440 4627 2579 4675; x_wconf 77' lang='lat' dir='ltr'>Deus</span> <span class='ocrx_word' id='word_1_1049' title='bbox 2603 4640 2728 4675; x_wconf 87' lang='lat' dir='ltr'>cum</span> <span class='ocrx_word' id='word_1_1050' title='bbox 2782 4628 3103 4690; x_wconf 75' lang='lat' dir='ltr'>egredereris</span> <span class='ocrx_word' id='word_1_1051' title='bbox 3148 4628 3211 4676; x_wconf 80' lang='lat' dir='ltr'>in</span> <span class='ocrx_word' id='word_1_1052' title='bbox 3243 4636 3520 4694; x_wconf 81' lang='lat' dir='ltr'>conspectu</span> <span class='ocrx_word' id='word_1_1053' title='bbox 3551 4630 3735 4695; x_wconf 77' lang='lat' dir='ltr'>populi</span> <span class='ocrx_word' id='word_1_1054' title='bbox 3773 4633 3868 4691; x_wconf 67' lang='lat' dir='ltr'>tui,</span> 
     </span>
    </p>
   </div>
   <div class='ocr_carea' id='block_1_135' title="bbox 2274 4697 3868 4765">
    <p class='ocr_par' dir='ltr' id='par_1_135' title="bbox 2274 4697 3868 4765">
     <span class='ocr_line' id='line_1_135' title="bbox 2274 4697 3868 4765; baseline 0.003 -16"><span class='ocrx_word' id='word_1_1055' title='bbox 2274 4712 2374 4764; x_wconf 90' lang='lat' dir='ltr'>per</span> <span class='ocrx_word' id='word_1_1056' title='bbox 2402 4697 2733 4749; x_wconf 89' lang='lat' dir='ltr'>columnam</span> <span class='ocrx_word' id='word_1_1057' title='bbox 2745 4698 2918 4749; x_wconf 90' lang='lat' dir='ltr'>nubis</span> <span class='ocrx_word' id='word_1_1058' title='bbox 2936 4699 2995 4749; x_wconf 90' lang='lat' dir='ltr'>in</span> <span class='ocrx_word' id='word_1_1059' title='bbox 3010 4698 3120 4760; x_wconf 87' lang='lat' dir='ltr'>die,</span> <span class='ocrx_word' id='word_1_1060' title='bbox 3146 4703 3202 4751; x_wconf 91' lang='lat' dir='ltr'>et</span> <span class='ocrx_word' id='word_1_1061' title='bbox 3225 4713 3325 4764; x_wconf 88' lang='lat' dir='ltr'>per</span> <span class='ocrx_word' id='word_1_1062' title='bbox 3348 4701 3704 4764; x_wconf 88' lang='lat' dir='ltr'>splendorem</span> <span class='ocrx_word' id='word_1_1063' title='bbox 3722 4703 3868 4765; x_wconf 79' lang='lat' dir='ltr'>ignis</span> 
     </span>
    </p>
   </div>
   <div class='ocr_carea' id='block_1_136' title="bbox 2272 4769 3868 4835">
    <p class='ocr_par' dir='ltr' id='par_1_136' title="bbox 2272 4769 3868 4835">
     <span class='ocr_line' id='line_1_136' title="bbox 2272 4769 3868 4835; baseline 0.001 -11"><span class='ocrx_word' id='word_1_1064' title='bbox 2272 4783 2332 4833; x_wconf 79' lang='lat' dir='ltr'>in</span> <span class='ocrx_word' id='word_1_1065' title='bbox 2367 4777 2535 4823; x_wconf 91' lang='lat' dir='ltr'>nocte</span> <span class='ocrx_word' id='word_1_1066' title='bbox 2570 4771 2763 4834; x_wconf 69' lang='lat' dir='ltr'>(Exod,</span> <span class='ocrx_word' id='word_1_1067' title='bbox 2820 4769 2923 4832; x_wconf 83' lang='grc'>13.)</span> <span class='ocrx_word' id='word_1_1068' title='bbox 2975 4771 3111 4821; x_wconf 84' lang='lat' dir='ltr'>Cum</span> <span class='ocrx_word' id='word_1_1069' title='bbox 3156 4774 3509 4835; x_wconf 81' lang='lat' dir='ltr'>pertransires</span> <span class='ocrx_word' id='word_1_1070' title='bbox 3554 4775 3615 4823; x_wconf 75' lang='lat' dir='ltr'>in,</span> <span class='ocrx_word' id='word_1_1071' title='bbox 3657 4776 3868 4826; x_wconf 83' lang='lat' dir='ltr'>deserto.</span> 
     </span>
    </p>
   </div>
   <div class='ocr_carea' id='block_1_137' title="bbox 2274 4841 3506 4906">
    <p class='ocr_par' dir='ltr' id='par_1_137' title="bbox 2274 4841 3506 4906">
     <span class='ocr_line' id='line_1_137' title="bbox 2274 4841 3506 4906; baseline -0.001 -9"><span class='ocrx_word' id='word_1_1072' title='bbox 2274 4844 2551 4897; x_wconf 90' lang='lat' dir='ltr'>Ducendo</span> <span class='ocrx_word' id='word_1_1073' title='bbox 2577 4841 2852 4906; x_wconf 90' lang='lat' dir='ltr'>populum</span> <span class='ocrx_word' id='word_1_1074' title='bbox 2880 4846 3044 4893; x_wconf 89' lang='lat' dir='ltr'>tuum</span> <span class='ocrx_word' id='word_1_1075' title='bbox 3068 4855 3168 4906; x_wconf 88' lang='lat' dir='ltr'>per</span> <span class='ocrx_word' id='word_1_1076' title='bbox 3193 4845 3506 4896; x_wconf 87' lang='lat' dir='ltr'>desertum.</span> 
     </span>
    </p>
   </div>
   <div class='ocr_carea' id='block_1_138' title="bbox 2334 4915 3868 4971">
    <p class='ocr_par' dir='ltr' id='par_1_138' title="bbox 2334 4915 3868 4971">
     <span class='ocr_line' id='line_1_138' title="bbox 2334 4915 3868 4971; baseline 0.003 -5"><span class='ocrx_word' id='word_1_1077' title='bbox 2334 4917 2384 4971; x_wconf 90' lang='lat'>9.</span> <span class='ocrx_word' id='word_1_1078' title='bbox 2428 4916 2590 4964; x_wconf 85' lang='lat' dir='ltr'>Terra</span> <span class='ocrx_word' id='word_1_1079' title='bbox 2632 4918 2780 4963; x_wconf 86' lang='lat' dir='ltr'>mola</span> <span class='ocrx_word' id='word_1_1080' title='bbox 2823 4920 2910 4966; x_wconf 87' lang='lat' dir='ltr'>est.</span> <span class='ocrx_word' id='word_1_1081' title='bbox 2955 4915 3172 4967; x_wconf 91' lang='lat' dir='ltr'>Moveri</span> <span class='ocrx_word' id='word_1_1082' title='bbox 3196 4917 3349 4967; x_wconf 88' lang='lat' dir='ltr'>enim</span> <span class='ocrx_word' id='word_1_1083' title='bbox 3374 4917 3675 4970; x_wconf 88' lang='lat' dir='ltr'>videbatur</span> <span class='ocrx_word' id='word_1_1084' title='bbox 3707 4932 3868 4971; x_wconf 81' lang='lat' dir='ltr'>mons</span> 
     </span>
    </p>
   </div>
   <div class='ocr_carea' id='block_1_139' title="bbox 2275 4986 3866 5053">
    <p class='ocr_par' dir='ltr' id='par_1_139' title="bbox 2275 4986 3866 5053">
     <span class='ocr_line' id='line_1_139' title="bbox 2275 4986 3866 5053; baseline 0 -11"><span class='ocrx_word' id='word_1_1085' title='bbox 2275 4990 2425 5042; x_wconf 88' lang='lat' dir='ltr'>Sina.</span> <span class='ocrx_word' id='word_1_1086' title='bbox 2463 4986 2677 5036; x_wconf 80' lang='lat' dir='ltr'>Etenim</span> <span class='ocrx_word' id='word_1_1087' title='bbox 2705 4986 2816 5035; x_wconf 78' lang='lat' dir='ltr'>caeli</span> <span class='ocrx_word' id='word_1_1088' title='bbox 2849 4986 3245 5037; x_wconf 72' lang='lat' dir='ltr'>distillavernnt</span> <span class='ocrx_word' id='word_1_1089' title='bbox 3278 5001 3490 5040; x_wconf 90' lang='lat' dir='ltr'>manna</span> <span class='ocrx_word' id='word_1_1090' title='bbox 3513 4990 3708 5051; x_wconf 75' lang='lat' dir='ltr'>(Exod.</span> <span class='ocrx_word' id='word_1_1091' title='bbox 3741 4991 3866 5053; x_wconf 71' lang='lat'>16.).</span> 
     </span>
    </p>
   </div>
   <div class='ocr_carea' id='block_1_140' title="bbox 2273 5058 3866 5123">
    <p class='ocr_par' dir='ltr' id='par_1_140' title="bbox 2273 5058 3866 5123">
     <span class='ocr_line' id='line_1_140' title="bbox 2273 5058 3866 5123; baseline 0.003 -12"><span class='ocrx_word' id='word_1_1092' title='bbox 2273 5062 2317 5111; x_wconf 83' lang='grc' dir='ltr'><em>Α</em></span> <span class='ocrx_word' id='word_1_1093' title='bbox 2342 5058 2480 5123; x_wconf 73' lang='lat' dir='ltr'>facie</span> <span class='ocrx_word' id='word_1_1094' title='bbox 2497 5059 2592 5107; x_wconf 76' lang='lat' dir='ltr'>Dei</span> <span class='ocrx_word' id='word_1_1095' title='bbox 2617 5058 2799 5115; x_wconf 72' lang='lat' dir='ltr'>Sinai,</span> <span class='ocrx_word' id='word_1_1096' title='bbox 2824 5058 2990 5119; x_wconf 88' lang='lat' dir='ltr'>idest,</span> <span class='ocrx_word' id='word_1_1097' title='bbox 3009 5060 3439 5112; x_wconf 83' lang='lat' dir='ltr'>Deihabitantis</span> <span class='ocrx_word' id='word_1_1098' title='bbox 3462 5062 3523 5111; x_wconf 86' lang='lat' dir='ltr'>in</span> <span class='ocrx_word' id='word_1_1099' title='bbox 3542 5061 3635 5114; x_wconf 89' lang='lat' dir='ltr'>illo</span> <span class='ocrx_word' id='word_1_1100' title='bbox 3658 5067 3866 5116; x_wconf 82' lang='lat' dir='ltr'>monte.</span> 
     </span>
    </p>
   </div>
   <div class='ocr_carea' id='block_1_141' title="bbox 2274 5130 3866 5198">
    <p class='ocr_par' dir='ltr' id='par_1_141' title="bbox 2274 5130 3866 5198">
     <span class='ocr_line' id='line_1_141' title="bbox 2274 5130 3866 5198; baseline 0.003 -17"><span class='ocrx_word' id='word_1_1101' title='bbox 2274 5134 2317 5181; x_wconf 82' lang='grc' dir='ltr'><strong><em>Α</em></strong></span> <span class='ocrx_word' id='word_1_1102' title='bbox 2369 5132 2507 5195; x_wconf 80' lang='lat' dir='ltr'>facie</span> <span class='ocrx_word' id='word_1_1103' title='bbox 2552 5131 2648 5179; x_wconf 87' lang='lat' dir='ltr'>Dei</span> <span class='ocrx_word' id='word_1_1104' title='bbox 2692 5130 2874 5193; x_wconf 85' lang='lat' dir='ltr'>Israel,</span> <span class='ocrx_word' id='word_1_1105' title='bbox 2904 5131 3070 5190; x_wconf 90' lang='lat' dir='ltr'>idest,</span> <span class='ocrx_word' id='word_1_1106' title='bbox 3118 5133 3220 5183; x_wconf 88' lang='lat' dir='ltr'>Dei</span> <span class='ocrx_word' id='word_1_1107' title='bbox 3258 5134 3426 5196; x_wconf 90' lang='lat' dir='ltr'>cujus</span> <span class='ocrx_word' id='word_1_1108' title='bbox 3470 5139 3591 5185; x_wconf 90' lang='lat' dir='ltr'>erat</span> <span class='ocrx_word' id='word_1_1109' title='bbox 3630 5134 3866 5198; x_wconf 48' lang='lat' dir='ltr'>populus,</span> 
     </span>
    </p>
   </div>
   <div class='ocr_carea' id='block_1_142' title="bbox 2276 5202 3866 5271">
    <p class='ocr_par' dir='ltr' id='par_1_142' title="bbox 2276 5202 3866 5271">
     <span class='ocr_line' id='line_1_142' title="bbox 2276 5202 3866 5271; baseline 0.001 -17"><span class='ocrx_word' id='word_1_1110' title='bbox 2276 5202 2468 5255; x_wconf 88' lang='lat' dir='ltr'>Israel.</span> <span class='ocrx_word' id='word_1_1111' title='bbox 2488 5204 2574 5253; x_wconf 89' lang='lat' dir='ltr'>Tu</span> <span class='ocrx_word' id='word_1_1112' title='bbox 2597 5202 2694 5265; x_wconf 91' lang='lat' dir='ltr'>qui</span> <span class='ocrx_word' id='word_1_1113' title='bbox 2719 5205 2879 5253; x_wconf 87' lang='lat' dir='ltr'>tanta</span> <span class='ocrx_word' id='word_1_1114' title='bbox 2898 5203 3171 5255; x_wconf 89' lang='lat' dir='ltr'>miracula</span> <span class='ocrx_word' id='word_1_1115' title='bbox 3184 5208 3321 5256; x_wconf 92' lang='lat' dir='ltr'>tunc</span> <span class='ocrx_word' id='word_1_1116' title='bbox 3333 5206 3537 5271; x_wconf 85' lang='lat' dir='ltr'>fecisti,</span> <span class='ocrx_word' id='word_1_1117' title='bbox 3556 5206 3719 5258; x_wconf 86' lang='lat' dir='ltr'>facies</span> <span class='ocrx_word' id='word_1_1118' title='bbox 3736 5219 3866 5270; x_wconf 72' lang='lat' dir='ltr'>quo«</span> 
     </span>
    </p>
   </div>
   <div class='ocr_carea' id='block_1_143' title="bbox 2276 5274 3114 5339">
    <p class='ocr_par' dir='ltr' id='par_1_143' title="bbox 2276 5274 3114 5339">
     <span class='ocr_line' id='line_1_143' title="bbox 2276 5274 3114 5339; baseline 0.002 -14"><span class='ocrx_word' id='word_1_1119' title='bbox 2276 5288 2385 5339; x_wconf 83' lang='lat' dir='ltr'>que</span> <span class='ocrx_word' id='word_1_1120' title='bbox 2415 5274 2569 5339; x_wconf 91' lang='lat' dir='ltr'>quod</span> <span class='ocrx_word' id='word_1_1121' title='bbox 2593 5276 2967 5338; x_wconf 82' lang='lat' dir='ltr'>subjunctum</span> <span class='ocrx_word' id='word_1_1122' title='bbox 2988 5281 3079 5327; x_wconf 87' lang='lat' dir='ltr'>est,</span> <span class='ocrx_word' id='word_1_1123' title='bbox 3102 5291 3114 5327; x_wconf 76' lang='grc' dir='ltr'><strong>ε</strong></span> 
     </span>
    </p>
   </div>
   <div class='ocr_carea' id='block_1_144' title="bbox 2341 5346 3864 5412">
    <p class='ocr_par' dir='ltr' id='par_1_144' title="bbox 2341 5346 3864 5412">
     <span class='ocr_line' id='line_1_144' title="bbox 2341 5346 3864 5412; baseline -0.001 -15"><span class='ocrx_word' id='word_1_1124' title='bbox 2341 5346 2426 5401; x_wconf 84' lang='grc'>10.</span> <span class='ocrx_word' id='word_1_1125' title='bbox 2454 5346 2705 5396; x_wconf 82' lang='lat' dir='ltr'>Pluviam</span> <span class='ocrx_word' id='word_1_1126' title='bbox 2729 5348 3106 5396; x_wconf 76' lang='lat' dir='ltr'>valtmtariam</span> <span class='ocrx_word' id='word_1_1127' title='bbox 3133 5348 3445 5412; x_wconf 77' lang='lat' dir='ltr'>scgregabis.</span> <span class='ocrx_word' id='word_1_1128' title='bbox 3470 5350 3626 5412; x_wconf 83' lang='lat' dir='ltr'>Deus,</span> <span class='ocrx_word' id='word_1_1129' title='bbox 3654 5350 3864 5398; x_wconf 59' lang='lat' dir='ltr'>heredi-</span> 
     </span>
    </p>
   </div>
   <div class='ocr_carea' id='block_1_145' title="bbox 2280 5419 3864 5484">
    <p class='ocr_par' dir='ltr' id='par_1_145' title="bbox 2280 5419 3864 5484">
     <span class='ocr_line' id='line_1_145' title="bbox 2280 5419 3864 5484; baseline 0.003 -19"><span class='ocrx_word' id='word_1_1130' title='bbox 2280 5419 2375 5466; x_wconf 76' lang='lat' dir='ltr'>lati</span> <span class='ocrx_word' id='word_1_1131' title='bbox 2401 5424 2502 5466; x_wconf 69' lang='lat' dir='ltr'>tute</span> <span class='ocrx_word' id='word_1_1132' title='bbox 2546 5425 2591 5467; x_wconf 84' lang='lat' dir='ltr'>et</span> <span class='ocrx_word' id='word_1_1133' title='bbox 2628 5420 2912 5479; x_wconf 77' lang='lat' dir='ltr'>inﬁrmata</span> <span class='ocrx_word' id='word_1_1134' title='bbox 2937 5425 3023 5467; x_wconf 85' lang='lat' dir='ltr'>est.</span> <span class='ocrx_word' id='word_1_1135' title='bbox 3066 5421 3142 5467; x_wconf 81' lang='lat' dir='ltr'>Tu</span> <span class='ocrx_word' id='word_1_1136' title='bbox 3170 5436 3291 5467; x_wconf 79' lang='lat' dir='ltr'>vera</span> <span class='ocrx_word' id='word_1_1137' title='bbox 3312 5421 3578 5484; x_wconf 76' lang='lat' dir='ltr'>perfecisti</span> <span class='ocrx_word' id='word_1_1138' title='bbox 3599 5436 3731 5471; x_wconf 83' lang='lat' dir='ltr'>eam.</span> <span class='ocrx_word' id='word_1_1139' title='bbox 3769 5422 3864 5472; x_wconf 78' lang='lat' dir='ltr'>Sed</span> 
     </span>
    </p>
   </div>
   <div class='ocr_carea' id='block_1_146' title="bbox 2274 5490 3864 5553">
    <p class='ocr_par' dir='ltr' id='par_1_146' title="bbox 2274 5490 3864 5553">
     <span class='ocr_line' id='line_1_146' title="bbox 2274 5490 3864 5553; baseline 0.002 -14"><span class='ocrx_word' id='word_1_1140' title='bbox 2274 5490 2393 5553; x_wconf 90' lang='lat' dir='ltr'>jam</span> <span class='ocrx_word' id='word_1_1141' title='bbox 2419 5490 2823 5551; x_wconf 78' lang='lat' dir='ltr'>mystcriorum</span> <span class='ocrx_word' id='word_1_1142' title='bbox 2849 5496 3083 5553; x_wconf 83' lang='lat' dir='ltr'>secreta,</span> <span class='ocrx_word' id='word_1_1143' title='bbox 3111 5493 3355 5541; x_wconf 88' lang='lat' dir='ltr'>Domino</span> <span class='ocrx_word' id='word_1_1144' title='bbox 3382 5494 3670 5542; x_wconf 85' lang='lat' dir='ltr'>revelante</span> <span class='ocrx_word' id='word_1_1145' title='bbox 3692 5493 3864 5543; x_wconf 84' lang='lat' dir='ltr'>videa-</span> 
     </span>
    </p>
   </div>
   <div class='ocr_carea' id='block_1_147' title="bbox 2279 5562 3864 5627">
    <p class='ocr_par' dir='ltr' id='par_1_147' title="bbox 2279 5562 3864 5627">
     <span class='ocr_line' id='line_1_147' title="bbox 2279 5562 3864 5627; baseline 0.003 -18"><span class='ocrx_word' id='word_1_1146' title='bbox 2279 5574 2428 5610; x_wconf 87' lang='lat' dir='ltr'>mus.</span> <span class='ocrx_word' id='word_1_1147' title='bbox 2450 5562 2724 5621; x_wconf 68' lang='lat' dir='ltr'>Egressus</span> <span class='ocrx_word' id='word_1_1148' title='bbox 2754 5563 2880 5623; x_wconf 87' lang='lat' dir='ltr'>ejus</span> <span class='ocrx_word' id='word_1_1149' title='bbox 2905 5562 3261 5625; x_wconf 72' lang='lat' dir='ltr'>intelligitur,</span> <span class='ocrx_word' id='word_1_1150' title='bbox 3276 5576 3404 5612; x_wconf 93' lang='lat' dir='ltr'>cum</span> <span class='ocrx_word' id='word_1_1151' title='bbox 3419 5569 3652 5627; x_wconf 87' lang='lat' dir='ltr'>apparet</span> <span class='ocrx_word' id='word_1_1152' title='bbox 3674 5565 3729 5613; x_wconf 88' lang='lat' dir='ltr'>in</span> <span class='ocrx_word' id='word_1_1153' title='bbox 3754 5577 3864 5627; x_wconf 67' lang='lat' dir='ltr'>ope</span> 
     </span>
    </p>
   </div>
   <div class='ocr_carea' id='block_1_148' title="bbox 2277 5632 3861 5698">
    <p class='ocr_par' dir='ltr' id='par_1_148' title="bbox 2277 5632 3861 5698">
     <span class='ocr_line' id='line_1_148' title="bbox 2277 5632 3861 5698; baseline 0.001 -16"><span class='ocrx_word' id='word_1_1154' title='bbox 2277 5632 2437 5682; x_wconf 82' lang='lat' dir='ltr'>ribus</span> <span class='ocrx_word' id='word_1_1155' title='bbox 2463 5633 2601 5683; x_wconf 88' lang='lat' dir='ltr'>suis.</span> <span class='ocrx_word' id='word_1_1156' title='bbox 2630 5638 2885 5695; x_wconf 85' lang='lat' dir='ltr'>Apparet</span> <span class='ocrx_word' id='word_1_1157' title='bbox 2905 5638 3099 5683; x_wconf 89' lang='lat' dir='ltr'>autem</span> <span class='ocrx_word' id='word_1_1158' title='bbox 3126 5646 3243 5683; x_wconf 89' lang='lat' dir='ltr'>non</span> <span class='ocrx_word' id='word_1_1159' title='bbox 3267 5634 3557 5696; x_wconf 85' lang='lat' dir='ltr'>omnibus,</span> <span class='ocrx_word' id='word_1_1160' title='bbox 3578 5635 3861 5698; x_wconf 77' lang='lat' dir='ltr'>sedeisqui</span> 
     </span>
    </p>
   </div>
   <div class='ocr_carea' id='block_1_149' title="bbox 2277 5704 3862 5770">
    <p class='ocr_par' dir='ltr' id='par_1_149' title="bbox 2277 5704 3862 5770">
     <span class='ocr_line' id='line_1_149' title="bbox 2277 5704 3862 5770; baseline 0.001 -18"><span class='ocrx_word' id='word_1_1161' title='bbox 2277 5708 2568 5754; x_wconf 88' lang='lat' dir='ltr'>noverunt</span> <span class='ocrx_word' id='word_1_1162' title='bbox 2590 5717 2761 5767; x_wconf 83' lang='lat' dir='ltr'>opera</span> <span class='ocrx_word' id='word_1_1163' title='bbox 2785 5706 2831 5766; x_wconf 89' lang='lat' dir='ltr'>ej</span> <span class='ocrx_word' id='word_1_1164' title='bbox 2843 5704 3131 5755; x_wconf 81' lang='lat' dir='ltr'>usintueri</span> <span class='ocrx_word' id='word_1_1165' title='bbox 3167 5707 3289 5755; x_wconf 77' lang='lat' dir='ltr'>Non</span> <span class='ocrx_word' id='word_1_1166' title='bbox 3307 5707 3459 5756; x_wconf 84' lang='lat' dir='ltr'>enim</span> <span class='ocrx_word' id='word_1_1167' title='bbox 3476 5719 3543 5756; x_wconf 90' lang='lat' dir='ltr'>ea</span> <span class='ocrx_word' id='word_1_1168' title='bbox 3558 5719 3723 5770; x_wconf 89' lang='lat' dir='ltr'>opera</span> <span class='ocrx_word' id='word_1_1169' title='bbox 3743 5723 3862 5754; x_wconf 82' lang='lat' dir='ltr'>nunc</span> 
     </span>
    </p>
   </div>
   <div class='ocr_carea' id='block_1_150' title="bbox 2277 5774 3862 5839">
    <p class='ocr_par' dir='ltr' id='par_1_150' title="bbox 2277 5774 3862 5839">
     <span class='ocr_line' id='line_1_150' title="bbox 2277 5774 3862 5839; baseline 0.004 -15"><span class='ocrx_word' id='word_1_1170' title='bbox 2277 5774 2421 5831; x_wconf 80' lang='lat' dir='ltr'>dico,</span> <span class='ocrx_word' id='word_1_1171' title='bbox 2440 5788 2571 5838; x_wconf 61' lang='lat' dir='ltr'>quae</span> <span class='ocrx_word' id='word_1_1172' title='bbox 2595 5777 2905 5839; x_wconf 80' lang='lat' dir='ltr'>conspicua</span> <span class='ocrx_word' id='word_1_1173' title='bbox 2921 5781 3058 5827; x_wconf 87' lang='lat' dir='ltr'>sunt</span> <span class='ocrx_word' id='word_1_1174' title='bbox 3080 5778 3365 5838; x_wconf 90' lang='lat' dir='ltr'>omnibus,</span> <span class='ocrx_word' id='word_1_1175' title='bbox 3399 5778 3506 5828; x_wconf 87' lang='lat' dir='ltr'>hoc</span> <span class='ocrx_word' id='word_1_1176' title='bbox 3531 5780 3862 5833; x_wconf 59' lang='lat' dir='ltr'>est.caalum.</span> 
     </span>
    </p>
   </div>
   <div class='ocr_carea' id='block_1_151' title="bbox 2278 5847 3862 5912">
    <p class='ocr_par' dir='ltr' id='par_1_151' title="bbox 2278 5847 3862 5912">
     <span class='ocr_line' id='line_1_151' title="bbox 2278 5847 3862 5912; baseline 0.003 -16"><span class='ocrx_word' id='word_1_1177' title='bbox 2278 5850 2508 5906; x_wconf 89' lang='lat' dir='ltr'>terram,</span> <span class='ocrx_word' id='word_1_1178' title='bbox 2554 5860 2733 5910; x_wconf 89' lang='lat' dir='ltr'>mare,</span> <span class='ocrx_word' id='word_1_1179' title='bbox 2779 5851 2838 5899; x_wconf 93' lang='lat' dir='ltr'>et</span> <span class='ocrx_word' id='word_1_1180' title='bbox 2878 5847 3151 5901; x_wconf 87' lang='lat' dir='ltr'>universa</span> <span class='ocrx_word' id='word_1_1181' title='bbox 3195 5860 3330 5912; x_wconf 68' lang='lat' dir='ltr'>quae</span> <span class='ocrx_word' id='word_1_1182' title='bbox 3360 5848 3422 5901; x_wconf 91' lang='lat' dir='ltr'>in</span> <span class='ocrx_word' id='word_1_1183' title='bbox 3466 5850 3547 5901; x_wconf 89' lang='lat' dir='ltr'>eis</span> <span class='ocrx_word' id='word_1_1184' title='bbox 3578 5853 3731 5902; x_wconf 91' lang='lat' dir='ltr'>sunt.</span> <span class='ocrx_word' id='word_1_1185' title='bbox 3768 5851 3862 5901; x_wconf 87' lang='lat' dir='ltr'>Sed</span> 
     </span>
    </p>
   </div>
   <div class='ocr_carea' id='block_1_152' title="bbox 652 5985 2652 6054">
    <p class='ocr_par' dir='ltr' id='par_1_152' title="bbox 652 5985 2652 6054">
     <span class='ocr_line' id='line_1_152' title="bbox 652 5985 2652 6054; baseline -0.004 -9"><span class='ocrx_word' id='word_1_1186' title='bbox 652 6002 668 6022; x_wconf 92' lang='grc'><strong>·</strong></span> <span class='ocrx_word' id='word_1_1187' title='bbox 705 5991 833 6045; x_wconf 80' lang='lat' dir='ltr'>Alio</span> <span class='ocrx_word' id='word_1_1188' title='bbox 853 5995 911 6044; x_wconf 87' lang='lat' dir='ltr'>et</span> <span class='ocrx_word' id='word_1_1189' title='bbox 932 5990 1154 6044; x_wconf 85' lang='lat' dir='ltr'>veriore</span> <span class='ocrx_word' id='word_1_1190' title='bbox 1175 6001 1353 6043; x_wconf 87' lang='lat' dir='ltr'>sensu</span> <span class='ocrx_word' id='word_1_1191' title='bbox 1374 5999 1555 6053; x_wconf 89' lang='lat' dir='ltr'>penes</span> <span class='ocrx_word' id='word_1_1192' title='bbox 1576 5985 1907 6051; x_wconf 65' lang='lat' dir='ltr'>Augustin,</span> <span class='ocrx_word' id='word_1_1193' title='bbox 1930 5987 1993 6037; x_wconf 86' lang='lat' dir='ltr'>in</span> <span class='ocrx_word' id='word_1_1194' title='bbox 2019 5988 2334 6054; x_wconf 78' lang='lat' dir='ltr'>paenitentiae</span> <span class='ocrx_word' id='word_1_1195' title='bbox 2364 5986 2652 6053; x_wconf 82' lang='lat' dir='ltr'>lacr-ymas.</span> 
     </span>
    </p>
   </div>
  </div>
