3884 6410
22 537 213 611 opera
236 527 457 592 quibus
472 531 666 611 educit
678 534 740 611 in
756 535 1087 611 fortitudine
1103 546 1459 611 compeditos
1479 566 1489 598 :
1509 551 1646 599 siml-

18 596 167 681 liter
181 609 627 681 enasperantes,
647 607 744 681 qui
759 608 1023 665 habitant
1038 613 1099 666 in
1116 596 1647 681 sepdlcrist'et‘ttmit

19 676 550 757 eosAuniusinoris
573 677 633 728 in
664 677 854 757 domo.
881 683 971 735 Sic
993 676 1320 750 egredietur
1342 704 1531 743 coram
1556 706 1647 757 po-

17 738 333 829 Rulo‘suo,
354 744 530 829 idest,
557 760 760 828 coram
795 753 896 829 eis,
925 738 1644 829 quiuistamvgra'tiamwcﬁi's

14 812 391 891 intelligunt.
427 817 684 884 Denique
710 812 990 891 sequitur,
1030 829 1172 879 Dum
1203 812 1643 885 ινῖληεὶὴέῆτῗίιὲῖ

10 888 186 968 serto,
233 890 387 970 terra.
410 895 558 970 :nota
592 897 679 970 est.
708 888 1015 949 Desertum
1039 906 1202 953 erant
1238 904 1469 965 Gentes,
1508 919 1641 970 quae

10 959 389 1038 ignorabant
413 964 613 1016 Deum.
640 968 946 1022 Desertum
978 979 1119 1038 erat,
1146 976 1245 1027 ubi
1271 977 1364 1029 lex
1385 959 1544 1031 nulla
1566 981 1640 1031 ab

10 1032 461 1114 igsoﬁDeo'data
475 1040 613 1114 erat.
631 1038 728 1089 ubi
744 1040 883 1091 nulli
903 1032 1202 1107 Prophetas
1222 1047 1638 1114 habitaverant,

11 1102 122 1184 ui
138 1102 466 1184 Dominum
480 1112 789 1184 venturum
802 1125 934 1165 esse
947 1102 1347 1179 praedixerant.
1371 1121 1504 1171 Cum
1523 1102 1638 1183 ergd

10 1176 301 1254 transiret:
317 1176 391 1254 in
413 1179 629 1231 deserto.
654 1182 797 1235 Cum
821 1176 1211 1248 praedicareris
1244 1190 1305 1242 in
1336 1176 1636 1254 Gentibus,

10 1247 175 1316 terra
207 1253 364 1298 mota
397 1256 467 1299 est
488 1268 499 1299 :
540 1254 749 1305 terreni
786 1247 1052 1319 homines
1091 1261 1162 1311 ad
1200 1261 1374 1314 ﬁdem
1406 1247 1638 1318 excitati

9 1321 188 1374 sunt.
210 1319 327 1371 Sed
344 1322 501 1375 unde
517 1330 674 1376 mota
688 1332 777 1379 est
794 1332 817 1378 Ρ
831 1329 1047 1380 Elcnim
1063 1332 1173 1382 cwli
1190 1334 1585 1385 distillaverunt
1601 1354 1636 1386 α

3 1387 166 1450 facie
181 1390 296 1471 Dei
306 1392 486 1448 Sinai.
506 1398 732 1471 Etenim
750 1404 817 1451 ut
833 1405 980 1454 terra
998 1409 1153 1455 mota
1176 1411 1328 1458 esset
1344 1408 1416 1459 ad
1440 1408 1633 1471 ﬁdem,

3 1472 164 1543 cum
263 1464 494 1519 deserto
513 1469 784 1543 Gentium
802 1475 1073 1528 transiret
1096 1478 1496 1543 Evangelium,
1523 1462 1634 1530 caeli

13 1531 469 1613 distillavcrunt
490 1551 524 1589 a
547 1540 688 1593 facie
703 1544 825 1595 Dei.
845 1546 915 1596 Ili
938 1553 1075 1598 sunt
1097 1547 1223 1601 cali
1245 1531 1316 1601 de
1342 1531 1551 1613 quibus
1575 1552 1633 1603 in

11 1601 141 1684 alio
169 1607 412 1684 psalmo
444 1616 746 1684 cantatur:
787 1616 921 1667 Caeli
958 1626 1228 1671 enarrant
1254 1601 1496 1684 gloriam
1532 1601 1635 1675 Dei

33 1674 199 1759 Psal.
226 1677 456 1759 18.)._De
482 1682 571 1733 his
597 1684 804 1750 quippe
828 1688 995 1751 paulo
1020 1698 1150 1754 post
1175 1674 1634 1759 ibiydicitur,non

11 1750 170 1800 sunt
184 1748 437 1815 loquelae
454 1767 641 1818 neque
658 1748 955 1811 sermones
972 1748 1218 1824 quorum
1234 1776 1351 1815 non
1363 1748 1634 1815 audiuntur

6 1833 203 1898 voces
242 1836 460 1898 eorum.
494 1828 618 1898 Non
651 1833 847 1881 autem
881 1832 1005 1883 caeli
1028 1845 1062 1883 a
1098 1834 1301 1898 suipsis
1326 1835 1634 1889 distillave-

1 1895 161 1961 runt
186 1907 220 1967 εΔ
242 1893 346 1945 sed
368 1907 403 1946 a
434 1895 576 1949 facie
600 1899 703 1951 Dei
728 1901 900 1965 Sinai,
926 1902 1095 1967 idest,
1123 1893 1224 1956 Dei
1254 1905 1628 1960 inhabitantis

2 1976 138 2039 eos,
174 1964 331 2039 sicut
359 1967 580 2020 habitat
601 1969 655 2021 in
681 1977 877 2024 monte
918 1964 1215 2039 Sinajlpsi
1241 1983 1379 2030 sunt
1401 1985 1628 2032 montes

1 2036 81 2086 de
109 2036 339 2098 quibus
372 2039 611 2091 dicitur:
651 2044 861 2095 Levavi
895 2046 1091 2098 oculos
1122 2036 1285 2099 meos
1320 2049 1380 2101 in
1406 2057 1632 2104 montes

2 2106 187 2167 (Psal.
222 2106 389 2171 120.).
423 2112 493 2161 Et
512 2111 759 2164 iterum:
790 2115 1131 2169 Illuminans
1159 2123 1220 2170 tu
1236 2120 1569 2175 mirabiliter
1600 2136 1634 2176 a

7 2178 334 2253 montibus
364 2183 596 2236 aeternis
638 2185 795 2248 (Psal.
844 2186 967 2251 75.).
1001 2190 1070 2241 Et
1101 2190 1225 2253 ipse
1263 2197 1351 2243 est
1373 2194 1523 2245 Deus
1548 2197 1632 2245 is-

9 2250 166 2312 rael,
191 2250 367 2315 idest,
385 2254 578 2316 populi
596 2254 848 2309 videntis
880 2250 1081 2311 Deum.
1107 2250 1175 2313 Et
1199 2262 1350 2315 sicut
1371 2265 1496 2315 caeli
1522 2266 1633 2316 dis~

9 2320 362 2398 tillaverunt
383 2336 595 2398 manna
618 2328 812 2388 (Exod.
842 2328 965 2393 16.),
990 2331 1069 2382 sic
1109 2336 1170 2382 tu
1204 2334 1356 2384 Deus
1383 2336 1628 2398 pluviam

0 2391 622 2468 \;ol_untariam_,idest,
663 2391 975 2462 gratuitam
999 2402 1263 2466 gratiam,
1295 2391 1626 2468 segregabis

7 2462 59 2533 3
73 2462 133 2530 3
148 2463 199 2531 2
229 2464 554 2518 haereditati
577 2473 707 2532 tuae,
728 2470 893 2531 idest,
910 2462 1259 2537 segregatim
1273 2462 1437 2527 dabis
1463 2462 1628 2528 Eccle-

22 2540 119 2592 jae
143 2541 285 2587 tuae.
306 2537 503 2588 Pluvia
526 2538 846 2593 voluntaria
870 2544 1074 2595 merito
1096 2547 1281 2609 gratia
1304 2548 1405 2599 Dei
1427 2549 1627 2601 intelli-

0 2609 195 2681 gitur,
211 2608 361 2681 quia
382 2608 552 2660 nullis
568 2613 1030 2676 praecedentibus
1057 2608 1294 2679 meritis,
1323 2621 1501 2681 gratis
1524 2622 1626 2673 da-

1 2687 122 2757 tur.
164 2680 221 2729 Si
244 2680 400 2757 enim
427 2683 728 2757 gratia(Em
749 2688 1094 2750 Augustino),
1114 2689 1236 2753 jam
1259 2680 1376 2743 non
1400 2706 1473 2744 ex
1496 2706 1626 2757 ope-

0 2752 180 2829 ribus
201 2766 213 2801 :
232 2750 820 2829 alioquingratiajam
836 2770 953 2809 non
976 2766 1067 2810 est
1081 2750 1265 2823 gratia
1287 2762 1474 2826 (Rom).
1495 2750 1621 2829 11.).

0 2824 155 2873 Haec
192 2820 388 2885 pluvia
418 2823 743 2878 voluntaria
766 2832 967 2891 genuit
998 2820 1109 2882 nos
1139 2820 1312 2885 verbo
1343 2820 1618 2888 veritatis.

0 2895 180 2944 Hanc
204 2893 458 2958 pluviam
480 2903 804 2963 segregavit
826 2902 983 2952 Deus
1011 2904 1333 2957 heereditati
1374 2920 1515 2959 suae.
1555 2910 1621 2958 Et

4 2966 308 3044 inﬁrmata
330 2973 417 3019 est.
438 2973 691 3044 Agnovit
713 2974 868 3024 enim
897 2987 1017 3025 non
1035 2987 1096 3027 se
1122 2990 1249 3027 esse
1273 2978 1489 3041 aliquid
1523 2993 1622 3044 per

14 3038 292 3102 :eipsam,
320 3051 437 3090 non
464 3042 681 3094 viribus
708 3045 847 3108 suis,
876 3046 975 3096 sed
1011 3047 1211 3109 gratiae
1236 3051 1336 3101 Dei
1368 3038 1619 3103 tribuen-

45 3122 153 3160 um
179 3121 315 3162 esse
353 3113 506 3174 quod
538 3119 644 3165 est.
684 3117 937 3179 Agnovit
971 3119 1123 3180 quod
1148 3120 1362 3172 dictum
1390 3129 1511 3174 est:
1553 3126 1618 3175 In

48 3182 455 3252 girmitatibus
490 3185 632 3236 meis
677 3186 960 3250 gloriabor
1000 3189 1066 3251 (2.
1097 3191 1218 3242 Cur.
1256 3191 1382 3251 12.).
1410 3196 1477 3246 Et
1512 3195 1613 3246 ile-

36 3266 143 3330 ..ω
174 3270 185 3300 :
213 3252 341 3330 Noli
375 3253 555 3330 altu_m
590 3269 806 3321 sapere,
838 3260 937 3310 sed
966 3262 1103 3312 time
1128 3263 1279 3323 (Rom
1330 3264 1455 3326 11.).
1486 3269 1617 3330 Ipsa

1032 430 1107 480 IN
1141 430 1466 489 PSALMOS
1502 436 1712 491 LXXV
1743 438 2328 497 COMMENTARIUS.

3244 451 3352 510 914

1673 555 1727 627 Α
1755 564 1888 627 qum
1920 558 2011 606 est
2039 555 2102 607 in
2138 558 2360 611 Christo
2395 561 2536 612 Jesu
2561 562 2728 626 (Rom.
2761 562 2853 627 8.).
2887 563 3031 626 Quia
3066 563 3348 618 Dominus

1754 624 1913 676 dabit
1935 628 2179 681 Verbum
2210 624 2753 695 evangelizantibus.

1810 695 1896 769 13.
1921 699 2032 748 Rex
2049 701 2299 751 virtutem
2336 704 2510 753 dilecti
2534 703 2729 769 dilecti,
2765 705 2932 766 idest,
2966 708 3123 758 Deus
3159 709 3343 769 Pater,

1744 768 1843 829 qui
1866 774 1956 820 est
1980 772 2102 822 Rex
2126 773 2423 826 virtutum.
2448 777 2588 835 Quae
2612 768 2859 828 virtutes
2887 782 3027 829 sunt
3051 777 3228 827 dilecti
3257 768 3348 827 di;

1744 837 1877 913 lecti,
1905 841 2072 903 idest,
2098 842 2222 895 Filii
2246 847 2351 897 sui.
2381 848 2636 899 Dilectus
2663 848 2818 899 enim
2843 849 3074 911 quando
3099 862 3217 901 non
3241 862 3341 913 po-

1744 910 1903 963 nitur
1918 914 2049 976 quis
2070 914 2332 980 dilectus,
2348 920 2809 970 antonomastice
2835 910 3013 971 Filius
3033 910 3346 972 unicus—in-

1747 980 2035 1045 telligitur.
2071 987 2231 1046 Quod
2269 993 2473 1041 autum
2518 990 2657 1041 dicit
2690 990 2877 1040 Dilecti
2914 990 3105 1051 dilecti,
3150 991 3345 1051 ipsum

1742 1065 1955 1106 nomen
1980 1057 2215 1120 replicat
2234 1058 2360 1111 loco
2386 1061 2739 1124 pronominis
2766 1077 2777 1111 :
2810 1074 2874 1112 ac
2899 1062 2948 1112 si
2973 1061 3125 1113 dicat
3149 1061 3342 1114 dilecti

1739 1125 1846 1175 sui.
1875 1126 2025 1177 Talis
2047 1127 2259 1181 locutio
2282 1131 2343 1182 in
2367 1132 2656 1196 Scriptura
2688 1132 2883 1184 divina
2906 1132 3235 1197 frequenter
3252 1133 3343 1185 in-

1740 1198 1987 1260 venitur,
2012 1204 2079 1251 ut
2111 1203 2198 1252 est
2233 1202 2371 1253 illud
2407 1219 2421 1256 :
2452 1205 2609 1255 Fecit
2633 1205 2861 1267 Moyses
2887 1206 3035 1258 sicut
3067 1204 3341 1269 praecepit

1736 1269 2019 1321 Dominus
2044 1273 2223 1337 Moysi
2259 1274 2454 1335 (Exod.
2487 1274 2616 1338 39.),
2652 1275 2821 1336 idest,
2849 1276 2957 1327 sibi
2982 1291 2994 1325 :
3021 1276 3113 1327 vel
3138 1276 3216 1326 ita
3239 1289 3338 1339 po-

1735 1343 1850 1391 test
1877 1340 2027 1405 legi:
2064 1346 2151 1396 Tu
2183 1345 2327 1396 dicis
2364 1351 2592 1407 vrlutem
2633 1346 2809 1396 dilecti
2838 1363 2849 1397 :
2891 1348 3073 1412 Cujus
3109 1346 3343 1398 dilecti?

1734 1412 1984 1475 omnino,
2009 1415 2214 1479 inquit,
2239 1421 2296 1469 et
2326 1431 2498 1481 super
2529 1418 2724 1470 omnia
2755 1431 3098 1483 semperque
3128 1419 3339 1471 dilecti.

1740 1483 1822 1535 De
1859 1497 1971 1548 quo
2009 1485 2146 1538 dicit
2177 1488 2300 1552 ipse
2339 1490 2539 1541 Pater:
2573 1490 2678 1541 Hic
2715 1492 2804 1541 est
2825 1491 3003 1542 Filius
3040 1503 3208 1541 meus
3252 1489 3334 1541 di-

1736 1552 1940 1619 lectus,
1967 1556 2019 1607 in
2047 1571 2160 1620 quo
2181 1559 2325 1610 mihi
2349 1560 2492 1612 bene
2516 1560 2838 1624 complacui
2863 1562 3073 1623 (Matth.
3100 1560 3134 1615 3
3164 1567 3209 1609 et
3232 1560 3299 1614 17
3326 1573 3339 1621 ;

1736 1625 1861 1677 Luc.
1889 1625 1979 1690 3.).
2007 1630 2193 1692 Hujus
2216 1631 2448 1694 quidem
2473 1631 2663 1684 dilecti
2690 1635 2827 1684 sunt
2847 1633 3092 1684 virtutes
3116 1645 3336 1683 omnes.

1737 1697 1805 1747 Et
1828 1698 1949 1761 ipse
1974 1705 2065 1751 est
2082 1702 2185 1753 Dei
2211 1702 2395 1754 virtus
2415 1706 2473 1755 et
2497 1704 2776 1769 sapientia
2801 1703 2870 1766 (1.
2897 1704 3015 1754 Cor.
3044 1703 3133 1767 1.).
3159 1701 3334 1769 333

1735 1769 1803 1819 Et
1827 1770 2090 1833 quisquis
2126 1773 2289 1825 fortis
2318 1779 2423 1836 est,
2456 1788 2557 1838 per
2582 1776 2871 1827 Christum
2899 1779 2987 1826 est
3021 1774 3202 1826 fortis.
3229 1774 3339 1825 Sed

1733 1840 1867 1902 quia
1891 1842 2069 1894 Filius
2094 1844 2237 1895 nihil
2274 1845 2447 1898 habet
2484 1859 2519 1897 a
2556 1859 2638 1909 se,
2662 1847 2773 1898 nisi
2806 1859 2841 1897 a
2874 1849 3037 1897 Patre
3063 1846 3240 1908 (Joan.
3282 1843 3333 1899 8.

1654 1927 1709 2001 B
1736 1911 2281 2001 irritatam?
2306 1918 2481 2001 Pete.
2498 1920 2664 1998 Peter
2693 1930 2798 2001 rex
2824 1916 3337 2001 scurrilitates

1735 1983 1920 2035 dilecti
1946 1984 2069 2036 Filii
2095 1987 2203 2038 sui.
2230 1988 2329 2038 Cui
2354 1988 2492 2038 dicit
2525 1983 2650 2052 ipse
2673 1988 2948 2039 dilectus:
2975 1988 3187 2039 Omnia
3207 1999 3337 2038 mea

1734 2057 1834 2106 tua
1864 2060 2004 2107 sunt
2026 2058 2206 2119 (Joan.
2235 2058 2364 2117 17.).
2390 2061 2460 2111 Et
2487 2060 2695 2111 iterum
2722 2073 2734 2106 :
2759 2072 2868 2122 ego
2891 2071 2925 2110 a
2946 2072 3041 2111 me
3065 2058 3209 2111 facio
3242 2058 3331 2109 ni—

1730 2125 1827 2176 hil.
1854 2129 2019 2177 Pater
2040 2140 2206 2179 meus
2239 2141 2428 2192 usque
2460 2129 2635 2181 modo
2672 2134 2955 2192 operatur,
2992 2133 3050 2180 et
3072 2142 3178 2194 ego
3201 2142 3336 2192 ope-

1729 2208 1823 2246 ror
1844 2196 2020 2257 (Joan.
2057 2198 2147 2261 6.).
2175 2200 2314 2249 Cum
2353 2199 2548 2263 itaque
2579 2200 2843 2260 dixisset,
2867 2200 3151 2251 Dominus
3176 2199 3335 2252 dabit

1729 2267 1971 2318 verbum
1995 2269 2530 2333 evangelizantibus
2556 2271 2768 2323 virtute
2798 2270 2984 2322 multa
3010 2285 3021 2319 :
3049 2271 3186 2334 quia
3205 2271 3333 2335 ipsa

1727 2339 1915 2390 virtus
1937 2340 2010 2391 ab
2027 2353 2093 2391 eo
2110 2342 2344 2405 regitur.
2372 2343 2541 2405 eique
2560 2342 2769 2394 militat
2793 2354 2827 2393 a
2849 2354 2962 2404 quo
2987 2342 3174 2393 datur.
3201 2344 3331 2406 Ipse

1728 2411 1948 2473 (inquit)
1972 2412 2252 2464 Dominus
2274 2419 2364 2465 est
2385 2430 2483 2463 rex
2505 2416 2770 2464 virtutum
2795 2413 2988 2476 dilecti,
3017 2412 3224 2465 deinde
3249 2420 3333 2465 Se-

1725 2482 1953 2545 quitur:
1993 2484 2061 2533 El
2086 2485 2275 2548 speciei
2298 2486 2490 2534 domus
2521 2487 2756 2534 dividere
2790 2484 2983 2549 spolia.
3019 2486 3103 2536 Ac
3136 2484 3184 2536 si
3211 2484 3331 2547 (Ex

1724 2554 2051 2617 Augustino)
2085 2555 2374 2608 diceretur
2408 2572 2419 2605 :
2462 2556 2665 2607 Dilecti
2707 2556 2882 2607 etiam
2918 2554 3146 2615 Christi,
3186 2554 3330 2607 divi-

1724 2624 1913 2676 dendo
1962 2626 2159 2689 spolia.
2204 2628 2534 2691 Speciosam
2579 2627 2793 2691 quippe
2834 2626 3093 2688 domum,
3126 2625 3186 2677 id
3220 2631 3327 2678 est.

1726 2696 2039 2749 Ecciesiam
2067 2698 2328 2750 Christus
2350 2699 2486 2751 fecit
2515 2698 2821 2751 dividendo
2844 2697 2926 2749 illi
2950 2696 3150 2761 spolia,
3175 2697 3329 2750 sicut

1722 2769 2049 2829 speciosum
2092 2773 2181 2820 est
2220 2783 2432 2829 corpus
2466 2770 2868 2821 distributione
2912 2770 3322 2821 membrorum.

1721 2838 1910 2902 Spolia
1925 2852 2090 2904 porro
2117 2841 2407 2907 dicuntur,
2425 2854 2559 2905 quae
2574 2841 2740 2893 victis
2765 2841 3033 2892 hostibus
3057 2843 3327 2889 detrahun-

1722 2914 1831 2960 tur.
1858 2913 1980 2962 Hoc
1997 2912 2135 2974 quid
2154 2913 2245 2971 sit,
2270 2912 2647 2975 Evangelium
2672 2925 2780 2963 nos
2806 2911 3095 2971 admonet,
3122 2911 3222 2962 ubi
3244 2911 3326 2962 le-

1719 2980 1911 3043 gimus
1936 2996 1947 3030 :
1974 2982 2116 3033 Cum
2141 2983 2306 3033 fortis
2330 2988 2589 3034 armatus
2621 2981 2871 3033 custodit
2892 2982 3104 3032 atrium
3129 2993 3321 3044 suum,

1717 3051 1776 3103 in
1800 3065 1939 3116 pace
1968 3059 2106 3105 sunt
2137 3066 2204 3105 ea
2240 3067 2372 3117 quae
2411 3054 2680 3117 possidet.
2723 3054 2778 3105 Si
2800 3057 2996 3105 autem
3034 3052 3231 3104 fortior
3255 3064 3321 3103 eo

1718 3125 2132 3187 superveniens
2162 3126 2360 3177 vicerit
2375 3139 2527 3187 eum,
2552 3125 2822 3177 universa
2844 3136 3004 3175 arma
3022 3124 3240 3176 auferet
3262 3124 3321 3175 in

1719 3196 1926 3257 quibus
1949 3196 2288 3256 conﬁdebat,
2314 3202 2371 3249 et
2393 3198 2571 3262 spolia
2586 3198 2711 3261 ejus
2729 3198 2993 3245 distribuat
3019 3196 3159 3259 (Luc.
3188 3194 3316 3259 11.).

1717 3268 1901 3318 Fortis
1925 3272 2183 3319 armatus
2200 3268 2463 3320 diabolus
2486 3273 2592 3329 est,
2613 3267 2877 3330 quihunc
2901 3267 3180 3318 mundum
3198 3281 3315 3327 pos-

62 3322 309 3417 ;irmata
331 3329 436 3376 est.
470 3327 554 3417 Ia
566 3344 702 3417 ‘vero‘
735 3330 997 3417 aer/ecift‘i
1019 3348 1157 3417 eam,
1181 3334 1316 3396 quia
1351 3322 1535 3417 virtus
1557 3337 1617 3388 in
1642 3342 1690 3417 ρ
1720 3338 1959 3417 sidebet.
1981 3339 2090 3389 Sed
2105 3339 2362 3417 Christus
2377 3353 2452 3417 eo
2471 3322 2662 3417 fortior
2685 3338 3100 3417 superveniens
3125 3322 3315 3402 ipsum

48 3396 349 3471 .3irmita_te
367 3398 655 3471 perﬁcitur
669 3400 720 3456 2.
739 3402 858 3452 Cor.
877 3401 1003 3467 12.).
1028 3405 1323 3458 Inﬁrmata
1345 3411 1434 3459 est
1458 3409 1515 3459 in
1535 3423 1614 3471 se,

28 3466 88 3534 λζ,
97 3466 437 3534 perﬁciatur
459 3469 520 3521 in
548 3475 621 3524 te.

42 3516 934 3605 .7InimdlidiudVhabilabmtl
960 3547 1020 3596 in
1043 3563 1121 3597 ca.
1148 3551 1214 3600 In
1235 3550 1345 3601 hac
1378 3551 1617 3605 haeredi-

22 3596 125 3677 u‘te
150 3611 424 3664 animalia
439 3613 781 3676 inhabitant,
809 3617 945 3680 quia
966 3596 1118 3671 inter

30 3686 157 3752 41m
172 3684 351 3735 mites
368 3688 723 3739 etmansueti
744 3690 970 3751 (quibus
982 3693 1002 3754 j
1014 3706 1188 3756 ugum
1206 3694 1305 3744 Dei
1326 3708 1505 3747 suave
1521 3703 1613 3755 est,

10 3782 57 3810 ,υ
96 3768 256 3807 onus
279 3757 408 3820 ejus
433 3758 559 3810 leve
587 3759 603 3823 [
628 3760 821 3811 Matth.
849 3760 932 3816 11.
963 3762 977 3826 ]
1007 3763 1020 3827 )
1060 3764 1348 3817 humiliter
1369 3767 1613 3818 videndo

0 3834 405 3901 perseverant.
439 3829 577 3881 Sive
601 3832 875 3883 animalia
889 3834 987 3882 Dei
1006 3837 1284 3887 Doctores
1309 3842 1367 3888 et
1393 3838 1611 3901 praelati

4 3900 286 3968 'icclesiw
298 3906 549 3964 possunt
570 3902 830 3968 intelligi,
856 3905 1030 3968 quiin
1053 3907 1162 3958 hac
1185 3900 1520 3961 haereditate
1534 3910 1616 3960 in-

2 3966 279 4043 fgbitant
297 3988 309 4021 :
328 3977 500 4036 atque
525 3988 696 4039 super
721 3966 782 4027 se
804 3966 1045 4028 aliorum
1071 3992 1243 4029 onera
1265 3983 1612 4041 compatiendo

40 4049 260 4101 .rtant.
278 4045 363 4095 Ibi
379 4044 684 4110 Scripturis
702 4048 881 4100 sacris
897 4053 1194 4113 tamquam
1213 4052 1366 4103 faeno
1383 4053 1536 4114 quod
1556 4055 1611 4102 in

0 4108 297 4181 :fpirituali
316 4108 667 4182 nutriuntur,
683 4125 740 4171 et
755 4120 970 4173 caelesti
990 4108 1143 4174 fonte
1162 4108 1477 4187 sanctoque
1500 4127 1610 4185 Spi-

0 4190 114 4240 ritu
138 4188 505 4260 imbuuntur.
524 4192 753 4243 Etbene
778 4205 904 4243 cum
923 4193 1021 4257 ait,
1047 4195 1351 4260 Animalia,
1377 4196 1613 4259 subjun-

0 4262 103 4323 xit,
146 4259 282 4319 Tua,
301 4259 471 4324 idest,
499 4262 599 4312 tibi
617 4263 866 4320 subdita.
890 4276 1007 4315 non
1034 4265 1142 4316 sibi
1166 4259 1362 4317 libera.
1388 4268 1456 4317 Et
1482 4270 1611 4316 hanc

16 4330 265 4406 iluviam
280 4331 502 4406 Parasti
519 4334 581 4382 in
602 4334 883 4385 dulcedine
908 4343 1002 4385 tua
1014 4340 1270 4401 pauperi,
1296 4338 1449 4388 Deus.
1477 4341 1610 4390 Gra-

19 4404 147 4477 iam
167 4412 329 4456 tuam
351 4404 557 4458 humili
574 4408 885 4472 contulisti,
900 4422 1018 4461 non
1033 4422 1103 4461 ex
1124 4410 1246 4461 suis
1264 4412 1499 4473 meritis,
1522 4413 1608 4461 sed

0 4492 66 4535 ex
94 4477 228 4528 sola
253 4477 557 4531 dulcedine
580 4484 698 4532 tute
723 4482 991 4533 caritatis.
1021 4482 1165 4543 Quia
1193 4482 1446 4534 dilexisti
1468 4495 1611 4547 pau-

0 4562 189 4613 _ieres,
208 4547 341 4599 ideo
357 4562 457 4600 eos
483 4555 584 4602 tua
606 4552 789 4615 gratia
804 4553 1019 4606 ditasti.
1047 4556 1116 4605 Et
1138 4559 1269 4617 apte
1287 4555 1384 4618 ait,
1412 4554 1471 4605 in
1494 4557 1610 4603 dul-

0 4621 206 4673 3edine
240 4625 356 4672 tua.
389 4622 536 4685 Quid
559 4624 717 4675 enim
753 4625 859 4688 (Eae
882 4626 1045 4690 Aug.)
1066 4624 1292 4677 dulcius
1321 4627 1558 4678 caritate
1582 4628 1608 4676 ‘t

1718 3410 1922 3461 devicit
1949 3425 1960 3460 :
1992 3421 2153 3462 arma
2177 3412 2433 3473 abstulit,
2470 3412 2649 3476 spolia
2673 3410 2976 3462 distribuit.
3012 3412 3151 3462 Haec
3174 3422 3316 3461 vasa

1716 3480 1994 3532 Dominus
2018 3483 2310 3533 mundans
2334 3483 2735 3534 remissionem
2770 3488 3149 3543 peccatorum.
3176 3483 3315 3533 ch

1716 3552 1898 3616 spolia
1914 3554 2279 3605 sanctiticans
2296 3555 2447 3606 hosti
2474 3561 2669 3617 erepta
2683 3559 2987 3619 prostrato,
3014 3558 3184 3617 atque
3201 3552 3313 3604 alli-

1713 3628 1864 3687 gato,
1884 3625 2080 3676 divisit
2096 3639 2161 3677 ea
2186 3627 2396 3690 speciei
2414 3628 2620 3678 domus
2639 3639 2780 3691 suae,
2796 3625 2939 3677 alios
2955 3628 3313 3677 constituens

1713 3697 2035 3760 Apostolos,
2059 3697 2201 3749 alios
2231 3700 2560 3762 prophetas,
2584 3698 2727 3749 alios
2750 3703 3010 3761 pastores
3033 3702 3091 3750 et
3115 3698 3313 3749 docto-

1711 3780 1827 3831 res,
1860 3769 1919 3818 in
1952 3781 2098 3830 Opus
2133 3770 2460 3832 ministerii,
2490 3771 2547 3820 in
2580 3769 3019 3821 aedificationem
3057 3768 3312 3831 corporis

1712 3839 1919 3890 Christi
1950 3839 2162 3902 (Ephes.
2191 3840 2280 3901 4.).
2308 3841 2464 3891 Sicut
2480 3842 2631 3890 enim
2660 3853 2868 3902 corpus
2893 3852 3076 3891 unum
3113 3843 3220 3900 est,
3255 3840 3313 3890 et

1711 3912 1970 3962 membra
1982 3911 2158 3962 habet
2177 3910 2360 3962 multa
2386 3924 2397 3958 :
2426 3910 2615 3962 omnia
2629 3914 2825 3962 autem
2850 3910 3104 3973 corporis
3127 3922 3311 3960 mem-

1712 3983 1833 4046 bra,
1858 3996 1991 4033 cum
2015 3982 2132 4033 sint
2154 3983 2353 4043 multa,
2379 3995 2559 4032 unum
2584 3994 2789 4045 corpus
2813 3984 2919 4032 est.
2953 3981 3043 4031 Sic
3066 3984 3123 4031 et
3151 3979 3311 4031 Chri-

1712 4058 1837 4105 stus
1866 4056 2032 4120 (Rom.
2056 4052 2178 4117 19.)
2208 4053 2484 4118 Nunquid
2506 4066 2709 4104 omnes
2735 4052 2959 4117 Apotoli
2986 4056 3010 4102 Ρ
3035 4050 3309 4114 Nunquid

1710 4139 1913 4178 omnes
1936 4127 2224 4191 prophetae
2242 4130 2269 4177 ‘t
2296 4125 2569 4189 Nunquid
2593 4138 2792 4177 omnes
2809 4125 3016 4175 virtutes
3028 4126 3053 4173 ‘l
3068 4123 3308 4184 Nunquid

1711 4211 1913 4250 omnes
1924 4199 2074 4250 dona
2086 4198 2303 4250 habent
2318 4212 2386 4250 cu
2394 4198 2681 4249 rationum
2694 4202 2717 4247 Ρ
2733 4196 3003 4260 Nunquid
3024 4210 3197 4244 omnes
3214 4197 3309 4243 lin-

1708 4270 2190 4334 guisloquuntur?
2207 4270 2476 4334 Nunquid
2493 4282 2696 4321 omnes
2711 4270 3185 4334 interpretantur?
3201 4270 3312 4317 0m-

1707 4341 1805 4392 nia
1824 4344 2015 4394 autem
2035 4343 2160 4395 hanc
2179 4348 2448 4406 operatur
2464 4355 2613 4392 unus
2628 4346 2805 4404 atque
2826 4340 2978 4392 idem
2995 4341 3207 4401 spiritus
3230 4341 3307 4387 di-

1709 4413 1919 4465 videns
1932 4415 2159 4478 propria
2172 4416 2481 4477 unicuique
2498 4415 2669 4478 prout
2685 4413 2862 4477 vult(1
2878 4413 3021 4464 .Cor.
3042 4409 3168 4474 η).
3194 4413 3310 4459 Haec

1710 4488 1799 4535 est
1823 4486 2041 4549 species
2057 4485 2287 4547 domus,
2302 4488 2397 4549 cui
2424 4485 2761 4537 dividuntur
2783 4483 2986 4548 spolia:
3008 4487 3071 4534 ut
3089 4485 3312 4533 amator

1709 4557 1835 4621 ejus
1851 4546 1957 4608 hac
1982 4546 2408 4634 pulchritudine
2424 4569 2722 4634 accensus,
2745 4546 3034 4634 exclamet
3044 4568 3055 4601 :
3080 4555 3308 4634 Domine.

1709 4628 1884 4680 dilexi
1909 4628 2173 4681 decorem
2198 4628 2407 4681 domus
2440 4633 2557 4681 tum
2591 4628 2776 4691 (Psal.
2815 4625 2901 4680 “25.
2934 4629 2969 4690 ).
3006 4628 3135 4677 Jam
3159 4625 3217 4675 in
3242 4636 3310 4676 eo

0 4693 164 4790 Dp‘us
182 4694 381 4744 autem
405 4695 607 4758 gratim
630 4709 749 4748 non
772 4709 844 4748 ex
872 4697 1073 4790 tilmore
1098 4709 1284 4790 pugnas
1299 4698 1606 4762 perﬁcitur,
1633 4717 1690 4790 D
1714 4700 1868 4764 quod
1908 4700 2186 4790 sequitur,
2220 4713 2282 4750 se
2314 4699 2389 4752 ad
2420 4700 2546 4764 ipsa
2576 4700 2851 4780 membra,
2881 4698 2952 4790 dae.
2990 4698 3204 4761 quibus
3247 4695 3314 4748 ﬁt

0 4778 56 4790 wn
132 4777 205 4790 ην
238 4775 432 4790 ηΜΛ-υι
467 4768 701 4790 ἕηηιξιζηι.
755 4769 890 4790 Πηζ..
943 4782 966 4790 ,ι
998 4774 1154 4790 Α-ιΑ-,
1204 4771 1243 4790 ει
1282 4772 1604 4790 αι-..λιεΑ..Αη
1717 4772 1929 4790 _...._:-._
2006 4784 2166 4790 -_..__-
2205 4772 2545 4790 -Il-_---__l_
2579 4774 2851 4790 --__--_|-a
2940 4782 3096 4790 .-Α-ι...
3122 4784 3133 4790 .

0 4764 103 4817 sed
132 4777 209 4816 ex
235 4775 433 4817 amore
459 4768 723 4831 justitiee.
754 4769 970 4821 Deinde
995 4770 1248 4821 ostendit
1281 4772 1608 4835 parationes

0 4848 148 4899 quas
171 4838 415 4901 pauperi
434 4851 542 4890 suo
564 4842 722 4892 Deus
739 4840 886 4892 fecit.
905 4841 999 4892 Ait
1021 4841 1175 4893 enim
1192 4858 1209 4891 :

55 4909 156 4963 12.
192 4908 466 4959 Dominus
488 4910 635 4960 dabit
668 4912 885 4962 verbum
909 4913 1391 4977 evangelisanlibus
1421 4914 1614 4964 virtute

0 4981 196 5032 multa.
227 4981 347 5044 Ego
366 4981 586 5046 (inquit)
602 4984 752 5036 dabo
768 4984 934 5036 vobis
959 4998 1024 5035 os
1053 4990 1111 5037 et
1135 4985 1491 5049 sapientiam,
1522 4987 1614 5037 cui

0 5067 118 5105 non
166 5056 445 5117 poterunt
488 5055 756 5108 resistere
810 5069 1014 5108 omnes
1070 5057 1382 5110 adversarii
1439 5058 1614 5111 vestri

16 5127 148 5175 Luc.
177 5123 311 5188 21.).
354 5128 423 5179 Et
460 5126 709 5179 iterum:
744 5129 917 5193 Aperi
955 5142 1021 5180 os
1046 5132 1232 5193 tuum,
1271 5134 1328 5182 et
1366 5130 1613 5194 implebo

0 5195 145 5252 illud
180 5196 348 5260 (Psal.
365 5196 493 5262 80.).
525 5200 665 5251 Haec
686 5204 824 5251 sunt
848 5200 1061 5252 cibaria.
1083 5213 1215 5264 qua:
1241 5200 1364 5253 suis
1392 5202 1614 5253 anima-

0 5268 157 5319 iibus
181 5267 249 5319 in
264 5280 374 5320 sua
388 5269 726 5324 haereditate
740 5270 980 5336 largitur
1005 5274 1178 5325 Deus.
1198 5275 1339 5335 Qum
1367 5280 1611 5335 quantum

0 5339 335 5392 dulcedinis
358 5341 629 5407 habeant,
653 5356 834 5395 unum
857 5357 929 5396 ex
954 5344 1046 5396 bis
1081 5344 1427 5398 animalibus
1466 5345 1612 5398 insi-

0 5416 164 5470 nuat,
191 5412 296 5463 ubi
321 5413 439 5465 ait:
477 5415 655 5475 Quam
691 5415 882 5467 dulcia
909 5416 1173 5469 faucibus
1209 5417 1354 5469 meis
1386 5417 1615 5482 eloquia

0 5489 101 5536 tua
125 5497 310 5548 super
333 5485 447 5537 mel
471 5486 554 5538 ori
578 5500 707 5538 meo
732 5488 891 5551 (Psal.
920 5487 1081 5552 118.).
1108 5488 1614 5550 Euangelizantibus

0 5556 227 5619 (inquit)
258 5557 452 5607 virtute
476 5560 667 5623 multa,
694 5559 802 5611 hoc
818 5565 927 5623 est,
949 5560 1010 5611 in
1033 5563 1360 5612 constantia
1380 5573 1610 5627 magna.

0 5628 201 5680 Occidi
226 5629 382 5681 enim
400 5637 664 5694 possunt.
691 5632 790 5683 sed
815 5633 967 5683 ﬂecti
982 5638 1298 5696 nequeunt.
1318 5633 1471 5686 Audi
1497 5636 1611 5687 vir-

0 5706 187 5753 tutem
206 5700 752 5766 evangelizantium.
774 5704 910 5766 Quis
929 5705 1231 5770 (inquiunt)
1256 5718 1364 5757 nos
1391 5718 1612 5771 separa-

0 5775 77 5825 bit
104 5787 139 5825 a
164 5775 412 5827 caritate
449 5774 660 5828 Christi
682 5778 709 5827 ‘l
739 5776 1072 5841 Tribulatio,
1097 5790 1172 5829 an
1210 5780 1498 5842 angustia,
1532 5792 1607 5830 an

0 5847 347 5909 persecutio,
378 5859 452 5898 an
476 5847 678 5911 fames,
702 5861 777 5900 an
797 5848 1050 5913 nuditas,
1081 5861 1157 5902 an
1180 5850 1513 5916 periculum,
1537 5864 1606 5903 an

0 5918 232 5981 gladius
248 5922 271 5965 ?
290 5918 518 5970 Scimus
535 5920 671 5984 quia
685 5933 875 5984 neque
893 5933 1271 5987 mors,neque
1287 5921 1424 5986 vita,
1442 5938 1606 5986 neque

0 5995 264 6043 creatura
288 5989 487 6053 aliqua
508 5990 718 6055 poterit
738 6005 847 6045 nos
879 6004 1143 6056 separare
1166 6005 1200 6045 a
1223 5992 1455 6046 caritate
1486 5994 1605 6055 Dei,

1714 4772 1931 4836 species
1959 4771 2170 4823 domus
2203 4772 2549 4835 alloquendo
2574 4770 2875 4829 convertit,
2899 4769 3099 4821 dicens
3122 4784 3133 4819 :

1774 4842 1860 4896 14.
1910 4842 1969 4893 Si
2008 4843 2294 4892 dormiatis
2332 4844 2474 4891 inter
2516 4843 2718 4892 medios
2761 4842 2941 4892 claros.
2986 4840 3031 4893 Ο
3074 4853 3181 4892 vos
3206 4839 3314 4902 (Ea:

1708 4914 1869 4977 Aug.)
1892 4915 1990 4978 qui
2014 4918 2289 4978 tanquam
2307 4913 2490 4978 spolia
2515 4914 2720 4978 speciei
2738 4913 2944 4965 domus
2969 4912 3311 4973 dividimini,

1709 4986 1757 5034 si
1795 4985 2099 5051 dormiat-is,
2133 4985 2191 5037 id
2231 4988 2342 5048 est,
2380 4986 2428 5035 si
2462 4997 2497 5036 a
2531 4986 2777 5049 strepitu
2815 4983 3058 5036 seculari
3104 4983 3311 5034 remoti

1710 5057 2020 5121 quiescatis
2036 5058 2185 5110 inter
2200 5057 2326 5109 duo'
2343 5059 2727 5113 Testamenta.
2748 5068 2880 5119 quas
2896 5054 3102 5117 media,
3125 5053 3183 5104 id
3198 5059 3307 5118 est,

1710 5129 2040 5191 communia
2069 5129 2330 5180 habendo
2352 5129 2579 5193 utrique
2593 5128 2855 5193 parcatis,
2871 5126 3105 5188 scilicet,
3124 5131 3180 5173 ut
3196 5128 3307 5188 hoc,

1711 5200 1862 5265 quod
1883 5213 1984 5265 per
2010 5201 2257 5265 figuram
2279 5200 2499 5252 dictum
2522 5203 2613 5252 est
2641 5200 2702 5251 in
2735 5198 2922 5262 priori,
2960 5197 3022 5248 in
3054 5196 3309 5248 secundo

1710 5271 2077 5338 spiritualiter
2094 5272 2393 5336 impletum
2411 5283 2541 5323 esse
2554 5269 2886 5334 intelligatis
2912 5282 2924 5317 :
2948 5270 3088 5317 eritis
3112 5268 3311 5317 Pennae

1709 5344 1962 5395 columbae
1984 5344 2354 5409 deargentalae.
2379 5343 2441 5395 Id
2463 5348 2571 5401 est,
2585 5345 2989 5393 ornamentum
3013 5344 3070 5391 et
3092 5338 3308 5392 exalta-

1710 5418 1789 5469 tio
1821 5416 2109 5469 Ecclesiae.
2130 5416 2272 5478 Quia
2294 5416 2449 5467 sicut
2462 5414 2730 5466 columba
2752 5425 2853 5478 per
2874 5422 3095 5477 pennas
3119 5409 3301 5463 subli-

1709 5492 1937 5541 matur:
1963 5490 2044 5540 ita
2075 5487 2327 5541 Ecclesia
2358 5499 2459 5552 per
2494 5490 2721 5551 vestras
2767 5483 3203 5549 prmdicationes
3236 5483 3307 5534 ad

1709 5561 1964 5614 caelestia
1987 5560 2352 5612 exaltabitur.
2371 5562 2580 5611 Sancta
2604 5556 2857 5609 Ecclesia
2873 5556 3072 5607 merito
3099 5554 3310 5607 dicitur

1708 5634 1991 5696 columba,
2024 5633 2159 5697 quia
2178 5633 2252 5685 fel
2274 5629 2677 5693 amaritudinis
2715 5642 2832 5682 non
2857 5628 3032 5680 habet
3058 5642 3068 5676 :
3096 5631 3155 5679 et
3173 5627 3310 5690 quia

1704 5705 1913 5757 virtute
1937 5704 2316 5770 simplicitatis
2341 5702 2530 5768 pollet,
2556 5701 2627 5753 de
2653 5714 2768 5765 qua
2785 5701 2919 5753 alibi
2941 5700 3162 5752 dictum
3188 5703 3305 5751 est:

1708 5779 1831 5829 Una
1853 5781 1943 5828 est
1966 5777 2234 5829 columba
2267 5789 2396 5828 mea
2428 5776 2442 5840 (
2478 5776 2631 5826 Cant.
2668 5774 2716 5828 6.
2743 5774 2775 5837 ).
2803 5772 3187 5836 Deargentata
3218 5772 3309 5823 est

1703 5852 1916 5913 autem,
1935 5850 2071 5913 quia
2095 5848 2306 5900 divinis
2328 5846 2571 5913 eloquiis
2587 5846 2832 5899 erudita.
2859 5846 3070 5907 Eloquia
3088 5857 3308 5906 namque

1702 5921 1932 5973 Domini
1952 5921 2012 5973 iu
2033 5920 2143 5973 alio
2164 5920 2289 5974 loco
2313 5920 2585 5975 dicuntur
2605 5924 2908 5999 argentum
2911 5917 3062 5999 igne
3083 5916 3309 5999 eremi:

1703 5994 1927 6055 natum,
1960 5998 2130 6046 terras
2170 5998 2486 6058 purgatum
2528 5992 2857 6057 septuplum
2881 5989 3045 6055 (Psal.
3080 5989 3207 6053 11.).
3253 5988 3313 6039 Si
