3884 6408
605 372 713 430 915

1662 372 1929 424 RUFINO
1962 371 2425 425 PRESBYTERO
2457 371 2845 425 ASCRIPTUS
3796 371 3876 429 914

605 488 883 562 ergoistis
900 487 1064 539 cleris
1088 487 1202 538 duo
1219 484 2039 562 Testamenta_sig_niﬁcantur:
2064 484 2201 548 quid
2227 486 2283 562 Α
2308 485 2442 562 griis
2468 503 2479 534 :
2510 488 2589 562 ut
2609 489 2803 562 autem
2827 483 3244 562 discernantur.
3284 482 3876 562 Νἱυοάςαιὸαὸαηιιξτ-ἐτ

605 559 762 611 aliud
794 559 1191 620 admonemur,
1238 556 1353 609 nisi
1386 561 1454 608 ut
1475 569 1543 609 ea
1571 556 1937 608 Testamenta
1959 556 2107 607 inter
2139 568 2203 607 se

605 628 952 690 consentire,
994 640 1113 679 non
1138 639 1456 693 repugnare
1483 628 1841 689 noverimus,
1869 626 1972 678 sed
1994 626 2201 679 intelli-

604 700 792 764 gendo
820 699 1259 761 acquiescamus
1274 702 1300 749 ‘P
1323 711 1545 763 nosque
1562 699 1744 751 simus
1756 712 1953 750 eorum
1970 711 2203 750 concor-

603 770 714 823 diae
738 771 970 834 signum
986 775 1160 834 atque
1179 770 1614 834 documentum,
1637 783 1767 821 cum
1786 773 1994 819 alterum
2022 768 2197 836 334

601 842 885 893 adversus
927 842 1171 893 alterum
1215 842 1358 893 nihil
1401 841 1620 893 dixisse
1652 842 1955 903 sentimus,
1984 846 2043 893 et
2065 853 2199 892 cum

601 911 839 975 pacifica
859 911 1239 963 admiratione
1263 912 1431 976 quasi
1453 912 1672 964 extasis
1697 925 1899 975 sopore
1922 914 2201 962 monstra-

600 994 747 1033 mur.
778 984 880 1035 Per
902 983 1084 1035 cleros
1108 983 1237 1035 ideo
1276 984 1533 1035 divinam
1558 984 1906 1046 Scripturam
1933 982 2201 1046 intelligi-

599 1067 745 1118 mus,
793 1054 929 1118 quia
972 1055 1155 1106 cleros
1178 1058 1376 1107 Graece
1396 1056 1810 1118 interpretatur
1831 1068 1947 1103 sors
1979 1054 2198 1105 Latine.

598 1125 866 1177 Divinam
879 1131 1075 1178 autem
1089 1127 1435 1190 Scripturam
1452 1126 1608 1178 nullo
1624 1126 1879 1177 humano
1894 1125 2201 1176 habuimus

597 1197 852 1261 arbitrio,
885 1197 986 1248 sed
1026 1198 1150 1249 sola
1193 1201 1366 1259 sorte,
1403 1198 1462 1249 id
1497 1202 1604 1256 est,
1633 1198 1756 1249 sola
1777 1197 1881 1249 Dei
1904 1196 2199 1248 electione.

598 1267 763 1319 Alius
787 1267 882 1318 hic
908 1269 1012 1332 (Ea:
1039 1268 1363 1331 Augustino)
1382 1268 1629 1320 occurrit
1649 1282 1859 1320 sensus
1876 1268 2017 1320 forte
2039 1272 2201 1319 ante-

597 1338 923 1403 ponendus,
938 1344 1006 1390 ut
1027 1339 1212 1391 cleros
1235 1340 1419 1392 multo
1437 1341 1792 1403 probabilius
1808 1341 1964 1404 ipsas
1982 1341 2196 1388 haeredi-

598 1414 748 1463 tates
777 1410 1163 1476 intelligamus
1192 1429 1203 1461 :
1254 1417 1321 1463 ut
1358 1412 1628 1475 quoniam
1652 1412 1961 1463 haereditas
1985 1411 2197 1462 veteris

597 1482 954 1534 Testamenti
1000 1485 1086 1534 est
1130 1488 1352 1535 terrena
1389 1484 1673 1547 fmlicitas,
1707 1483 2017 1535 haereditas
2061 1494 2199 1534 vero

596 1554 734 1604 novi
764 1554 1118 1606 Testamenti
1141 1560 1232 1606 est
1256 1560 1481 1607 terrena
1498 1554 1903 1606 immortalitas
1921 1569 1933 1604 :
1954 1554 2201 1605 dormire

596 1624 674 1676 sit
692 1624 843 1676 inter
867 1624 1087 1676 medios
1113 1626 1316 1687 cleros,
1334 1639 1442 1678 nec
1460 1625 1615 1677 illam
1641 1639 1899 1689 quaerere
1912 1625 2197 1687 ardenter,

596 1699 653 1747 et
675 1695 867 1747 adhuc
888 1696 1063 1748 istam
1093 1702 1397 1761 expectare
1433 1698 1734 1760 patienter.
1771 1698 1913 1747 Nam
1948 1697 2045 1760 qui
2078 1698 2197 1748 Deo

596 1772 896 1830 propterea
919 1771 1200 1831 serviunt,
1227 1768 1320 1818 vel
1347 1768 1538 1831 potius
1565 1769 1779 1818 servire
1807 1767 2197 1819 nolunt:dum

599 1842 869 1899 quaerunt
895 1837 956 1889 in
978 1837 1086 1889 hac
1110 1839 1232 1889 vita
1252 1838 1417 1889 felici
1427 1843 1620 1901 tatem,
1640 1838 1867 1889 ablatus
1882 1841 1972 1889 est
1988 1854 2194 1887 somnus

596 1909 670 1958 ab
693 1908 795 1971 eis,
813 1913 871 1958 et
892 1920 1011 1959 non
1033 1908 1340 1960 dormiunt.
1361 1909 1823 1960 Flammantibus
1851 1910 2196 1974 [lnﬂamman-

598 1978 773 2045 tibus]
789 1978 943 2029 enim
967 1979 1377 2042 cupiditatibus
1393 1980 1592 2042 agitati
1615 1981 1672 2030 in
1692 1978 1903 2042 flagitia
1916 1988 1962 2029 et
1976 1981 2198 2030 facinora

597 2049 996 2115 propelluntur
1009 2065 1025 2098 :
1042 2062 1149 2101 nec
1169 2050 1406 2100 omnino
1420 2051 1795 2113 requiescunt
1817 2052 2196 2103 desiderando

599 2126 663 2173 ut
687 2122 1014 2184 acquirant:
1033 2122 1344 2172 metuendo
1362 2134 1436 2172 ne
1456 2122 1742 2172 amittant.
1761 2122 1866 2183 Qui
1886 2128 2080 2173 autem
2104 2136 2197 2174 me

598 2192 759 2243 audit
785 2192 880 2255 (ait
910 2192 1201 2255 Sapientia
1249 2192 1422 2255 [Prov.
1451 2192 1544 2254 1.])
1581 2192 1866 2243 habitabit
1900 2192 1963 2243 in
1997 2206 2116 2258 spe,
2141 2200 2199 2244 et

596 2264 919 2325 requiescet
963 2263 1085 2314 sine
1130 2263 1329 2314 timore
1359 2264 1431 2314 ab
1469 2263 1628 2314 omni
1662 2264 1930 2315 vanitate.
1962 2266 2082 2314 Hoc
2110 2268 2199 2314 est

598 2335 899 2398 (quantum
923 2333 1065 2384 mihi
1088 2333 1330 2396 videtur)
1355 2333 1600 2385 dormire
1625 2333 2005 2385 intermedios
2018 2336 2195 2394 cleros,

597 2405 768 2469 idest,
791 2405 941 2456 inter
969 2405 1192 2457 medias
1218 2405 1605 2465 haereditates,
1632 2405 1891 2457 nondum
1914 2406 1975 2456 in
1998 2418 2075 2468 re,
2098 2405 2195 2455 sed

598 2479 793 2528 tamen
835 2477 896 2527 in
941 2476 1193 2527 caelestis
1244 2476 1597 2529 haereditatis
1642 2490 1744 2541 spe
1772 2476 2058 2528 habitare:
2086 2478 2199 2527 eta

600 2550 846 2600 terrena
860 2546 1174 2599 fmlicitatis
1181 2547 1303 2611 jam
1314 2547 1626 2612 cupiditate
1642 2548 2195 2611 conquiescere.Cum

597 2621 794 2670 autem
819 2617 1057 2679 venerit,
1084 2618 1239 2681 quod
1264 2630 1562 2681 speramus
1581 2634 1593 2669 :
1615 2618 1866 2679 nonjam
1879 2619 2029 2670 inter
2050 2619 2197 2669 duas

594 2688 968 2742 haereditates
992 2688 1428 2751 requiescimus,
1457 2689 1560 2741 sed
1584 2689 1642 2739 in
1664 2701 1819 2740 nova
1842 2694 1899 2741 et
1921 2701 2070 2753 vera,
2096 2702 2197 2740 cu-

589 2760 690 2824 jus
702 2764 874 2812 vetus
898 2761 1019 2811 erat
1039 2760 1265 2823 umbra,
1290 2760 1681 2824 regnabimus.
1707 2762 1777 2812 Et
1792 2760 1927 2824 quia
1941 2766 2060 2812 tam
2072 2763 2197 2809 bene

597 2830 953 2883 dormierant
980 2830 1259 2894 Apostoli,
1293 2832 1377 2883 eis
1405 2831 1566 2884 velut
1588 2833 1796 2896 pennis
1819 2846 1977 2884 nunc
2000 2831 2199 2885 volitat

597 2905 655 2954 et
700 2902 971 2954 laudibus
1012 2903 1302 2955 exaltatur
1336 2902 1603 2955 Ecclesia.
1632 2906 1887 2965 Quorum
1932 2903 2197 2967 exemplo

594 2975 736 3026 dum
770 2974 854 3025 sic
889 2974 1063 3026 etiam
1090 2975 1285 3027 cmteri
1320 2974 1633 3037 dormiunt,
1658 2975 1946 3027 adduntur
1970 2987 2195 3039 pennaa,

596 3046 809 3107 quibus
833 3058 1022 3109 usque
1032 3045 1091 3097 in
1102 3046 1273 3097 finem
1287 3045 1463 3098 seculi
1490 3046 1813 3097 sublimiter
1825 3047 2168 3111 pmdicetur
2183 3065 2194 3103 ;

596 3117 664 3166 Et
687 3117 985 3182 posteriora
1011 3118 1159 3167 dorsi
1192 3118 1306 3182 ejus
1346 3117 1403 3166 in
1423 3117 1627 3181 pallore
1649 3118 1779 3167 auri
1802 3124 1990 3182 erunt,
2017 3118 2075 3170 id
2091 3120 2196 3181 est,

597 3188 656 3239 in
683 3188 869 3240 nitore
891 3189 1203 3253 sapientiae.
1225 3192 1330 3241 Per
1353 3202 1527 3253 quem
1550 3190 1797 3241 nitorem
1820 3190 2197 3254 intelligimus

594 3259 907 3312 caritatem.
935 3261 1099 3311 Calor
1120 3261 1275 3313 enim
1305 3261 1603 3324 sapientiai
1628 3261 1841 3314 divinae
1868 3266 1955 3312 est
1984 3264 2195 3313 caritas

594 3331 705 3383 Sed
748 3343 921 3394 quare
967 3344 1002 3383 a
1032 3331 1223 3392 dorso,
1249 3337 1308 3384 et
1328 3345 1448 3383 non
1480 3345 1514 3383 a
1538 3337 1772 3396 pectore
1794 3335 1822 3382 ‘I
1845 3334 1934 3384 An
1961 3334 2093 3396 quia
2114 3333 2193 3384 ibi

597 3406 733 3454 sunt
749 3403 1039 3466 quomodo
1062 3403 1283 3454 radices
1295 3403 1552 3455 alarum?
1576 3404 1795 3454 Caritas
1812 3410 2007 3455 autem
2024 3407 2195 3453 omnia

599 3473 796 3525 suffert.
821 3473 887 3535 (1.
911 3474 1028 3524 Cor.
1057 3472 1181 3536 13.).
1201 3476 1269 3525 Et.
1293 3475 1401 3537 (Ea:
1420 3475 1741 3537 Augustino)
1770 3475 2048 3537 scriptum
2070 3481 2190 3527 est:

595 3544 752 3596 Alter
771 3544 1002 3595 alterius
1026 3557 1203 3596 onera
1233 3550 1471 3609 portate,
1506 3551 1564 3597 et
1593 3546 1675 3597 sic
1712 3546 2100 3610 adimplebitis
2122 3547 2197 3599 le-

598 3628 730 3679 gem
775 3614 986 3666 Christi
1021 3615 1335 3678 (Galat.-6.).
1362 3617 1465 3669 Vel
1490 3616 1689 3668 aliter:
1722 3618 1865 3680 Quid
1891 3623 2028 3670 sunt
2051 3618 2194 3683 ipsae

599 3686 726 3749 alas,
751 3686 863 3736 nisi
887 3685 1000 3738 duo
1025 3693 1316 3751 praecepta
1338 3688 1608 3749 caritatis,
1635 3689 1695 3739 in
1720 3690 1931 3753 quibus
1957 3693 2076 3741 tota
2100 3689 2193 3740 lex

600 3757 828 3821 pendet,
847 3762 906 3809 et
927 3759 1222 3822 prOphetaa
1242 3760 1453 3822 (Matth.
1481 3758 1588 3821 22.)
1606 3763 1631 3811 ?
1656 3761 1802 3823 Quid
1823 3761 1947 3824 ipsa
1969 3764 2197 3813 sarcina

597 3828 756 3891 levis,
800 3829 913 3880 nisi
946 3830 1073 3893 ipsa
1108 3831 1333 3893 caritas,
1373 3844 1507 3895 quas
1539 3833 1600 3883 in
1644 3832 1770 3884 istis
1795 3833 2024 3885 duobus
2046 3846 2195 3898 pra:-

599 3900 780 3963 ceptis
802 3899 1071 3963 impletur
1086 3902 1405 3965 ‘?Quicquid
1430 3903 1585 3954 enim
1610 3903 1839 3956 difﬁcile
1863 3908 1953 3955 est
1974 3905 2032 3955 in
2057 3917 2198 3969 pm-

597 3976 782 4035 cepta,
800 3972 928 4024 leve
955 3976 1041 4023 est
1065 3974 1299 4024 amanti.
1318 3976 1435 4025 Nec
1451 3976 1523 4025 ob
1535 3974 1690 4025 aliud
1709 3975 2048 4040 intelligitur
2063 3984 2195 4025 recte

598 4042 836 4105 dictum,
864 4043 1025 4095 Onus
1052 4057 1247 4096 meum
1268 4044 1388 4097 leve
1408 4050 1499 4097 est
1525 4047 1731 4108 (Matth.
1752 4046 1857 4109 11.)
1884 4062 1896 4098 :
1923 4048 2037 4098 nisi
2060 4048 2195 4111 quia

597 4113 696 4165 dat
717 4114 990 4177 Spiritum
1026 4120 1312 4178 sanctum,
1354 4129 1452 4180 per
1489 4130 1663 4180 quem
1697 4118 1867 4169 datur
1898 4119 2105 4170 caritas
2133 4120 2194 4170 in

597 4185 865 4236 cordibus
906 4187 1123 4237 nostris
1157 4187 1326 4250 (Rom.
1357 4186 1433 4250 5.)
1468 4205 1477 4236 :
1507 4192 1572 4239 ut
1594 4189 1843 4240 amando
1867 4189 2192 4252 liberaliter,

600 4256 894 4320 faciamus,
920 4257 1071 4319 quod
1105 4257 1377 4320 timendo,
1423 4259 1522 4321 qui
1559 4259 1711 4321 facit,
1740 4260 2017 4313 serviliter
2038 4261 2191 4314 facit.

600 4328 907 4377 Posteriora
931 4340 1066 4392 ergo
1100 4328 1245 4378 ἀοφεί
1270 4330 1383 4393 ejus
1411 4330 1473 4377 in
1495 4330 1701 4394 pallore
1724 4333 1853 4379 auri
1878 4336 2033 4395 sunt,
2060 4338 2195 4396 quia

601 4396 873 4461 quicquid
920 4403 1107 4461 portat
1137 4400 1405 4461 Ecclesia,
1430 4400 1709 4464 quidquid
1739 4401 1941 4454 tolerat
1966 4416 1979 4452 :
2008 4408 2194 4455 totum

599 4469 659 4520 in
681 4481 880 4522 amore
911 4470 1058 4533 facit,
1087 4476 1269 4522 totum
1294 4471 1354 4523 in
1378 4472 1676 4536 sapientia,
1704 4477 1891 4525 totum
1924 4474 1984 4526 in
2006 4474 2199 4526 hilari-

600 4541 736 4610 tate.
784 4541 963 4592 Corde
1011 4546 1102 4594 est
1135 4541 1398 4606 simplex,
1426 4544 1600 4595 verbo
1623 4542 1831 4606 lucida,
1859 4557 2027 4608 opere
2050 4559 2200 4610 prm-

2308 553 2539 607 Setmon.
2563 556 2859 620 Accipient
2880 555 3280 606 remissionem
3296 557 3662 618 peccatorum
3679 555 3755 606 ab
3776 554 3876 607 illo

2299 627 2398 691 qui
2439 628 2542 678 ait:
2584 628 2639 678 Si
2679 627 2890 678 fuerint
2918 631 3153 691 peccata
3178 629 3375 678 vestra
3398 625 3548 677 sicut
3570 627 3876 678 coccinum

2299 700 2572 761 tanquam
2595 700 2697 750 nix
2731 698 3155 750 dealbabuntur
3178 698 3321 762 (Isai.
3342 697 3431 761 1.).
3460 699 3610 750 Bene
3635 710 3778 761 ergo
3802 700 3876 749 ait

2297 770 2364 818 In
2422 769 2654 831 Selmon,
2702 770 2855 833 quod
2900 770 3302 833 interpretatur
3351 768 3564 833 umbra,
3596 769 3655 819 id
3689 774 3805 831 est,
3842 770 3876 819 ii

2299 841 2540 891 Christo.
2587 844 2821 892 Constat
2859 846 3053 892 autem
3091 841 3297 892 umbra
3321 852 3394 892 ex
3416 840 3634 892 lumine
3679 845 3737 891 et
3771 854 3875 891 cor

2297 926 2448 979 pore.
2472 913 2620 964 Illud
2643 912 2838 965 lumen
2863 925 3080 976 verum,
3099 913 3252 976 quod
3264 913 3506 963 verbum
3526 916 3646 962 erat
3670 911 3732 963 in
3750 913 3876 973 prin

2298 984 2445 1049 cipio
2478 984 2631 1048 apud
2673 985 2854 1036 Deum
2882 984 3058 1046 (Joan.
3101 983 3192 1045 1.),
3223 988 3287 1034 ut
3320 982 3486 1046 quasi
3510 983 3721 1034 umbra
3736 982 3875 1033 flere

2297 1056 2484 1118 nobis,
2518 1056 2769 1107 Verbum
2791 1068 2923 1107 caro
2950 1055 3165 1106 factum
3189 1060 3297 1119 est,
3326 1059 3381 1105 et
3405 1054 3689 1105 habitavit
3709 1054 3770 1104 in
3798 1066 3876 1104 no

2298 1127 2405 1178 bis.
2432 1129 2551 1179 Deo
2590 1127 2805 1178 scilicet
2827 1127 3001 1178 homo
3043 1129 3312 1189 tanquam
3338 1125 3535 1176 lumini
3563 1137 3780 1189 corpus
3810 1138 3876 1175 ac.

2298 1199 2492 1255 cessit,
2518 1204 2575 1250 et
2596 1199 2657 1250 in
2679 1211 2809 1250 eum
2839 1198 3141 1249 credentes
3164 1199 3371 1249 umbra
3384 1197 3876 1260 protectionisope

2296 1271 2427 1321 ruit.
2455 1271 2598 1321 Nive
2613 1270 2787 1334 igitur
2810 1270 2869 1320 in
2896 1271 3129 1322 Selmon
3155 1268 3510 1329 dealbantur,
3536 1268 3636 1331 qui
3663 1280 3769 1331 per
3782 1280 3876 1331 gra

2299 1341 2436 1392 tiam
2483 1353 2615 1404 quas
2659 1342 2719 1391 in
2770 1340 2994 1392 Christo
3034 1344 3141 1402 est,
3182 1351 3217 1390 a
3245 1343 3613 1404 peccatorum
3647 1338 3876 1390 maeuii:

2296 1412 2669 1465 mundantur.
2695 1413 2927 1465 Selmon
2949 1412 3094 1475 dico,

2359 1482 2444 1536 16.
2464 1484 2619 1532 Mons
2633 1483 2747 1542 Dei,
2772 1498 2927 1532 mons
2946 1482 3188 1545 pinguis.
3215 1480 3473 1533 Christus
3498 1480 3657 1531 enim
3678 1492 3876 1544 prazro

2296 1554 2487 1619 gavite
2512 1554 2739 1612 dicitur,
2754 1556 2919 1605 Mons
2944 1554 3047 1605 Dei
3060 1553 3373 1616 Patris,per
3392 1551 3768 1603 eminentiam
3790 1554 3876 1599 Dei.

2298 1625 2456 1675 tatis.
2480 1627 2771 1676 Intantum
2797 1627 2985 1675 autem
3016 1624 3266 1688 pinguis,
3289 1622 3421 1674 utin
3447 1635 3511 1673 eo
3528 1622 3876 1686 corporalitei

2295 1695 2581 1746 habitaret
2624 1696 2814 1746 omnis
2860 1694 3155 1759 plenitudo
3200 1693 3514 1744 divinitatis
3538 1693 3758 1754 (Coloss.
3811 1690 3875 1753 2.)

2298 1768 2413 1817 Nec
2459 1767 2645 1817 solum
2678 1768 2737 1817 in
2776 1780 2837 1817 se
2872 1767 3103 1831 pinguis
3129 1765 3337 1827 extitit,
3366 1766 3466 1816 sed
3491 1769 3549 1815 et
3572 1762 3644 1816 de
3666 1776 3732 1815 se
3758 1764 3876 1814 alios

2300 1838 2618 1901 pinguavit.
2656 1838 2817 1889 Unde
2841 1844 2898 1888 et
2921 1838 3186 1888 subditur
3213 1854 3222 1886 :
3250 1837 3404 1885 Mons
3427 1835 3744 1899 coagulatus
3776 1853 3785 1883 :
3809 1848 3876 1886 se

2300 1909 2557 1961 cundum
2586 1909 2731 1973 illos,
2770 1922 2885 1973 quo
2921 1910 3067 1960 lacte
3102 1909 3298 1959 nutrit.
3327 1908 3481 1956 Mons
3512 1907 3741 1971 pinguis
3776 1920 3876 1955 :se

2297 1981 2550 2033 cundum
2583 1983 2846 2045 majores,
2874 1994 3020 2043 quos
3050 1993 3151 2045 per
3180 1980 3503 2030 uberiorem
3529 1977 3876 2029 dulcedinen

2298 2064 2421 2103 sum
2448 2052 2742 2116 sapientiae
2768 2052 2963 2103 reiicit.
2992 2054 3135 2102 Nam
3154 2056 3212 2103 et
3235 2052 3423 2114 ipsum
3439 2049 3522 2100 lac
3538 2049 3693 2100 unde
3722 2049 3793 2099 ﬁt
3820 2061 3876 2099 ca

2297 2136 2454 2186 seus,
2480 2124 2622 2173 miro
2653 2122 2823 2173 modo
2848 2123 3134 2186 signiﬁcat
3158 2122 3417 2185 gratiam.
3462 2123 3656 2173 Manet
3684 2120 3876 2183 quippe

2298 2207 2369 2244 ex
2382 2195 2736 2245 abundantia
2752 2196 3038 2246 viscerum
3057 2199 3520 2254 maternorum,et
3532 2194 3876 2240 misericordia

2297 2265 2613 2316 delectabili
2632 2266 2888 2328 parvulis
2918 2266 3242 2317 infunditur
3273 2265 3468 2330 gratis.
3496 2266 3564 2314 Et
3587 2263 3722 2326 quia
3754 2276 3876 2313 non!

2297 2335 2440 2387 nulli
2469 2336 2539 2387 de
2563 2336 2786 2387 Christo
2812 2337 3241 2397 dubitaverunt,
3268 2340 3325 2387 et
3353 2334 3634 2399 quosdam
3660 2338 3876 2385 sanctos

2296 2406 2375 2457 illi
2415 2408 2739 2470 coaequales
2762 2408 2819 2458 in
2851 2408 3034 2472 gratia
3057 2408 3419 2459 crediderunt
3446 2402 3781 2469 :‘redarguit
3804 2416 3876 2456 eo:

2297 2479 2368 2530 de
2392 2491 2603 2537 errore,
2632 2491 2765 2529 cum
2793 2479 3096 2542 subjungit
3122 2493 3134 2528 :

2360 2549 2446 2603 17.
2498 2550 2560 2598 Ut
2584 2550 2718 2613 quid
2739 2550 3099 2615 suspicamini
3126 2554 3327 2598 montes
3369 2547 3716 2611 coagulatos‘?
3754 2548 3876 2597 Nan

2297 2622 2354 2672 et
2382 2621 2576 2672 caeteri
2614 2621 2804 2672 Sancti
2842 2623 3068 2671 montes
3092 2620 3193 2671 Dei
3216 2619 3351 2671 dicti
3376 2623 3531 2670 sunt.
3558 2620 3670 2668 Nec
3695 2617 3876 2669 delue

2296 2697 2434 2743 runt
2474 2693 2573 2755 qui
2618 2705 2752 2742 eum
2794 2692 3066 2757 dicerent,
3108 2692 3203 2743 alii
3237 2693 3521 2742 Joannem
3557 2690 3867 2753 Baptistam

2297 2762 2391 2815 alii
2413 2769 2606 2815 autem
2632 2763 2874 2826 Heliam,
2898 2764 2993 2814 alii
3011 2776 3146 2815 vero
3168 2763 3491 2824 Jeremiam,
3505 2766 3604 2812 aut
3624 2774 3812 2811 unum
3826 2774 3876 2811 θ]

2297 2834 2589 2898 prophetis
2635 2836 2842 2899 (Matth.
2878 2834 3002 2897 16.).
3056 2835 3144 2886 Ad
3184 2846 3428 2898 quorum
3458 2844 3701 2884 errorem
3741 2845 3876 2883 com-

2296 2906 2667 2970 pescendum,
2698 2905 2869 2957 aliam
2893 2906 3290 2958 excellentiam
3315 2904 3506 2957 adhuc
3528 2903 3810 2965 insinuat,
3838 2904 3876 2952 in

2297 2990 2410 3039 quo
2434 2976 2589 3028 hunc
2617 2979 2881 3029 sanctum
2897 2981 3152 3028 montem
3172 2978 3245 3028 ab
3261 2977 3385 3027 aliis
3400 2975 3692 3027 montibus
3708 2976 3876 3023 sanctis

2297 3048 2522 3099 differre
2557 3050 2775 3111 probat.
2803 3050 2899 3100 Ait
2921 3060 3056 3113 ergo
3076 3066 3085 3097 :
3103 3049 3257 3097 Mons
3281 3048 3340 3096 in
3373 3062 3477 3112 quo
3503 3045 3876 3109 bencplacitmn

2296 3124 2367 3168 est
2390 3120 2495 3169 Deo
2520 3120 2765 3170 habitare
2793 3121 2855 3169 in
2877 3135 2951 3170 eo.
2991 3121 3106 3171 Deo
3137 3120 3281 3184 patri
3308 3119 3516 3183 placuit
3547 3117 3813 3169 habitare
3836 3115 3876 3165 in

2297 3191 2408 3241 isto
2433 3196 2646 3254 monte,
2683 3191 2777 3254 qui
2803 3194 3037 3255 paratus
3061 3197 3149 3243 est
3180 3191 3240 3242 in
3264 3190 3561 3242 cacumine
3584 3189 3876 3243 montium.

2300 3262 2390 3312 cui
2423 3261 2564 3312 dicit
2589 3280 2599 3311 :
2629 3263 2714 3313 Tu
2737 3275 2799 3313 es
2830 3263 3008 3313 Filius
3038 3276 3204 3314 meus
3238 3262 3499 3319 dilectus,
3525 3261 3585 3311 in
3607 3272 3727 3322 quo
3755 3257 3876 3309 mihi

2300 3334 2447 3384 bene
2489 3334 2807 3398 complacui
2851 3335 3059 3395 (Matth.
3100 3333 3150 3388 3.
3190 3339 3239 3383 et
3272 3332 3355 3387 17.
3380 3333 3505 3383 Luc.
3531 3331 3620 3395 3.).
3646 3332 3771 3383 Nec
3796 3330 3876 3381 ha.

2302 3404 2443 3455 bitat
2465 3406 2621 3456 Deus
2643 3405 2704 3455 in
2727 3419 2793 3457 eo
2823 3418 2920 3469 per
2943 3403 3338 3469 particularem
3370 3403 3628 3468 gratiam,
3654 3402 3817 3452 sicut
3837 3400 3876 3449 in

2301 3476 2524 3527 caeteris
2550 3478 2921 3540 Sanctis,sive
2946 3477 3017 3527 ad
3044 3480 3286 3540 tempus.
3303 3474 3497 3526 Ethoc
3518 3474 3749 3538 probat,
3764 3483 3876 3524 cum

2300 3548 2496 3599 subdit
2522 3562 2534 3598 :
2561 3550 2777 3598 Etenim
2802 3549 3066 3598 Dominus
3091 3547 3350 3597 habitabit
3365 3546 3423 3594 in
3439 3547 3619 3610 finem.
3638 3543 3699 3595 Id
3716 3545 3876 3605 est,in

2299 3619 2705 3683 perfectionem
2730 3620 3112 3671 habitationis.
3149 3621 3438 3669 Intantum
3461 3617 3678 3668 habitat
3703 3617 3777 3667 in
3814 3625 3876 3673 eo,

2300 3695 2366 3742 ut
2390 3691 2518 3754 plus
2552 3691 2811 3742 habitare
2833 3704 2951 3742 non
2974 3691 3158 3756 possit
3181 3710 3190 3738 :
3216 3689 3431 3742 scilicet
3453 3689 3514 3739 in
3532 3687 3761 3739 unitate
3782 3697 3876 3750 per-

2301 3774 2476 3825 sonae,
2526 3766 2584 3814 et
2632 3762 2961 3825 aequalitate
3007 3762 3298 3826 potentiae.
3330 3762 3455 3813 Non
3478 3760 3618 3823 quia
3640 3758 3757 3823 (Ea:
3780 3759 3875 3806 Au-

2299 3833 2528 3897 gustino)
2574 3834 2631 3884 in
2664 3833 2791 3884 aliis
2836 3847 2954 3885 non
2989 3834 3225 3897 habitat,
3251 3832 3350 3883 sed
3398 3831 3534 3895 quia
3555 3831 3615 3881 in
3639 3829 3772 3881 aliis
3796 3838 3876 3892 per

2298 3904 2505 3965 ipsum.
2532 3907 2597 3956 In
2628 3905 2754 3969 ipso
2779 3906 2986 3969 quippe
3012 3905 3231 3956 habitat
3254 3904 3442 3955 omnis
3462 3905 3727 3964 plenitudo
3761 3903 3875 3949 divi-

2298 3977 2494 4028 nitatis
2521 3992 2533 4028 :
2557 3990 2675 4028 non
2700 3978 3048 4039 umbraliter,
3067 3977 3218 4027 sicut
3231 3976 3291 4027 in
3309 3976 3520 4039 templo
3544 3986 3578 4024 a
3590 3975 3876 4025 Salomone

2298 4049 2467 4112 facto,
2513 4049 2611 4099 sed
2649 4048 3009 4112 corporaliter
3060 4047 3271 4113 (Coloss.
3320 4046 3393 4109 2)
3430 4051 3486 4097 et
3515 4045 3699 4097 solide
3722 4050 3875 4107 atque

2301 4120 2577 4171 veraciter
2600 4135 2612 4169 :
2642 4121 2915 4182 quoniam
2940 4122 3095 4171 Deus
3121 4123 3241 4170 erat
3263 4120 3322 4169 in
3351 4117 3576 4169 Christo
3598 4118 3875 4168 mundum

2298 4191 2672 4242 reconcilians
2718 4192 2825 4242 sibi
2872 4190 2937 4251 (2.
2971 4192 3089 4241 Cor.
3117 4189 3208 4253 5.).
3233 4188 3338 4241 Vel
3360 4189 3487 4240 ideo
3511 4188 3668 4250 dicit,
3707 4184 3875 4237 Domi-

2298 4278 2404 4311 nus
2427 4262 2688 4312 habitavit
2720 4264 2783 4311 in
2810 4265 2975 4325 finem
3007 4279 3017 4311 :
3045 4262 3179 4324 quia
3202 4261 3310 4312 hoc
3336 4260 3538 4311 melius
3562 4260 3876 4310 manifesta-

2299 4334 2452 4385 bitur
2495 4334 2554 4384 in
2589 4334 2717 4397 flne,
2773 4333 3006 4398 quando
3042 4333 3101 4384 in
3126 4345 3234 4384 sua
3265 4332 3561 4397 apparebit
3588 4330 3875 4395 majestate

2300 4406 2508 4467 (Matth.
2568 4403 2698 4466 25.),
2751 4412 2809 4456 et
2849 4404 3196 4468 mqualitate.
3252 4404 3351 4455 Vel
3390 4402 3672 4454 Dominus
3720 4403 3875 4452 Jesus

2298 4477 2560 4528 Christus
2604 4477 2885 4528 habitabit
2933 4477 2994 4527 in
3040 4476 3264 4528 Sanctis
3310 4474 3450 4533 suis,
3489 4472 3811 4538 perducens
3829 4470 3875 4519 in

2297 4548 2491 4612 finem,
2514 4548 2623 4599 hoc
2648 4554 2738 4600 est
2760 4549 2818 4600 in
2844 4549 3117 4612 seipsum.
3150 4547 3306 4598 Finis
3338 4546 3491 4598 enim
3507 4546 3876 4609 legisChristus

600 4609 768 4710 clara.
814 4612 1101 4673 Quamdiu
1135 4613 1245 4665 hoc
1281 4614 1434 4678 facit,
1461 4614 1809 4667 determinat
1830 4609 2076 4681 tempus,
2112 4618 2193 4669 di-
2217 4635 2274 4710 D
2301 4619 2381 4710 ad.
2408 4609 2693 4710 justitiam
2739 4620 2897 4710 o‘mni
2933 4609 3182 4710 credenti
3218 4619 3387 4680 (Rom.
3428 4616 3557 4710 10.)ἱ
3578 4618 3876 4710 Postquam

602 4692 740 4733 cens
768 4699 779 4731 ε

664 4751 752 4806 15.
796 4752 940 4803 Dum
978 4755 1232 4804 discernit
1252 4758 1469 4806 molestis
1492 4772 1635 4820 reges
1672 4773 1834 4822 super
1852 4773 1991 4811 eam.
2019 4760 2082 4812 Id
2106 4765 2196 4814 est

602 4822 882 4886 quamdiu
903 4824 1081 4877 Filius
1104 4826 1209 4877 Dei
1229 4828 1456 4880 ordinat
1477 4833 1537 4880 et
1564 4830 1863 4881 constituit
1887 4838 2121 4884 sanctos
2141 4838 2198 4885 et

603 4894 891 4969 praelatos,
917 4896 1018 4969 qui
1041 4897 1187 4949 bene
1210 4905 1412 4963 regnat
1435 4904 1493 4950 et
1521 4912 1583 4953 se
1605 4906 1664 4952 et
1686 4900 1828 4952 alios
1854 4916 2025 4968 super
2048 4917 2196 4969 eam,

601 4966 863 5019 videlicet
887 4967 1232 5020 columbam.
1260 4971 1397 5030 Quis
1423 4977 1513 5022 est
1540 4971 1648 5023 iste
1672 4966 1943 5037 caelestis,
1965 4976 2077 5027 nisi
2104 4966 2197 5028 ille

602 5038 702 5101 qui
724 5038 985 5090 ascendit
1015 5053 1186 5102 super
1208 5053 1409 5091 omnes
1433 5042 1625 5105 caelos,
1650 5048 1712 5094 ut
1730 5044 1994 5108 impleret
2005 5048 2198 5099 omnia

602 5110 817 5175 (Ephes.
846 5112 955 5175 4.)?
973 5113 1041 5164 Et
1057 5112 1195 5176 quid
1217 5118 1324 5175 est,
1348 5114 1502 5165 aliud
1519 5128 1679 5175 reges
1698 5116 2022 5183 discernere
2040 5134 2194 5181 super

602 5195 750 5245 eam,
763 5183 877 5235 nisi
892 5184 951 5236 in
964 5197 1110 5249 opus
1127 5184 1463 5246 ministerii,i
1475 5199 1513 5239 n
1525 5187 1961 5242 aedificationem
1975 5194 2197 5251 corporis

600 5255 807 5307 Christi
828 5268 1147 5320 prmparare
1174 5257 1241 5320 (1.
1270 5257 1391 5308 Cor.
1411 5257 1514 5321 12.)
1533 5261 1559 5309 ‘t
1582 5259 1865 5312 Dicuntur
1890 5263 2065 5314 etiam
2088 5263 2195 5324 (Ea:

598 5327 760 5391 Aug.)
778 5327 856 5379 illi
880 5341 1043 5391 reges
1065 5328 1265 5392 utique
1287 5342 1323 5381 a
1345 5329 1688 5395 regendo,et
1704 5333 1843 5396 quid
1858 5338 2191 5396 magis,quam

599 5400 789 5450 carnis
800 5400 1296 5463 concupiscentias
1307 5405 1333 5452 εἰ
1344 5414 1415 5454 ne
1428 5408 1625 5465 regnet
1642 5406 1937 5466 peccatum
1950 5408 2002 5453 in
2019 5420 2191 5454 eorum

596 5470 822 5522 mortali
847 5483 1081 5534 corpore
1103 5472 1175 5524 ad
1194 5474 1577 5526 obedientium
1603 5475 1902 5527 desideriis
1920 5478 2069 5541 ejus:
2086 5489 2193 5529 nec

597 5541 907 5593 exhibeant
932 5541 1107 5609 335
1129 5547 1385 5597 membra
1405 5558 1509 5596 sua
1527 5558 1688 5597 arma
1702 5547 1983 5607 iniquitatis
1994 5554 2191 5607 peCr‘ato

598 5612 700 5664 sed
721 5612 1037 5667 exhibeant
1062 5629 1123 5668 se
1147 5618 1264 5667 Deo
1289 5620 1561 5679 tanquam
1576 5629 1647 5667 ex
1671 5620 1917 5669 mortuis
1932 5621 2190 5668 viventes:

595 5688 653 5734 et
697 5686 956 5738 membra
1007 5700 1114 5739 sua
1156 5700 1320 5740 arma
1360 5688 1607 5752 justitiaa
1629 5688 1748 5739 Deo
1783 5689 1953 5752 (Rom.
1981 5689 2072 5753 6.).
2101 5690 2189 5742 Sic

596 5754 746 5825 enim
770 5762 939 5809 erunt
974 5772 1140 5823 reges
1177 5760 1442 5822 primitus
1467 5758 1700 5811 discreti
1725 5759 1798 5810 ab
1832 5760 2184 5825 alienigenis,

596 5823 733 5894 quia
778 5839 898 5877 non
949 5834 1087 5880 sunt
1117 5829 1328 5894 jugum
1367 5830 1645 5881 ducentes
1681 5843 1813 5881 cum
1839 5823 2184 5885 inﬁdelibus.
2228 5856 2239 5857 ί

593 5892 813 5946 Deinde
834 5896 1061 5951 discreti
1079 5892 1229 5953 inter
1258 5914 1321 5955 se
1344 5900 1699 5953 concorditer
1724 5904 2060 5957 muneribus
2074 5920 2190 5967 pro-

2299 4691 2554 4742 ostendit
2576 4690 2939 4742 altitudinem
2957 4690 3183 4752 Christi,
3209 4693 3625 4752 consequenter
3645 4689 3876 4739 insinuat,

2295 4761 2432 4825 quid
2476 4762 2608 4835 inde
2624 4774 2778 4835 _suae
2815 4761 3085 4814 Ecclesiae
3106 4761 3535 4835 proveniat._Ac
3558 4759 3607 4811 si
3631 4758 3875 4835 dicatur:

2296 4837 2439 4886 Ecce
2490 4830 2665 4901 336
2713 4845 2881 4884 mons
2920 4846 3171 4897 magnus
3215 4839 3388 4895 atque
3431 4826 3876 4895 incomparabilis

2295 4905 2576 4956 Dominus
2608 4907 2819 4956 Jesus:
2867 4905 3008 4968 quid
3052 4910 3223 4958 erunt
3261 4904 3359 4966 illi,
3406 4904 3506 4968 qui
3537 4902 3875 4967 putabantur

2295 4981 2525 5029 montes
2551 4975 2835 5040 coagulati
2848 4978 2875 5027 ?
3695 5045 3701 5047 Α
3816 5039 3845 5047 Α,

2358 5046 2443 5101 18.
2484 5048 2692 5098 Curras
2726 5048 2839 5107 Dei,
2878 5048 3085 5111 inquit,
3123 5052 3308 5099 erunt.
3344 5048 3414 5099 Et
3444 5058 3518 5098 ne
3540 5045 3705 5110 pauci
3731 5044 3871 5111 testi-

2296 5124 2540 5179 mentur,
2556 5118 2645 5183 adj
2658 5119 2836 5182 ungit.
2863 5110 3049 5169 Decem
3063 5110 3235 5168 iniltib
3244 5133 3302 5167 us
3318 5116 3603 5180 multiplex
3622 5114 3787 5165 millia
3803 5110 3871 5183 [ξεῖ

2297 5190 2530 5239 tantium
2544 5182 2696 5252 .Quis
2713 5190 2868 5242 enim
2882 5191 3117 5255 auriga?
3130 5190 3397 5239 Dominus
3410 5191 3469 5237 in
3482 5182 3871 5249 eis,inquil.Ubi'.’

2295 5261 2356 5310 in
2391 5261 2554 5312 Sinai
2592 5262 2653 5311 in
2683 5268 2885 5313 sancto.
2910 5263 3211 5326 Ingentem
3233 5262 3429 5326 itaque
3455 5257 3867 5311 multitudinem

2296 5336 2650 5397 sanctorum,
2685 5338 2861 5396 atque
2907 5333 3181 5395 fidelium,
3234 5333 3332 5397 qui
3381 5331 3657 5397 portando
3698 5330 3866 5381 Deum

2293 5404 2441 5457 fiunt
2465 5404 2889 5468 quodammodo
2913 5418 3118 5457 currus
3137 5404 3260 5466 Dei,
3298 5403 3646 5469 significavit
3667 5401 3771 5452 hoc
3786 5408 3866 5469 no-

2292 5476 2465 5537 mine,
2482 5466 2705 5540 ponens
2717 5476 2943 5528 finitum
2957 5490 3058 5542 pro
3075 5478 3315 5529 infinito.
3338 5466 3499 5527 Hanc
3510 5466 3865 5527 inhabitando

2291 5552 2348 5599 et
2392 5548 2640 5611 regendo
2688 5548 2838 5599 sicut
2872 5548 3062 5600 bonus
3102 5549 3300 5612 auriga
3324 5548 3582 5612 perducit
3602 5546 3661 5597 in
3689 5544 3863 5618 finem,

2292 5624 2569 5683 tanquam
2595 5633 2828 5670 currum
2853 5633 3044 5684 suum,
3058 5619 3488 5673 velutinlocum
3501 5620 3717 5679 aliquem
3728 5617 3861 5688 desii:

2291 5696 2513 5744 natum.
2538 5694 2603 5743 In
2627 5704 2695 5744 eo
2723 5696 2933 5754 autem,
2960 5692 3113 5756 quod
3134 5691 3434 5757 multiplex
3446 5691 3503 5742 in
3514 5689 3709 5742 decem
3722 5684 3856 5761 milli-

2290 5763 2401 5815 bus
2425 5763 2652 5825 dicitur,
2677 5762 2948 5827 perfectio
2972 5764 3248 5817 doctrinm
3270 5762 3728 5816 commendatur:
3745 5760 3856 5818 (ἶυιδ

2290 5834 2486 5907 decem
2537 5840 2768 5907 propter
2810 5836 3156 5901 DecaIOgum
3191 5835 3476 5901 significat
3515 5832 3855 5907 doctrinae}:

2288 5906 2462 5968 mille,
2492 5908 2630 5971 quia
2638 5906 2927 5971 perfectus
2940 5913 3030 5961 est
3040 5920 3332 5970 numerus,
3346 5907 3610 5971 designat
3618 5903 3856 5967 perfectio—
