3884 6392
16 384 147 442 917

16 488 443 576 nem._Currus
466 510 602 563 ergo
625 497 725 551 Dei
749 472 1051 562 multiplex
1082 499 1146 551 in
1167 499 1367 576 decem
1392 499 1645 576 millibus
1668 502 1724 576 Α

19 572 283 623 existit:
303 572 441 635 quia
457 583 738 623 numerus
758 576 1086 623 sanctorum
1113 572 1431 624 secundum
1448 572 1644 624 decem

19 646 337 708 praecepta
352 644 497 705 legis
513 643 903 705 multipliciter
915 646 971 693 et
982 643 1224 708 perfecte
1243 644 1399 696 vivit.
1415 644 1646 696 Miriﬂce

17 719 264 768 autem.
311 726 445 766 cum
494 713 761 765 dixisset.
804 713 984 763 Miltia
1014 714 1330 779 laetantium,
1374 716 1645 766 continuo

19 786 321 849 subjecit:
347 786 615 836 Dominus
630 785 692 834 in
706 785 833 837 illis.
859 787 940 837 Ne
954 786 1380 850 miremur,quod
1400 789 1642 835 lmleulur:

23 859 333 909 Dominus
365 858 519 909 enim
546 858 603 908 in
628 857 755 908 illis.
784 858 917 909 Ideo
941 859 1047 909 etsi
1076 862 1216 909 sunt
1239 859 1401 921 quasi
1431 859 1642 921 tristes,

19 942 278 992 semper
300 934 492 981 tamen
514 928 832 993 gaudentes
857 927 928 989 (2.
961 929 1079 979 Cor.
1121 928 1209 989 6.).
1244 929 1497 991 Necjam
1519 928 1644 989 ipso

16 1000 169 1063 fine,
193 1012 316 1064 quo
341 1000 599 1052 nondum
619 1005 902 1052 venerunt
930 1018 941 1049 :
961 1000 1062 1051 sed
1085 1013 1184 1063 spe
1202 1004 1340 1050 sunt
1354 1004 1643 1061 gaudentes,

16 1072 81 1122 in
138 1071 517 1124 tribulatione
565 1072 849 1135 patientes
886 1072 1052 1133 (Rom.
1085 1069 1208 1132 12.).
1237 1072 1513 1133 Quoniam
1539 1071 1644 1120 Do-

14 1146 229 1192 minus
257 1144 319 1191 in
343 1143 453 1192 illis
468 1143 528 1191 in
554 1142 719 1192 Sinai
742 1143 803 1191 in
826 1148 1026 1193 sancto.
1052 1141 1116 1193 1d
1136 1146 1244 1201 est,
1267 1142 1328 1192 in
1351 1142 1640 1193 mandato.

14 1214 171 1265 Sina
194 1215 356 1266 enim
370 1215 778 1276 interpretatur
788 1215 1131 1263 mandatum.
1148 1213 1536 1276 EtApostolus
1553 1213 1642 1264 di-

14 1285 101 1335 cit
128 1302 148 1333 :
177 1285 328 1347 Quia
350 1285 445 1337 lex
461 1284 692 1348 quidem
707 1289 923 1349 sancta,
941 1288 999 1336 et
1012 1284 1352 1335 mandatum
1364 1285 1580 1336 bonum
1597 1290 1642 1333 el

14 1360 312 1407 sanctum
341 1357 512 1419 (Rom.
532 1354 624 1417 7.).
654 1355 763 1408 Sed
797 1356 935 1419 quid
960 1355 1260 1417 prodesset
1281 1355 1641 1416 mandatum,

14 1427 142 1476 nisi
192 1427 480 1479 Dominus
522 1427 601 1479 ibi
638 1430 828 1479 esset?
870 1426 941 1478 de
982 1438 1098 1490 quo
1118 1427 1355 1479 dicitur:
1383 1427 1534 1478 Deus
1555 1431 1644 1478 est

12 1498 213 1559 enim,
241 1499 343 1562 qui
380 1504 648 1565 operatur
677 1498 737 1549 in
760 1498 938 1560 vobis,
964 1502 1020 1549 et
1048 1496 1194 1549 velle
1219 1501 1276 1548 et
1298 1498 1517 1562 operari
1540 1510 1641 1562 pro

15 1570 187 1620 bona
222 1570 527 1622 voluntate
550 1569 774 1633 (Philip.
807 1568 890 1631 1.).
918 1572 1117 1632 Itaque
1146 1569 1428 1620 Dominus
1450 1568 1511 1620 in
1536 1568 1638 1633 eis,

14 1641 79 1691 in
100 1653 244 1692 man
253 1641 388 1692 dato
400 1642 467 1692 ad
472 1643 682 1704 juvans
695 1652 811 1702 eos,
830 1645 893 1691 ut
910 1640 1121 1691 faciant
1132 1640 1489 1691 mandatum:
1505 1642 1641 1695 Quo-

15 1712 207 1763 modo
231 1714 298 1761 in
312 1714 421 1763 eis?
444 1714 664 1765 Caritas
676 1714 832 1764 enim
853 1712 956 1763 Dei
969 1711 1357 1762 diffusaestin
1370 1711 1638 1761 cordibus

14 1785 255 1835 nostris
302 1797 402 1849 per
425 1784 696 1848 Spiritum
722 1788 1007 1843 sanctum,
1028 1783 1127 1846 qui
1152 1783 1322 1834 datus
1347 1787 1439 1833 est
1470 1782 1639 1833 nobis

13 1855 215 1914 (Rom.
243 1854 317 1919 5.)
345 1870 358 1906 :
408 1859 466 1908 et
496 1856 623 1908 haec
648 1860 755 1919 est,
782 1868 896 1919 qua
918 1854 1258 1906 mandatum
1280 1852 1563 1917 impletur,
1583 1854 1640 1905 et

1049 388 1124 439 IN
1157 388 1481 441 PSALMOS
1517 386 1725 440 LXXV
1758 386 2340 441 COMMENTARIUS.

3236 385 3341 443 918

1742 499 1978 552 humilis
2013 507 2349 561 moreretur,
2386 506 2577 552 tamen
2607 499 3015 553 condemnabit
3038 500 3336 566 superbos.

1745 574 1812 622 Et
1839 572 1946 624 hoc
1971 578 2077 634 est,
2104 573 2256 636 quod
2282 572 2507 625 subdit:

1805 641 1873 697 22
1886 682 1897 693 .
1932 645 2305 693 Verumtamen
2316 645 2457 694 Deus
2467 642 2769 707 confringet
2782 643 2963 707 capita
2978 642 3339 693 inimicorum

1742 729 1986 766 suorum.
2001 716 2190 779 Capita
2210 715 2584 780 confringere,
2600 715 2977 779 estsuperbas
2988 719 3213 765 mentes
3229 713 3340 766 hu-

1744 786 1978 838 miliare.
2022 789 2216 849 Juxta,
2263 786 2415 849 quod
2454 786 2731 850 scriptum
2773 786 3127 837 est:0mnis
3152 786 3251 849 qui
3276 799 3337 838 se

1744 858 1960 909 exaltat
1982 858 2376 909 humiliabitur
2407 859 2613 918 (Matth.
2639 856 2737 920 23;
2770 858 2897 908 Luc.
2923 856 3048 920 17.).
3074 858 3337 909 Confrin-

1742 934 1840 990 get
1876 930 2046 980 etiam
2080 931 2321 978 verticem
2342 929 2545 991 capilli,
2572 929 2630 979 id
2663 934 2769 989 est,
2795 928 3097 980 elationem
3123 930 3333 992 cogita—

1743 1000 1934 1060 tionis,
1972 999 2469 1065 perambulantium
2501 1000 2563 1047 in
2588 999 2788 1047 delictis
2808 1001 2920 1048 suis
2944 1013 2957 1049 :
2993 1000 3049 1051 id
3075 1005 3181 1062 est,
3208 1011 3336 1063 per-

1745 1072 2131 1123 severantium
2155 1072 2210 1122 in
2235 1070 2501 1135 peccatis.
2520 1070 2817 1121 Confracta
2834 1076 2969 1122 sunt
2984 1072 3156 1121 etiam
3171 1072 3335 1119 inimi-

1744 1155 1944 1192 corum
1974 1142 2173 1207 capita,
2188 1142 2245 1193 id
2268 1146 2375 1197 est,
2399 1141 2817 1192 dominationes
2838 1146 2892 1191 et
2909 1142 3206 1204 imperium
3222 1142 3333 1189 inil-

1742 1212 1974 1269 delium.
1999 1219 2057 1265 et
2082 1213 2336 1277 quotidie
2360 1213 2639 1276 frangitur
2671 1227 2681 1259 :
2707 1217 2775 1263 ut
2797 1212 2896 1263 uni
2919 1213 3088 1276 capiti
3111 1212 3333 1265 Christo

1743 1288 1900 1335 totus
1924 1284 2171 1335 mundus
2202 1284 2553 1348 subjiciatur.
2568 1282 2673 1334 Vel
2686 1283 2979 1347 per'capita
2994 1283 3335 1345 possuntin—

1743 1354 1920 1419 telligi
1943 1354 2223 1419 capitalia,
2248 1356 2305 1407 id
2335 1360 2440 1414 est,
2466 1354 2781 1406 criminalia
2805 1357 3054 1417 peccata.
3082 1356 3184 1405 Per
3208 1367 3335 1405 ver-

1743 1428 1912 1478 ticem
1927 1440 2060 1479 vero
2076 1427 2262 1491 capilli
2280 1427 2503 1478 minuta
2518 1428 2575 1477 et
2588 1425 2833 1478 venialia
2847 1425 3043 1478 valent
3058 1427 3331 1487 designari.

1742 1501 1807 1550 In
1846 1498 2057 1561 quibus
2101 1497 2366 1561 quisquls
2403 1496 2739 1549 delectando
2760 1496 2841 1549 ita
2862 1496 3243 1561 perambulat,
3269 1501 3335 1550 ut

1740 1570 2073 1634 corrigendo
2124 1571 2263 1623 dum
2309 1570 2470 1631 vivit,
2507 1582 2625 1621 non
2659 1568 2824 1621 finiat
2848 1586 2858 1616 :
2885 1569 3007 1633 ipse
3029 1570 3186 1620 Deus
3202 1572 3335 1633 post

1738 1646 1985 1694 mortem
2020 1654 2137 1694 non
2168 1641 2428 1693 minutus
2460 1640 2515 1690 in
2539 1639 2769 1704 deitate,
2810 1640 3126 1703 confringet
3149 1645 3204 1691 et
3228 1638 3330 1691 de-

1740 1716 2069 1765 strueteum
2094 1712 2340 1764 districti
2364 1710 2667 1775 judiciisui
2691 1710 3208 1762 animadversione.
3228 1712 3332 1762 Per

1738 1784 1972 1847 capillos
2005 1785 2132 1836 ideo
2156 1784 2531 1847 cogitationes
2554 1783 2889 1845 accipimus,
2917 1785 3053 1845 quia
3076 1783 3229 1833 sicut
3247 1792 3333 1833 ca-

1740 1855 1857 1919 pilli
1882 1856 2180 1907 adhaerent
2204 1855 2395 1919 capiti,
2422 1854 2505 1905 sic
2528 1854 2905 1916 cogitationes
2927 1853 3125 1904 menti.
3157 1855 3332 1904 Bonaa

14 1926 159 1977 ideo
174 1915 657 1980 millialmtantur.
677 1915 973 1989 Quomodo
987 1926 1096 1978 hoc
1120 1926 1334 1977 factum
1348 1915 1472 1976 est?
1488 1926 1634 1976 Con-
1660 1915 1714 1989 B
1739 1915 1932 1978 autem
1956 1915 2330 1991 cogitationes
2343 1915 2551 1977 ornant
2564 1915 2818 1977 mentem
2837 1925 3031 1976 :malae
3044 1926 3327 1984 deturpant.

12 1998 206 2050 vertit
251 2000 327 2051 ad
368 2000 579 2064 ipsum,
620 2000 719 2063 qui
742 1999 889 2060 fecit,
914 2002 973 2051 et
995 1996 1281 2062 quomodo
1307 1996 1383 2049 sit
1397 1996 1630 2061 factum,

13 2070 204 2121 nobis
230 2071 511 2132 ostendit,
534 2070 734 2123 dicens
761 2088 771 2119 :

82 2157 183 2212 19.
224 2159 530 2209 Ascendisti
567 2160 630 2208 in
676 2159 870 2221 altum,
894 2158 953 2209 id
999 2158 1105 2221 est,
1131 2158 1191 2208 in
1214 2155 1421 2209 cmlum
1445 2168 1636 2207 resur-

13 2229 243 2294 gendo.
276 2230 488 2296 Cepisti
510 2230 891 2294 captivitatem.
916 2229 980 2281 Id
1005 2232 1113 2289 est,
1135 2240 1320 2292 genus
1333 2230 1632 2290 humanum,

15 2300 189 2363 quod
216 2300 483 2353 diabolus
506 2301 898 2366 captivaverat
912 2313 1012 2365 per
1022 2304 1343 2364 peccatum,
1362 2300 1630 2347 redemisti.

13 2373 297 2441 Accepiin
329 2373 478 2422 dona
501 2374 562 2422 in
588 2372 900 2423 hominibus
928 2388 940 2423 :
977 2371 1127 2422 sicut
1149 2369 1282 2421 alibi
1313 2368 1544 2419 dicitur:
1575 2371 1633 2419 et

14 2442 179 2495 dabo
202 2443 535 2496 tibiGentes
561 2444 959 2497 haereditatem
984 2448 1161 2505 tuam,
1186 2445 1241 2492 et
1262 2442 1628 2501 possessionem

12 2518 191 2567 tuam
237 2517 513 2568 terminos
551 2520 719 2569 terra;
744 2515 903 2580 (Psat.
930 2513 1026 2578 2.),
1048 2516 1099 2565 A
1120 2512 1364 2563 Domino
1390 2512 1504 2561 lico
1526 2522 1628 2561 no-

11 2593 144 2638 stro
187 2592 361 2650 capta
392 2592 483 2640 est
521 2592 719 2639 nostra
758 2586 1080 2650 captivitas,
1107 2585 1173 2636 ut
1192 2583 1353 2634 fieret
1376 2581 1627 2633 libertas.

12 2659 176 2709 IIinc
228 2661 394 2710 Petro
430 2659 650 2711 dictum
673 2663 798 2710 est:
840 2660 924 2709 Ex
946 2656 1058 2709 hoc
1076 2658 1197 2719 jam
1229 2654 1494 2706 homines
1518 2653 1629 2703 eris

14 2730 272 2792 capiens
299 2728 694 2795 (Luc.5.)Capli
729 2743 863 2794 ergo
889 2740 1113 2792 sumus,
1131 2727 1268 2791 quia
1292 2724 1587 2789 subjugati
1612 2739 1624 2776 :

15 2804 136 2852 sub
161 2802 290 2853 leve
312 2800 455 2853 illud
472 2802 678 2867 jugum
698 2801 881 2861 missi,
901 2799 1121 2852 liberati
1140 2811 1175 2850 a
1189 2800 1439 2863 peccato,
1458 2796 1627 2858 cujus

13 2872 185 2923 servi
208 2885 443 2924 eramus
467 2874 639 2935 (Rom.
666 2872 757 2936 6.),
783 2877 842 2925 et
859 2871 1101 2937 justitim
1124 2868 1273 2921 servi
1290 2868 1439 2929 facti,
1458 2867 1626 2927 cujus

11 2944 190 2996 liberi
214 2944 454 2996 fuimus.
479 2945 642 2997 Unde
663 2950 719 2996 et
740 2944 861 3008 ipse
876 2945 935 2994 in
952 2942 1063 2993 illis
1083 2946 1191 3005 est,
1208 2940 1306 3005 qui
1322 2937 1482 2990 dedit
1496 2940 1627 2985 dona

11 3015 386 3078 hominibus,
411 3022 469 3067 et
482 3016 693 3081 Accepit
715 3016 861 3064 dona
884 3015 945 3063 in
960 3012 1294 3063 hominibus:
1314 3011 1625 3073 ideoquein

10 3088 129 3139 ista
172 3088 573 3152 captivatione,
610 3086 669 3138 in
710 3087 821 3138 isto
845 3098 1040 3149 cursu,
1074 3085 1183 3135 sub
1214 3084 1326 3134 isto
1345 3084 1486 3147 jugo
1510 3092 1625 3152 non

9 3164 161 3210 sunt
180 3151 369 3210 millia
383 3158 750 3223 plorantium,
769 3158 871 3210 sed
890 3156 1067 3209 millia
1080 3155 1424 3209 laetantium.
1441 3151 1623 3203 Domi-

8 3243 126 3281 uns
154 3230 375 3295 quippe
395 3230 454 3281 in
476 3229 588 3281 illis
612 3230 671 3281 in
696 3229 866 3290 Sinai,
890 3229 950 3280 in
975 3233 1190 3279 sancto.
1217 3228 1287 3278 Et
1307 3238 1436 3278 vere
1462 3224 1623 3276 erant

1739 1990 2390 2063 Quosdam’co‘nfringet,
2417 1997 2698 2060 quosdam
2721 1996 2795 2048 ad
2820 2010 2881 2048 se
2910 1999 3235 2047 convertet:
3254 1994 3334 2047 ita

1738 2069 1891 2131 quod
1914 2069 2056 2122 alios
2086 2068 2258 2121 faciat
2282 2071 2580 2133 martyres,
2600 2068 2741 2119 alios
2753 2081 2890 2119 vero
2902 2066 3327 2132 praedicatores.

1736 2144 1805 2193 Et
1840 2141 1915 2193 ad
1948 2142 2058 2193 hoc
2090 2140 2552 2192 conﬁrmandum
2575 2138 2885 2191 introducit
2911 2138 3225 2189 Dominum
3247 2136 3330 2190 lo-

1735 2215 2007 2276 quentem
2032 2212 2114 2263 sic
2143 2228 2154 2259 :

1794 2281 1880 2337 23.
1913 2283 2069 2333 Dixit
2094 2282 2378 2343 Dominus,
2412 2281 2467 2332 id
2492 2282 2597 2345 est,
2622 2279 2862 2331 firmiter
2884 2278 3170 2342 disposuit
3202 2293 3213 2328 :
3238 2277 3328 2327 Eae

1733 2354 1916 2404 Basan
1934 2358 2240 2403 convertam
2252 2354 2309 2401 in
2325 2352 2663 2417 profundum
2676 2351 2866 2400 maris.
2884 2350 3073 2402 Basan
3088 2352 3327 2410 interpre-

1733 2429 1887 2477 tatur
1929 2425 2193 2487 confusio.
2233 2427 2302 2475 Et
2337 2436 2411 2475 ex
2447 2422 2781 2474 confusione
2811 2421 3029 2486 peccati
3064 2420 3173 2483 (Ea:
3203 2422 3323 2470 Au-

1729 2497 1961 2559 gustino)
1988 2496 2053 2547 fit
2073 2495 2374 2547 conversio
2399 2495 2470 2546 ad
2495 2496 2698 2545 Deum.
2713 2492 2851 2544 Inde
2869 2496 2976 2553 est,
2992 2492 3145 2555 quod
3160 2492 3324 2540 Publi-

1730 2580 1911 2620 canus
1956 2580 2061 2619 nec
2094 2567 2341 2619 audebat
2373 2566 2567 2617 oculos
2591 2564 2665 2618 ad
2688 2565 2896 2617 caelum
2920 2563 3123 2615 levare.
3150 2565 3236 2614 Ita
3261 2574 3322 2614 se
3386 2581 3397 2588 -

1728 2640 2098 2691 considerans
2112 2638 2582 2701 confundebatur,
2597 2636 2699 2689 sed
2712 2635 3010 2687 descendit
3020 2637 3323 2694 justiﬂeatus

1731 2710 1873 2774 (Luc.
1926 2710 2033 2773 i8.)
2080 2713 2224 2762 Item
2253 2711 2442 2761 Basan
2480 2709 2889 2770 interpretatur
2918 2707 3149 2756 siccitas.
3172 2704 3322 2756 Talis

1728 2787 1850 2834 erat
1892 2782 2105 2841 anima,
2154 2794 2288 2845 quae
2334 2781 2597 2832 dicebat:
2625 2780 2831 2831 Anima
2853 2790 2983 2830 mea
3004 2778 3153 2829 sicut
3178 2780 3325 2828 terra

1728 2855 1851 2906 sine
1895 2866 2048 2918 aqua
2086 2853 2188 2905 tibi
2231 2853 2387 2917 (Psat.
2424 2850 2552 2913 42.).
2580 2852 2647 2902 Et
2672 2850 2823 2902 beati
2849 2850 2948 2913 qui
2971 2849 3236 2900 esuriunt
3267 2850 3322 2899 et

1726 2926 1930 2977 sitiunt
1962 2925 2269 2990 justitiam,
2301 2923 2571 2987 quoniam
2593 2921 2702 2986 ipsi
2725 2920 3317 2990 sumebantur-(Matth.

1725 2997 1812 3060 5.).
1842 2988 2063 3048 Deinde
2086 2995 2224 3058 quid
2248 2993 2598 3058 profundum
2622 2992 2815 3053 maris,
2840 2990 2951 3041 nisi
2974 2988 3318 3054 profundam

1723 3068 1997 3120 malitiam
2020 3066 2303 3131 significat
2331 3063 2645 3128 peccatoris
2665 3065 2693 3113 εξ
2722 3062 2882 3113 Unde
2899 3061 3175 3131 scriptum
3196 3063 3313 3131 est:

1725 3142 1991 3192 Peccator
2013 3129 2142 3189 cum
2166 3136 2383 3188 venerit
2405 3136 2466 3187 in
2482 3133 2831 3200 profundum
2843 3135 3109 3191 malorum,
3137 3129 3313 3198 338

1723 3211 2043 3263 contemnit
2078 3209 2255 3272 (onv.
2289 3206 2414 3263 18.).
2441 3209 2503 3258 In
2528 3205 2878 3271 profundum
2901 3204 3075 3255 maris
3090 3210 3316 3264 peccator

7 3274 537 3367 ωριίῖίιὲἕξριιοέ
551 3274 613 3352 tu
633 3274 950 3364 Ξοὶθρῖὲὶῖῖ
966 3274 1188 3351 signa
1202 3274 1615 3354 magna“,
1646 3285 1693 3359 ί]
1721 3274 3315 3367 convertitur-xquenfiggg:pggpriggggnggigngergz139-

7 3373 339 3422 inhabitare
374 3373 670 3423 Dominum
694 3373 881 3422 Deum.
909 3374 1036 3423 Non
1048 3369 1462 3432 credentesipsi
1482 3372 1618 3418 sunt

7 3445 342 3510 captivitas.
372 3446 496 3496 Non
518 3443 803 3496 credendo
828 3445 979 3495 enim
1002 3435 1617 3510 pbssidebanturadia-

7 3509 161 3577 bolo,
188 3516 294 3581 qui
323 3521 592 3581 operatur
611 3516 672 3567 in
698 3514 831 3567 filiis
849 3514 1183 3566 diffidentiae
1210 3513 1418 3577 (Ephes.
1445 3509 1616 3574 2.).In

7 3590 229 3653 quibus
256 3592 313 3640 et
333 3601 433 3640 vos
455 3587 680 3652 (inquit)
697 3587 885 3638 fuistis
901 3585 1229 3649 aliquando,
1256 3596 1389 3635 cum
1405 3583 1617 3635 vivere-

7 3662 75 3712 tis
103 3660 171 3711 in
195 3659 283 3711 eis
307 3658 519 3722 (Ephes.
541 3657 629 3723 5.).
653 3657 821 3709 Fides
845 3656 1092 3709 eosinde
1114 3655 1392 3719 liberavit,
1417 3658 1484 3705 ut
1493 3654 1615 3717 jam

7 3732 317 3783 credentes
352 3730 744 3782 inhabitentur
779 3742 815 3781 a
852 3730 986 3792 Deo,
1025 3727 1153 3779 facti
1178 3727 1387 3778 domus
1407 3726 1527 3785 Dei,
1560 3728 1616 3775 et

7 3815 219 3855 currus
243 3800 348 3853 Dei
370 3799 610 3853 millium
632 3799 973 3852 laetantium.
999 3798 1161 3853 Unde
1186 3798 1283 3862 qui
1307 3798 1432 3849 haec
1455 3808 1615 3847 cane-

7 3876 118 3938 bat,
149 3873 215 3925 in
241 3872 445 3938 spiritu
470 3884 536 3924 ea
552 3870 893 3935 praevidens,
918 3870 1188 3935 impletus
1202 3873 1258 3921 et
1275 3866 1614 3933 ipselmtitia

7 3944 294 3999 eructavit
316 3944 620 4009 hymnum,
644 3942 844 3995 dicens
874 3955 886 3992 :

309 4039 398 4097 20.
424 4039 739 4091 Benedictus
761 4040 1029 4089 Dominus
1048 4038 1132 4112 die
1157 4035 1609 4112 quotidie.l_(i_est,

7 4107 251 4170 assidue
275 4126 466 4178 usque
488 4114 544 4165 in
570 4113 765 4165 finem.
803 4113 873 4163 Et
896 4111 1168 4176 quoniam
1193 4120 1425 4161 currum
1448 4107 1609 4160 illum

7 4189 139 4242 duci
164 4186 387 4239 viditin
411 4190 721 4238 aelernum:
742 4185 1003 4248 sequitur
1019 4188 1074 4235 et
1098 4183 1234 4234 dicit
1255 4196 1268 4233 :
1286 4182 1610 4245 Prosper-um

7 4263 99 4311 iter
123 4259 295 4323 faciet
317 4257 488 4319 nobis,
514 4258 654 4307 Deus
674 4257 1005 4306 salutarium
1038 4260 1366 4303 nostrorum.
1408 4252 1614 4305 Omnia

7 4335 166 4385 enim
189 4330 644 4395 cooperanturin
668 4330 886 4381 bonum
905 4327 1013 4388 his,
1028 4327 1124 4390 qui
1141 4324 1459 4376 secundum
1482 4336 1613 4389 pro-

7 4405 269 4469 positum
292 4402 483 4453 vocati
508 4405 644 4452 sunt
668 4400 855 4451 sancti
881 4400 1047 4459 (Rom.
1067 4396 1135 4460 8.)
1153 4412 1165 4447 :
1181 4401 1237 4448 et
1251 4410 1364 4448 non
1378 4396 1612 4469 permit-

7 4468 65 4529 tit
96 4487 205 4530 eos
235 4474 443 4526 tentari
468 4484 662 4538 supra,
688 4484 861 4535 quam
886 4473 1027 4522 ferre
1051 4475 1312 4535 possunt,
1346 4468 1448 4519 sed
1476 4468 1611 4520 facit

7 4553 181 4603 etiam
211 4560 289 4601 ex
314 4546 627 4599 tentatione
647 4548 986 4609 proventum
1010 4540 1077 4607 (2.
1095 4541 1213 4591 Cor.
1238 4539 1342 4602 iO.)
1362 4541 1614 4603 Propter-

7 4636 66 4675 ea
113 4620 283 4674 enim
316 4624 472 4671 recte
518 4616 727 4669 dicitur
764 4614 1100 4667 salutarium
1132 4614 1308 4671 Deus,
1337 4611 1472 4675 quia
1504 4610 1611 4662 iter

7 4698 274 4728 nnatrnm
301 4690 494 4728 div-irrit
515 4688 584 4728 ad
613 4685 1360 4728 salutem-atmmintantum
1378 4694 1611 4728 nrosne-
1634 4654 1690 4728 D

7 4698 279 4747 nostrum
301 4690 494 4753 dirigit
515 4688 589 4741 ad
613 4685 1361 4750 salutem,atqueintantum
1378 4694 1611 4747 prospe-

7 4779 137 4819 rum
176 4762 334 4824 facit,
370 4765 438 4813 ut
461 4760 533 4813 de
555 4760 664 4812 hoc
687 4758 907 4810 mundo
945 4757 1115 4808 faciat
1137 4756 1380 4808 transire
1401 4754 1474 4807 ad
1508 4757 1610 4806 Pa-

7 4843 177 4897 trem,
203 4839 265 4886 et
288 4834 407 4893 fiat,
432 4832 586 4897 quod
604 4832 728 4894 ipse
754 4829 1037 4881 Dominus
1061 4828 1170 4880 ait:
1214 4827 1357 4879 Volo
1386 4842 1397 4877 :
1423 4831 1490 4879 ut
1512 4827 1608 4880 ubi

7 4924 107 4975 ago
170 4919 325 4969 sum,
371 4910 429 4957 et
451 4904 560 4970 ipsi
591 4904 709 4955 sint
730 4914 962 4975 mecum
997 4901 1176 4966 (Joan.
1202 4899 1328 4964 ‘17.).
1354 4898 1495 4963 Quis
1523 4902 1613 4952 est

7 4973 112 5034 iste
131 4981 331 5032 Deus?
356 4975 625 5040 Sequitur
647 4979 705 5027 et
728 4973 893 5025 dicit:

56 5069 130 5126 21
148 5106 159 5118 .
196 5068 341 5118 Deus
373 5070 567 5127 noster,
594 5066 735 5115 Deus
760 5063 931 5113 salvos
952 5060 1210 5124 faciendi.
1236 5060 1479 5114 Multum
1506 5060 1612 5125 (Ea:

7 5138 342 5207 Augustino)
370 5138 552 5201 gratia
579 5134 1032 5207 commendatur.
1060 5133 1197 5196 Quis
1229 5133 1388 5185 enim
1413 5132 1611 5207 salvus

7 5206 183 5276 esset,
233 5209 350 5261 nisi
379 5209 504 5274 ipse
534 5210 799 5260 sanaret?
825 5206 934 5259 Sed
956 5211 1022 5259 ut
1051 5209 1371 5258 occurreret
1399 5206 1614 5271 cogita-

7 5285 145 5339 tioni
171 5297 186 5345 ;
228 5295 334 5334 cur
355 5294 493 5347 ergo
516 5280 813 5343 morimur,
844 5279 892 5329 si
918 5291 1017 5343 per
1045 5278 1173 5343 ejus
1196 5277 1439 5342 gratiam
1466 5278 1612 5331 salvi

7 5357 138 5410 facti
175 5366 385 5406 sumus
407 5354 435 5403 ?
458 5351 735 5404 continuo
760 5350 1047 5414 subjecit:
1071 5350 1369 5409 etDomini,
1385 5350 1613 5399 Domini

7 5431 185 5479 avitus
206 5424 418 5475 mortis.
439 5425 741 5489 Tanquam
754 5421 991 5474 diceret:
1009 5421 1153 5485 Quid
1177 5421 1494 5485 indignaris
1509 5421 1613 5475 hu-

10 5510 183 5552 mana
204 5494 480 5559 conditio,
506 5499 563 5547 te
589 5495 798 5546 habere
812 5494 1030 5547 exitum
1053 5494 1256 5546 mortis
1269 5496 1298 5545 ?
1313 5497 1370 5546 et
1384 5494 1611 5545 Domini

11 5573 86 5624 tui
115 5570 319 5622 exitus
343 5580 461 5619 non
494 5565 660 5632 alius,
688 5577 864 5629 quam
888 5566 1089 5618 mortis
1117 5565 1239 5618 fuit.
1258 5566 1453 5618 Potius
1477 5578 1612 5632 ergo

12 5641 331 5703 consolare,
371 5650 547 5703 quam
579 5637 913 5702 indigneris.
946 5639 1230 5690 Patienter
1270 5650 1402 5702 ergo
1440 5639 1612 5690 etiam

14 5717 198 5781 ipsam
213 5716 462 5764 mortem
486 5711 756 5774 feramus,
771 5710 922 5762 illius
939 5711 1220 5775 exemplo,
1238 5712 1336 5774 qui
1350 5711 1482 5763 licet
1497 5726 1613 5773 pec-

14 5795 141 5840 cato
171 5784 334 5838 nullo
355 5788 511 5836 esset
539 5782 764 5834 debitor
790 5784 1085 5844 mortis,et
1106 5784 1387 5835 Dominus
1399 5789 1553 5835 esset
1580 5795 1614 5834 a

17 5874 127 5924 quo
158 5869 336 5909 nemo
361 5855 620 5907 animam
647 5853 886 5917 tolleret,
914 5854 1155 5906 sedeam
1172 5854 1613 5919 ipseascmetipso

18 5933 274 5995 poneret,
299 5926 473 5979 etiam
487 5926 674 5992 ipsius
690 5925 797 5979 fuit
813 5925 1006 5979 exitus
1017 5925 1235 5978 mortis.
1255 5924 1366 5979 Sed
1381 5927 1614 5988 quamvis

1720 3353 1875 3404 mino
1891 3350 2234 3416 impellente,
2260 3348 2588 3412 retruditur,
2611 3347 2855 3410 utmala,
2873 3357 3005 3409 quae
3024 3344 3225 3408 gessit,
3238 3358 3312 3392 re-

1717 3424 1950 3489 cogitet,
1976 3427 2151 3485 atque
2176 3434 2241 3472 ea
2261 3419 2592 3485 paenitendo
2613 3419 2884 3484 deploret.
2908 3418 3054 3489 Hinc
3075 3419 3162 3467 est
3176 3416 3309 3476 quod

1717 3488 1837 3547 Deo
1854 3494 2065 3547 dicitur
2080 3492 2373 3557 aquodam
2394 3492 2711 3555 pmnitente
2729 3504 2741 3541 :
2763 3488 3110 3553 Recogitabo
3122 3489 3212 3557 tibi
3228 3501 3315 3557 an-

1715 3580 1825 3618 nos
1856 3579 2016 3618 meos
2052 3566 2113 3617 in
2148 3556 2534 3616 amaritudine
2577 3562 2787 3614 animae
2822 3573 2969 3612 meae
3008 3559 3156 3623 (Isai.
3182 3556 3306 3617 38.).

1717 3639 1876 3689 Tunc
1904 3636 2113 3700 quippe
2136 3639 2226 3687 est
2248 3647 2381 3687 vera
2404 3633 2721 3693 conversio,
2761 3631 2992 3695 quando
3016 3629 3225 3681 animae
3247 3627 3313 3677 fit

1715 3718 1997 3769 amarum,
2011 3706 2121 3756 hoc
2139 3705 2296 3766 quod
2308 3710 2442 3757 ante
2463 3705 2648 3756 fuerat
2664 3703 2828 3755 dulce
2844 3706 3163 3767 peccatum.
3185 3703 3307 3750 Con-

1713 3780 1881 3830 vertit
1916 3790 2051 3843 ergo
2074 3779 2231 3829 Deus
2253 3777 2312 3827 in
2342 3775 2691 3840 profundum
2719 3775 2793 3826 ad
2827 3787 2925 3826 eos
2957 3783 3221 3836 quosque
3244 3770 3308 3821 li-

1712 3849 2021 3912 berandos,
2048 3847 2148 3910 qui
2170 3850 2332 3897 erant
2351 3846 2453 3897 des
2462 3845 2803 3909 peratissimi
2821 3847 3165 3908 peccatores.
3192 3844 3310 3897 Quae

1712 3919 2031 3984 conversio,
2075 3929 2252 3981 quam
2294 3917 2547 3983 perfecta
2586 3917 2678 3981 sit,
2702 3916 2980 3977 insinuat,
3005 3926 3136 3966 cum
3166 3912 3308 3963 sub-

1715 3991 1901 4044 iungit
1922 4004 1934 4041 :

1705 4005 1961 4118 ωὲἕηάι
1977 4061 2329 4124 intinguntur
2339 4074 2427 4123 pes
2445 4064 2569 4108 tuus
2579 4058 2641 4107 in
2655 4056 3304 4121 sanguinc.Unusquisque

1712 4133 2052 4199 praedicator
2061 4132 2199 4184 dum
2213 4129 2890 4194 deambulando,verbum
2905 4129 3002 4178 Dei
3018 4128 3302 4199 annuntiat,

1709 4195 1772 4258 in
1793 4206 2068 4258 membris
2092 4202 2298 4255 Christi
2315 4201 2475 4265 pedis
2498 4200 2749 4252 ofﬁcium
2767 4196 3147 4251 servat.Unde
3167 4195 3306 4246 scri-

1710 4283 1876 4342 ptum
1900 4282 2019 4329 est:
2051 4279 2230 4339 Quam
2257 4274 2496 4339 speciosi
2520 4273 2694 4338 pedes
2717 4283 2936 4333 eorum,
2954 4269 3053 4342 qui
3075 4280 3299 4342 annun-

1712 4338 1859 4402 tiant
1894 4338 2117 4413 pacem,
2142 4346 2241 4411 qui
2264 4338 2610 4398 annuntiant
2635 4345 2788 4395 bona
2813 4342 2951 4413 (Isai.
2980 4338 3304 4413 52.)_l_‘Tali_s

1709 4433 1811 4485 pes
1846 4409 1967 4471 erat
2008 4409 2237 4482 Paulus,
2275 4430 2409 4470 cum
2437 4416 2651 4469 diceret
2677 4431 2689 4466 :
2715 4427 2833 4465 non
2858 4412 3042 4485 solum
3064 4409 3301 4485 alligari,

1712 4480 1813 4544 sed
1843 4495 1901 4543 et
1915 4491 2060 4542 mori
2075 4480 2310 4555 paratus
2336 4502 2466 4542 sum
2484 4501 2585 4552 pro
2608 4487 2840 4539 nomine
2858 4486 2887 4536 J
2895 4497 2998 4535 esu
3022 4483 3147 4555 (Act.
3172 4480 3299 4555 21:).

1712 4565 1817 4615 Pes
1843 4573 1978 4626 ergo
1999 4551 2100 4613 Dei
2121 4562 2182 4613 in
2198 4551 2824 4624 sanguine’intingitur,
2847 4554 3078 4620 quando
3102 4551 3305 4618 praedi-

1714 4637 1871 4687 cator
1893 4632 2102 4685 Christi
2127 4645 2228 4697 pro
2251 4632 2365 4684 fide
2388 4630 2732 4696 Evangelica
2743 4627 3028 4682 coloratur
3042 4626 3303 4697 martyrio.

1712 4704 1930 4757 Deinde
1944 4694 2208 4768 adjungit
2233 4718 2246 4755 :
2275 4704 2493 4767 Lingua
2516 4694 2714 4753 canum
2742 4707 2961 4750 tuorum
2976 4711 3042 4747 eae
3064 4694 3306 4746 inimicis

1712 4776 1778 4827 ab
1800 4777 1935 4838 ipso.
1958 4777 2070 4827 Eos
2093 4776 2250 4839 ipsos
2278 4775 2383 4837 (Ea:
2401 4775 2744 4838 Augustino),
2762 4772 2861 4837 qui
2886 4768 3153 4834 usquead
3170 4780 3306 4821 san-

1710 4847 1945 4912 guinem
1970 4845 2200 4897 fuerant
2229 4845 2515 4907 certaturi,
2542 4846 2717 4898 etiam
2747 4856 2921 4897 canes
2947 4846 3116 4894 vocat
3142 4857 3153 4893 :
3186 4852 3303 4893 non

1712 4917 2100 4977 detestabiles,
2125 4915 2227 4968 sed
2244 4915 2561 4969 laudabiles
2580 4933 2592 4968 :
2614 4916 2860 4969 Domino
2885 4928 2990 4966 suo
3009 4914 3180 4965 ﬁdem
3197 4928 3305 4961 ser-

1710 4995 1932 5052 vantes,
1958 4993 2016 5041 et
2036 5000 2139 5053 pro
2156 4988 2282 5051 ejus
2306 4987 2477 5040 domo
2502 4993 2701 5040 contra
2723 4987 2989 5039 inimicos
3005 4984 3302 5037 latrantes.

1712 5064 1836 5113 Non
1852 5060 2008 5113 enim
2022 5059 2421 5111 tantummodo
2438 5072 2647 5111 canum
2665 5059 2824 5113 dixrt.
2842 5058 2944 5110 sed
2964 5057 3176 5107 Canum
3195 5061 3305 5104 tuo-

1712 5148 1839 5183 rum
1862 5146 1874 5184 :
1898 5145 2005 5185 nec
2028 5143 2228 5184 eorum
2248 5130 2473 5194 dentes,
2489 5131 2591 5183 sed
2607 5130 2804 5195 lingua
2817 5128 3050 5181 laudata
3064 5136 3154 5179 est.
3174 5129 3305 5183 Quos

1712 5204 1988 5271 propheta
2008 5216 2079 5255 ex
2103 5202 2350 5254 inimicis
2374 5202 2598 5255 futuros
2614 5215 2740 5255 esse
2751 5200 3029 5265 praedixit,
3056 5215 3142 5261 per
3164 5202 3305 5249 illam

1713 5277 1932 5330 scilicet
1951 5274 2404 5338 conversionem,
2423 5273 2493 5326 de
2517 5286 2633 5337 qua
2656 5271 2924 5338 superius
2939 5271 3302 5335 loquebatur.

1712 5351 1799 5402 Ex
1821 5347 2071 5400 inimicis
2097 5358 2233 5411 ergo
2258 5345 2391 5398 fecit
2412 5345 2737 5397 misericors
2760 5345 2915 5395 Deus
2930 5342 3148 5394 amicos
3165 5357 3302 5392 suos:

1713 5420 1886 5485 utqui
1904 5423 2069 5472 erant
2084 5417 2568 5482 blasphemantes,
2582 5414 2953 5481 postmodum
2967 5414 3309 5485 fierentprge-

1712 5481 1988 5553 dicantes,
2024 5496 2082 5544 et
2115 5481 2229 5555 qui
2245 5489 2536 5541 Christum
2563 5486 3069 5555 persequebantur,
3096 5481 3306 5555 deinde

1711 5577 1812 5631 pro
1837 5551 2058 5615 ChriSto
2088 5551 2445 5614 morerentur
2467 5560 2536 5622 (1.
2564 5551 2706 5608 ’Tim.
2742 5555 2838 5631 fl.).
2864 5551 2933 5608 Et
2953 5553 3133 5631 veluti
3150 5564 3287 5631 quae

1714 5624 1954 5700 reretur,
1985 5635 2140 5688 unde
2182 5634 2291 5687 hoc
2334 5633 2445 5685 illis
2492 5634 2719 5684 tantum
2741 5629 2995 5680 bonum?
3033 5624 3304 5679 continuo

1713 5719 2062 5771 responsum
2086 5711 2176 5759 est
2202 5705 2309 5756 :Ab
2333 5705 2466 5769 ipso,
2494 5700 2771 5757 subaudis
2794 5702 2927 5751 Deo.
2954 5700 3285 5771 Namquan

1712 5780 1785 5831 do
1812 5769 1869 5829 id
1893 5783 2130 5842 possent
2149 5789 2184 5829 a
2209 5777 2414 5842 seipsis
2432 5780 2459 5828 ?
2490 5775 2706 5829 Etenim
2742 5784 2875 5824 cum
2909 5769 3125 5823 inimici
3161 5778 3311 5842 esse-

1712 5865 1865 5915 mus,
1897 5841 2254 5904 reconciliati
2289 5841 2495 5904 Sumus
2538 5852 2656 5903 Deo
2707 5858 2807 5913 per
2842 5849 3087 5899 mortem
3124 5841 3308 5909 ipsius

1714 5925 1885 5987 (Rom.
1917 5923 2012 5989 5.).
2036 5922 2201 5978 Unde
2233 5927 2291 5977 et
2312 5922 2620 5977 subditur:
