3884 6410
511 415 616 472 919

1570 411 1838 468 RUFINO
1870 408 2334 463 PRESBYTERO
2368 407 2757 462 ASCRIPTUS

3729 402 3838 459 920

574 528 663 586 25.
698 528 959 581 Viderunt
982 528 1252 599 ingressus
1276 532 1413 599 tuos,
1438 523 1866 599 Deus.Qualiter
1887 523 2112 599 ingres-
2137 527 2193 599 Α
2218 521 2388 599 diuis,
2425 520 2744 599 latitudinis
2779 533 2792 570 :
2831 516 3312 599 principes__f_ldei,
3356 519 3496 582 spei,
3539 515 3834 569 caritatis.

515 616 615 655 sus
632 602 767 654 esin
779 601 932 652 hunc
947 598 1253 659 mundum,
1270 596 1516 660 qualiter
1527 596 1882 655 incarnatus,
1894 598 2114 657 qualiter

513 675 882 732 humanatus,
917 670 1160 734 qualiter
1182 670 1428 733 occisus,
1455 667 1696 733 qualiter
1719 669 2029 729 exaltatus,
2058 673 2116 720 et

513 742 1188 810 glorificatus.Viderunt,
1203 740 1588 804 crediderunt,
1608 746 1781 805 atque
1793 741 2027 792 eosdem
2040 742 2117 788 iu-

513 829 751 881 gressus
769 818 939 879 prout
955 811 1565 878 potuerunt,imitando
1579 812 1761 863 secuti
1782 816 1937 863 sunt.
1955 815 2114 871 Cujus

512 889 853 952 ingressus?
891 886 1018 937 Non
1063 885 1274 948 angeli,
1316 896 1433 935 non
1464 883 1824 947 patriarcha,
1851 895 1966 934 non
1990 895 2115 947 pro-

512 960 722 1025 phetes,
765 971 881 1009 non
913 955 1224 1021 cujuslibet
1237 956 1383 1020 justi
1410 971 1421 1005 ε
1451 955 1551 1005 sed
1577 955 1855 1017 Ingressus
1872 955 1968 1003 Dei
1993 955 2112 1003 mei.

514 1030 653 1093 Quia
672 1029 744 1080 ad
761 1028 1066 1081 utilitatem
1083 1040 1267 1079 meam
1280 1038 1512 1077 carnem
1523 1037 1807 1088 assumes,
1821 1028 1911 1087 qui
1925 1042 1976 1075 es
1988 1030 2116 1074 Deus

513 1101 744 1165 genitus
768 1113 802 1151 a
824 1102 988 1151 Patre
1000 1099 1156 1162 Regis
1183 1097 1305 1148 mei.
1323 1098 1427 1158 Qui
1444 1096 1555 1148 eris
1568 1109 1669 1147 rex
1687 1097 1924 1148 meusin
1938 1101 2118 1144 huma-

513 1173 717 1224 nitate.
738 1172 857 1222 lloc
881 1175 989 1229 est,
1014 1169 1121 1220 Tui
1136 1170 1436 1233 ingressus
1458 1181 1575 1218 non
1594 1169 2113 1230 suntvilipendendi,

514 1244 652 1307 quia
675 1244 787 1295 eris
806 1245 961 1294 Deus
985 1243 1040 1292 et
1053 1241 1245 1304 homo,
1272 1251 1545 1302 reparans
1559 1239 1825 1290 homines
1841 1243 1898 1291 et
1917 1254 2114 1299 regens.

512 1316 595 1366 De
610 1327 722 1375 quo
745 1317 898 1365 recte
924 1312 1226 1363 subditur:
1258 1310 1399 1369 Quid
1410 1315 1480 1359 est
1504 1310 1562 1358 in
1591 1315 1792 1359 sancto.
1813 1311 1938 1361 Non
1964 1310 2116 1361 enim

514 1387 738 1438 habitat
780 1387 936 1437 Deus
973 1384 1031 1434 in
1052 1395 1283 1446 corpore
1308 1382 1543 1433 subdito
1569 1382 1819 1445 peccatis
1851 1381 1998 1446 (Sap.
2026 1380 2116 1446 1.),

516 1457 617 1509 sed
642 1457 701 1508 in
724 1469 810 1520 eo,
836 1457 1006 1520 cujus
1029 1453 1384 1506 conscientia
1400 1458 1598 1505 sancta
1631 1457 1719 1504 est
1742 1455 1798 1504 et
1821 1465 1986 1517 pura.

578 1528 665 1583 26.
704 1528 792 1580 Ad
833 1528 940 1579 hos
962 1527 1261 1592 ingressus
1293 1525 1706 1578 insinuandos:
1741 1524 2119 1574 Praeveneiunt

488 1601 806 1667 .principes,
850 1599 912 1651 id
958 1604 1066 1660 est,
1105 1598 1378 1662 primitivi
1411 1596 1818 1662 praedicatores
1842 1595 2116 1661 Apostoli,

515 1672 728 1735 quibus
751 1683 924 1735 super
944 1669 1257 1720 Ecclesiam
1282 1668 1454 1720 datus
1478 1672 1564 1718 est
1587 1668 1954 1732 principatus.
1978 1668 2121 1718 Prae-

515 1746 805 1794 venerunt
827 1754 961 1805 ergo
996 1746 1256 1803 caeteros,
1285 1740 1433 1790 sicut
1455 1740 1740 1803 principes
1758 1743 1813 1790 et
1838 1739 2115 1803 magistri;

518 1818 577 1864 et
617 1825 735 1863 non
770 1811 895 1869 soli,
928 1824 990 1862 se
1018 1810 1295 1875 conjuncti
1335 1809 1702 1875 psallentibus.
1744 1811 1827 1861 De
1872 1822 2118 1873 quorum

2219 595 2419 646 Tantis
2436 593 2789 659 principibus
2809 591 3102 656 adjunctis
3126 589 3248 648 tibi,

2277 663 2363 721 29.
2412 666 2619 714 Munda
2659 665 2814 719 Deus,
2860 662 3106 728 praecipe
3137 660 3328 710 virtuti
3360 665 3479 727 tuae,
3514 661 3668 713 Filio
3710 664 3835 723 tuo,

2214 748 2315 801 per
2358 749 2529 799 quem
2568 736 2823 787 virtuose
2855 733 3124 798 oper-aris.
3164 734 3293 796 Ipse
3318 733 3471 785 enim
3498 732 3836 797 principum

2215 808 2548 871 imperator:
2569 808 2690 871 ipse
2718 811 2806 858 est
2830 806 3014 857 virtus
3031 808 3089 856 et
3112 804 3395 868 sapientia
3418 809 3518 856 tua
3544 802 3832 868 (Ηεὸτ-.1.),

2215 892 2316 945 per
2338 892 2509 943 quem
2529 879 2688 942 facis,
2706 877 2985 942 quidquid
3002 877 3159 927 facis.
3185 878 3215 927 J
3226 877 3383 927 us‘sio
3408 880 3525 937 tua,
3543 876 3835 928 voluntas

2220 955 2333 1002 tua.
2359 950 2568 999 Munda
2584 950 2774 998 virtuti
2790 957 2916 998 tuae:
2946 954 3045 1000 tua
3071 948 3342 1001 voluntas
3357 947 3702 1011 impleatur:
3731 951 3838 998 tua

2217 1021 2475 1086 potentia
2502 1019 2839 1072 declaretur.
2884 1020 3182 1083 Conﬁrma,
3216 1020 3372 1082 Deus,
3403 1020 3499 1067 hoc
3528 1018 3682 1083 quod
3706 1032 3839 1081 ope-

2215 1098 2370 1141 ratus
2393 1108 2442 1140 es
2474 1092 2535 1140 in
2560 1091 2727 1141 nobis.
2764 1092 2972 1142 Manda
2994 1092 3200 1149 Verbo,
3229 1097 3293 1143 ut
3320 1091 3436 1143 flat.
3466 1091 3703 1154 Mancia,
3732 1101 3840 1154 per

2217 1165 2492 1216 Verbum.
2527 1163 2828 1227 Confirmat,
2857 1176 2958 1228 per
2982 1162 3251 1227 Spiritum
3278 1166 3563 1214 sanctum.
3592 1160 3836 1219 Mancia,

2218 1246 2236 1265 ε
2259 1235 2528 1288 dicendo:
2549 1235 2843 1299 confirma,
2866 1234 3215 1298 adjuvando.
3248 1235 3398 1286 Jube
3428 1232 3586 1298 quod
3607 1233 3725 1294 vis,
3745 1231 3837 1283 fac

2218 1308 2373 1373 quod
2391 1308 2579 1371 jubes.
2608 1307 2769 1369 Quod
2805 1308 2851 1358 si
2878 1306 3099 1370 feceris,
3123 1306 3221 1358 fiet
3244 1305 3399 1370 quod
3427 1305 3737 1369 sequitur:

2281 1378 2366 1434 30.
2394 1379 2436 1428 Α
2484 1378 2674 1443 templo
2717 1383 2806 1428 tuo
2860 1379 2916 1427 in
2963 1378 3285 1439 Jerusalem,
3330 1389 3463 1441 quae
3506 1382 3597 1428 est
3646 1376 3839 1427 libera

2218 1455 2399 1501 mater
2442 1455 2660 1501 nostra.
2687 1450 2755 1499 Et
2777 1449 2905 1513 ipsa
2932 1453 3020 1500 est
3045 1448 3323 1513 templum
3349 1453 3618 1500 sanctum
3659 1449 3838 1498 tuum

2422 1522 2510 1572 Ab
2532 1521 2642 1572 hoc
2666 1521 2879 1584 templo
2907 1525 3029 1583 tuo,
3053 1520 3167 1569 Tibi
3186 1518 3557 1584 oﬂ'erentreges
3570 1533 3839 1567 munera.

2220 1588 2442 1650 Scilicet
2471 1593 2712 1657 scipsos,
2760 1592 2882 1644 sive
2915 1592 3103 1643 laudis
3144 1591 3433 1644 sacrificia.
3467 1588 3571 1641 Vel
3592 1588 3839 1642 manda:

2221 1664 2373 1715 sicut
2393 1664 2607 1715 dictum
2635 1669 2743 1724 est,
2759 1675 2793 1714 a
2818 1662 3029 1728 templo
3046 1668 3142 1714 tuo
3159 1663 3219 1714 in
3235 1662 3571 1714 Jerusalem.
3587 1662 3676 1713 Ibi
3695 1664 3839 1710 enim

2218 1735 2430 1798 incepit
2453 1736 2858 1799 Apostolorum
2871 1734 3224 1800 praedicatio.
3251 1734 3412 1787 Unde
3427 1746 3558 1784 cum
3582 1734 3841 1781 Dominus

2218 1807 2509 1870 Apostolis
2559 1806 2869 1868 praedicare
2905 1807 3242 1870 praeciperet
3263 1804 3641 1870 Evangelium
3674 1803 3843 1854 omni

517 1882 687 1966 bonis
703 1881 991 1966 operibus,
1010 1886 1289 1966 tanquam
1304 1880 1626 1966 visibilibus
1639 1879 2114 1966 organistglorifl:
2147 1893 2201 1966 B
2226 1882 2505 1966 creaturae
2530 1879 2739 1966 (Matt/3.
2772 1875 2878 1966 285‘
2895 1879 3064 1966 litare.
3094 1877 3595 1966 19.):‘Incipientes
3604 1875 3841 1966 (inquit)

519 1960 748 2006 caretur
786 1954 957 2003 Deus.
1006 1953 1110 2015 Qui
1145 1952 1429 2016 principes
1470 1957 1744 2015 tanquam
1773 1952 2019 2003 ministri
2061 1955 2119 2003 et

518 2024 831 2091 praepositi,
863 2027 1051 2087 erunt,
1074 2025 1137 2073 In
1161 2024 1334 2073 medio
1350 2023 1792 2088 juvencutarum,
1813 2023 1871 2074 id
1888 2028 1995 2087 est,
2014 2025 2118 2075 Ec-

519 2096 844 2156 clesiarum,
867 2108 997 2158 quae
1021 2094 1212 2145 adhuc
1223 2100 1386 2145 erant
1404 2095 1671 2159 novellae,
1687 2094 1838 2144 sicut
1854 2096 2120 2155 primitivaa

520 2167 811 2219 Ecclesia.
844 2168 1108 2228 Ipsarum
1146 2165 1291 2225 dico,
1338 2165 1874 2229 tympanistriarum,
1917 2164 1975 2215 id
2013 2170 2117 2227 est,

519 2252 690 2292 carne
712 2237 1060 2289 mortificata
1084 2238 1264 2287 Deum
1279 2236 1638 2287 laudantium
1657 2238 1952 2300 Tympana
1967 2237 2122 2288 enim

520 2311 628 2372 (Eae
649 2308 972 2373 Augustino)
1004 2303 1179 2376 339
1208 2308 1428 2359 siccato
1454 2308 1604 2359 corio
1627 2307 1775 2358 fiunt
1789 2312 1844 2358 et
1859 2312 2120 2359 extenso.

519 2384 751 2445 Propter
784 2381 911 2432 haec
935 2381 1129 2430 omnia
1154 2380 1321 2438 bona,
1347 2392 1380 2429 ο
1406 2377 1624 2430 fideles.

580 2450 751 2506 27.171
795 2451 1042 2502 Ecclesiis
1085 2450 1369 2499 benedicite
1407 2450 1527 2499 Deo.
1575 2450 1681 2503 Ubi
1721 2454 1813 2503 est
1845 2450 2008 2502 locus
2032 2451 2124 2502 be.

514 2523 841 2591 nedicendi,
889 2524 1031 2585 Quia
1071 2521 1170 2585 qui
1212 2524 1377 2574 extra
1405 2522 1720 2574 Ecclesiam
1751 2526 1908 2585 sunt,
1940 2525 2123 2574 Deum

520 2595 694 2661 digne
730 2594 963 2646 laudare
985 2606 1104 2645 non
1136 2598 1399 2657 possunt.
1433 2595 1549 2644 Deo
1576 2594 1722 2656 dico,
1746 2594 2000 2654 Domino,
2028 2594 2125 2658 qui

520 2680 627 2718 nos
650 2665 866 2717 creavit
889 2668 947 2716 et
965 2663 1131 2727 regit.
1157 2662 1242 2715 Illi
1275 2664 1545 2727 (inquam)
1574 2664 1889 2715 benedicite
1913 2664 1975 2713 de
1997 2666 2125 2728 fon-

520 2738 678 2800 tibus,
717 2735 883 2799 idest,
927 2739 1159 2799 propter
1190 2734 1417 2786 fontes:
1460 2740 1692 2799 prOpter
1718 2739 1950 2787 sanctos
1973 2738 2127 2800 Apo-

524 2809 729 2872 stulos,
756 2806 855 2871 qui
881 2818 985 2858 vos
1012 2806 1295 2871 spirituali
1319 2806 1869 2858 doctrinareficiunt.
1889 2809 2127 2855 Fontibus

520 2880 670 2938 dico,
709 2879 890 2928 Israel.
936 2877 1111 2936 Idest,
1149 2876 1594 2941 procedentibus
1638 2890 1711 2928 ex
1747 2877 1967 2933 Judaea.
1988 2878 2127 2929 Inde

524 2952 737 3015 quippe
783 2949 890 3013 (Ea:
911 2949 1078 3012 Aug.)
1097 2948 1257 3012 prius
1282 2947 1470 3011 elegit,
1503 2960 1650 3011 quos
1677 2948 1866 2999 fontes
1896 2948 2124 3002 faceret.

524 3025 667 3075 Nam
700 3020 833 3072 inde
857 3025 996 3071 sunt
1018 3019 1184 3072 electi
1198 3017 1476 3083 Apostoli,
1495 3022 1552 3069 et
1566 3018 1624 3069 hi
1649 3018 1916 3082 primitus
1932 3020 2128 3071 audie-

521 3098 659 3147 runt
684 3107 695 3144 :
723 3092 831 3155 Qui
856 3091 1150 3143 biberitde
1168 3102 1321 3153 aqua
1340 3089 1471 3152 ista,
1494 3102 1669 3153 quam
1692 3103 1799 3155 ego
1823 3090 1991 3153 dabo,
2008 3105 2128 3144 non

520 3164 955 3226 sitietunquam
982 3178 994 3212 :
1023 3160 1125 3213 sed
1149 3160 1247 3212 fiet
1269 3160 1329 3212 in
1351 3172 1419 3213 eo
1443 3160 1572 3213 fons
1596 3173 1764 3226 aquae
1789 3161 2048 3215 salientis
2071 3162 2128 3214 in

516 3237 698 3289 vitam
725 3240 1003 3286 aeternam
1032 3231 1210 3297 (Joan.
1239 3231 1331 3293 4.).

576 3304 665 3361 28.
699 3304 775 3356 Ibi
807 3304 1101 3367 Benjamin
1133 3302 1553 3353 adolescentulus
1590 3304 1651 3352 in
1675 3304 1868 3354 mentis
1891 3319 2120 3354 eat-cessu.

519 3378 605 3430 Ibi
629 3376 733 3439 (Ea:
760 3375 915 3439 eod.).
953 3375 1163 3426 Paulus
1186 3374 1546 3426 novissimus
1575 3374 2005 3440 Apostolorum,
2030 3377 2129 3440 qui

518 3449 656 3502 dicit
674 3449 845 3500 :Nam
871 3451 927 3498 et
947 3459 1054 3511 ego
1071 3445 1327 3498 Israelita
1352 3458 1589 3509 sum,ex
1615 3445 1835 3498 semine
1858 3447 2128 3512 Abrahte,

519 3522 592 3574 de
622 3520 777 3572 tribu
801 3518 1105 3579 Beniamin
1136 3518 1307 3581 [Rom.
1336 3515 1445 3581 12.)
1472 3537 1483 3566 :
1512 3518 1610 3582 qui
1634 3518 1823 3569 factus
1845 3523 1933 3569 est
1957 3519 2018 3570 in
2041 3533 2134 3571 ex-

518 3604 692 3644 cessu
712 3589 943 3653 mentis,
961 3601 1093 3639 cum
1123 3601 1309 3652 usque
1333 3589 1404 3640 ad
1429 3590 1665 3641 tertium
1686 3589 1894 3641 caelum
1908 3604 2133 3655 rapere-

520 3668 635 3726 tur,
683 3666 739 3712 et
783 3659 1011 3712 audiret
1040 3660 1351 3711 ineffabilia
1390 3662 1581 3720 verba,
1626 3673 1759 3725 quae
1788 3676 1908 3714 non
1940 3663 2133 3716 liceret

519 3730 741 3785 homini
787 3728 965 3793 loqui.
1005 3729 1138 3781 Sive
1189 3730 1406 3795 (inquit)
1455 3730 1515 3782 in
1540 3743 1792 3795 corpore,
1820 3733 1943 3785 sive
1967 3739 2135 3786 extra

522 3817 750 3869 corpus.
778 3814 884 3864 ego
910 3802 1124 3865 nescio,
1151 3803 1302 3854 Deus
1325 3803 1434 3854 scit
1466 3802 1480 3867 (
1504 3800 1553 3856 2.
1584 3803 1703 3853 Cor.
1731 3803 1862 3868 12.).
1889 3807 1957 3856 Et
1982 3806 2135 3858 unde

524 3878 664 3929 sunt
686 3874 992 3939 principes,
1008 3876 1104 3937 qui
1132 3877 1583 3938 praevenerunt?
1600 3876 1877 3941 sequitur,
1894 3883 1952 3930 et
1969 3878 2131 3933 dicit:

522 3948 812 4010 Principes
841 3946 1009 4005 Juda,
1024 3946 1179 3995 duces
1199 3961 1385 3995 eorum
1406 3947 1678 4011 principes
1700 3948 1745 3997 Ζ
1749 3947 1966 4012 abulon,
1984 3952 2139 4015 prin-

524 4021 662 4084 cipes
682 4017 996 4083 Nephthati.
1017 4019 1259 4070 Hebrma
1309 4023 1447 4070 sunt
1487 4018 1699 4083 quippe
1727 4020 1831 4080 (Ea:
1867 4022 2001 4085 eod.)
2030 4023 2137 4074 ista

522 4092 774 4155 nomina,
801 4103 1056 4153 quorum
1070 4092 1101 4141 J
1109 4090 1238 4154 uda,
1255 4090 1516 4152 confessio
1536 4089 2133 4156 diciturinterpretari:

527 4162 783 4216 Zabulon
801 4160 1172 4211 habitaculum.
1187 4161 1548 4225 fortitudinis:
1566 4162 1869 4226 Nephthali
1888 4164 2138 4215 dilatatio

525 4251 662 4285 mea.
677 4237 819 4297 Quae
833 4234 1027 4284 omnia
1040 4234 1371 4285 verissimos
1391 4234 1561 4284 nobis
1574 4233 1874 4287 insinuant
1885 4239 2138 4298 principes

527 4305 930 4363 Ecclesiarum,
956 4304 1164 4367 dignos
1188 4303 1423 4369 ducatu,
1450 4303 1657 4369 dignos
1681 4305 2017 4372 imitatione,
2053 4308 2140 4360 di-

527 4391 676 4442 gnos
700 4376 1017 4429 honoribus
1044 4393 1054 4425 :
1083 4379 1366 4441 martyres
1399 4388 1651 4441 namque
1676 4376 1736 4428 in
1760 4379 2032 4430 Ecclesiis
2052 4379 2137 4433 lo-

526 4461 658 4500 cum
692 4458 709 4478 ·
743 4462 917 4501 suum
957 4450 1174 4511 tenent,
1207 4452 1381 4511 atque
1405 4448 1566 4512 apice
1592 4452 1813 4502 sancta
1838 4450 2136 4516 dignitatis

527 4520 840 4573 excellunt.
857 4523 887 4573 J
893 4533 988 4573 am
1011 4533 1145 4573 vero
1162 4520 1219 4571 in
1231 4521 1506 4583 martyrio
1526 4521 1711 4585 prima
1726 4522 2010 4575 confessio
2021 4530 2137 4577 est:

527 4596 586 4644 et
628 4606 729 4655 pro
761 4592 858 4644 illa
888 4591 1172 4657 quidquid
1204 4591 1494 4655 acciderit,
1536 4593 1835 4657 tolerandi,
1889 4607 2141 4658 sequens

528 4663 847 4715 assumitur
870 4663 1161 4715 fortitudo.
1196 4662 1413 4715 Deinde
1437 4666 1571 4729 post
1588 4664 1782 4715 omnia
1805 4663 2061 4726 tolerata,
2082 4667 2142 4718 fi-

528 4733 665 4785 nitis
687 4734 992 4795 angustiis,
1006 4733 1250 4785 latitudo
1265 4734 1532 4799 sequitur
1542 4735 1600 4786 in
1615 4734 1889 4799 prmmiis.
1910 4738 2068 4786 Potest
2095 4751 2141 4793 et

448 4805 457 4811 '
532 4804 615 4856 sic
646 4805 889 4869 intelligi
917 4821 928 4856 :
954 4809 1021 4856 ut
1054 4805 1346 4870 (quoniam
1385 4807 1495 4858 tria
1515 4806 1643 4858 haec
1666 4807 1954 4872 praecipue
1979 4820 2139 4861 com-

531 4876 769 4929 mendat
821 4876 1149 4941 Apostolus,
1204 4878 1399 4938 ﬁdem,
1447 4889 1629 4941 spem,
1668 4882 1727 4929 et
1749 4879 2041 4932 caritatem
2068 4881 2139 4945 [1.

535 4948 654 5000 Cor.
690 4948 815 5013 13.))
851 4949 1138 5001 confessio
1173 4950 1247 5001 sit
1270 4950 1331 5001 in
1364 4948 1495 5008 fide,
1524 4949 1795 5000 fortitudo
1819 4950 1880 5002 in
1904 4964 2024 5016 spe,
2058 4951 2142 5005 la-

534 5020 718 5072 titudo
741 5021 801 5071 in
828 5021 1080 5074 caritate.
1104 5021 1263 5073 Fidei
1288 5021 1603 5084 quipperes
1628 5025 1735 5079 est,
1754 5023 1819 5073 ut
1841 5023 2013 5075 corde
2030 5038 2144 5077 cre-

533 5092 703 5144 datur
725 5093 798 5144 ad
816 5093 1105 5157 justitiam
1133 5108 1145 5143 :
1182 5104 1279 5144 ore
1303 5095 1495 5141 autem
1522 5090 1807 5144 confessio
1830 5093 1931 5146 ﬁat
1953 5096 2021 5145 ad
2051 5109 2143 5148 sa-

532 5164 711 5215 lutem
731 5166 897 5227 (Rom.
928 5164 1054 5225 10.).
1090 5166 1157 5215 In
1194 5162 1563 5227 passionibus
1585 5168 1781 5215 autem
1817 5166 2143 5221 tribulatio-

534 5249 675 5287 num
709 5235 729 5265 ι’
756 5235 940 5287 tristis
971 5238 1088 5287 est:
1118 5233 1219 5286 sed
1246 5246 1379 5297 spes
1400 5233 1562 5285 fortis
1586 5239 1692 5286 est.
1712 5235 1768 5288 Si
1791 5237 1963 5303 enim,
1991 5240 2143 5303 quod

534 5320 650 5358 non
674 5307 941 5359 videmus
966 5317 1302 5371 speramus:
1329 5319 1430 5371 per
1450 5306 1783 5371 patientiam
1798 5319 2142 5371 exspectamus

536 5380 702 5441 (Rom.
732 5377 826 5441 8.).
852 5376 1242 5430 Latitudinem
1259 5390 1394 5429 vero
1411 5382 1649 5442 praestat
1664 5380 1918 5433 caritatis
1932 5384 1984 5431 in
1999 5387 2144 5433 corde

533 5448 780 5501 diffusio.
809 5451 955 5500 Nam
980 5452 1387 5500 consummata
1410 5449 1615 5500 caritas
1630 5449 1782 5502 foras
1801 5452 1979 5504 mittit
1997 5457 2144 5504 timo-

534 5533 653 5572 rem
671 5522 712 5586 (I
722 5520 965 5583 Joan..i.)
982 5520 1087 5583 Qui
1108 5520 1280 5572 timor
1295 5524 1647 5573 tormentum
1658 5521 1945 5589 babetper
1958 5529 2139 5575 animis

534 5592 852 5657 angustias.
894 5592 1179 5657 Principes
1217 5606 1353 5658 ergo
1376 5593 1525 5643 Juda
1548 5594 1703 5644 duces
1727 5610 1934 5659 eorum,
1960 5598 2056 5660 qui
2083 5598 2143 5649 in

535 5664 804 5716 Ecclesiis
834 5664 1182 5717 benedicunt
1202 5666 1531 5718 Dominum.
1568 5667 1849 5733 Principes
1870 5669 2138 5735 Zabulon,

532 5735 801 5799 principes
816 5735 1190 5800 Nephthalim.
1212 5739 1499 5803 Principes
1517 5739 1917 5804 confessionis,
1936 5743 2138 5792 fortitu-

596 5882 614 5943 f
651 5874 933 5938 Vulgatus
960 5879 1345 5943 Augustinus,
1377 5879 1551 5930 locum
1574 5895 1853 5931 summum
1887 5886 2079 5937 tenent.

595 5941 617 5971 ⁵
638 5942 799 5996 Idem
843 5941 1086 6013 plenius,
1121 5965 1204 6000 res
1228 5951 1392 6000 tristis
1415 5957 1506 6003 est.
1535 5952 1669 6005 Mox
1708 5955 1903 6007 autem
1936 5955 2141 6011 vitiose

2149 3265 2197 3340 C

2226 1950 2298 2001 ab
2328 1949 2647 2000 Jerusalem
2675 1950 2817 2011 (Luc.
2846 1947 2972 2011 24.).
3000 1949 3164 2012 Quod
3187 1949 3335 2000 alius
3359 1948 3637 2013 propheta
3660 1947 3842 2011 longe

2218 2026 2349 2072 ante
2378 2020 2737 2084 praeviderat,
2764 2033 2896 2071 cum
2924 2020 3173 2071 dicebat:
3190 2022 3267 2071 De
3292 2020 3425 2071 Sion
3439 2019 3619 2071 exibit
3640 2016 3764 2078 lex,
3785 2023 3841 2069 et

2221 2094 2458 2143 verbum
2489 2092 2722 2142 Domini
2752 2091 2822 2143 de
2844 2091 3167 2143 Jerusalem
3207 2092 3346 2154 (lsai.
3374 2090 3464 2154 2.),
3498 2088 3844 2142 Praevidens

2221 2167 2418 2215 autem
2443 2163 2502 2213 in
2530 2163 2781 2214 Ecclesia
2808 2163 2904 2214 Dei
2935 2163 3162 2214 futuros
3184 2162 3504 2225 hmreficos,
3528 2160 3840 2226 adjunxit:

2290 2233 2378 2290 3i.
2417 2236 2640 2299 lncrepa
2662 2235 2806 2296 feras
2849 2235 3168 2285 arundinis.
3203 2237 3361 2287 Fem
3388 2246 3507 2285 non
3542 2232 3842 2285 immerito

2223 2305 2584 2370 appellantur
2641 2305 2917 2370 haeretici,
2964 2306 3098 2369 quia
3136 2306 3246 2370 ipsi
3288 2305 3566 2356 dilaniant
3605 2304 3842 2354 animas

2225 2376 2533 2442 simplices,
2573 2377 3068 2440 quemadmodum
3112 2377 3249 2429 ferae
3278 2389 3438 2429 oves.
3467 2378 3536 2427 Et
3558 2380 3715 2428 recte
3752 2374 3843 2425 di-

2226 2454 2439 2501 cuntur
2488 2450 2809 2512 arundinis,
2862 2451 3001 2514 quia
3034 2449 3262 2500 mobilis
3305 2453 3363 2501 et
3394 2447 3681 2500 instabilis
3699 2451 3843 2498 sunt

2227 2520 2526 2573 sermonis.
2558 2522 2669 2572 Eos
2693 2521 2831 2572 dicit
2856 2520 3165 2585 Apostolus
3184 2523 3385 2572 Petrus
3406 2520 3672 2572 indoctos
3688 2522 3750 2570 et
3760 2518 3840 2569 in-

2229 2592 2463 2645 stabiles
2485 2606 2613 2645 esse
2636 2590 2708 2653 (2.
2734 2593 2875 2644 Petr.
2894 2591 2970 2655 3.)
2997 2610 3009 2644 :
3045 2597 3219 2656 atque
3242 2592 3315 2645 ad
3344 2605 3513 2645 suum
3539 2591 3835 2656 proprium

2226 2665 2520 2717 interitum
2547 2670 2869 2729 pervertere
2895 2665 3234 2729 Scripturas.
3259 2665 3363 2727 Qui
3390 2664 3656 2729 quoniam
3668 2662 3837 2714 dum

2228 2742 2284 2789 ct
2308 2737 2609 2788 indomitae
2635 2736 2875 2787 cervicis
2903 2741 3058 2800 sunt,
3081 2738 3221 2801 jugo
3250 2735 3568 2800 disciplina
3596 2733 3839 2800 pacifica

2228 2808 2455 2871 lenique
2485 2820 2600 2859 non
2635 2808 2871 2873 subditi,
2914 2808 3276 2871 impatientes
3299 2808 3469 2860 aratri
3497 2812 3669 2870 atque
3698 2806 3840 2857 doc-

2227 2880 2436 2932 trinae:
2474 2879 2602 2930 ideo
2638 2883 2936 2932 taurorum
2968 2881 3143 2931 etiam
3177 2880 3409 2931 nomine
3432 2879 3835 2943 designantur,

2230 2964 2362 3003 cum
2390 2951 2687 3003 subditur:
2717 2952 3069 3014 Congregatio
3096 2957 3381 3001 taurorum
3406 2953 3463 2999 in
3478 2950 3837 3014 vaecispopu-

2231 3022 2427 3073 torum.
2479 3024 2605 3074 Non
2642 3022 2795 3074 enim
2831 3022 3141 3075 universos
3173 3022 3413 3087 populos
3439 3021 3746 3083 seducunt,
3772 3021 3834 3072 in

2230 3095 2444 3159 quibus
2462 3100 2601 3146 sunt
2610 3107 2814 3159 graves
2826 3095 3144 3147 etstabiles.
3164 3095 3327 3148 Unde
3343 3095 3617 3159 scriptum
3635 3097 3754 3145 est:
3773 3093 3832 3143 in

2233 3164 2444 3230 populo
2490 3166 2652 3230 gravi
2694 3165 2943 3217 laudabo
2991 3168 3044 3217 te
3072 3163 3367 3230 (Psal.34.).
3400 3164 3506 3217 Sed
3530 3164 3589 3215 in
3614 3163 3704 3214 his
3730 3175 3830 3227 po-

2231 3236 2380 3302 pulis
2426 3241 2867 3302 congregantur,
2900 3249 3047 3300 quos
3085 3236 3390 3289 inveniunt
3413 3236 3578 3300 quasi
3604 3246 3829 3289 vaccas.

2231 3308 2449 3360 scilicet
2472 3309 2761 3373 simplices
2779 3314 2835 3360 et
2860 3307 3107 3362 lascivas
3122 3309 3363 3371 animas,
3390 3320 3521 3372 qum
3541 3305 3700 3358 facile
3725 3319 3831 3357 au-

2230 3379 2440 3432 diendo
2459 3385 2804 3443 sequuntur.
2828 3380 2913 3432 Ad
2934 3380 3046 3432 hoc
3070 3383 3263 3431 autem
3281 3380 3345 3431 fit
3377 3391 3445 3431 ea
3478 3381 3792 3440 congregatio
3818 3394 3828 3425 :

2238 3452 2301 3500 Ut
2324 3451 2729 3512 excludanteos,
2756 3452 2853 3515 qui
2875 3451 3087 3516 probati
3102 3457 3228 3501 sunt
3243 3457 3482 3515 argento.
3503 3453 3661 3502 Hanc
3677 3450 3829 3501 enim

2230 3523 2606 3574 intentionem
2624 3523 2841 3574 habent
2854 3523 3113 3575 haeretici
3130 3523 3410 3581 doctores,
3429 3527 3495 3574 ut
3509 3523 3581 3573 ab
3594 3521 3831 3573 auribus

2231 3593 2586 3646 animarum.
2612 3606 2757 3657 quas
2783 3595 3057 3647 seducere
3083 3595 3417 3653 moliuntur,
3444 3595 3708 3658 separent
3730 3606 3830 3644 eos

2232 3666 2369 3728 quia
2430 3669 2665 3730 argento
2724 3668 2859 3716 sunt
2904 3666 3124 3729 probati
3165 3666 3333 3729 idest,
3366 3665 3564 3716 divino
3608 3663 3830 3727 eloquio

2232 3737 2457 3789 eruditi.
2507 3737 2670 3790 Unde
2711 3738 3059 3802 Apostolus:
3097 3739 3346 3790 Necesse
3379 3742 3468 3789 est
3508 3736 3720 3800 (inquit)
3765 3741 3832 3787 ut

2235 3809 2468 3860 veniant
2491 3809 2763 3872 haereses,
2786 3809 2960 3872 utqui
2975 3810 3197 3874 probati
3213 3814 3370 3868 sunt,
3388 3807 3677 3860 manifesti
3692 3806 3831 3859 flant

2238 3879 2306 3939 (1.
2336 3881 2455 3931 Cor.
2503 3879 2632 3943 11.).
2669 3881 2750 3932 De
2787 3881 3000 3944 quibus
3044 3880 3332 3932 haereticis
3358 3892 3430 3931 ne
3464 3878 3826 3944 prmvaleant,

2237 3952 2507 4017 postulat,
2546 3951 2780 4004 dicens:
2807 3953 3025 4017 Dissipa
3071 3957 3262 4016 gentes,
3313 3966 3429 4015 quae
3470 3950 3597 4000 bella
3625 3950 3826 3999 volunt.

2236 4027 2362 4075 Non
2377 4024 2532 4076 enim
2562 4024 2666 4089 (Ea:
2687 4025 2935 4087 August.)
2959 4024 3301 4089 correptioni
3320 4022 3571 4084 student,
3587 4022 3686 4074 sed
3702 4034 3829 4073 con-

2236 4094 2495 4147 tentioni.
2510 4097 2579 4146 Et
2595 4096 3040 4147 contradicendo
3054 4094 3298 4157 veritati,
3316 4093 3631 4146 discordias
3649 4094 3829 4142 inferre

2240 4165 2785 4219 studentcatholicw
2802 4166 2951 4218 fidei.
2972 4169 3084 4231 Ipsi
3100 4179 3235 4230 ergo
3254 4166 3447 4231 potius
3464 4168 3829 4226 disperguntur,

2239 4237 2287 4289 si
2320 4238 2523 4302 corrigi
2554 4243 2843 4299 recusant,
2886 4239 2985 4300 qui
3010 4250 3249 4303 gregem
3278 4236 3487 4289 Christi
3506 4235 3830 4300 dispergere

2238 4308 2521 4361 affectant.
2548 4309 2757 4361 Gentes
2779 4314 2977 4361 autem
2999 4308 3324 4374 appellavit,
3357 4320 3467 4360 non
3496 4311 3718 4372 propter
3740 4318 3830 4371 ge-

2238 4381 2565 4432 nerationes
2607 4380 2968 4445 familiarum,
3017 4381 3116 4433 sed
3163 4384 3391 4447 propter
3436 4378 3831 4444 generationes

2240 4455 2525 4503 sectarum
2559 4468 2571 4502 :
2604 4453 2701 4504 ubi
2742 4452 2919 4504 series
2954 4452 3339 4504 successionis
3361 4451 3660 4503 confirmat
3682 4462 3833 4502 erro-

2242 4536 2380 4574 rem.
2407 4524 2475 4575 Et
2497 4536 2627 4574 vere
2650 4523 2978 4588 dissipabis.
3006 4523 3151 4586 Quia
3175 4538 3188 4573 :

2309 4592 2394 4649 32.
2428 4596 2646 4644 Venient
2670 4595 2829 4659 legati
2863 4611 2930 4645 ea:
2951 4595 3216 4660 Αῑρυριοε
3244 4594 3534 4659 Ᾱίιὴἰορία
3556 4593 3833 4658 ρφωυεηὶει

2167 4684 2224 4757 D
2243 4682 2443 4757 ante
2742 4669 2846 4757 Per
2869 4667 2976 4757 11°?
3000 4667 3353 4757 12639085300
3378 4663 3832 4757 Massiua?

2242 4738 2561 4792 haereticos.
2595 4740 2843 4803 Egypti,
2884 4738 2977 4791 vel
2998 4738 3301 4803 Ethiopiee
3324 4738 3558 4790 nomine
3581 4736 3831 4788 omnium

2240 4810 2501 4875 gentium
2524 4810 2698 4862 fidem
2730 4810 3093 4875 significavit,
3124 4823 3158 4861 a
3178 4815 3338 4874 parte
3361 4815 3564 4862 totum.
3598 4808 3832 4871 Legatos

2240 4881 2974 4946 appellatreconciliationis
2988 4881 3411 4948 praedicatores.
3430 4879 3590 4934 Unde
3606 4878 3826 4941 Paulus,

2241 4956 2346 5006 Pro
2376 4954 2599 5006 Christo
2642 4953 2833 5018 inquit
2876 4953 2950 5017 (2.
2999 4954 3119 5004 Cor.
3167 4952 3259 5018 5.),
3299 4952 3581 5018 legatione
3612 4950 3827 5014 iungor.

2242 5029 2520 5089 tanquam
2545 5027 2663 5077 Deo
2688 5024 3028 5078 exhortante
3053 5038 3153 5090 per
3174 5038 3299 5087 nos,
3325 5026 3691 5077 obsecramus
3706 5034 3830 5086 pro—

2242 5097 2486 5161 Christo,
2511 5095 2956 5149 reconciliamini
2980 5099 3116 5150 Deo.
3145 5098 3272 5149 Non
3305 5109 3440 5161 ergo
3477 5096 3581 5160 (Eat-
3616 5094 3705 5144 eod
3727 5094 3740 5157 )
3763 5093 3828 5144 de

2243 5169 2381 5220 solis
2406 5166 2700 5231 Israelitis,
2734 5168 2890 5221 unde
2913 5168 3172 5234 Apostoli
3197 5168 3359 5220 electi
3390 5165 3655 5228 sunt,sed
3668 5165 3824 5217 etiam

2242 5241 2313 5293 de
2335 5241 2561 5293 caeteris
2582 5240 2853 5304 gentibus
2877 5240 3101 5293 futuros
3124 5239 3530 5304 praedicatores
3548 5239 3826 5288 Christiana:

2244 5312 2400 5377 pacis
2424 5312 2532 5364 hoc
2551 5312 2723 5364 modo
2749 5313 2993 5377 mystice
3016 5312 3415 5378 prophetatum
3439 5308 3825 5374 est.1Ethiopia

2242 5397 2492 5449 quoque,
2535 5384 2702 5442 idest,
2744 5384 2940 5436 anima
2971 5384 3222 5450 peccatis
3246 5383 3542 5448 denigrata
3564 5380 3826 5447 praeveniet

2240 5471 2442 5506 manus
2467 5456 2597 5520 ejus,
2622 5456 2790 5521 idest,
2816 5456 3117 5509 antecedet
3139 5454 3453 5508 vindictam
3477 5454 3826 5519 ejus.credens

2243 5530 2380 5590 Deo,
2406 5531 2471 5579 ut
2493 5533 2729 5593 peccata
2752 5528 3148 5581 dimittantur:
3180 5541 3252 5580 ne
3271 5527 3557 5592 peccatrix
3580 5539 3825 5574 remanens

2242 5600 2531 5666 puniatur.
2564 5598 2669 5652 Vel
2694 5600 2845 5664 quia,
2882 5605 2949 5653 ut
2971 5601 3122 5652 bona
3145 5612 3315 5664 opera
3340 5602 3669 5663 sequantur,
3687 5608 3821 5660 pra:-

2243 5672 2394 5725 cedit
2415 5672 2595 5725 fides:
2621 5684 2729 5723 nec
2758 5672 2875 5725 ulla
2899 5677 3039 5724 sunt
3059 5673 3211 5724 bona
3234 5683 3424 5735 opera,
3450 5669 3563 5721 nisi
3590 5679 3713 5732 quae
3738 5680 3819 5717 sc-

2242 5746 2501 5808 quuntur
2528 5744 2950 5810 praecedentem
2988 5743 3200 5797 fidem:
3233 5742 3381 5795 nihil
3421 5739 3576 5792 aliud
3612 5738 3821 5791 videtur

2243 5886 2442 5952 diffuso
2466 5901 2567 5953 pro
2598 5887 2836 5953 diﬂ‘usio.

2306 5970 2324 5990 ο
2346 5960 2520 6023 Idem,
2547 5960 2795 6010 docendo.
