3884 6442
87 401 210 459 921

80 517 353 583 dictum,
394 515 682 583 Ethiopia
724 520 1002 585 praeveniet
1043 536 1244 572 manus
1284 522 1398 587 ejus
1440 523 1566 581 Deo,
1602 522 1716 575 nisi

82 588 400 651 Ethiopia
443 590 638 642 credet
679 593 816 643 Deo.
865 592 955 644 Sic
988 594 1138 644 enim
1165 593 1481 658 praeveniet
1504 607 1712 647 manus

85 662 254 733 ejus,
282 660 455 733 idest,
480 674 652 726 opera
679 664 821 728 ejus.
849 665 1026 728 Cujus
1053 664 1202 733 34|
1237 668 1380 728 ejus,
1407 666 1518 717 nisi
1534 666 1717 729 ipsius

86 731 417 797 Ethiopiaa
437 735 464 783 ?
486 734 606 785 Hoc
628 734 685 785 in
711 737 908 788 Graeco
925 731 1264 799 ambiguum
1282 750 1398 789 non
1423 742 1513 790 est
1538 755 1550 789 :
1580 740 1715 802 quia

83 804 194 866 ibi,
211 802 376 867 Ejus,
393 805 755 869 apertissime
778 807 1076 859 fcnminino
1096 822 1305 872 genere
1328 810 1580 873 positum
1604 814 1712 862 est.

84 875 345 927 Dicatur
366 888 502 939 ergo
524 876 811 941 Ethiopia
840 882 1121 944 praeveniet
1150 897 1347 930 manus
1372 882 1486 946 ejus
1510 882 1632 945 Deo,
1656 882 1715 932 id

81 952 204 1009 est,
234 946 531 1000 credendo
564 948 623 1000 in
650 951 854 1010 Deum,
894 955 1208 1015 praeveniet
1232 965 1405 1016 opera
1425 965 1548 1004 sua.
1578 953 1715 1004 Exi-

82 1017 281 1070 stimo
310 1019 466 1069 enim
499 1019 598 1083 (ait
626 1022 950 1085 Apostolus)
972 1023 1274 1085 justiilcari
1301 1024 1592 1075 hominem
1620 1038 1716 1088 per

75 1088 299 1151 ﬁdem,
326 1090 452 1143 sine
468 1091 738 1155 operibus
762 1092 908 1156 legis
925 1094 1093 1154 (Rom.
1121 1094 1210 1157 3.).
1236 1096 1383 1146 Hinc
1403 1096 1525 1159 jam
1542 1096 1716 1147 veluti

82 1159 368 1212 decursis
416 1163 589 1214 rebus
627 1164 916 1221 omnibus,
956 1178 1099 1229 quas
1145 1166 1410 1231 impletas
1443 1180 1571 1218 esse
1596 1169 1712 1231 jam

80 1232 399 1285 cernimus
426 1249 438 1284 :
463 1233 726 1286 hortatur
749 1236 1025 1300 propheta
1047 1237 1120 1289 ad
1154 1237 1383 1290 laudem
1410 1238 1717 1297 Christi,ac

80 1304 314 1357 deinde
337 1304 597 1358 futurum
621 1307 747 1372 ejus
777 1307 1081 1361 denuntiat
1102 1310 1415 1363 adventum
1437 1348 1449 1371 ,
1477 1310 1676 1363 dicens
1702 1325 1716 1361 :

158 1376 255 1431 33.
286 1378 475 1443 Regna
498 1383 664 1441 terrae,
695 1379 751 1430 id
776 1384 883 1444 est,
921 1380 1184 1434 homines
1221 1383 1291 1434 de
1321 1383 1479 1434 omni
1511 1396 1718 1447 genere

88 1455 294 1512 terras,
341 1454 550 1523 cantate
585 1452 707 1514 Deo,
740 1465 880 1520 voce
917 1457 974 1504 et
999 1454 1167 1506 corde
1192 1472 1201 1504 :
1230 1455 1439 1519 psallite
1465 1456 1716 1523 Domino,

88 1523 259 1573 bona
282 1522 630 1586 operatione.
657 1524 785 1575 Non
809 1537 994 1577 unum
1008 1538 1266 1591 regnum,
1282 1539 1394 1578 non
1405 1539 1582 1578 unam
1597 1522 1718 1588 gen;

89 1595 219 1644 tem
246 1597 476 1645 tantum
501 1593 708 1646 invitat
737 1596 811 1648 ad
835 1595 1066 1649 laudem
1092 1597 1213 1650 Dei.
1240 1598 1537 1650 Neminem
1563 1599 1717 1651 enim

91 1664 229 1716 vult
266 1665 453 1730 perire
488 1665 819 1719 misericors
857 1668 1037 1731 Deus,
1072 1669 1173 1720 sed
1209 1682 1409 1721 omnes
1436 1671 1628 1722 venire
1647 1672 1717 1723 ad

92 1735 498 1800 cognitionem
522 1738 773 1790 nominis
805 1739 894 1790 sui
920 1739 986 1803 (1.
1017 1740 1151 1790 Tim.
1178 1739 1266 1803 2.).
1293 1740 1455 1795 Unde
1491 1747 1547 1795 et
1572 1745 1713 1794 sub-

93 1806 187 1858 dit
216 1822 231 1858 :
258 1807 611 1877 Psallite‘Deo.
639 1811 708 1861 Et
741 1810 907 1874 quasi
930 1816 1306 1878 quaereretur,
1329 1813 1468 1876 Quis
1498 1815 1714 1867 estiste

95 1880 304 1931 Deus?
327 1880 590 1945 sequitur
611 1886 671 1933 et
695 1882 776 1934 ait
802 1899 813 1930 :

164 1948 256 2005 34.
284 1951 390 2010 Qui
411 1951 648 2002 ascendit
671 1967 833 2017 super
856 1953 1045 2003 caelum
1069 1955 1183 2006 caeli
1208 1955 1281 2004 ad
1314 1955 1597 2008 Orientem.
1624 1957 1713 2009 Ad

92 2020 213 2073 hoc
260 2022 515 2086 replicat,
564 2028 630 2075 ut
680 2023 754 2075 ad
796 2024 1155 2077 laudandum
1200 2028 1383 2078 Deum
1408 2028 1637 2091 excitet,
1662 2034 1718 2081 et

94 2097 396 2156 quatenus
446 2093 521 2145 sit
559 2093 673 2159 ille,
719 2095 816 2158 qui
847 2095 1133 2162 laudatur,
1161 2098 1544 2151 commendet.
1571 2101 1718 2152 Hinc

95 2163 423 2228 Apostolus
448 2164 586 2216 dicit
614 2183 624 2214 :
644 2167 776 2230 Ipse
800 2172 906 2229 est,
927 2168 1028 2231 qui
1046 2169 1305 2221 ascendit
1327 2184 1500 2233 super
1514 2184 1717 2224 omnes

95 2233 288 2287 cmlos
336 2235 549 2301 (Ephes.
601 2235 697 2296 4.).
730 2238 794 2289 In
837 2237 947 2290 hoc
990 2240 1144 2304 quod
1188 2240 1454 2291 Orientem
1477 2242 1714 2306 addidit,

95 2307 279 2380 etiam
298 2306 495 2380 ipsum
528 2307 721 2380 locum
747 2311 1051 2375 expressit.
1077 2312 1351 2374 quoniam
1376 2314 1435 2364 in
1460 2316 1716 2380 partibus

95 2378 345 2432 orientis
388 2382 494 2442 est,
532 2379 630 2431 ubi
676 2383 1009 2447 resurrexit,
1054 2388 1110 2434 et
1142 2383 1298 2436 unde
1335 2378 1616 2437 ascendit.
1648 2389 1717 2437 Et

94 2450 381 2514 quoniam
405 2449 538 2502 inde
563 2452 843 2504 venturus
868 2452 941 2504 ad
960 2453 1308 2517 judicandos
1322 2456 1483 2507 vivos
1497 2462 1716 2509 etmor-

97 2525 261 2585 tuos,
308 2523 556 2595 ostendit
600 2522 754 2595 quod
801 2524 1100 2595 sequitur:
1127 2526 1255 2575 Ecce
1281 2526 1427 2576 (ἰαὶ)ίὶ
1452 2530 1564 2577 voci
1588 2545 1713 2595 suae,

99 2607 285 2641 vocem
317 2591 547 2665 virtutis.
587 2592 687 2645 Ille
731 2594 832 2657 qui
874 2595 983 2647 fuit
1015 2596 1139 2648 sine
1164 2610 1323 2657 voce,
1355 2598 1506 2651 sicut
1527 2591 1716 2665 agnus

100 2676 303 2716 coram
328 2662 600 2717 tondente
622 2678 684 2718 se
698 2665 955 2731 (lsai.53.)
968 2681 981 2729 ;
996 2680 1127 2720 ecce
1140 2681 1339 2722 vocem
1358 2669 1516 2723 dabit
1529 2662 1713 2725 suam.

101 2738 225 2788 Nec
250 2748 454 2788 vocem
490 2736 841 2789 infirmitatis
880 2743 1160 2804 tanquam
1202 2741 1568 2806 judicandus,
1616 2745 1715 2797 sed

104 2823 285 2858 vocem
310 2808 522 2858 virtutis
548 2814 823 2871 tanquam
844 2811 1225 2875 judicaturus.
1242 2816 1367 2866 Non
1390 2816 1543 2867 enim
1558 2818 1715 2868 Deus

101 2878 372 2932 occultus
414 2881 563 2933 sicut
613 2881 791 2945 prius,
839 2883 941 2934 sed
982 2885 1138 2936 Deus
1171 2887 1474 2939 manifeste
1506 2889 1714 2952 veniet,

103 2954 264 3004 Deus
287 2955 503 3017 noster,
533 2956 588 3003 et
607 2965 723 3004 non
748 2952 954 3006 silebit.
982 2957 1050 3006 Et
1075 2956 1202 3007 ideo
1229 2971 1242 3007 :

169 3020 258 3078 35.
284 3023 416 3073 Date
458 3023 694 3087 gloriam
723 3024 828 3074 Deo
865 3041 1026 3091 super
1051 3027 1230 3078 Israel.
1270 3028 1333 3080 Id
1354 3033 1466 3089 est,
1494 3042 1634 3082 voce
1658 3035 1715 3084 et

103 3093 279 3146 corde
320 3095 623 3159 ostendite,
657 3097 842 3148 Deum
867 3110 996 3149 esse
1029 3097 1362 3164 gloriosum,
1401 3113 1573 3165 super
1597 3115 1713 3163 eos,

103 3166 208 3230 qui
232 3167 372 3218 sunt
396 3165 770 3230 spiritualiter
783 3169 976 3221 Israel.
1000 3172 1083 3221 De
1096 3171 1306 3234 quibus
1322 3172 1600 3225 veraciter
1614 3176 1643 3222 d
1654 3176 1717 3222 ici

106 3242 337 3306 potest:
372 3240 513 3290 Ecce
564 3252 697 3292 vere
746 3240 1020 3305 Israelita,
1067 3242 1127 3293 in
1158 3255 1272 3306 quo
1299 3243 1465 3295 dolus
1485 3257 1604 3297 non
1627 3251 1718 3298 est

102 3305 289 3365 (Joan.
317 3308 390 3380 1.)
414 3324 426 3361 :
455 3311 615 3362 Tunc
649 3312 756 3364 erit
779 3305 1190 3377 Magnificentia
1214 3315 1329 3378 ejus
1352 3320 1397 3364 et
1419 3315 1719 3380 virtucejus

102 3382 170 3429 in
192 3379 443 3434 nubibus.
474 3382 710 3444 Quando
725 3384 990 3436 videbitis
1004 3385 1210 3436 Filium
1229 3385 1486 3438 hominis
1506 3379 1714 3437 venien-

106 3458 226 3505 tem
251 3452 312 3504 in
333 3453 589 3505 nubibus
613 3468 744 3507 cum
764 3460 1049 3520 potestate
1072 3469 1285 3521 magna
1309 3462 1367 3510 et
1389 3460 1710 3523 majestate,

103 3529 165 3577 et
178 3524 431 3595 virtutes
447 3524 724 3579 caelorum
740 3530 1078 3577 movebuntur
1095 3529 1302 3593 (Matth.
1335 3527 1431 3594 24;
1456 3530 1616 3585 Luc.2
1627 3532 1647 3586 1
1660 3534 1711 3595 .).

171 3593 260 3650 36.
296 3595 563 3647 Mirabilis
599 3598 738 3648 Deus
772 3599 833 3647 in
863 3599 1060 3648 sanctis
1095 3601 1226 3661 suis,
1254 3593 1550 3661 subaudis,
1586 3593 1712 3655 erit.

107 3669 349 3731 Quando
395 3682 494 3734 per
548 3671 824 3722 Sanctum
869 3683 1044 3721 suum
1086 3672 1378 3725 mundum
1409 3674 1711 3739 judicabit,

108 3741 342 3805 quando
359 3741 506 3805 justi
527 3741 833 3806 fulgebunt
858 3742 1010 3793 sicut
1034 3742 1119 3794 sol
1143 3744 1203 3795 in
1226 3756 1402 3809 regno
1422 3747 1714 3797 Patriseo-

108 3825 240 3865 rum
264 3813 470 3875 (Matth.
502 3812 627 3877 13.),
672 3813 905 3876 quando
949 3814 1071 3879 ipse
1109 3814 1264 3866 Deus
1299 3816 1408 3867 erit
1436 3818 1630 3869 omnia
1655 3817 1714 3869 in

106 3884 380 3936 omnibus
422 3883 754 3948 (Ephes.1.).
790 3885 941 3936 Bene
985 3889 1180 3936 autem
1225 3886 1530 3938 subditur:
1576 3888 1715 3938 Deus

108 3955 288 4005 Israel.
316 3955 458 4017 Quia
483 3959 619 4007 tunc
641 3968 853 4007 nomen
871 3956 1064 4021 ipsum
1083 3957 1383 4009 verissime
1403 3970 1471 4010 ac
1499 3958 1716 4022 plenis~

110 4027 256 4079 sime
292 4025 637 4091 implebitur,
679 4026 873 4091 Israel,
911 4027 1065 4091 quod
1102 4027 1509 4092 interpretatur
1531 4031 1716 4080 videns

109 4099 298 4159 Deum,
323 4098 597 4162 quoniam
624 4098 950 4150 videbimus
974 4112 1110 4152 eum
1135 4100 1306 4152 sicuti
1330 4106 1420 4152 est
1455 4101 1522 4161 (1.
1550 4103 1714 4156 Joan.

109 4169 200 4233 3.).
240 4171 365 4222 Non
388 4176 580 4221 autem
604 4169 848 4233 quilibet
866 4171 1038 4231 alius,
1070 4171 1191 4235 sed,
1232 4174 1345 4236 Ipse
1369 4171 1517 4223 dabit
1539 4175 1716 4224 virtu-

110 4246 214 4290 tem
246 4255 263 4289 :
289 4252 464 4306 quam
487 4240 549 4293 in
573 4253 679 4292 sua
702 4254 872 4294 carne
896 4242 1054 4307 prius
1072 4243 1343 4306 ostendit,
1372 4244 1588 4297 scilicet
1604 4246 1717 4296 im-

109 4314 515 4368 mortalitatem
534 4321 591 4367 et
618 4315 1155 4380 impassibilitatem.
1171 4317 1240 4365 Et
1254 4315 1412 4367 dabit
1432 4317 1717 4380 fortitudi-

108 4402 234 4437 nem
264 4387 430 4451 :quia
452 4386 688 4438 inimica
711 4386 1039 4440 destruetur
1069 4399 1224 4438 mors
1249 4386 1388 4449 (Osee
1413 4386 1539 4449 13.).
1565 4387 1716 4438 Plebi

108 4473 233 4519 suae,
263 4458 320 4510 id
343 4462 451 4521 est,
472 4458 581 4509 sibi
605 4471 794 4524 usque
815 4458 873 4510 in
899 4458 1075 4510 ﬁnem
1095 4457 1416 4513 famulanti.
1434 4459 1539 4511 Vel
1556 4459 1716 4511 dabit

109 4530 255 4596 plebi
281 4543 403 4583 suae
426 4530 697 4582 virtutem
713 4534 999 4595 quantum
1010 4529 1084 4582 ad
1106 4529 1383 4593 animam,
1402 4532 1711 4581 facienseam

112 4602 364 4653 divinam
387 4606 445 4654 et
468 4602 714 4653 beatam.
730 4604 797 4653 Et
818 4601 977 4653 dabit
999 4600 1412 4658 fortitudinem,
1428 4607 1709 4665 quantum

111 4672 183 4724 ad
207 4685 430 4736 corpus,
457 4672 674 4725 faciens
695 4671 835 4723 illud
859 4672 1255 4736 incorruptum
1284 4672 1349 4736 (1.
1373 4672 1494 4722 Cor.
1527 4671 1631 4736 15.)
1657 4678 1715 4724 et

111 4749 411 4797 mternum.
436 4746 542 4796 Pro
564 4744 741 4797 tantis
764 4757 899 4810 ergo
923 4744 1215 4798 beneficiis
1242 4744 1364 4796 suis
1401 4745 1713 4795 Benedictus

115 4816 189 4869 sit
212 4816 368 4877 Deus,
393 4819 501 4868 etc.

377 4982 741 5048 TITULUS
782 4982 1108 5048 PSALMI
1139 4982 1443 5048 LXVIII.

177 5145 223 5192 1.
252 5141 472 5199 Sequens
490 5139 717 5200 psalmus
733 5137 1021 5200 intitulatur
1046 5138 1138 5200 hoc
1160 5138 1307 5200 modo
1324 5149 1336 5186 :
1355 5135 1422 5185 In.
1435 5135 1606 5197 finem
1616 5151 1717 5200 pro

119 5202 203 5251 his
213 5201 307 5264 qui
317 5198 798 5261 commutabantur
808 5198 1049 5261 psalmus
1064 5199 1490 5249 David.Psalmus
1503 5201 1593 5248 iste
1604 5198 1719 5248 con-

120 5275 256 5323 venit
277 5272 558 5333 signiﬁcato
584 5271 763 5329 David,
990 5272 1041 5319 id
1066 5276 1157 5331 est,
1183 5273 1396 5331 Christo,
1423 5273 1511 5332 qui
1536 5273 1619 5320 hic
1643 5272 1713 5320 lo-

117 5346 306 5406 quitur.
328 5345 384 5391 Et
409 5344 585 5405 dirigit
608 5356 703 5391 nos
722 5342 776 5390 in
790 5344 960 5405 ﬁnem,
985 5343 1037 5389 id
1053 5346 1147 5406 est,
1165 5343 1220 5390 in
1237 5343 1720 5406 seipsum,Psalmus

118 5403 247 5470 dico,
271 5408 472 5455 habitus
490 5403 577 5466 pro
602 5406 682 5453 his
698 5403 1536 5470 exhortandis,quicommutabun
1546 5407 1720 5465 tur,de

119 5469 412 5520 inﬁdelitate
453 5470 514 5517 ad
543 5470 711 5530 ﬁdem,
739 5469 799 5516 de
840 5474 1079 5515 vetustate
1116 5469 1176 5515 ad
1201 5469 1489 5527 novitatem,
1515 5469 1576 5515 de
1609 5481 1719 5516 cor-

121 5535 347 5594 ruptione
383 5532 442 5580 ad
469 5531 919 5592 incorruptionem.
954 5532 1151 5578 Materia
1176 5531 1359 5590 psalmi
1390 5536 1461 5578 est
1488 5532 1718 5579 Christus

120 5610 309 5657 passus,
332 5595 612 5644 secundum
639 5594 954 5653 fragilitatem
970 5594 1204 5641 humanm
1216 5600 1423 5642 naturae.
1450 5594 1504 5640 Et
1520 5595 1719 5654 exequi-

123 5667 201 5708 tur
223 5672 358 5707 suam
387 5659 673 5719 passionem
696 5670 782 5717 per
819 5657 1027 5719 multas
1042 5661 1205 5719 partes
1240 5657 1446 5719 psalmi,
1474 5669 1634 5718 usque
1655 5658 1718 5702 ad

122 5720 765 5771 consummationem.Unde
775 5723 822 5766 et
833 5720 955 5767 dicit
968 5733 980 5769 :
993 5718 1264 5768 Dederunt
1279 5718 1341 5768 in
1356 5732 1530 5768 escam
1539 5732 1719 5768 meam

122 5784 207 5847 fel,
232 5788 319 5834 etc.
348 5784 564 5832 intentio
592 5782 778 5832 Christi
800 5786 890 5847 est,
916 5782 970 5831 in
1004 5782 1097 5831 hoc
1117 5795 1267 5842 Opere
1285 5795 1378 5847 nos
1393 5783 1452 5829 ad
1469 5796 1610 5831 suam
1628 5796 1714 5843 pa-

127 5845 343 5919 tient-iam
363 5848 594 5919 invitare.
624 5848 691 5919 De
707 5845 1129 5919 pas-sioneautem
1153 5846 1452 5919 suam“si_cut
1471 5859 1715 5919 mosnpro-

123 5911 344 5972 pheticus
365 5915 458 5972 est,
493 5909 681 5958 orando
703 5908 883 5967 incipit
907 5908 1074 5972 dicere
1099 5924 1109 5955 :
1134 5911 1181 5955 et
1210 5921 1263 5956 se
1286 5908 1441 5972 Patris
1468 5908 1717 5972 auxilium

125 5970 400 6023 manifestat
419 5970 471 6022 in
491 5972 730 6022 omnibus
755 5970 1008 6033 postulare
1032 5990 1044 6021 :
1071 5974 1231 6019 utnos
1255 5971 1441 6031 quibus
1467 5972 1603 6020 viam
1619 5971 1716 6019 de-

1134 409 1208 461 IN
1242 408 1569 462 PSALMOS
1599 409 1809 462 LXXV
1841 409 2426 466 COMMENTARIUS.

1740 1901 1793 1974 B

1740 4700 1796 4772 D

3321 414 3426 471 922

1740 525 1794 599 Α
1814 529 2126 599 monstravit,
2142 528 2191 574 in
2221 526 2656 599 tribulationibus,
2679 528 2923 599 etquibus
2946 530 3225 588 praesertim
3252 544 3422 580 neces-

1814 591 2003 638 sarium
2029 595 2121 653 est,
2146 592 2371 649 exemplo
2394 592 2565 638 doceat
2591 603 2752 639 orare.
2778 592 2903 638 Dicit
2932 603 3049 650 ergo
3082 604 3095 641 :

2136 777 2141 782 τ
2243 704 2405 769 PSA
2418 703 2652 769 LMUS
2686 704 2989 769 LXVIII.

1876 811 1927 866 2.
1954 811 2177 861 Salvum.
2212 827 2295 861 me
2331 812 2419 873 fac
2456 812 2610 862 Deus.
2643 812 2713 862 Et
2737 811 2874 863 dicit
2907 826 3174 865 caussam
3199 826 3375 877 quare

1816 884 2088 943 Quoniam
2114 884 2453 932 intraverunt
2477 899 2645 947 aquae,
2666 883 3063 939 idest,Judaici
3081 885 3274 950 populi
3289 900 3426 935 more

1816 967 2003 1018 aqum,
2029 967 2159 1005 cum
2179 954 2370 1005 sonitu
2392 954 2681 1017 etimpetu
2707 954 3039 1008 extulerunt
3065 969 3144 1017 se,
3160 959 3217 1007 et
3236 955 3423 1018 magis

1816 1025 1966 1077 mala
2024 1024 2340 1087 inferendo,
2396 1028 2790 1089 accesserunt,
2840 1042 3004 1089 usque
3052 1028 3125 1076 ad
3171 1028 3423 1076 animam

1820 1112 2012 1159 meam,
2038 1096 2370 1147 tollendam.
2396 1097 2571 1158 Quasi
2605 1109 2772 1160 aquae
2792 1097 2862 1147 ad
2891 1099 3144 1149 animam
3169 1098 3424 1150 intrave-

1818 1172 1965 1226 runt,
1986 1169 2218 1231 quando
2242 1168 2558 1221 insensatm
2578 1169 2761 1219 turb-ce
2786 1182 2976 1232 usquo
2996 1169 3069 1220 ad
3091 1172 3420 1219 occidendum

1819 1239 2107 1291 Christum
2142 1240 2567 1302 praevaluerunt
2590 1240 2771 1301 (Joan.
2800 1239 2883 1294 10.
2912 1246 2958 1289 et
2980 1240 3105 1301 10.).
3138 1240 3245 1291 Sed
3270 1253 3423 1292 nun-

1818 1310 1955 1375 quid
1979 1311 2088 1362 hoc
2116 1316 2366 1374 possent.
2390 1312 2503 1363 nisi
2523 1312 2595 1362 ab
2620 1311 2715 1362 illo
2730 1311 2993 1375 permissi
3012 1316 3207 1362 essent
3226 1316 3236 1359 ε
3258 1311 3421 1363 Unde

1817 1395 1953 1447 ergo
1995 1388 2270 1446 tanquam
2304 1383 2514 1446 aliquid
2548 1383 2767 1434 invitus
2802 1382 3067 1445 patiatur,
3097 1383 3178 1433 sic
3194 1380 3421 1446 clamat,

1817 1455 1927 1505 nisi
1954 1454 2087 1518 quia
2110 1457 2280 1519 caput
2294 1457 2554 1506 membra
2578 1467 2683 1505 sua
2708 1454 3038 1519 praefigurat
3056 1458 3079 1502 ‘I
3103 1456 3318 1505 Passus
3336 1456 3423 1505 est

1818 1526 2025 1591 quippe
2047 1523 2159 1591 ille,
2197 1526 2333 1590 quia
2359 1526 2554 1578 voluit.
2584 1525 2743 1577 Passi
2776 1529 2914 1576 sunt
2946 1531 3248 1590 martyres,
3285 1527 3343 1577 et
3373 1525 3423 1576 si

1818 1598 2143 1650 noluerunt.
2170 1597 2334 1650 Unde
2360 1599 2522 1649 Petro
2547 1597 2767 1649 dictum
2793 1603 2884 1649 est
2910 1615 2920 1646 :
2950 1597 3111 1649 Alius
3142 1599 3197 1649 te
3211 1596 3418 1660 cinget,

1817 1674 1875 1721 et
1920 1668 2109 1731 ducet,
2145 1681 2261 1732 quo
2284 1682 2401 1721 non
2440 1670 2529 1721 vis
2554 1670 2729 1733 (Joan.
2754 1667 2884 1732 21.).
2913 1669 3186 1731 Quamvis
3210 1667 3363 1718 enim
3388 1680 3423 1720 a

1818 1739 1982 1791 malis
2007 1740 2080 1791 ad
2101 1742 2252 1791 bona
2276 1746 2658 1806 transeamus,
2683 1744 2878 1792 tamen
2897 1742 3019 1806 ipse
3034 1739 3311 1792 transitus
3322 1736 3424 1789 ali-

1814 1816 2095 1876 quantum
2133 1824 2367 1863 amarus
2392 1818 2498 1873 est,
2537 1815 2593 1865 et
2625 1813 2800 1864 habet
2823 1813 2913 1877 fel,
2950 1814 3101 1877 quod
3136 1811 3425 1864 dederunt

1815 1884 2059 1936 Domino
2089 1885 2145 1934 in
2170 1885 2439 1948 passione
2462 1884 2669 1937 Judaei.
2690 1886 2873 1935 Habet
2885 1885 3052 1935 etiam
3068 1883 3342 1948 quiddam
3356 1887 3424 1930 to-

1816 1948 2136 2015 lerandum,
2164 1969 2278 2019 quo
2302 1956 2701 2013 ostenduntur,
2726 1957 2823 2020 qui
2848 1969 2983 2007 eum
3006 1958 3167 2008 aceto
3193 1959 3424 2019 potave-

1815 2028 1967 2077 runt.
1991 2026 2139 2077 Hinc
2173 2039 2329 2088 ergo,
2361 2031 2426 2077 ut
2449 2025 2773 2092 liberemur,
2800 2026 3116 2078 clamemus
3143 2042 3155 2077 :
3181 2038 3256 2077 ne
3282 2025 3424 2077 forte

1814 2098 1875 2149 in
1888 2099 2174 2162 pressuris
2188 2098 2479 2161 iniquitati
2492 2099 2946 2159 consentiamus,
2964 2103 3020 2150 et
3034 2098 3425 2159 irreparabililer

1815 2183 1949 2222 vere
1975 2171 2404 2221 absorbeamur.
2432 2170 2695 2233 Denique
2721 2175 3004 2233 quantum
3017 2182 3215 2221 eorum
3233 2171 3423 2217 malitia

1812 2242 1873 2293 in
1896 2242 2184 2293 Christum
2210 2241 2473 2303 desaevit,
2500 2242 2621 2306 ipse
2640 2241 2919 2299 insinuat,
2937 2254 3069 2292 cum
3088 2241 3417 2304 subjungit:

1878 2313 1927 2368 3.
1965 2314 2179 2377 Iit/imus
2222 2328 2343 2361 sum
2381 2314 2442 2361 in
2477 2312 2608 2361 limo
2647 2313 2931 2377 profundi,
2978 2318 3024 2360 et
3067 2327 3177 2361 non
3203 2317 3276 2360 est
3298 2311 3421 2360 sub-

1813 2385 2033 2435 stantia.
2062 2384 2290 2436 Terreni
2315 2383 2580 2435 homines
2601 2384 2740 2435 dum
2762 2396 2913 2435 vana
2934 2386 3232 2446 appetunt,
3245 2387 3420 2446 atque

1814 2457 1954 2510 alios
1981 2457 2089 2509 sibi
2113 2457 2186 2509 ad
2210 2457 2691 2509 consentiendum
2721 2456 2942 2509 trahere
2965 2455 3225 2519 cupiunt,
3244 2454 3419 2506 limus

1816 2533 1953 2582 sunt
1979 2544 1991 2580 :
2015 2529 2165 2580 inter
2189 2542 2335 2592 quos
2362 2527 2779 2579 suntnonnulli
2803 2525 3231 2579 sceleratissimi
3254 2530 3312 2577 et
3332 2524 3422 2576 de-

1816 2601 2041 2666 sperati.
2088 2602 2158 2652 IIi
2192 2612 2312 2651 non
2338 2600 2525 2650 solum
2549 2598 2724 2650 limus
2750 2604 2907 2657 sunt,
2957 2598 3058 2651 sed
3082 2597 3256 2649 etiam
3289 2609 3419 2661 pro-

1814 2672 1995 2725 fundi.
2023 2671 2188 2723 Tales
2214 2676 2373 2723 erant
2399 2670 2570 2735 illi,in
2599 2672 2810 2735 quibus
2834 2671 3113 2722 Dominus
3130 2672 3328 2720 noster
3343 2669 3421 2719 in-

1814 2744 1969 2795 fixus
2003 2748 2143 2805 erat,
2175 2743 2234 2794 id
2272 2748 2378 2807 est,
2417 2743 2686 2805 haeserat,
2713 2746 2778 2794 ut
2802 2744 2874 2794 ab
2903 2740 3015 2793 illis
3045 2743 3331 2792 teneretur
3363 2743 3421 2790 et

1815 2816 2181 2868 occideretur.
2213 2816 2386 2866 Venit
2431 2828 2566 2879 ergo
2614 2815 2791 2866 Filius
2827 2815 2932 2866 Dei
2966 2813 3039 2865 ad
3062 2812 3265 2864 limum
3288 2823 3421 2876 pro-

1813 2886 1996 2950 fundi,
2021 2895 2079 2939 et
2098 2899 2215 2938 non
2242 2891 2364 2939 erat
2388 2887 2716 2951 substantia
2736 2887 2798 2937 in
2810 2885 3155 2950 quaiuﬂxus
3168 2884 3421 2945 est:quia

1812 2958 2113 3023 iniquitate
2158 2959 2383 3010 illorum
2420 2958 2638 3009 infixus
2661 2961 2768 3009 est.
2794 2958 2948 3009 Vitia
2970 2970 3043 3008 ex
3065 2956 3234 3007 nobis
3260 2958 3317 3007 et
3346 2967 3420 3006 ex

1812 3034 2015 3082 nostra
2054 3030 2353 3094 voluntate
2394 3029 2678 3081 habemus
2703 3045 2718 3078 :
2744 3034 2803 3080 et
2826 3028 2965 3080 vitia
2986 3040 3104 3079 non
3129 3030 3264 3078 sunt
3289 3026 3418 3076 sub-

1814 3102 2046 3152 stantia.
2071 3104 2138 3152 In
2160 3101 2250 3152 his
2279 3101 2496 3151 inﬁxus
2520 3104 2610 3151 est
2624 3100 2922 3164 Dominus,
2941 3097 3172 3163 quando
3189 3111 3417 3158 persecu-

1818 3174 2030 3224 tionem
2055 3184 2264 3236 passus
2280 3176 2387 3234 est,
2404 3184 2520 3223 non
2534 3172 2593 3223 in
2608 3171 2933 3223 substantia
2949 3170 3267 3233 hominum,
3286 3179 3417 3230 quae

1816 3256 1917 3307 per
1952 3246 2143 3308 ipsum
2176 3244 2320 3295 facta
2352 3247 2459 3307 est,
2493 3242 2595 3295 sed
2630 3244 2687 3293 in
2715 3243 2852 3294 vitio
2875 3242 3231 3303 Judaeorum,
3275 3239 3417 3304 quin

1747 3324 1794 3398 ρ
1821 3328 1917 3379 per
1944 3315 2103 3380 ipsos
2148 3315 2363 3365 factum
2393 3318 2504 3398 est,
2534 3317 2652 3398 φῆς-ο
2674 3314 2803 3398 ideo
2828 3314 3045 3396 iniixus
3074 3325 3234 3398 sum,
3260 3310 3417 3398 quod

1813 3400 2043 3450 possem
2066 3398 2392 3452 praecavere
2406 3385 2565 3437 mihi.
2595 3390 2806 3450 Sponte
2830 3386 2982 3437 enim
3016 3384 3300 3449 meipsum
3325 3381 3419 3433 ob-

1812 3459 1934 3510 tuli.
1973 3460 2043 3509 Et
2080 3458 2187 3509 hoc
2225 3459 2330 3520 est,
2382 3458 2533 3507 Venit
2556 3457 2617 3506 in
2642 3457 2984 3506 altitudinem
3007 3457 3197 3515 maris,
3224 3459 3269 3504 et
3288 3458 3418 3502 tem-

1808 3537 1982 3596 pestas
2012 3529 2258 3579 demersit
2274 3543 2372 3580 me.
2397 3531 2551 3580 Mare
2575 3528 2711 3579 dicit
2727 3542 2824 3579 eos
2842 3533 3071 3594 propter
3092 3524 3421 3579 amaritudi-

1811 3615 1947 3655 nem
1973 3601 2127 3662 vilm,
2146 3600 2527 3665 altitudinem,
2554 3600 2877 3653 elationem.
2896 3600 3067 3652 Venit
3092 3612 3226 3663 ergo
3259 3597 3420 3650 Chri-

1815 3681 1941 3726 stns
1967 3673 2127 3725 nulla
2152 3674 2467 3733 coactione,
2494 3673 2596 3724 sed
2622 3679 2942 3737 spontanea
2959 3671 3419 3724 voluntateinter

1814 3746 2090 3810 superbos
2103 3745 2366 3795 homines
2379 3748 2437 3796 et
2458 3757 2712 3796 amaros:
2733 3749 2791 3796 et
2816 3744 3092 3797 seditiosa
3112 3741 3419 3795 commotio

1813 3829 2011 3869 eorum
2052 3820 2324 3879 tanquam
2362 3820 2675 3878 tempestas
2695 3816 3024 3879 vehemens,
3051 3815 3343 3878 demersit,
3363 3818 3422 3866 et

1812 3887 2063 3939 extinxit
2098 3899 2247 3938 eum.
2297 3888 2366 3937 Et
2397 3886 2457 3936 in
2476 3885 2584 3937 hoc
2609 3898 2710 3937 eos
2732 3899 2863 3938 esse
2888 3885 3308 3938 inexcusabiles
3334 3897 3422 3938 os-

1815 3959 2018 4021 tendit,
2047 3971 2182 4009 cum
2212 3956 2411 4008 subdit
2431 3969 2448 4008 :

2104 4030 2153 4083 4.
2178 4028 2446 4079 Laboravi
2461 4027 2711 4078 clamans
2732 4046 2745 4076 :
2764 4043 2944 4077 raucae
2974 4028 3130 4091 factae
3148 4033 3275 4077 sunt
3287 4026 3419 4090 fau-

1814 4117 1891 4151 ces
1913 4118 2053 4151 meae.
2087 4102 2228 4165 Quid
2256 4100 2467 4152 clamat
2489 4100 2785 4151 Christus?
2800 4101 2904 4151 Vae
2922 4098 3105 4157 vobis,
3132 4099 3345 4151 Scribm
3361 4102 3419 4151 et

1814 4174 2085 4227 Pharisaei
2102 4173 2310 4239 (Matth.
2324 4171 2450 4235 23.).
2469 4173 2572 4224 Vae
2584 4169 2802 4222 mundo
2815 4170 2886 4221 ab
2901 4170 3191 4222 scandalis
3207 4170 3416 4234 (Matth.

1815 4246 1940 4310 18.).
1977 4245 2237 4308 Quotidie
2267 4245 2440 4296 etiam
2461 4246 2582 4294 erat
2605 4242 2820 4293 docens
2845 4242 2904 4292 in
2936 4241 3152 4306 templo
3179 4247 3238 4294 et
3253 4254 3418 4306 syna-

1815 4319 1979 4383 gogis
2007 4319 2146 4383 (Luc.
2173 4316 2317 4379 19.):
2355 4316 2455 4367 sed
2481 4315 2615 4379 quia
2639 4326 2842 4378 parum
2865 4314 2925 4365 in
2938 4314 3022 4366 eis
3038 4313 3421 4367 fructificabat

1815 4393 2113 4454 propterea
2132 4389 2444 4440 laborabat.
2474 4386 2620 4437 Hinc
2655 4386 2744 4436 est
2776 4385 2930 4448 quod
2955 4398 3053 4450 per
3077 4385 3417 4450 Prophetam

1813 4461 1931 4512 ait:
1976 4460 2255 4512 Laboravi
2293 4459 2587 4511 sustinens
2612 4458 2754 4519 (Isai.
2784 4455 2871 4519 1.).
2922 4457 3054 4509 Ideo
3078 4457 3253 4509 etiam
3288 4470 3418 4509 ran-

1814 4544 1899 4584 cae
1933 4531 2126 4583 fauces
2163 4532 2290 4590 ejus
2316 4530 2602 4593 dicuntur,
2629 4543 2743 4581 non
2777 4532 3064 4592 quantum
3093 4527 3167 4581 ad
3199 4542 3280 4594 se,
3317 4528 3422 4581 sed

1813 4607 2095 4666 quantum
2115 4603 2188 4655 ad
2210 4602 2364 4663 illos,
2387 4615 2424 4654 a
2451 4602 2665 4666 quibus
2690 4615 2809 4654 non
2833 4599 3279 4664 intelligebatur,
3304 4613 3421 4652 non

1813 4674 2163 4726 credebatur.
2179 4675 2360 4725 Tanta
2378 4679 2574 4725 autem
2585 4674 2692 4725 fuit
2714 4675 2841 4737 ejus
2865 4673 3207 4739 persecutio,
3224 4677 3291 4724 ut
3305 4684 3421 4724 non

1815 4744 2005 4797 solum
2047 4745 2145 4796 isti
2165 4757 2283 4796 non
2307 4745 2626 4810 crederent,
2661 4746 2763 4798 sed
2784 4745 2864 4798 illi
2888 4745 2986 4809 qui
3004 4747 3126 4807 jam
3166 4743 3422 4797 credide-

1816 4821 1971 4877 runt,
1996 4816 2343 4869 dubitarent.
2364 4820 2432 4869 Et
2453 4817 2563 4869 hoc
2579 4823 2667 4868 est
2691 4818 2844 4882 quod
2861 4817 3088 4870 subdit:
3112 4817 3423 4881 Defeeerunt

1817 4888 1959 4940 oculi
1979 4889 2105 4951 mei,
2134 4889 2268 4937 dum
2281 4903 2435 4953 spero
2458 4889 2519 4937 in
2552 4889 2725 4938 Deum
2761 4904 2960 4940 meum.
3000 4891 3150 4941 Dum
3183 4889 3338 4941 enim
3361 4887 3420 4939 in

1817 4961 2086 5026 passione
2103 4964 2446 5026 perseverat,
2471 4963 2646 5024 atque
2670 4960 2731 5012 in
2750 4959 3066 5012 Dominum
3100 4972 3278 5011 suum
3302 4965 3422 5012 ten-

1818 5032 1982 5097 dens,
2007 5036 2202 5097 sperat
2216 5036 2282 5083 ut
2304 5033 2595 5083 amortuis
2618 5036 2883 5097 resurgat
2904 5032 3081 5083 :oculi
3108 5031 3238 5094 ejus
3264 5030 3421 5083 defe-

1817 5108 2035 5166 cerunt,
2062 5102 2195 5166 quia
2217 5102 2391 5154 etiam
2414 5102 2523 5165 ipsi
2548 5102 2807 5167 Apostoli
2822 5102 2937 5166 (qui
2956 5100 3421 5165 tanquamlucer-

1817 5188 1909 5228 nae
1933 5174 2383 5238 praeminebant
2404 5174 2463 5225 in
2500 5173 2748 5239 corpore)
2775 5172 3204 5224 dubitaverunt.
3238 5174 3307 5224 Et
3347 5187 3419 5224 ne

1816 5246 1983 5312 pauci
2011 5245 2342 5298 viderentur
2365 5244 2446 5296 illi
2476 5245 2572 5310 qui
2599 5244 3113 5310 persequebantur,
3139 5244 3419 5307 subjunc-

1818 5322 1945 5371 tum
1969 5322 2060 5369 est
2085 5331 2097 5367 :

1880 5390 1929 5445 5.
1957 5391 2013 5439 M
2016 5388 2302 5454 ultiplicati
2317 5402 2379 5436 su
2388 5392 2444 5435 nt
2458 5401 2619 5450 super
2628 5384 2847 5449 capillos
2864 5384 3055 5449 capitis
3072 5385 3179 5435 mei
3196 5385 3292 5449 qui
3307 5385 3422 5436 ode-

1817 5468 1950 5513 runt
1972 5477 2055 5512 me
2076 5460 2263 5526 gratis.
2282 5461 2364 5511 Ac
2391 5458 2440 5509 si
2461 5462 2653 5522 aperte
2678 5456 2832 5509 dicat
2850 5476 2860 5505 :
2878 5457 3010 5509 Sine
3034 5469 3274 5508 numero
3292 5469 3418 5509 cre-

1818 5539 2042 5599 verunt,
2060 5532 2159 5597 qui
2178 5533 2299 5583 sine
2319 5541 2527 5582 caussa
2552 5542 2644 5581 me
2666 5527 2796 5580 odio
2818 5526 3309 5580 habuerunt.Eum
3328 5531 3417 5590 qui

1816 5611 2004 5660 nocet.
2034 5605 2191 5657 odire
2222 5602 2645 5669 quodammodo
2669 5601 2994 5652 humanum
3025 5604 3130 5651 est.
3145 5599 3419 5653 UndODO-

1816 5679 2010 5731 minus
2045 5678 2104 5729 in
2132 5676 2255 5742 lege
2291 5680 2566 5739 tanquam
2603 5671 2926 5725 carnalibus
2958 5671 3222 5736 loquens,
3244 5675 3419 5735 atque

1817 5763 2018 5804 eorum
2049 5747 2367 5801 infirmitati
2413 5744 2902 5804 condescendens,
2940 5744 3160 5797 amicos
3184 5744 3417 5809 diligere

1816 5821 2106 5887 praecepit,
2138 5826 2307 5885 atque
2341 5817 2602 5870 inimicos
2625 5815 2781 5868 odire
2803 5815 3060 5882 permisit
3088 5814 3262 5879 (Leuit.
3291 5813 3418 5887 19.).

1817 5885 1964 5947 Eum
1986 5885 2182 5947 autem
2209 5891 2309 5957 qui
2327 5903 2447 5945 non
2470 5892 2658 5951 nocet,
2682 5887 2812 5940 odio
2841 5889 3072 5954 habere,
3089 5900 3209 5940 non
3231 5885 3419 5940 solum

1814 5965 2139 6018 humanum
2166 5978 2281 6017 non
2304 5969 2412 6029 est,
2431 5964 2533 6017 sed
2554 5965 2726 6018 etiam
2738 5960 3100 6016 diabolicum.
3123 5958 3334 6013 Odium
3347 5958 3419 6012 de
