3884 6420
452 347 559 405 923

1513 357 1777 411 RUFINO
1810 356 2273 411 PRESBYTERO
2306 358 2688 412 ASCRIPTUS

3640 362 3777 419 924

447 466 682 547 inimico
704 469 930 547 videtur
951 471 1115 547 quasi
1136 472 1416 547 naturale,
1431 471 1584 535 quod
1610 476 1804 547 tamen
1824 484 1901 524 ex
1923 485 2046 524 cor—
2071 476 2124 547 Α
2147 479 2268 524 cant
2297 487 2433 539 ergo
2469 475 2531 527 in
2560 474 2856 527 hominem
2877 473 3156 547 humilem
3179 480 3238 527 et
3255 475 3619 541 αι’ῑιοίῦῐιιως
3646 480 3774 543 qui

454 538 719 603 ruptione
733 542 1010 605 contingit
1021 548 1262 595 naturas.
1281 543 1488 595 Odium
1499 557 1633 596 vero
1649 543 1720 595 de
1738 543 2045 596 innocente

456 615 655 662 contra
675 617 939 663 naturam
961 616 1065 663 est.
1092 613 1336 665 Multum
1364 627 1499 678 ergo
1522 615 1699 666 distat
1711 615 1861 666 inter
1874 619 2045 664 odium

454 686 512 733 et
534 682 748 733 odium.
776 686 918 733 Nam
939 683 1094 735 aliud
1113 690 1220 750 est,
1248 687 1400 748 quod
1417 687 2046 738 facitinﬂrmitaszaliud

450 757 558 816 est,
582 753 734 817 quod
759 755 883 806 sola
906 755 1142 821 instigat
1163 758 1399 810 malitia.
1417 762 1479 809 In
1498 770 1614 822 qua
1638 763 1865 809 tantum
1882 772 2044 811 exar-

452 830 650 877 serunt
671 826 877 887 Judmi,
906 830 969 878 ut
993 829 1052 880 in
1077 829 1207 882 odio
1233 831 1441 882 Christi
1455 834 1511 883 et
1524 844 1835 883 numerum
1852 844 2049 884 exces-

451 895 684 961 sissent,
710 903 766 950 et
781 903 1047 952 naturam
1072 905 1129 952 et
1148 902 1403 954 modum.
1427 904 1675 964 Quorum
1693 902 1885 955 adhuc
1901 918 2048 964 exag-

452 973 682 1031 geratur
696 970 933 1034 malitia,
948 985 1077 1023 cum
1092 973 1448 1025 subinfertur
1462 988 1474 1024 :
1486 973 1786 1036 Con/artati
1808 979 1936 1023 sunt
1951 974 2048 1037 qui

446 1049 845 1104 persequuntur
866 1059 950 1093 me
972 1045 1188 1096 inimici
1210 1048 1316 1096 mei
1339 1047 1554 1111 injuste.
1578 1046 1741 1097 Prius
1772 1045 2050 1111 multipli-

451 1111 561 1162 cati
586 1116 832 1178 suntqui
847 1129 981 1167 eum
1003 1118 1199 1181 gratis,
1219 1118 1384 1182 idest,
1404 1118 1526 1169 sine
1546 1130 1756 1169 caussa
1783 1118 2047 1170 oderunt.

451 1183 520 1233 Et
560 1183 619 1235 hi
662 1186 865 1238 deinde
910 1190 1209 1241 confortati
1255 1195 1430 1253 atque
1454 1189 1712 1249 animati,
1738 1189 1813 1240 ad
1852 1190 1962 1242 hoc
1986 1194 2049 1241 ut

450 1253 643 1306 odium
669 1258 816 1318 quod
842 1266 1224 1325 conceperant
1238 1261 1296 1311 in
1310 1262 1496 1324 corde,
1515 1261 1685 1314 etiam
1704 1263 2048 1322 persequendo

449 1325 829 1392 adimplerent
846 1332 907 1383 in
930 1346 1115 1396 opere.
1141 1335 1210 1384 Et
1230 1333 1339 1385 hoc
1363 1332 1628 1385 similiter
1655 1333 1874 1397 injuste
1902 1332 2045 1383 fece-

452 1402 606 1459 runt,
622 1402 755 1463 quia
771 1402 1451 1469 videlicetcaussam,qua
1467 1418 1561 1457 me
1572 1406 1841 1470 persequi
1852 1409 1939 1453 aut
1955 1406 2051 1452 ini-

454 1471 587 1521 mici
608 1471 728 1523 ﬂeri
746 1473 1104 1537 debuissent,
1123 1489 1239 1528 non
1257 1477 1622 1529 invenerunt.
1651 1477 1760 1529 Sed
1776 1478 1922 1527 inter
1939 1481 2050 1523 tan-

456 1546 573 1592 tam
602 1543 880 1597 malitiam
905 1559 1071 1598 suam
1083 1548 1250 1599 nobis
1265 1548 1522 1600 insinuat
1535 1548 1922 1600 innocentiam
1935 1549 2051 1598 Do-

454 1613 646 1664 minus
690 1619 903 1681 noster,
955 1631 1089 1669 cum
1135 1619 1367 1672 subdit:
1420 1621 1545 1679 Quae
1572 1635 1684 1669 non
1709 1620 1895 1684 rapui,
1923 1624 2049 1667 tunc

447 1684 938 1750 exsolvebamQuis
956 1690 1107 1742 enim
1127 1691 1232 1751 (Ea:
1247 1691 1568 1755 Augustino)
1583 1691 1785 1755 rapuit,
1802 1694 1829 1741 ‘2
1844 1690 2046 1742 Adam.

449 1756 518 1807 Et
547 1757 685 1819 quid
711 1761 940 1823 rapuit?
962 1763 1203 1814 Pomum
1216 1763 1477 1815 vetitum.
1498 1765 1739 1814 Gustate
1759 1763 2045 1827 (inquit)et

2146 551 2424 611 expectant
2441 548 2627 599 Deum
2649 550 2706 599 et
2730 546 3043 598 Dominum
3062 546 3369 598 virtutum:
3385 549 3518 611 quia
3534 549 3633 612 qui
3656 549 3773 602 de.

2148 624 2380 681 spectus
2403 620 2668 683 apparuit
2684 620 2744 670 in
2761 630 2951 682 carne,
2972 618 3269 670 virtuosus
3285 624 3343 670 et
3357 618 3649 683 gloriosus
3664 637 3776 682 ap-

2148 690 2365 752 parebit
2388 690 2448 741 in
2470 690 2770 742 divinitate
2802 689 3025 753 (Philip.
3056 688 3147 746 2.).
3173 689 3307 741 Ideo
3333 690 3521 741 adhuc
3548 692 3774 743 subdi-

2148 765 2242 811 tur
2266 777 2278 811 :
2305 762 2430 811 Non
2455 776 2547 810 con
2554 761 3039 825 fundantursuper
3053 775 3136 809 me
3152 761 3249 825 qui
3264 766 3515 824 quaerunt
3526 768 3589 825 te,
3608 763 3773 812 Deus

2146 832 2325 880 Israel.
2371 834 2552 897 Super
2595 847 2689 885 me
2726 833 2914 884 occiso
2947 845 3064 882 non
3085 831 3513 883 confundantur
3532 839 3768 897 mente,

2147 915 2252 953 nec
2269 904 2613 956 erubescant
2630 904 2814 968 vultu,
2840 903 2939 967 qui
2954 907 3011 954 te
3028 907 3092 955 ut
3106 904 3303 954 venias
3320 908 3632 966 expectant
3653 919 3666 956 :
3697 909 3775 956 et

2145 974 2383 1040 insuper
2408 975 2552 1026 bene
2576 976 2819 1026 vivendo
2842 979 2901 1026 et
2923 974 3174 1024 amando
3198 986 3455 1037 quaerere
3476 987 3597 1025 non
3622 988 3774 1026 ces-

2148 1051 2295 1097 sant.
2316 1048 2384 1098 Et
2406 1047 2515 1098 hoc
2538 1047 2709 1099 debet
2731 1059 2831 1098 eos
2854 1058 2888 1097 a
2912 1045 3249 1097 confusione
3272 1050 3330 1096 et
3342 1046 3769 1098 erubescentia

2148 1118 2470 1181 defendere,
2496 1118 2629 1183 quia
2654 1123 2715 1169 tu
2740 1118 2839 1182 qui
2865 1131 2957 1168 me
2979 1117 3207 1171 misisti,
3233 1122 3290 1168 et
3319 1117 3611 1168 humiliari
3641 1130 3774 1169 vo-

2146 1190 2323 1251 luisti,
2351 1203 2413 1242 es
2436 1190 2719 1242 Dominus
2748 1190 3048 1252 virtutum,
3090 1192 3145 1239 et
3178 1190 3333 1240 Deus
3358 1187 3551 1253 Israel,
3575 1188 3769 1250 idest,

2147 1261 2301 1313 idem
2321 1262 2603 1313 Dominus
2627 1266 2684 1313 et
2706 1262 2861 1313 Deus
2885 1273 2948 1311 es
2971 1260 3309 1323 angelorum
3332 1264 3390 1311 et
3417 1258 3767 1311 hominum.

2147 1334 2443 1385 Virtutum
2459 1335 2611 1385 enim
2624 1337 2857 1385 nomine
2868 1332 3104 1396 angelos
3120 1331 3465 1396 designavit.
3484 1334 3575 1380 Per
3594 1334 3767 1380 Israel

2147 1418 2279 1457 vero
2308 1419 2428 1468 eos,
2455 1405 2552 1469 qui
2573 1418 2673 1469 per
2695 1405 2868 1457 ﬁdem
2893 1410 2950 1456 et
2968 1404 3263 1455 caritatem
3282 1405 3467 1454 Deum
3484 1402 3766 1467 spiritua-

2147 1475 2275 1528 liter
2318 1477 2536 1540 vident,
2580 1476 2867 1540 figuravit.
2903 1478 2972 1527 Et
3006 1474 3259 1527 ostendit
3281 1474 3449 1526 aliam
3473 1485 3768 1526 caussam

2148 1561 2323 1613 quare
2345 1561 2463 1600 non
2485 1548 2732 1599 debeant
2755 1548 3111 1607 erubescere,
3137 1559 3271 1597 cum
3284 1545 3620 1609 subjungit:

2208 1617 2258 1673 8.
2295 1621 2567 1678 Quoniam
2584 1624 2801 1685 propter
2827 1617 3482 1682 tesustinuiopp-robrium
3499 1616 3758 1679 :opemit

2144 1692 2389 1755 confusio
2411 1692 2607 1754 faciem
2624 1706 2817 1741 meam.
2846 1690 3225 1755 Opprobrium
3248 1693 3338 1739 est
3375 1687 3527 1751 quod
3549 1687 3768 1751 objicit

2145 1762 2431 1814 inimicus.
2471 1765 2596 1814 Non
2616 1766 2771 1814 esset
2798 1773 3076 1825 magnum
3100 1759 3252 1823 quod
3265 1760 3344 1810 ait
3363 1758 3759 1820 Sustinui,nisi

447 1827 609 1921 eritis
626 1830 783 1921 sicut
819 1833 905 1883 Dii
930 1832 1194 1921 (Gem-3.).
1218 1837 1435 1898 Rapere
1467 1834 2045 1921 volueruntdivinita:
2076 1848 2126 1921 B
2150 1833 2491 1915 adjungeret
2532 1835 2758 1898 Propter
2791 1839 2851 1921 te.
2890 1833 2946 1884 Si
2980 1832 3135 1884 enim
3162 1831 3436 1921 sustines,
3459 1829 3595 1891 quia
3605 1840 3766 1921 pec-

448 1902 973 1963 tem,etamiserunt
996 1904 1336 1956 felicitatem.
1351 1908 1789 1971 Usurpaverunt
1800 1906 1899 1955 sibi
1911 1906 2045 1967 quod

451 1983 620 2023 suum
649 1986 765 2026 non
793 1981 932 2037 erat,
958 1979 1014 2029 et
1041 1976 1169 2029 hmo
1206 1982 1298 2029 est
1329 1977 1545 2041 rapina.
1581 1977 1715 2028 Ideo
1754 1977 2047 2028 commissi

449 2048 590 2095 sunt
609 2048 861 2098 exactori
872 2047 1116 2109 diabolo,
1136 2050 1200 2100 ut
1222 2061 1452 2113 poenam
1470 2049 1672 2100 mortis
1683 2049 2049 2101 exsolverent

445 2126 548 2179 pro
572 2122 822 2179 peccato.
871 2119 1134 2171 Christus
1180 2132 1316 2171 vero
1357 2120 1503 2171 nihil
1540 2121 1750 2184 rapuit,
1775 2120 1912 2183 quia
1930 2134 2047 2172 non

446 2187 734 2248 peccavit:
760 2192 817 2241 et
837 2191 1033 2242 tamen
1064 2191 1284 2255 peccati
1308 2190 1772 2253 debitum,idest.
1803 2196 2045 2244 mortem

446 2258 713 2311 exsolvit.
730 2261 902 2314 Venit
925 2263 997 2314 ad
1021 2267 1263 2314 mortem
1304 2264 1455 2314 sicut
1482 2263 1923 2326 quilibethomo,
1943 2263 2046 2315 sed

445 2341 563 2380 non
588 2344 653 2382 ea
669 2333 764 2384 via
787 2345 900 2396 qua
925 2334 1068 2397 [Ant.
1096 2334 1249 2398 quia)
1278 2334 1729 2397 quilibethomo.
1750 2337 1893 2386 Nam
1918 2348 2045 2387 om-

446 2413 550 2453 nes
574 2403 667 2455 alii
692 2417 792 2468 per
819 2405 1066 2470 culpam,
1091 2405 1183 2457 ille
1222 2405 1381 2458 solus
1404 2407 1476 2458 ad
1500 2411 1745 2458 mortem
1770 2407 1926 2459 venit
1948 2421 2047 2471 per

442 2473 749 2537 justitiam.
779 2477 1028 2540 Uterque
1045 2477 1221 2537 igitur
1242 2478 1492 2529 exsolvit
1514 2483 1775 2543 mortem,
1802 2490 1934 2541 quae
1955 2484 2046 2531 est

447 2545 708 2597 debitum
731 2549 967 2612 peccati,
995 2548 1199 2613 Adam,
1226 2556 1283 2602 et
1299 2550 1576 2602 Christus.
1600 2551 1709 2602 Sed
1726 2551 1861 2613 quia
1872 2566 2046 2612 pecca-

449 2618 535 2668 vit
564 2617 767 2680 Adam,
792 2632 949 2670 mors
992 2622 1121 2685 ejus
1145 2621 1251 2673 fuit
1285 2634 1456 2686 paena
1481 2623 1714 2687 peccati.
1742 2622 1885 2684 Quia
1907 2635 2045 2674 vero

445 2700 563 2739 non
588 2690 840 2750 peccavit
854 2691 1136 2755 Christus,
1151 2705 1308 2744 mors
1320 2694 1367 2755 ej
1380 2706 1449 2743 us
1466 2693 1617 2745 facta
1628 2698 1717 2744 est
1732 2693 1924 2745 hostia
1935 2709 2045 2754 pro-

447 2763 701 2824 peccato.
733 2760 905 2823 (Hebr.
939 2760 989 2815 9.
1028 2769 1073 2812 et
1094 2762 1218 2826 10.).
1246 2765 1357 2817 Sed
1388 2764 1546 2815 hunc
1570 2764 1819 2816 fructum
1845 2764 2045 2817 mortis

449 2829 660 2881 Christi
684 2832 934 2883 mundus
947 2846 1065 2885 non
1090 2834 1401 2887 intellexit:
1427 2835 1556 2887 ideo
1580 2835 1731 2887 hanc
1754 2849 1853 2900 pro
1868 2836 2047 2888 stulti-

446 2902 528 2952 tia
556 2903 862 2965 reputavit.
900 2905 1288 2958 Praadicamus
1322 2907 1529 2971 (inquit
1580 2907 1909 2971 Apostolus)
1952 2910 2045 2960 Je-

448 2985 578 3024 sum
605 2972 916 3043 Christum,
943 2980 999 3028 et
1024 2977 1179 3028 hunc
1202 2979 1607 3037 crucifixum,J
1612 2978 1795 3030 udaeis
1808 2979 2043 3043 quidem

448 3042 800 3114 scandalum.
837 3048 1116 3100 Gentibus
1144 3054 1337 3101 autem
1376 3049 1675 3102 stultitiam
1701 3049 1769 3114 (1.
1799 3042 1917 3101 Cor.
1953 3049 2041 3113 1.).

450 3113 626 3182 344
656 3116 764 3169 Sed
807 3120 954 3182 qeod
979 3134 1097 3172 non
1130 3123 1292 3174 novit
1319 3122 1595 3185 mundus,
1616 3122 1849 3185 agnovit
1867 3123 2040 3174 Deus.

450 3187 519 3238 Et
546 3187 655 3240 hoc
677 3195 767 3241 est
795 3192 950 3255 quod
975 3192 1110 3245 dicit
1140 3209 1153 3245 :

2150 1906 2315 1965 casti,
2350 1909 2578 1969 propter
2602 1909 2656 1956 te
2683 1905 2958 1968 sustines,
2984 1916 3103 1954 non
3124 1906 3355 1967 propter
3375 1903 3579 1952 Deum.
3603 1902 3764 1961 Quae

2145 1978 2339 2028 autem
2362 1976 2542 2040 gloria
2565 1981 2655 2028 est
2681 1976 2775 2039 (ait
2788 1975 3004 2036 Petrus)
3025 1975 3076 2024 si
3099 1977 3402 2038 peccantes
3422 1973 3687 2033 punimini
3704 1977 3763 2019 et

2147 2048 2398 2100 suil‘ertis
2413 2047 2480 2106 (1.
2506 2048 2647 2098 Pelr.
2669 2045 2781 2106 2.)?
2805 2047 2860 2098 Si
2884 2050 3079 2097 autem
3098 2046 3369 2105 sustines,
3384 2042 3756 2107 quiamanda—

2146 2123 2270 2171 tum
2284 2120 2390 2171 Dai
2412 2118 2675 2174 servasti,
2696 2117 2870 2185 345
2898 2130 3122 2169 merces
3148 2115 3249 2167 tibi
3273 2118 3468 2166 manet
3489 2114 3551 2164 in
3574 2117 3760 2165 mter-

2144 2204 2312 2242 num:
2340 2192 2612 2254 quoniam
2632 2190 2961 2242 sustinuisti
2977 2188 3279 2254 opprobria
3290 2190 3520 2250 propter
3533 2186 3752 2236 Deum-

2145 2263 2287 2324 Quia
2309 2275 2444 2326 ergo
2469 2262 2803 2314 Christusin
2816 2261 3083 2326 passione
3110 2272 3215 2311 sua
3239 2257 3419 2309 multa
3442 2256 3758 2322 opprobria.

2144 2334 2442 2385 audiebat:
2471 2339 2529 2385 et
2552 2339 2751 2385 tacens
2775 2334 2967 2384 omnia
2990 2334 3217 2396 propter
3230 2332 3416 2382 Deum
3432 2328 3750 2379 tolerabat:

2144 2406 2760 2469 quasiverecundusin
2772 2405 2913 2456 facie
2926 2404 3500 2468 apparebat.Virtutem
3510 2413 3759 2449 mansne-

2147 2477 2363 2527 tudinis
2379 2490 2480 2541 pro
2495 2477 2659 2541 signo
2671 2476 2962 2527 habebant
2972 2473 3346 2525 confusionis.
3367 2473 3497 2528 Quid
3515 2473 3754 2518 toleraret

2144 2552 2374 2613 prOpter
2389 2550 2593 2611 Deum,
2612 2547 2946 2598 dixit.Nunc
2960 2558 2994 2597 a
3008 2545 3221 2610 quibus
3242 2544 3486 2601 toleravit,
3502 2542 3749 2590 ostendit.

2206 2618 2256 2671 9.
2282 2620 2613 2684 Extranens,
2660 2619 2865 2682 inquit,
2894 2619 3070 2681 factus
3101 2631 3223 2665 sum
3248 2613 3485 2679 {ratibus
3518 2613 3669 2673 meis,
3698 2616 3749 2661 et

2143 2693 2458 2756 peregrinus
2474 2692 2606 2755 ﬁliis
2629 2692 2825 2741 matris
2850 2707 2990 2741 meae.
3011 2689 3280 2752 Quamvis
3292 2687 3444 2739 idem
3460 2685 3530 2737 de
3549 2684 3750 2756 simili-

2143 2763 2251 2814 bus
2271 2755 2460 2816 verbis
2476 2769 2739 2837 repetere
2762 2763 3038 2823 videatur,
3066 2766 3260 2837 tamen
3272 2759 3401 2825 plus
3416 2755 3636 2837 aliquid
3648 2768 3747 2807 so-

2142 2837 2243 2885 nat
2265 2836 2618 2899 peregrinus,
2638 2848 2813 2900 quam
2840 2839 3169 2886 extraneus.
3184 2835 3329 2885 Nam
3354 2843 3488 2882 eum
3510 2835 3610 2893 qui
3621 2839 3747 2879 non

2144 2910 2234 2958 est
2255 2907 2629 2971 domesticus,
2648 2912 2749 2959 aut
2772 2906 2914 2958 facie
2932 2908 3123 2966 notus,
3155 2904 3263 2956 etsi
3280 2903 3352 2954 de
3374 2901 3572 2954 eadem
3589 2904 3744 2971 terra

2145 2978 2237 3038 sit,
2264 2982 2459 3029 tamen
2482 2968 2822 3030 extraneum
2847 2976 3109 3028 dicimus.
3134 2974 3438 3025 Hominem
3454 2968 3743 3023 veroalte-

2142 3049 2262 3100 rius
2279 3051 2479 3113 patria:
2493 3050 2855 3114 peregrinum
2874 3049 3126 3100 solemus
3137 3042 3744 3111 appellare.Fratribus

2143 3120 2265 3171 suis
2295 3121 2558 3172 Christus
2582 3125 2893 3172 extraneus
2926 3119 3128 3181 fuerat,
3153 3118 3286 3182 quia
3307 3115 3626 3168 carnalibus
3646 3124 3746 3177 pa-

2141 3192 2405 3243 rentibus
2428 3193 2550 3243 suis
2584 3192 2706 3243 vita
2729 3197 2787 3243 et
2806 3191 3064 3242 moribus
3083 3187 3380 3241 dissimilis
3404 3185 3744 3251 apparebat.

510 3258 560 3314 6.
592 3262 750 3327 Deus,
778 3268 835 3311 tu
852 3265 953 3313 scis
982 3265 1358 3342 insipientiam
1373 3280 1565 3316 meam.
1582 3266 1806 3319 Utilitas
1818 3267 2041 3331 passio-
2068 3269 2116 3342 C
2147 3265 2276 3317 Fuit
2289 3267 2461 3316 etiam
2481 3265 2837 3342 peregrinus,
2856 3262 3175 3342 secundum
3188 3259 3343 3342 quod
3475 3260 3745 3320 Regnum

446 3332 538 3383 nis
563 3344 874 3397 meae,qum
899 3349 998 3399 pro
1024 3336 2036 3402 insipientiareputaturaquibusdam,

446 3415 477 3454 a
514 3406 570 3456 te
614 3404 731 3456 Deo
768 3412 1020 3459 creatore
1058 3413 1147 3459 est
1169 3410 1446 3472 praestita,
1472 3410 1799 3473 approbata,
1826 3410 1877 3460 ei
1903 3410 2045 3461 ordi-

445 3479 601 3526 nata.
638 3477 726 3528 Tu
750 3478 863 3528 scis
892 3479 1046 3541 quod
1086 3478 1164 3529 illi
1187 3480 1534 3532 nescierunt.
1569 3480 1625 3530 Si
1661 3481 1817 3530 enim
1842 3494 2045 3545 cogno-

447 3546 689 3611 vissent,
712 3561 1035 3611 numquam
1066 3551 1377 3602 Dominum
1401 3551 1598 3615 gloria:
1621 3551 2044 3604 cruciiixissent

447 3615 516 3677 (1.
567 3616 685 3688 Cor.
719 3616 810 3681 2.).
853 3622 920 3670 Et
952 3621 1086 3684 quia
1122 3625 1241 3672 tam
1266 3622 1449 3673 simile
1474 3623 1842 3687 insipientia,
1869 3637 2040 3688 quam

447 3699 579 3738 cum
620 3686 857 3742 haberet
897 3691 957 3742 in
993 3696 1279 3756 potestate
1315 3686 1715 3757 persecutores
1754 3686 1904 3745 suos
1926 3708 2044 3747 una

443 3771 581 3812 voce
634 3766 1010 3827 prosternere,
1054 3771 1344 3828 pateretur
1398 3781 1460 3819 se
1508 3768 1707 3827 teneri,
1751 3767 2041 3832 ﬂagellari,

446 3836 703 3899 conspui,
758 3835 1118 3899 colaphizari,
1155 3838 1335 3901 spinis
1360 3841 1638 3901 coronari,
1663 3841 1815 3904 ligno
1840 3839 1996 3902 afﬁgi
2016 3842 2044 3890 ?

446 3905 555 3958 Sed
580 3906 734 3970 quod
761 3907 1003 3959 stultum
1026 3913 1115 3960 est
1138 3909 1241 3960 Dei
1270 3912 1328 3961 et
1350 3910 1664 3975 infirmum,
1681 3911 1789 3962 hoc
1816 3913 2044 3974 sapien-

445 3976 559 4029 tius
575 3980 632 4029 et
660 3977 862 4030 fortius
885 3984 973 4031 est
996 3979 1328 4031 hominibus
1356 3981 1421 4045 (1.
1454 3986 1572 4033 Cor.
1602 3982 1692 4045 1.).
1719 3985 1862 4033 Nam
1888 3983 2043 4034 unde

445 4049 601 4100 Deus
618 4055 707 4101 est
722 4050 1133 4104 humiliatus'et
1144 4064 1373 4115 passus,
1392 4052 1523 4104 inde
1538 4053 1711 4104 homo
1729 4059 1953 4106 erectus
1969 4062 2041 4103 est

444 4124 503 4171 et
526 4126 783 4191 sanatus.
812 4121 990 4174 Simili
1013 4123 1206 4183 modo,
1233 4124 1299 4173 Et
1322 4123 1511 4173 delicta
1531 4125 1852 4188 mea,idest,
1869 4137 2042 4189 opera

444 4204 576 4254 quae
600 4204 701 4257 pro
725 4192 947 4245 delictis
972 4198 1111 4245 sunt
1133 4198 1398 4257 reputata
1415 4196 1501 4255 (ut
1522 4195 1763 4247 estillud
1783 4198 1937 4247 :Non
1953 4201 2043 4249 est

442 4261 616 4334 homo
642 4263 928 4334 hicaDeo,
948 4266 1050 4327 qui
1073 4265 1313 4317 sabbata
1328 4279 1447 4317 non
1471 4268 1725 4319 custodit
1752 4268 2037 4334 [Joan.9.].

443 4337 501 4385 et
521 4333 633 4385 alia
652 4333 1002 4397 hujusmodi)
1031 4352 1066 4384 a
1091 4340 1135 4385 te
1148 4351 1258 4386 non
1275 4343 1402 4386 sunt
1426 4337 1737 4387 abscondita
1777 4340 1940 4401 Quod
1964 4339 2042 4391 illi

443 4412 796 4472 putaverunt
819 4408 1230 4472 insipientiam,
1264 4413 1331 4460 ut
1355 4422 1460 4473 ego
1482 4414 1732 4474 paterer:
1760 4416 1817 4463 et
1837 4411 2045 4464 delicta

444 4482 510 4530 ut
552 4479 930 4545 languoribus
965 4480 1228 4533 mederer
1255 4498 1265 4529 :
1292 4480 1403 4532 hoc
1428 4486 1492 4533 tu
1517 4482 1678 4534 scisti
1704 4483 2042 4547 sapientiam

443 4562 572 4602 esse
595 4553 652 4602 et
684 4552 973 4603 virtutem.
1009 4553 1079 4603 Et
1112 4552 1436 4604 notandum
1461 4553 1614 4616 quod
1640 4568 1712 4606 ex
1737 4554 1828 4606 his
1851 4556 2041 4607 verbis

443 4621 799 4684 instruimur,
824 4628 890 4674 ut
912 4623 973 4674 in
988 4624 1214 4675 cunctis
1236 4636 1369 4688 qum
1391 4625 1638 4689 agimus,
1665 4639 1892 4691 semper
1908 4627 2037 4690 plus

442 4693 546 4744 Dei
572 4692 922 4744 voluntatem
952 4706 1124 4756 quam
1150 4695 1453 4747 hominum
1469 4698 1857 4750 attendamus.
1877 4699 1944 4749 Et
1970 4710 2039 4749 ea

444 4764 520 4814 sit
534 4768 735 4815 nostra
757 4765 921 4824 actio,
959 4778 1132 4827 quam
1154 4767 1311 4818 Deus
1335 4770 1612 4832 approbat
1635 4783 1648 4819 :
1677 4769 2040 4821 etiamsinon

442 4847 513 4900 ap
523 4836 718 4897 probet
742 4834 936 4887 homo.
953 4836 1099 4887 Hinc
1122 4842 1205 4889 est
1236 4838 1388 4901 quod
1402 4838 1612 4891 Paulus
1628 4853 1736 4891 nos
1749 4840 2038 4904 admonet,

443 4910 508 4956 ut
534 4905 916 4958 stultissimus
937 4911 1071 4959 ante
1094 4907 1376 4970 homines,
1402 4915 1467 4961 ut
1484 4915 1618 4961 ante
1638 4912 1817 4962 Deum
1833 4923 2043 4963 merea-

440 4991 573 5030 mur
595 4990 725 5030 esse
750 4978 1039 5041 sapientes
1064 4978 1130 5038 (1.
1163 4980 1281 5031 Cor.
1310 4980 1334 5035 1
1364 4981 1401 5043 ).
1426 4980 1531 5032 Vel
1547 4981 1756 5035 delicta
1772 4983 1899 5047 ejus
1922 4996 2040 5034 non

442 5054 580 5102 sunt
603 5050 959 5109 abscondita,
974 5053 1109 5116 quia
1118 5053 1380 5104 membra
1393 5052 1522 5116 ejus
1540 5065 1644 5104 sua
1668 5054 1921 5116 quotidie
1938 5069 2039 5104 non

439 5127 674 5174 cessant
721 5123 979 5175 confiteri
1021 5128 1272 5187 peccata.
1298 5125 1368 5175 Et
1391 5124 1527 5187 quia
1548 5124 1806 5177 futurum
1830 5130 1950 5177 erat
1976 5131 2042 5177 ut

440 5196 751 5256 tamquam‘
771 5207 872 5258 pro
909 5193 1152 5247 stultitia
1182 5194 1661 5258 improperaretur
1685 5196 2037 5258 Christianis,

441 5264 574 5327 quia
596 5265 657 5316 in
678 5265 976 5318 hominem
1003 5265 1300 5318 crederent
1314 5270 1606 5318 mortuum
1630 5272 1687 5320 et
1699 5268 2037 5321 cruciﬁxum

439 5336 691 5399 postulat
713 5349 815 5401 pro
840 5337 939 5401 eis,
965 5336 1196 5389 dicens:
1680 5384 1693 5397 .

503 5405 554 5459 7.
587 5406 723 5457 Non
747 5407 1054 5457 erubescant
1071 5408 1131 5456 in
1155 5421 1239 5456 me
1263 5408 1361 5472 qui
1384 5414 1660 5473 expectant
1683 5416 1745 5474 te,
1770 5411 2000 5463 Domine
2025 5430 2037 5465 :

442 5477 672 5528 Domine
715 5481 996 5529 virtutum.
1046 5478 1207 5530 Multi
1247 5479 1402 5532 enim
1440 5480 1818 5545 ignominiam
1852 5485 2040 5537 crucis

443 5549 653 5600 Christi
697 5549 1031 5613 audientes,
1053 5551 1426 5613 erubuerunt,
1452 5554 1622 5616 atque
1646 5565 1679 5605 a
1704 5554 1815 5607 fide
1838 5561 1897 5608 et
1920 5569 2038 5620 spe,

444 5632 616 5691 quam
643 5621 701 5671 in
718 5623 837 5673 Deo
857 5621 1066 5673 habere
1091 5628 1376 5687 ceperant,
1403 5630 1786 5677 recesserunt.
1809 5629 2042 5691 Propter

442 5688 551 5741 hoc
572 5691 782 5743 Paulus
806 5691 879 5743 ad
895 5693 1318 5745 conilrmandas
1346 5695 1704 5747 infirmorum
1720 5688 2037 5760 mentea—non

444 5772 506 5811 sc
530 5763 866 5815 erubescere
890 5764 1263 5828 Evangeiium
1283 5766 1402 5829 Dei,
1421 5767 1700 5831 perhibet.
1719 5771 1785 5819 In
1814 5774 2037 5820 tantum

445 5831 598 5904 enim
633 5846 750 5885 non
791 5836 1038 5899 erubuit,
1074 5841 1139 5889 ut
1174 5837 1405 5889 vinctus
1438 5845 1495 5891 et
1528 5845 1829 5891 catenatus
1855 5841 2041 5904 magis

446 5902 734 5956 exultaret
758 5906 925 5965 (Rom.
952 5907 1002 5961 1.
1029 5913 1074 5956 et
1091 5907 1142 5962 6.
1169 5908 1399 5972 ;E'phes.
1426 5908 1476 5965 3.
1502 5916 1547 5960 et
1571 5911 1662 5975 4.).
1678 5911 1807 5965 Non
1830 5902 2041 5963 erubes-

2064 4646 2120 4719 D

2144 3350 2338 3389 meum
2361 3350 2481 3388 non
2502 3341 2593 3387 est
2617 3328 2685 3386 de
2709 3335 2818 3386 hoc
2842 3333 3059 3385 mundo
3087 3332 3263 3397 (Joan.
3279 3328 3402 3394 18.).
3420 3332 3746 3381 Possumus

2146 3409 2318 3460 etiam
2362 3421 2464 3474 per
2495 3408 2718 3469 fratres,
2743 3404 3049 3471 Apostolos
3078 3402 3393 3467 intelligere
3419 3419 3430 3450 :
3473 3399 3748 3474 perillios

2146 3480 2347 3531 matris
2364 3471 2523 3544 suae,
2542 3480 2688 3531 illios
2715 3489 3049 3543 synagogas.
3072 3478 3396 3528 Extraneus
3409 3483 3544 3537 ergo
3560 3471 3750 3544 (ratri-

2145 3552 2256 3603 bus
2283 3551 2404 3602 suis
2431 3543 2569 3615 erat,
2598 3550 2832 3614 quando
2851 3550 2973 3613 jam
3004 3549 3076 3599 ab
3101 3547 3242 3610 ipsis
3265 3558 3381 3597 non
3406 3543 3749 3615 credebatur

2145 3622 2455 3688 Apostolis.
2476 3625 2800 3674 Extraneus
2820 3625 2941 3672 erat
2956 3622 3138 3679 Petro,
3163 3631 3296 3669 cum
3319 3616 3566 3688 cepisset
3585 3614 3747 3688 afﬁr—

2144 3685 2301 3746 mare
2327 3696 2382 3745 et
2402 3695 2614 3758 jurare,
2639 3693 2775 3757 quia
2796 3705 2914 3742 non
2936 3691 3196 3743 novisset
3216 3688 3507 3740 hominem
3526 3685 3743 3750 (Matth.

2142 3765 2241 3827 26;
2271 3766 2395 3816 Luc.
2424 3764 2551 3828 29.).
2579 3766 2710 3816 Fuit
2733 3776 2965 3828 quoque
2989 3761 3327 3827 peregrinus
3343 3758 3475 3811 [iliis
3500 3770 3745 3822 synago—

2141 3850 2250 3901 gas,
2275 3837 2431 3889 unde
2461 3841 2518 3889 et
2542 3836 2806 3888 dicebant
2831 3851 2845 3884 :
2871 3836 3039 3887 Hunc
3061 3838 3255 3885 autem
3283 3832 3576 3883 nescimus
3588 3828 3745 3882 unde

2141 3910 2215 3960 sit
2240 3909 2416 3973 (Joan.
2442 3908 2532 3971 9.).
2553 3909 2738 3970 Quare
2767 3907 2892 3959 haec
2916 3906 2997 3958 illi
3020 3905 3427 3968 contigerunt?

2203 3972 2288 4035 10.
2316 3981 2588 4039 Quoniam
2624 3980 2761 4029 zelus
2784 3980 2977 4028 domus
3000 3983 3099 4027 tua:
3118 3976 3341 4026 comedit
3368 3989 3469 4025 me.
3484 3973 3613 4026 Z610
3636 3972 3744 4025 Dei

2140 4052 2337 4105 comed
2347 4052 2567 4115 ebatur,
2584 4051 2752 4115 idest,
2769 4051 3008 4103 interius
3033 4050 3323 4112 urebatur,
3342 4059 3476 4098 cum
3491 4044 3746 4098 venden-

2140 4128 2230 4176 tes
2257 4128 2313 4176 et
2335 4129 2593 4175 ementes
2635 4124 2782 4188 [Ant.
2808 4120 3052 4185 mentes]
3083 4120 3152 4172 de
3177 4118 3387 4184 templo
3410 4118 3657 4182 ejiceret,
3682 4121 3745 4169 et

2141 4195 2656 4247 nummulariorum
2682 4193 2995 4245 eilunderet
3018 4205 3101 4243 ωε
3126 4192 3334 4253 (Matth.
3359 4188 3487 4253 21.).
3507 4188 3742 4241 Nullum

2143 4268 2520 4333 omnipotenti
2545 4268 2665 4318 Deo
2691 4264 2799 4317 tale
2812 4269 2901 4316 est
2920 4263 3280 4321 sacriﬁcium.
3294 4260 3464 4325 quale
3482 4266 3570 4313 est
3582 4260 3741 4313 zelus

2142 4339 2487 4391 animarum.
2515 4338 2597 4389 Ibi
2622 4337 2773 4402 ignis
2784 4336 2886 4387 Dei
2902 4334 3251 4387 accenditur.
3271 4333 3353 4385 Ibi
3368 4345 3536 4385 mens
3548 4333 3743 4382 munda

2142 4412 2247 4463 zeli
2273 4410 2458 4462 sancti
2481 4409 2683 4461 ardore
2701 4410 3119 4459 concrematur.
3132 4405 3279 4457 Hinc
3293 4409 3385 4457 est
3409 4403 3565 4469 quod
3576 4415 3740 4457 sanc-

2142 4484 2236 4534 tus
2260 4482 2506 4546 Spiritus
2531 4481 2590 4532 in
2617 4479 2885 4531 columba
2917 4481 2975 4531 et
2998 4481 3132 4542 igne
3160 4476 3424 4543 apparuit
3449 4476 3654 4541 (Matth.
3671 4474 3734 4537 3;

2139 4556 2252 4606 Act.
2276 4553 2349 4619 2.)
2375 4571 2390 4603 :
2422 4555 2558 4618 quia
2590 4566 2691 4605 eos
2715 4565 2862 4617 quos
2887 4551 3203 4617 repleverit,
3221 4549 3510 4615 simplices
3528 4549 3739 4614 pariter

2141 4630 2199 4678 et
2233 4626 2503 4678 ardentes
2534 4625 2686 4677 facit.
2713 4626 2783 4677 Et
2806 4628 3034 4688 propter
3060 4623 3214 4676 hunc
3243 4622 3427 4674 zelum
3450 4620 3738 4686 opprobria

2141 4697 2591 4762 exprobrantium
2617 4696 2711 4745 tibi
2736 4696 3036 4745 ceciderunt
3069 4710 3229 4760 super
3277 4710 3376 4745 me.
3415 4694 3556 4756 Quia
3582 4692 3735 4745 enim

2142 4770 2463 4833 corrigebat
2491 4782 2610 4832 eos,
2634 4768 2767 4819 inde
2780 4767 2966 4830 magis
2982 4766 3261 4831 indignati
3274 4770 3470 4817 contra
3480 4777 3613 4817 eum
3625 4778 3738 4816 ma-

2140 4841 2359 4892 chinati
2383 4845 2523 4892 sunt
2546 4841 2597 4892 ei
2612 4843 2872 4891 mortem.
2890 4840 3103 4902 Majora
3119 4841 3313 4889 autem
3332 4837 3630 4902 opprobria
3639 4841 3736 4885 Deo

2139 4912 2346 4964 inferre
2386 4924 2501 4963 non
2536 4913 2820 4975 poterant,
2848 4922 3019 4973 quam
3046 4909 3199 4973 quod
3223 4908 3511 4960 Christum
3532 4908 3734 4959 Filium

2141 4985 2188 5047 ej
2198 4996 2266 5034 us
2289 4983 2669 5045 denegabant.
2698 4983 2878 5033 Nemo
2890 4986 3086 5033 autem
3099 4994 3167 5032 ex
3178 4982 3471 5045 probravit
3486 4979 3727 5041 Christo,

2140 5055 2249 5106 nisi
2276 5056 2391 5105 Deo
2409 5055 2785 5118 exprobrans.
2801 5053 2869 5102 Et
2892 5065 3063 5104 nemo
3086 5051 3330 5103 honorat
3351 5053 3597 5113 Patrem,
3622 5050 3731 5101 nisi

2139 5126 2240 5191 qui
2260 5125 2507 5177 honorat
2530 5129 2585 5175 et
2610 5123 2835 5176 Filium.
2865 5122 2966 5175 Illa
2989 5135 3124 5174 vero
3147 5123 3256 5187 [Ex
3270 5120 3514 5185 August.)
3538 5132 3733 5186 oppro-

2138 5198 2262 5249 bria
2287 5209 2462 5262 super
2484 5196 2778 5248 Christum
2799 5194 3151 5256 ceciderunt,
3178 5193 3410 5258 quando
3431 5192 3489 5244 hi
3512 5193 3611 5257 qui
3635 5205 3733 5245 ex-

2138 5270 2508 5333 probrabant,
2538 5280 2673 5319 eum
2718 5266 3065 5319 occiderunt.
3103 5265 3213 5318 Sed
3256 5265 3404 5315 inter
3443 5264 3571 5316 haec
3606 5264 3731 5329 pius

2140 5340 2423 5391 Dominus
2460 5338 2972 5391 mansuetudinem
3016 5350 3182 5390 suam
3218 5336 3582 5388 commendat
3604 5348 3729 5387 cum

2141 5412 2446 5476 subjungit
2471 5429 2486 5461 :

2202 5483 2288 5538 11.
2317 5484 2384 5533 Et
2411 5483 2603 5547 operui
2628 5482 2689 5531 in
2704 5482 2919 5546 jejunio
2947 5482 3201 5531 animam
3224 5495 3418 5532 meam.
3439 5480 3725 5543 Jejunium

2141 5555 2349 5607 Christi
2398 5552 2771 5619 spiritualiter
2810 5554 2928 5617 jam
2972 5554 3034 5604 in
3071 5554 3181 5604 alio
3203 5555 3424 5617 psalmo
3456 5551 3730 5617 [XXXIV]

2141 5625 2607 5678 commendatum
2633 5629 2737 5677 est.
2762 5626 3058 5689 Jejunium
3076 5626 3202 5688 ejus
3225 5629 3361 5679 erat.
3381 5623 3613 5686 quando
3629 5624 3728 5685 (Ea:

2139 5697 2280 5760 cod.)
2302 5697 2635 5749 defecerunt
2658 5709 2860 5748 omnes
2885 5697 2981 5759 qui
3008 5697 3069 5747 in
3088 5707 3221 5747 eum
3246 5694 3629 5747 crediderunt.
3667 5696 3727 5746 Et

2141 5768 2268 5819 sitis
2304 5770 2427 5831 ejus
2452 5771 2587 5831 erat,
2610 5768 2842 5830 quando
2866 5767 3013 5820 dixit
3035 5766 3294 5818 mulieri:
3323 5766 3479 5825 Sitio,
3507 5766 3580 5817 da
3594 5764 3728 5817 mihi

2140 5840 2335 5893 bibere
2351 5840 2532 5904 (Joan.
2562 5841 2629 5901 4).
2658 5839 2853 5891 Fidem
2878 5840 3088 5904 quippe
3104 5837 3256 5890 illius
3282 5838 3510 5891 sitiebat
3537 5856 3547 5885 :
3576 5840 3633 5889 et
3654 5838 3726 5889 de

2144 5924 2330 5977 cruce,
2371 5925 2504 5965 cum
2534 5912 2750 5969 diceret
2783 5911 2922 5965 Sitio
2949 5911 3124 5976 (Joan.
3158 5910 3286 5973 19.),
3311 5910 3483 5962 ﬁdem
3502 5909 3724 5963 illorum
