3884 6430
150 376 283 433 925

1196 385 1271 437 ΙΝ
1304 382 1622 436 PSALMOS
1655 381 1862 435 LXXV
1884 381 2463 440 COMMENTARIUS.

3373 390 3478 447 926

153 491 504 569 qumrebat.
531 493 792 569 Denique
822 495 1039 569 respuit
1074 494 1147 547 fel
1169 496 1325 559 quod
1348 495 1427 547 illi
1451 494 1785 569 obtulerunt
1807 496 1862 569 Α
1884 497 1983 546 tua
2024 495 2101 569 ibi
2141 496 2231 560 sit,
2274 501 2339 548 ut
2363 497 2633 569 quoniam
2660 499 2781 563 jam
2806 499 3032 553 tenetur
3059 512 3268 566 corpus
3293 506 3477 563 tuum,
3557 535 3560 539 ε

153 561 379 627 (Ibid)
406 562 592 626 Elegit
616 563 801 628 magis
831 566 1109 630 jejunare,
1144 579 1317 630 quam
1342 564 1783 618 amaritudinem

152 634 463 699 accipere.
507 638 635 687 Non
679 637 833 688 enim
879 637 939 688 in
981 651 1188 702 corpus
1216 639 1435 690 intrant
1469 638 1785 690 amarican-

154 709 286 758 tes.
315 707 388 757 Et
412 706 472 758 in
493 706 603 759 hoc
622 709 844 771 jejunio
874 711 1092 774 operui,
1123 709 1296 773 idest,
1327 710 1620 762 humiliavi
1654 710 1782 761 ani-

152 788 343 829 mam
382 791 589 831 meam.
629 780 939 832 Humilitas
968 786 1086 832 erat
1110 781 1318 833 Christi
1345 783 1779 845 operimentum.

156 851 331 900 Nam
361 850 497 913 quia
514 850 945 915 humiliabatur,
970 866 1087 904 non
1111 855 1553 917 agnoscebatur.
1582 856 1649 905 Et
1672 854 1783 905 hoc

152 920 381 985 ipsum
404 921 612 984 factum
636 929 708 972 est
730 924 1081 988 opprobrium
1104 924 1199 976 illi.
1228 928 1448 986 Quanto
1472 925 1625 977 enim
1661 929 1783 977 erat

153 990 474 1055 humilior,
493 998 653 1045 tanto
677 995 826 1058 apud
856 997 1127 1059 reprobos
1153 996 1470 1060 despectior
1487 1000 1778 1046 habebatur.

234 1061 331 1117 12.
378 1064 445 1112 Et
475 1066 633 1128 posui
655 1068 1024 1115 vestimentum
1045 1082 1225 1115 meum
1249 1068 1503 1117 cilicium.
1529 1068 1781 1132 Opposui

155 1132 289 1206 illis
315 1135 380 1186 in
406 1149 521 1201 qua
544 1139 813 1191 smvirent
837 1151 1065 1195 carnem
1081 1152 1291 1191 meam.
1309 1136 1484 1206 346
1505 1142 1781 1200 (Occultavi

158 1204 539 1259 divinitatem
580 1222 788 1261 meam.
837 1209 1028 1261 ClllCiO
1074 1204 1783 1275 peccatores’pmnitentes

159 1278 640 1342 vestiuntur.)Et
656 1281 1083 1344 quodammodo
1096 1282 1246 1334 facta
1261 1288 1351 1333 est
1368 1283 1781 1333 vestimentum

161 1349 422 1413 peccati,
451 1351 586 1414 quia
607 1351 678 1403 de
690 1357 922 1416 peccato
939 1352 1069 1403 dam
1078 1353 1235 1404 navit.
1248 1357 1544 1415 peccatum
1556 1353 1617 1404 in
1634 1368 1781 1403 carne

161 1418 356 1482 (Rom.
404 1418 494 1484 8.).
548 1424 673 1473 Non
709 1423 864 1486 quod
888 1435 1019 1475 caro
1049 1423 1257 1475 Christi
1282 1425 1570 1488 peccatrix
1595 1425 1777 1486 fuerit,

170 1489 288 1542 sed
316 1491 456 1553 quia
479 1492 913 1546 similitudinem
932 1494 1120 1546 carnis
1138 1496 1354 1558 peccati
1376 1496 1595 1548 habuit.
1614 1496 1681 1545 Et
1704 1509 1781 1547 ex

167 1559 291 1611 hoc
342 1563 517 1614 etiam
557 1564 731 1626 factus
753 1581 873 1613 sum
912 1566 1018 1614 illis
1057 1566 1115 1615 in
1148 1566 1480 1630 parabolam.
1509 1566 1782 1618 Parabola

171 1633 292 1696 (Eae
309 1635 560 1700 August.)
582 1637 787 1688 dicitur
810 1650 943 1701 quae
967 1638 1135 1689 datur
1160 1639 1470 1690 similitudo
1484 1639 1554 1690 de
1569 1639 1777 1702 aliquo,

168 1705 419 1765 quando
440 1706 520 1758 illi
547 1709 921 1760 maledicitur.
942 1709 1029 1760 Sic
1052 1708 1144 1760 ille
1162 1710 1335 1772 (verbi
1351 1710 1548 1773 gratia)
1566 1713 1776 1774 pereat,

1882 578 1999 617 non
2022 567 2285 619 teneatur
2304 568 2496 621 anima
2519 574 2635 622 tua.
2672 570 2835 622 Unde
2866 570 3057 623 adhuc
3080 573 3348 625 subditur
3375 591 3387 627 :

1946 637 2029 692 16.
2061 638 2187 688 Non
2231 653 2313 687 me
2338 640 2605 705 demergat
2656 646 2932 706 tempestas
2969 659 3141 707 aquae.
3197 647 3482 699 Demersit

1884 708 1989 772 (Ea:
2011 710 2144 772 eod.)
2174 712 2493 763 secundum
2516 725 2762 764 carnem.
2798 717 2922 765 Non
2947 714 3246 779 demergat
3272 730 3483 769 secun-

1882 781 2021 831 dum
2049 782 2319 833 animam.
2338 782 2521 846 Neque
2543 784 2813 833 absorbeat
2828 800 2911 834 me
2930 787 3294 851 profundum,
3308 789 3481 851 idest,

1881 863 2069 913 neque
2091 851 2340 904 involvat
2360 867 2453 905 me
2478 855 2767 918 iniquitas.
2784 857 2965 919 Neque
2988 863 3179 920 urgeat
3206 873 3367 922 super
3395 875 3479 909 me

1878 928 2069 985 puteus
2080 937 2135 971 os
2159 938 2340 973 suum.
2367 925 2527 975 Tunc
2544 926 2697 976 enim
2724 940 2895 989 super
2917 928 3209 978 hominem
3223 932 3478 981 coarctat

1884 997 2174 1057 puteuslos
2189 1010 2379 1060 suum,
2398 996 2563 1060 idest,
2580 998 2939 1061 profunditas
2952 1001 3257 1062 iniquitatis,
3276 1004 3479 1061 quando

1881 1078 1997 1116 non
2021 1066 2206 1117 solum
2222 1069 2512 1118 mersusin
2529 1071 2779 1132 peccatis
2787 1071 2959 1133 jacet,
2985 1070 3085 1121 sed
3107 1071 3281 1122 etiam
3295 1071 3482 1135 perdit

1881 1136 2101 1189 aditum
2125 1138 2520 1191 confessionis.
2554 1140 2715 1192 Unde
2752 1141 3028 1205 scriptum
3054 1144 3179 1194 est:
3208 1143 3475 1194 Peccator

1883 1220 2013 1259 cum
2051 1208 2112 1259 in
2150 1210 2499 1273 profundum
2541 1211 2761 1263 venerit
2799 1211 3102 1274 malorum,
3163 1213 3482 1265 contemnit

1883 1280 2057 1340 (Prov.
2106 1280 2230 1343 18.).
2280 1282 2519 1344 Quando
2568 1287 2762 1334 autem
2807 1283 2944 1334 dicit
2985 1283 3175 1346 homo,
3212 1287 3480 1336 Peccator

1883 1363 2013 1401 sum
2041 1352 2328 1403 :radiatur
2342 1353 2535 1417 aliquo
2559 1353 2776 1405 lumine
2799 1355 2970 1406 etiam
2995 1355 3362 1419 profunditas
3386 1369 3481 1420 pu-

1884 1421 1975 1471 tei.
2023 1422 2240 1474 Deinde
2271 1424 2429 1487 ponit
2458 1436 2727 1476 caussam
2765 1438 2942 1489 quare
2965 1425 3175 1478 debeat
3197 1425 3474 1489 exaudiri,

1882 1504 2012 1543 cum
2040 1494 2342 1558 subjungit
2371 1509 2384 1545 :

1944 1562 2030 1617 17.
2064 1564 2291 1613 Eacaudi
2314 1580 2415 1629 me,
2439 1566 2594 1626 Deus,
2623 1567 2885 1631 quoniam
2912 1567 3148 1631 benigna
3172 1573 3241 1617 est
3263 1568 3479 1617 miseri-

1879 1635 2064 1683 cordia
2089 1641 2199 1685 tua.
2234 1638 2313 1687 Ea
2337 1650 2469 1701 quae
2504 1638 2605 1689 tibi
2626 1638 2961 1690 naturaliter
2981 1639 3136 1690 inest
3155 1639 3478 1690 misericor-

1882 1706 1992 1776 dia,
2015 1707 2427 1761 beuevolentiae
2450 1711 2507 1761 et
2528 1711 2728 1774 gratiae
2751 1711 2919 1776 plena
2945 1715 3049 1761 est.
3069 1712 3184 1761 Nec
3198 1713 3474 1759 secundum

163 1777 469 1839 quomodo
493 1777 603 1830 ille.
630 1780 768 1831 Haec
813 1785 903 1833 est
924 1780 1207 1844 parabola,
1234 1780 1400 1843 idest,
1433 1782 1780 1846 comparatio
1881 1775 2036 1827 illam
2062 1782 2292 1830 tantum
2315 1782 2543 1845 postulo
2567 1775 2845 1845 exaudiri,
2869 1782 2967 1832 sed
2994 1781 3167 1832 etiam
3183 1781 3478 1829 secundum

164 1852 231 1899 et
259 1847 579 1900 similitudo
604 1852 921 1902 maledibti:

233 1917 326 1972 13.
362 1920 660 1970 Adversum
679 1936 760 1971 me
772 1922 1233 1986 toquebanturqui
1250 1922 1494 1972 sedebant
1516 1923 1576 1972 in
1595 1929 1774 1987 porta.

167 1990 299 2040 Hoc
335 1995 427 2042 est
446 1992 506 2042 in
527 1992 772 2056 publico.
798 1994 904 2045 Ubi
927 1994 1204 2056 otiositas,
1232 1994 1656 2058 ibiloquacitas.
1675 1996 1777 2046 Pu-

1881 1848 2285 1899 muititudinem
2311 1852 2726 1903 miscrationum
2750 1859 2992 1916 tuarum,
3013 1864 3187 1915 quam
3203 1852 3480 1900 exhibuisli

1881 1921 2141 1981 patribus
2165 1922 2419 1986 antiquis
2439 1941 2448 1971 :
2468 1924 2747 1976 sicutNoe
2772 1926 2829 1974 in
2860 1923 3097 1984 diluvio,
3114 1923 3264 1973 sicut
3284 1920 3477 1972 Danieli

1880 1991 1939 2041 in
1963 1991 2109 2053 lacu,
2137 1997 2193 2044 et
2214 1992 2340 2044 aliis
2363 1993 2587 2046 multis:
2609 2000 2837 2060 propter
2847 1994 3299 2046 misericordiam
3318 1996 3476 2044 tuam

165 2059 321 2112 blice
346 2060 418 2113 de
443 2063 948 2128 meloquebantur.
964 2065 1193 2116 Publice
1212 2065 1782 2117 adversabantur.Co-
1880 2066 1938 2113 et
1982 2063 2378 2116 miserationes
2416 2069 2547 2118 tuas
2581 2059 2792 2117 exaudi
2815 2079 2907 2117 me
2934 2080 2946 2116 :
2983 2070 3041 2117 et
3061 2065 3257 2129 respice
3289 2065 3352 2113 in
3374 2078 3474 2115 me.

175 2144 309 2202 ram
355 2135 628 2186 omnibus
661 2136 1050 2198 diffamabant,
1078 2137 1144 2185 Et
1169 2137 1229 2185 in
1253 2152 1336 2185 me
1359 2138 1653 2201 psallebant
1684 2139 1780 2202 qui
1880 2134 2131 2196 Quarum
2160 2148 2274 2187 una
2297 2142 2385 2187 est
2409 2138 2744 2189 naturaliter
2761 2138 2822 2189 in
2848 2142 2918 2201 te,
2953 2135 3081 2189 alia:
3103 2137 3162 2188 in
3174 2134 3479 2188 beneﬂcio-

173 2200 425 2252 bibebant
439 2206 649 2257 vinum.
674 2207 858 2258 Etiam
872 2207 982 2270 ipsi
1000 2212 1321 2271 peccatores
1334 2200 1669 2260 deridebant
1680 2200 1775 2259 se.

174 2274 449 2339 Attende,
467 2288 500 2327 ο
522 2276 864 2340 homo,quid
889 2291 987 2342 pro
1016 2280 1067 2329 te
1092 2279 1367 2330 sustinuit
1389 2280 1779 2331 Deus.Attende

169 2343 234 2395 in
263 2345 453 2410 capite
486 2352 586 2400 tuo
610 2348 870 2412 regulam
894 2350 1232 2414 disciplinae,
1257 2350 1500 2402 formam
1526 2352 1773 2403 virtutis.

167 2415 393 2468 Discite
437 2418 657 2482 (inquit)
702 2432 736 2471 a
769 2433 878 2482 me,
925 2422 1060 2484 quia
1098 2421 1256 2471 mitis
1294 2434 1423 2472 sum
1461 2428 1519 2474 et
1540 2422 1777 2475 humilis

168 2486 367 2557 corde,
389 2493 445 2541 et
460 2490 761 2543 invenietis
773 2491 1032 2554 requiem
1049 2492 1356 2543 animabus
1373 2497 1547 2542 vestris
1566 2496 1775 2557 (Matth.

169 2556 303 2618 11.).
353 2561 510 2613 Inter
543 2565 625 2613 tot
663 2562 932 2614 scandala
964 2568 1023 2614 et
1060 2564 1378 2628 opprobria,
1411 2556 1775 2617 intertantas

169 2632 602 2702 persecutiones
627 2639 683 2685 et
706 2634 1121 2695 tribulationes,
1150 2635 1289 2698 quid
1315 2640 1378 2686 tu
1402 2637 1635 2702 agebas,
1671 2638 1775 2689 mi-

170 2700 401 2754 tissime
421 2705 453 2755 ,Ι
458 2718 563 2756 esu
577 2708 605 2756 ?

236 2771 323 2827 14.
349 2774 463 2837 Ego
503 2792 623 2825 vero
657 2778 957 2826 orationem
994 2792 1175 2827 meam
1209 2779 1283 2828 ad
1305 2783 1367 2839 te,
1390 2780 1544 2829 Deus.
1573 2777 1657 2831 Illi
1675 2779 1774 2832 de-

169 2843 455 2905 ridebant,
504 2847 597 2899 ille
633 2850 834 2900 orabat
858 2849 1001 2913 (Luc.
1027 2848 1154 2912 23.).
1179 2850 1264 2901 Illi
1287 2850 1661 2913 infestabant,
1680 2850 1772 2903 ille

171 2917 421 2969 amabat.
447 2920 573 2971 Non
593 2920 898 2972 reddentes
926 2921 1147 2985 (inquit)
1158 2921 1372 2972 malum
1388 2935 1487 2985 pro
1502 2923 1672 2985 malo,
1690 2924 1771 2970 vel

171 2987 544 3041 maledictum
573 3004 673 3056 pro
697 2992 999 3044 maledicto
1025 3006 1037 3042 :
1076 2993 1176 3043 sed
1202 2994 1518 3045 econtrario
1543 2994 1773 3045 benedi-

171 3063 372 3111 centes
421 3062 592 3123 (Rom.
627 3061 731 3125 12;
770 3062 820 3117 1.
863 3063 1032 3114 Thess.
1059 3062 1149 3127 5.).
1176 3065 1316 3116 Haec
1340 3069 1429 3116 est
1454 3064 1605 3115 enim
1635 3078 1766 3129 per-

194 3130 342 3182 ectio
384 3133 654 3197 caritatis,
692 3134 924 3199 diligere
946 3135 1228 3199 inimicos,
1254 3142 1312 3188 et
1336 3149 1497 3189 orare
1528 3149 1627 3199 pro
1654 3136 1766 3187 illis

169 3202 383 3262 (Matth.
421 3202 512 3267 5.).
557 3207 790 3267 Quando
827 3206 1206 3267 malediceris,
1242 3213 1299 3259 et
1323 3208 1459 3272 quid
1481 3220 1620 3272 agas
1650 3221 1765 3259 non

171 3272 628 3337 habeszquando
658 3277 757 3329 tibi
778 3279 1070 3341 jactantur
1085 3280 1766 3343 opprobria,etcorrigere

171 3357 290 3396 non
313 3346 508 3397 vales:
533 3348 674 3399 nihil
699 3349 798 3400 tibi
822 3353 1018 3413 restat,
1048 3351 1159 3402 nisi
1185 3356 1245 3401 ut
1275 3363 1419 3402 ores.
1438 3352 1767 3415 Haacjusto-

172 3428 301 3467 rum
345 3428 504 3469 arma
535 3424 692 3484 sunt,
716 3424 780 3471 ut
815 3421 1030 3473 orando
1062 3422 1311 3473 vincant.
1349 3424 1418 3473 Et
1454 3423 1587 3485 quia
1610 3436 1767 3474 nunc

172 3491 399 3551 tempus
423 3494 512 3541 est
540 3492 737 3542 orandi
770 3497 825 3543 et
849 3492 1111 3555 placandi
1129 3495 1314 3544 Deum
1335 3493 1613 3556 (Eccte.3.),
1638 3494 1766 3547 ideo

175 3559 369 3611 subdit
394 3580 405 3608 :
467 3561 689 3626 Tempus
716 3563 1029 3627 beneplaciti
1054 3565 1210 3615 Deus.
1235 3566 1394 3629 Ecce,
1420 3565 1605 3628 inquit
1629 3566 1765 3617 Pro-

173 3629 345 3694 pheta
366 3644 523 3683 nuno
554 3636 784 3697 tempus
797 3637 1145 3698 acceptabile
1173 3649 1331 3687 :ecce
1354 3648 1512 3687 nunc
1535 3637 1657 3688 dies
1675 3650 1767 3688 sa-

174 3701 309 3753 lutis
351 3702 496 3764 (Isai.
536 3704 631 3768 49;
670 3704 720 3759 ἓ.
765 3707 886 3757 Cor.
924 3706 1025 3769 6.).
1060 3708 1231 3758 Venit
1271 3708 1425 3758 enim
1470 3708 1766 3772 plenitudo

173 3773 459 3844 temporis,
484 3774 543 3826 in
561 3788 673 3838 quo
700 3777 854 3828 misit
874 3779 1029 3828 Deus
1053 3778 1259 3829 Filium
1290 3790 1463 3830 suum
1487 3778 1548 3829 in
1582 3779 1765 3844 terris,

175 3842 236 3894 in
253 3856 362 3906 quo
386 3844 809 3910 beneplacitum
830 3853 919 3900 est
940 3851 1056 3900 Deo
1082 3849 1279 3910 (Galat.
1294 3849 1382 3910 4.),
1399 3854 1455 3900 et
1478 3863 1577 3912 per
1592 3842 1766 3913 quem

176 3918 411 3981 gratiam
438 3931 605 3971 suam
628 3921 823 3985 generi
844 3921 1007 3972 dedit
1020 3921 1292 3971 humano.
1321 3921 1481 3972 Unde
1505 3927 1561 3972 et
1584 3922 1721 3973 dicit
1744 3933 1756 3976 :

176 3990 233 4038 in
254 3991 598 4040 multitudine
620 3993 1004 4042 misericordiae
1028 3998 1128 4042 tua:
1144 3992 1348 4041 exaudi
1372 4007 1452 4041 me
1475 3993 1536 4041 in
1550 3996 1764 4044 veritate

176 4061 362 4111 salutis
379 4067 494 4119 tua.
523 4065 665 4114 Nam
691 4064 742 4114 si
771 4077 887 4115 non
910 4067 1065 4116 esset
1102 4061 1412 4115 multitudo
1451 4064 1767 4117 misericor-

179 4133 288 4185 ἀίω
311 4138 443 4198 tuae,
471 4134 603 4197 quid
631 4136 738 4186 nos
763 4136 1080 4188 faceremus
1093 4135 1163 4187 de
1177 4134 1545 4186 multitudine
1560 4137 1763 4200 iniqui-

181 4204 309 4256 tatis
338 4209 586 4258 nostraa‘?
610 4209 756 4271 Ergo
787 4207 922 4270 quia
945 4207 1127 4259 direxi
1144 4208 1457 4258 orationem
1478 4219 1666 4259 meam
1691 4209 1760 4260 ad

181 4280 252 4339 te,
295 4277 487 4327 Deus:
521 4278 656 4339 quia
700 4283 928 4342 tempus
973 4277 1297 4342 complendi
1342 4279 1761 4341 beneplacitum

183 4350 357 4411 tuum,
392 4361 491 4412 per
523 4361 617 4400 me
649 4349 851 4401 redimi
896 4350 1207 4412 hominem,
1247 4361 1421 4412 quem
1452 4349 1709 4401 formasti
1744 4365 1756 4401 ε

179 4419 516 4483 propterhoc
540 4420 751 4472 exaudi
771 4433 878 4484 me,
904 4421 1323 4472 noninmeritis
1334 4420 1652 4475 hominum.
1678 4424 1762 4471 sed

178 4489 238 4539 in
260 4490 621 4543 multitudine
642 4492 1050 4545 misericordiae
1069 4496 1203 4557 tum,
1221 4496 1278 4544 et
1299 4490 1470 4543 etiam
1484 4491 1542 4542 in
1567 4507 1642 4541 νει
1656 4496 1772 4543 itate

1790 3224 1838 3298 C

1878 2218 2008 2256 rum
2043 2206 2415 2259 exhibitione.
2442 2208 2701 2271 Respice,
2728 2208 2987 2271 inquam,

1942 2274 2026 2329 18.
2053 2277 2118 2325 Et
2148 2292 2214 2325 ne
2237 2283 2463 2341 avertas,
2490 2282 2788 2340 tamquam
2811 2278 3013 2337 iratus,
3043 2276 3239 2340 faciem
3264 2280 3417 2325 tuam
3440 2292 3476 2326 a

1874 2361 2041 2410 puero
2080 2353 2187 2410 tuo,
2228 2348 2394 2411 idest,
2420 2362 2453 2399 a
2486 2361 2659 2413 parvo
2684 2353 2801 2400 tuo.
2838 2349 2928 2400 Ad
2952 2346 3473 2399 commendandum

1876 2416 1984 2467 hoc
2008 2417 2161 2468 dicit.
2191 2417 2413 2470 Talium
2431 2426 2523 2470 est
2545 2420 2699 2470 enim
2722 2422 2945 2471 amator
2968 2420 3140 2470 Deus.
3170 2418 3344 2469 Sinite
3367 2418 3475 2477 (in-

1876 2489 2016 2551 quit)
2044 2489 2310 2552 parvulos
2332 2490 2524 2541 venire
2544 2490 2616 2541 ad
2640 2503 2749 2554 me,
2774 2490 2873 2554 qui
2898 2490 3100 2547 talium
3121 2492 3213 2540 est
3230 2500 3474 2552 regnum

1875 2558 2145 2611 caelorum
2172 2561 2355 2624 (Marc.
2383 2561 2506 2625 10.).
2537 2562 2818 2613 Dominus
2844 2565 3038 2613 noster
3060 2560 3248 2612 dictus
3260 2568 3333 2608 est
3349 2574 3475 2620 puer

1874 2642 1908 2681 a
1941 2631 2204 2694 puritate,
2221 2644 2256 2683 a
2280 2632 2659 2696 simplicitate,
2678 2634 2750 2684 ab
2774 2632 3119 2685 innocentia.
3139 2631 3303 2683 Tales
3322 2633 3471 2679 etiam

1874 2701 2001 2754 vult
2021 2716 2126 2753 nos
2152 2716 2302 2755 esse.
2333 2704 2497 2756 Unde
2527 2710 2583 2756 et
2610 2702 2775 2756 dicit:
2806 2704 2927 2755 Nisi
2953 2702 3212 2755 conversi
3235 2701 3470 2762 fueritis,

1872 2779 1930 2825 et
1959 2774 2287 2826 efﬂciamini
2312 2775 2463 2827 sicut
2494 2775 2765 2839 parvulus
2790 2776 2918 2840 iste,
2943 2789 3059 2827 non
3083 2774 3374 2827 intrabitis
3412 2773 3474 2825 in

1870 2857 2113 2909 regnum
2150 2847 2423 2899 caelorum
2452 2848 2660 2911 (Matth.
2687 2846 2812 2909 18.).
2837 2846 3003 2898 Ponit
3026 2851 3082 2898 et
3105 2846 3275 2898 aliam
3307 2857 3471 2897 caus-

1870 2927 2015 2979 sam,
2043 2916 2242 2969 dicens
2267 2940 2280 2969 :
2302 2919 2567 2982 quoniam
2591 2918 2835 2980 tributor,
2862 2918 3102 2967 velociter
3129 2918 3329 2967 exaudi
3363 2932 3468 2969 me.

1869 2988 2091 3038 Moveat
2115 2993 2168 3038 te
2202 2988 2595 3040 misericordia
2627 2995 2728 3040 tua
2759 3004 2771 3039 :
2799 2990 3027 3041 moveat
3054 2988 3288 3039 miseria
3312 2999 3462 3038 mea.

1865 3058 2049 3107 Instat
2080 3058 2385 3110 tribulatio.
2412 3061 2645 3122 Propter
2668 3060 2773 3110 hoc
2798 3072 2944 3124 opus
2968 3064 3077 3121 est,
3102 3063 3167 3110 ut
3187 3058 3353 3111 velox
3377 3069 3466 3110 ve-

1866 3130 1988 3181 niat
2010 3134 2109 3181 tua
2132 3131 2464 3183 consolatio.
2488 3131 2879 3195 Vetociterergo
2895 3131 3099 3180 exaudi
3120 3146 3219 3182 me.
3252 3132 3463 3187 Quando

1867 3202 2148 3253 Dominus
2174 3203 2448 3266 permittit
2471 3204 2569 3253 aut
2588 3202 2720 3254 facit
2739 3206 2803 3254 ut
2819 3203 2878 3254 in
2894 3202 3258 3253 tribulatione
3271 3201 3465 3263 aliqua

1868 3272 2071 3337 simus,
2096 3275 2269 3325 etiam
2294 3278 2433 3325 tunc
2448 3275 2772 3325 misericors
2789 3275 2894 3324 est.
2921 3274 3048 3324 Non
3060 3272 3216 3324 enim
3226 3272 3463 3324 alimen-

1867 3350 1990 3395 tum
2017 3345 2322 3407 subtrahit,
2350 3345 2450 3397 sed
2476 3345 2825 3396 desiderium
2850 3350 3056 3395 movet.
3076 3346 3204 3395 Jam
3221 3356 3355 3408 ergo
3373 3342 3463 3395 ul-

1866 3420 1953 3467 tra
1978 3431 2094 3467 non
2127 3420 2215 3468 est
2249 3418 2403 3480 quod
2428 3417 2673 3469 (litteras.
2710 3416 2978 3468 Pervenit
3018 3414 3307 3466 tribulatio
3335 3426 3467 3466 mea

1865 3488 1937 3540 ad
1962 3501 2293 3540 mensuram
2306 3494 2519 3541 certam
2540 3489 2896 3541 calamitatis.
2917 3487 3124 3539 Veniat
3152 3485 3468 3538 misericor-

1866 3560 1957 3611 dia
1983 3565 2084 3611 tua
2108 3560 2180 3611 ad
2205 3560 2525 3611 faciendum
2557 3573 2702 3624 opus
2726 3559 3016 3612 bonitatis.
3044 3559 3175 3610 Dixi
3198 3571 3273 3610 ne
3296 3569 3465 3610 aver-

1868 3637 1955 3683 tas
1980 3632 2182 3683 faciem
2207 3636 2388 3696 tuam,
2415 3630 2518 3683 sed
2550 3632 2761 3698 potius.

1928 3702 2012 3758 19.
2048 3704 2266 3752 Intende
2288 3705 2487 3753 auium
2520 3720 2644 3753 meae
2677 3709 2722 3752 et
2748 3703 2913 3753 libera
2930 3716 3068 3765 eam,
3103 3701 3273 3765 idest,
3307 3700 3466 3752 intus

1865 3773 2162 3838 diligenter
2184 3775 2423 3839 inspice,
2438 3788 2569 3838 quas
2582 3775 2656 3826 sit
2672 3776 2735 3825 in
2750 3775 2945 3825 anima
2965 3785 3095 3825 mea
3107 3774 3289 3825 virtus
3299 3785 3466 3824 man-

1867 3844 2209 3904 suetudinis,
2236 3857 2368 3908 quaa
2392 3846 2610 3910 peritas
2634 3845 2973 3897 intentionis
2996 3864 3010 3896 :
3039 3848 3104 3895 ut
3127 3844 3236 3894 hoc
3261 3844 3335 3894 sit
3354 3856 3468 3894 me-

1866 3916 2055 3987 ritum,
2071 3926 2218 3966 mete
2242 3915 2614 3967 liberationis.
2633 3918 2705 3966 Et
2726 3928 2845 3966 non
2870 3919 3098 3979 propter
3109 3927 3202 3965 me
3210 3918 3463 3987 tantum,

1864 3986 1965 4037 sed
1989 3986 2160 4037 etiam
2204 3992 2422 4051 propter
2448 3987 2704 4035 inimicos
2747 4000 2889 4034 meos
2914 3991 3057 4049 ertpe
3082 3999 3181 4035 me.
3209 3985 3353 4035 Nam
3379 3985 3472 4035 in-

1863 4057 2104 4121 dignum
2137 4057 2300 4108 valde
2332 4062 2502 4119 esset,
2532 4057 2580 4108 si
2617 4061 2914 4119 tamquam
2945 4056 3190 4107 victores
3228 4054 3299 4106 de
3337 4067 3468 4107 mea

1863 4128 2182 4192 gauderent
2212 4129 2499 4192 passione.
2527 4126 2632 4179 Vel
2656 4132 2886 4191 propter
2908 4125 3272 4177 inimicorum
3304 4137 3469 4176 meo-

1868 4212 1998 4251 rum
2023 4199 2268 4251 salutem
2293 4201 2445 4264 eripe
2468 4212 2580 4262 me,
2605 4204 2672 4251 ut
2694 4212 2827 4250 cum
2852 4210 3041 4250 meam
3064 4196 3467 4249 viderintlibe—

1868 4272 2148 4323 rationem
2177 4277 2236 4323 et
2256 4271 2748 4335 gloriﬁcationem,
2764 4272 3169 4322 convertantur
3189 4269 3261 4319 ab
3279 4279 3467 4320 errore

1867 4348 1924 4394 et
1954 4343 2263 4395 salventur.
2283 4346 2353 4396 Et
2370 4344 2546 4397 debes
2572 4344 2787 4409 eripere
2807 4361 2817 4392 :
2834 4347 2895 4395 tu
2907 4342 3061 4394 enim
3079 4341 3234 4393 nosti
3249 4343 3468 4404 quanta

1864 4427 1965 4479 pro
1992 4420 2091 4467 tuo
2115 4428 2310 4467 amore
2336 4416 2608 4467 sustinui.

1930 4484 2015 4540 20.
2050 4486 2126 4535 Tu
2144 4488 2246 4535 scis
2271 4488 2665 4550 improperium
2686 4499 2881 4545 meum,
2897 4483 3065 4544 idest,
3090 4494 3265 4546 quam
3282 4479 3471 4546 turpia

184 4558 380 4613 salutis
430 4566 551 4614 tum
583 4576 595 4613 :
640 4567 705 4614 ut
734 4576 835 4628 per
862 4563 972 4615 hoc
1006 4554 1199 4615 verax
1225 4574 1522 4626 appareas,
1553 4563 1771 4616 scilicet
1867 4557 2040 4608 verba
2062 4557 2205 4608 mihi
2228 4557 2559 4609 intulerunt.
2596 4557 2665 4606 Et
2687 4554 3057 4628 confusionem
3080 4564 3468 4628 meam,guam

183 4631 362 4686 dando
388 4633 633 4686 salutem
647 4625 821 4699 quam
839 4635 1171 4700 promisisti.
1188 4625 1318 4686 Duo
1331 4633 1424 4685 hic
1441 4637 1601 4694 posita
1624 4643 1759 4687 sunt.
1794 4647 1850 4720 D
1873 4628 2011 4709 mihi
2046 4627 2496 4720 imputaverunt.
2522 4628 2611 4720 ‘Et
2652 4625 3468 4720 reverentiapi‘nm‘eﬁﬂ.:ngpa‘m

183 4704 403 4767 veritas,
430 4710 489 4757 et
511 4706 901 4759 misericordia
926 4722 938 4758 :
964 4709 1025 4759 in
1059 4708 1270 4770 quibus
1300 4718 1362 4756 se
1385 4707 1636 4769 postulat
1660 4719 1763 4758 ex-

1870 4698 2254 4764 ignominiose
2281 4712 2375 4751 me
2397 4702 2810 4752 tractaverunt.
2842 4699 2926 4750 De
2949 4696 3077 4748 falsi
3100 4695 3356 4748 criminis
3368 4695 3470 4745 ob-

182 4766 458 4829 audiriiin
491 4778 702 4842 quibus
727 4784 863 4831 sunt
889 4766 1520 4831 etiam-universmviae
1542 4778 1771 4843 Domini
1864 4771 2113 4835 iectiODO
2148 4773 2503 4833 embescel‘e,
2532 4784 2653 4824 110D
2685 4773 2774 4824 est
2797 4770 3032 4843 crimen;
3069 4770 3188 4821 Αυῒι
3218 4767 3338 4843 eisi
3360 4766 3468 4843 αἱ·
3524 4836 3532 4843 ,

186 4846 340 4910 (Psal.
373 4838 932 4915 24_.).'1t_fisericordia,
957 4849 1297 4915 dimittendo
1321 4838 1770 4915 peccatai_Veri-
1868 4855 2002 4893 men
2020 4847 2237 4915 estnon
2248 4849 2340 4895 est
2354 4845 2507 4895 illius
2524 4844 2617 4896 cui
2633 4842 3031 4915 objiciturised
3048 4840 3469 4915 tamenintirini-

186 4914 287 4967 tas,
317 4911 608 4963 reddendo
642 4910 941 4977 promissa.
982 4914 1089 4966 Sed
1131 4915 1252 4977 jam
1276 4910 1341 4964 in
1370 4923 1484 4975 quo
1508 4910 1646 4964 velit
1668 4925 1770 4965 ex-
1872 4918 1959 4966 tas
1982 4914 2223 4966 humani
2247 4917 2425 4967 animi
2452 4917 2789 4981 plerumque
2821 4913 2997 4981 348
3046 4910 3468 4966 verecundatur

183 4981 372 5036 audiri.
399 4984 703 5038 audiamus
727 5004 737 5033 :

244 5050 493 5118 15.Eripe
516 5069 598 5104 me
614 5055 677 5105 de
693 5055 823 5113 luto,
854 5060 912 5103 ut
934 5070 1047 5104 non
1068 5055 1293 5120 inﬁgar,
1318 5056 1467 5107 Hinc
1492 5068 1555 5107 se
1579 5059 1772 5120 postu-

185 5122 261 5175 lat
282 5124 657 5189 liberandum,
684 5126 782 5176 ubi
808 5139 870 5178 se
903 5131 1038 5178 ante
1063 5127 1210 5178 dixit
1234 5128 1498 5180 inﬁxum.
1527 5129 1597 5179 Et
1622 5139 1767 5191 quos

185 5206 279 5259 per
298 5194 481 5247 lutum
505 5197 765 5260 accipiat,
791 5197 1044 5261 exponit,
1071 5209 1205 5251 cum
1232 5198 1534 5263 subjungit
1553 5198 1769 5249 :Libera

184 5279 262 5313 me
290 5264 353 5315 ab
383 5267 467 5317 his
492 5268 588 5331 qui
616 5268 845 5318 oderunt
878 5284 979 5333 me,
1003 5274 1050 5317 et
1072 5269 1135 5318 de
1154 5270 1446 5332 profundis
1471 5285 1765 5335 aquarum.

185 5338 416 5403 Reprobi
448 5339 713 5392 homines
747 5345 805 5392 et
836 5339 1025 5392 lutum
1050 5344 1207 5405 sunt,
1233 5340 1373 5393 dum
1401 5345 1614 5393 terram
1639 5342 1766 5392 dili-

185 5414 321 5474 gunt
350 5427 360 5458 :
387 5414 446 5462 et
466 5411 817 5476 profundum
842 5424 1142 5476 aquarum,
1169 5413 1308 5464 dum
1331 5413 1391 5465 in
1406 5414 1676 5478 voragine
1690 5427 1769 5466 re-

187 5480 472 5533 solvuntur
483 5484 800 5536 carnalium
812 5483 1186 5549 voluptatum.
1202 5486 1348 5549 Ergo
1359 5485 1608 5538 hmserat
1619 5502 1673 5536 ca
1681 5502 1766 5535 rue

189 5552 284 5617 (Ea:
304 5554 645 5619 Augustino),
682 5555 783 5607 sed
809 5568 927 5607 non
951 5556 1201 5609 haeserat
1235 5557 1452 5621 spiritu.
1483 5558 1635 5609 Dicit
1657 5558 1766 5610 hoc

188 5636 253 5676 ex
271 5625 595 5678 infirmitate
607 5630 994 5680 membrorum
1009 5629 1506 5691 suorum.Quando
1524 5630 1665 5682 forte
1680 5644 1766 5682 ca-

188 5697 325 5761 peris
344 5699 417 5750 ab
440 5710 506 5751 eo
530 5701 631 5763 qui
670 5703 724 5752 te
759 5700 966 5765 premit
1009 5700 1082 5752 ad
1111 5701 1489 5765 iniquitatem,
1536 5706 1766 5754 tenetur

178 5768 401 5833 quidem
414 5784 622 5836 corpus
635 5773 824 5825 tuum:
843 5772 1163 5825 secundum
1176 5785 1403 5838 corpus,
1414 5774 1632 5825 infixus
1645 5790 1695 5823 es
1708 5776 1761 5823 in

190 5843 309 5895 limo
341 5842 623 5906 profundi.
661 5844 769 5895 Sed
798 5844 1074 5908 quamdiu
1099 5856 1215 5896 non
1240 5846 1549 5909 consentis,
1583 5843 1758 5913 347

190 5927 294 5969 non
310 5914 546 5969 haesisti.
575 5916 630 5968 Si
642 5920 835 5970 autem
847 5916 1160 5977 consentis,
1175 5915 1415 5970 haesisti.
1434 5918 1627 5970 Oratio
1643 5933 1762 5980 ergo

1868 4985 2057 5048 etiam,
2082 4998 2214 5037 cum
2231 4986 2441 5038 falsum
2460 4989 2551 5053 obj
2561 4989 2755 5039 icitur:
2776 4999 2891 5038 non
2908 4999 2943 5050 q
2954 4986 3044 5037 uia
3056 4986 3344 5047 objectum
3357 4984 3464 5042 est,

1869 5057 1969 5109 sed
1995 5058 2128 5122 quia
2152 5058 2450 5109 creditum.
2477 5059 2686 5111 Omnia
2707 5059 2832 5111 haec
2857 5061 2994 5108 sunt
3012 5056 3073 5107 in
3097 5065 3329 5119 corpore
3350 5053 3466 5103 Do-

1866 5128 2026 5180 mini.
2055 5130 2145 5180 Me
2168 5128 2334 5182 vides
2351 5129 2646 5191 afflictum,
2673 5133 2732 5181 et
2759 5142 2859 5181 eos
2883 5127 3056 5179 etiam
3082 5125 3178 5189 qui
3199 5123 3465 5187 affligunt

1865 5200 2040 5252 vides.

1928 5270 2013 5326 21.
2044 5273 2108 5322 In
2150 5277 2430 5336 conspectu
2462 5278 2552 5322 luo
2586 5276 2713 5321 sunt
2736 5284 2923 5320 omnes
2947 5268 3044 5333 qui
3075 5265 3459 5317 tribulantme.

1865 5342 1951 5395 Illi
1977 5343 2274 5397 tribulant:
2303 5356 2410 5406 ego
2427 5343 2680 5394 tribulor.
2696 5345 2850 5393 Inter
2866 5344 3177 5403 utrumque
3190 5344 3253 5389 tu
3264 5340 3463 5397 inspec-

1867 5419 1954 5468 tor
1977 5421 2034 5469 et
2057 5416 2279 5469 arbiter.
2306 5414 2554 5466 Attende
2568 5415 2628 5465 in
2644 5413 2756 5465 illis
2778 5413 3142 5478 injustitiam,
3166 5410 3225 5462 in
3247 5421 3358 5461 me-
3373 5409 3462 5459 in-

1865 5489 2221 5541 nocentiam:
2249 5493 2304 5539 et
2327 5486 2638 5550 unicuique
2666 5486 2837 5549 juxta
2858 5483 3065 5536 merita
3085 5494 3191 5533 sua
3208 5480 3460 5532 retribue

1865 5560 2073 5633 (Matth.
2108 5559 2231 5624 16.).
2250 5561 2320 5633 Et
2341 5572 2413 5609 ne
2430 5557 2719 5633 videretur
2745 5556 3001 5633 tribulari
3025 5560 3318 5633 tamquam
3343 5563 3463 5633 non

1863 5632 2143 5695 praescius
2164 5635 2223 5683 et
2244 5632 2496 5696 ignarus,
2511 5630 2783 5681 continuo
2802 5628 3011 5693 adjecit
3028 5640 3040 5674 :
3057 5627 3459 5690 Impropcrium

1862 5704 2178 5767 exspectavit
2205 5719 2295 5753 cor
2309 5717 2488 5753 meum
2517 5707 2562 5751 et
2584 5700 2883 5750 miseriam.
2907 5699 3010 5777 Ger
3040 5711 3218 5747 meum
3241 5708 3454 5777 exspec-

1863 5775 2011 5850 tavit,
2035 5774 2204 5837 idest,
2227 5774 2496 5850 voluntas
2524 5785 2655 5850 mea
2672 5771 2938 5850 prmvidit
2964 5767 3371 5850 improperium
3396 5767 3451 5850 in

1861 5844 2048 5910 dictis,
2074 5847 2366 5898 miseriam
2393 5846 2448 5898 in
2472 5846 2657 5898 factis.
2686 5845 2809 5896 Nisi
2830 5844 2986 5896 enim
3008 5842 3118 5895 hoc
3136 5839 3260 5905 ipse
3271 5840 3453 5899 praevi-

1861 5916 2042 5971 disset
2063 5922 2121 5971 et
2139 5918 2440 5980 voluisset,
2468 5931 2586 5973 non
2600 5917 2799 5982 utique
2812 5918 3164 5977 nasceretur,
3173 5922 3289 5964 non
3303 5914 3453 5975 pate-
