3884 6448
419 401 523 458 927

1479 401 1750 456 RUFINO
1782 402 2244 457 PRESBYTERO
2277 402 2666 456 ASCRIPTUS

3625 402 3751 458 928

416 520 595 593 retur,
620 528 740 593 non
760 520 1097 593 moreretur.
1118 515 1423 593 S_edcuju_s
1446 516 1739 593 miseriam
1754 516 2023 593 praevidit
2044 521 2099 593 Α
2117 518 2535 593 comprehendat
2558 534 2657 593 eos.
2697 519 2786 593 Ira
2804 515 3141 593 enunditur,
3166 514 3399 593 quando
3425 528 3605 581 supcr
3632 529 3748 569 eos

416 588 699 640 Dominus
714 591 742 639 ‘l
757 591 1017 653 Ipsorum
1037 588 1287 650 profecto
1306 588 1705 640 tribulantium
1722 591 1897 652 atque
1912 604 2024 639 cru-

417 659 790 723 ciﬂgentium.
818 662 882 710 In
905 659 1047 723 ipsis
1071 661 1324 724 miseria,
1359 660 1419 711 in
1453 661 1579 724 ipso
1611 660 2020 714 misericordia.

418 731 582 785 Unde
596 737 655 783 et
674 731 927 795 pendens
945 731 1004 781 in
1027 743 1216 794 cruce,
1242 731 1416 783 dixit:
1440 733 1623 795 Pater,
1643 733 1877 793 ignosce
1894 735 2020 796 illis,

418 804 556 866 quia
572 803 840 854 nesciunt
863 803 1000 865 quid
1028 802 1246 854 faciunt
1266 803 1409 863 (Luc.
1435 802 1564 866 23.).
1580 805 1844 855 Timeant
1868 808 2023 865 igitur

416 886 621 925 omnes
638 875 735 937 qui
750 873 890 925 alios
908 874 1200 937 tribulant,
1220 876 1492 938 quoniam
1509 875 1568 927 in
1586 880 1899 939 conspectu
1919 878 2022 928 Dei

416 950 572 996 sunt.
600 946 778 1008 Cujus
795 946 1109 997 vindictam
1132 946 1380 999 evadere
1397 960 1514 998 non
1539 953 1804 1011 possunt.
1824 950 1892 999 Et
1915 948 2022 1011 ipsi

414 1018 514 1080 qui
543 1018 697 1069 mala
725 1016 1017 1081 ingerunt,
1061 1024 1359 1070 remanent
1388 1020 1602 1072 miseri.
1639 1021 1781 1071 Nam
1806 1021 1905 1083 qui
1929 1033 2021 1084 pa-

414 1087 637 1139 tiuntur
666 1095 896 1154 propter
917 1090 1227 1156 justitiam,
1267 1091 1418 1143 beati
1455 1092 1663 1156 (Matth.
1692 1090 1781 1155 5.).
1815 1092 2023 1144 Dixisti

414 1160 599 1218 nobis,
619 1161 710 1224 pie
740 1161 998 1223 Domine,
1027 1162 1167 1225 quid
1194 1163 1471 1227 patereris
1509 1162 1648 1215 foris
1678 1177 1689 1211 :
1716 1164 2023 1216 manifesta

413 1231 583 1282 etiam
604 1231 742 1294 quid
765 1232 925 1283 intus
943 1234 1253 1285 anxietatis
1282 1234 1569 1286 habueris.
1593 1236 1659 1284 Et
1676 1235 1913 1283 sustinui
1933 1236 2023 1299 (in-

412 1301 561 1365 quit)
578 1302 675 1365 qui
689 1302 855 1351 simul
879 1304 1311 1368 contristaretur,
1333 1311 1378 1355 et
1399 1321 1511 1354 non
1540 1306 1649 1369 fuit
1676 1322 1688 1354 :
1717 1311 1761 1354 et
1786 1306 1883 1370 qui
1905 1321 2024 1355 con-

410 1372 677 1422 solaretur
699 1379 747 1422 et
771 1390 885 1423 non
915 1376 1119 1425 inveni.
1158 1377 1305 1438 Quid
1328 1382 1418 1429 est
1450 1376 1560 1428 hoc
1588 1379 1615 1427 ‘t
1640 1378 1843 1429 Nonne
1866 1379 2023 1440 Apo-

414 1443 635 1497 stolide
657 1446 883 1498 Domini
900 1452 1084 1499 morte
1103 1453 1242 1500 sunt
1266 1448 1630 1500 contristati?
1646 1450 1846 1499 Nonne
1869 1452 2023 1498 Maria

413 1514 487 1567 ad
504 1523 949 1570 monumentum
968 1518 1131 1571 sedet
1149 1524 1204 1570 et
1221 1519 1441 1584 plorat?
1457 1522 1657 1571 Nonne
1675 1519 1901 1571 duobus
1919 1523 2024 1570 Dis-

412 1586 615 1650 cipulis
652 1588 771 1649 ipse
812 1590 1094 1641 Dominus
1132 1591 1270 1642 dicit
1307 1591 1367 1642 in
1402 1592 1528 1642 via:
1558 1591 1703 1655 Quid
1739 1596 1829 1643 est
1868 1592 2023 1653 quod

412 1658 683 1710 confertis
721 1660 795 1711 ad
836 1661 1082 1713 invicem
1129 1662 1517 1722 ambulantes,
1556 1667 1612 1714 et
1648 1663 1791 1715 estis
1829 1664 2023 1715 tristes

414 1730 564 1794 (Luc,
588 1728 716 1794 24.).
742 1734 765 1778 ν
792 1731 902 1783 Sed
934 1734 1262 1785 contristati
1303 1739 1467 1785 erant
1500 1733 1572 1785 de
1600 1738 1783 1786 morte
1816 1735 2020 1786 carnis.

414 1800 582 1851 Solus
607 1815 743 1853 vero
765 1804 1052 1855 Dominus
1078 1806 1454 1856 contristatus
1480 1810 1570 1858 est
1592 1805 1663 1857 de
1691 1808 1873 1859 morte
1903 1806 2027 1858 ani-

414 1884 666 1967 mgafizn‘ex
682 1873 792 1967 hoc
804 1874 1098 1967 ‘vAidelicet,
1123 1877 1279 1967 quod
1301 1890 1512 1967 omnes
1522 1879 1940 1967 permanebant
1967 1879 2025 1962 in
2046 1894 2098 1967 B

412 1943 771 1997 infidelitate.
804 1947 939 1998 Ideo
957 1960 1075 1999 non
1092 1949 1189 2007 ait,
1209 1949 1315 2011 Qui
1332 1950 1791 2012 contristaretur,
1816 1954 1901 2000 sed
1928 1952 2023 2015 qui

413 2015 582 2089 simul
603 2016 826 2080 (inquit)
851 2020 1281 2085 contristaretur,
1302 2021 1575 2084 sustinui,
1601 2021 1767 2087 idest,
1783 2036 2024 2089 exspec-

414 2087 553 2151 tavi,
582 2093 641 2140 et
662 2100 781 2140 non
808 2089 929 2141 fuit.
960 2091 1123 2143 Multi
1145 2092 1298 2144 enim
1316 2095 1637 2146 contristati
1662 2101 1800 2147 sunt
1823 2087 2025 2149 carna-

414 2155 574 2209 liter:
603 2160 800 2210 nullus
818 2164 1012 2213 autem
1034 2163 1425 2226 spiritualiter,
1444 2166 1558 2215 nisi
1575 2166 1699 2229 ipse
1717 2166 1894 2219 solus.
1918 2172 2021 2218 Ma-

415 2241 531 2301 gna
552 2242 780 2294 quoque
805 2231 882 2284 illi
908 2238 1065 2286 esset
1098 2235 1435 2298 consolatio,
1474 2237 1523 2287 si
1548 2249 1697 2301 quos
1718 2238 1779 2289 in
1805 2252 1866 2291 se
1901 2252 2023 2291 cre-

417 2299 620 2352 dentes
655 2302 961 2354 inveniret.
1005 2305 1168 2367 Quod
1211 2307 1347 2369 quia
1392 2320 1512 2358 non
1561 2299 1804 2371 invenit,
1852 2312 2022 2374 quasi

417 2374 821 2447 conquerendo
838 2376 1187 2440 ingemiscit.
1208 2378 1370 2430 Unde
1394 2382 1452 2430 et
1472 2378 1665 2431 adhuc
1690 2382 2019 2447 subjungit:

478 2442 564 2497 2‘2.
593 2445 662 2493 Et
684 2444 945 2495 dederunt
971 2449 1029 2497 in
1056 2464 1232 2499 escam
1269 2464 1447 2499 meam
1488 2450 1576 2514 fel,
1615 2456 1662 2500 et
1691 2452 1746 2501 in
1784 2442 1875 2503 siti
1903 2442 2023 2505 mea

414 2520 735 2579 potaverunt
755 2533 838 2567 me
858 2524 1019 2569 aceto.
1039 2522 1163 2571 Non
1180 2521 1463 2573 dederunt
1479 2522 1621 2573 mihi
1637 2522 1811 2575 alium
1830 2525 2023 2578 cibum

416 2585 507 2637 vel
530 2592 752 2654 potum,
770 2589 883 2640 nisi
898 2595 1127 2642 acetum
1145 2605 1279 2643 cum
1296 2592 1423 2644 felle
1448 2593 1715 2645 mixtum.
1746 2597 1812 2646 Et
1840 2596 1950 2649 hoc
1966 2600 2026 2646 ii-

415 2658 705 2733 gurafuit.
735 2662 1018 2713 Dominus
1052 2663 1283 2715 sitiebat
1305 2677 1504 2716 eorum
1542 2666 1809 2731 salutem,
1838 2674 1894 2719 et
1915 2668 2026 2733 ipsi

415 2730 798 2794 propinabant
820 2733 870 2783 ei
894 2733 1339 2787 amaritudinem
1365 2741 1423 2787 et
1450 2730 1823 2789 vetustatem.
1849 2730 1953 2791 Fel
1969 2745 2025 2792 et

417 2805 645 2876 acetum
675 2803 786 2876 (Eae
808 2805 1127 2868 Augustino)
1157 2806 1348 2857 adhuc
1384 2808 1632 2859 offerunt
1655 2810 1900 2873 Christo,
1926 2812 2024 2876 qui

416 2871 567 2923 male
583 2873 850 2938 vivendo,
877 2877 1215 2929 scandalum
1234 2879 1488 2930 inferunt
1515 2880 1802 2933 Ecclesia.
1831 2871 2022 2935 Minus

417 2943 570 3016 enim
588 2954 975 3009 peccaverunt
990 2949 1181 3002 Judaei
1200 2951 1600 3016 crucifigentes
1617 2951 1675 3003 in
1693 2956 1838 3003 terra
1854 2958 2027 3005 ambu-

416 3012 653 3076 lantem,
676 3031 847 3082 quam
877 3022 974 3085 qui
1002 3027 1381 3074 contemnunt
1400 3012 1464 3073 in
1489 3023 1631 3076 caelo
1657 3025 2021 3080 residentem.

417 3085 763 3143 Obtulerunt
781 3093 1097 3155 potandum
1116 3094 1206 3155 fel,
1226 3096 1487 3156 gustavit
1506 3097 1787 3148 Dominus
1799 3106 1843 3146 et
1862 3101 2026 3148 noluit

412 3157 606 3239 bibere
633 3162 825 3239 (Marc.
854 3163 1073 3239 15.).ASir
1088 3178 1203 3217 non
1242 3180 1342 3218 eos
1378 3172 1721 3232 pateremur,
1765 3183 1872 3222 nec
1896 3184 2020 3222 om-

411 3237 550 3281 nino
566 3238 951 3296 gustaremus.
972 3237 1117 3297 Quia
1133 3250 1268 3290 vero
1286 3252 1523 3290 necesse
1541 3246 1627 3290 est
1649 3255 1745 3293 eos
1771 3243 1907 3307 pati,
1927 3258 2016 3291 ne-

411 3313 576 3373 cesse
599 3310 689 3356 est
711 3319 812 3357 eos
836 3313 1090 3372 gustare.
1119 3308 1231 3361 Sed
1256 3310 1391 3373 quia
1410 3312 1469 3362 in
1503 3314 1781 3365 membris
1805 3314 2015 3366 Christi

412 3372 712 3450 talesesse
736 3391 853 3429 non
887 3384 1154 3443 possunt,
1184 3372 1406 3443 gustari
1427 3388 1693 3447 possunt,
1719 3386 1776 3436 in
1810 3399 2018 3450 corpus

410 3446 581 3522 recipi
599 3461 717 3522 non
734 3455 999 3514 possunt.
1023 3453 1090 3503 Et
1108 3453 1244 3515 quia
1266 3446 1477 3505 malam
1495 3468 1688 3507 escam
1714 3446 2017 3522 dederunt,

410 3518 615 3569 merito
640 3521 700 3571 in
723 3534 857 3573 esca
878 3524 1065 3585 puniti
1090 3527 1244 3577 sunt.
1275 3526 1440 3577 Unde
1464 3532 1521 3578 et
1556 3528 1822 3581 subditur
1848 3543 1859 3578 :

474 3587 563 3642 23.
621 3592 744 3641 Fiat
793 3609 981 3665 mensa
1021 3611 1210 3645 eorum
1261 3612 1447 3647 coram
1477 3601 1608 3663 ipsis
1644 3601 1706 3650 in
1745 3601 2016 3665 laqueum.

414 3659 676 3736 Mensam
697 3675 893 3736 eorum
920 3664 1056 3716 dicit
1092 3667 1440 3731 Scripturam
1476 3659 1720 3735 sacram,
1746 3659 1917 3736 quam
1946 3672 2018 3724 ad

415 3731 739 3785 animarum
783 3735 1146 3788 refectionem
1193 3746 1494 3803 paraverat
1537 3744 1619 3794 eis
1665 3731 1839 3795 Deus.
1880 3745 2019 3796 Hinc

415 3813 619 3878 mensa
647 3804 795 3878 facta
827 3812 913 3859 est
949 3807 1061 3859 illis
1088 3810 1148 3861 in
1183 3809 1473 3876 laqueum,
1500 3816 1635 3877 quia
1665 3827 1738 3866 ex
1763 3816 1889 3878 ipsa
1913 3827 2021 3867 sua

413 3873 537 3939 lege
555 3876 861 3941 capiuntur
876 3894 908 3929 a
925 3873 1284 3940 Christianis,
1303 3888 1360 3935 et
1375 3873 1798 3938 convincuntur
1811 3900 2016 3940 errare.

414 3946 809 4021 Quare‘coram
834 3950 976 4016 ipsis
998 3955 1025 4002 ί)
1041 3953 1188 4005 Sunt
1211 3956 1367 4007 enim
1390 3956 1550 4020 tales,
1577 3958 1677 4021 qui
1700 3960 2017 4018 iniquitatem

415 4028 580 4069 suam
595 4018 942 4087 intelligunt,
969 4022 1146 4093 349
1174 4030 1229 4078 et
1248 4032 1444 4079 tamen
1462 4028 1519 4078 in
1537 4018 2020 4089 ett—pertinacissime

413 4098 785 4154 perseverant
811 4110 821 4142 :
850 4099 905 4148 et
929 4097 1200 4161 laqueum
1226 4104 1461 4161 norunt,
1489 4101 1546 4150 et
1591 4102 1838 4152 tenenda
1876 4101 2018 4155 colla

416 4161 747 4224 subjiciunt.
772 4166 895 4218 Fiat
921 4168 986 4216 Et
1010 4170 1071 4217 in
1095 4168 1503 4218 retributionem
1527 4170 1629 4232 eis,
1659 4175 1723 4221 ut
1747 4172 1897 4224 mala
1929 4187 2019 4226 re-

416 4232 649 4310 cipiant,
677 4249 779 4300 pro
815 4239 1005 4303 malis,
1044 4245 1102 4293 et
1140 4240 1240 4303 qui
1262 4253 1365 4304 per
1388 4239 1576 4305 legem
1616 4250 2016 4310 peccaverunt,

416 4305 728 4367 puniantur
742 4323 839 4372 per
853 4311 1057 4375 legem.
1075 4311 1255 4363 Fiatet
1280 4312 1337 4358 in
1356 4305 1694 4363 scandalum.
1712 4316 1872 4376 Quod
1889 4305 2019 4367 enim

415 4377 608 4452 majus
634 4380 972 4435 scandalum
999 4382 1226 4435 Judtnis
1260 4382 1380 4437 ﬁeri
1407 4385 1611 4447 potuit,
1653 4400 1827 4451 quam
1865 4390 2019 4452 quod

416 4447 599 4500 Deum
626 4453 1051 4525 etsalvatorem
1084 4467 1277 4515 suum,
1304 4467 1477 4517 quem
1507 4456 1600 4509 lex
1641 4447 1697 4510 et
1722 4447 2019 4525 prophetae

416 4524 972 4587 praenuntiaverunt,
993 4526 1366 4590 postmodum
1383 4530 1580 4580 caecati
1598 4532 1814 4584 malitia
1836 4533 2020 4584 cruci-

416 4590 672 4646 ﬂxerunt
696 4600 721 4646 ‘l
743 4597 890 4648 Hinc
921 4599 1139 4651 Paulus
1164 4598 1277 4649 ait:
1305 4599 1693 4654 Praedicamus
1726 4605 2019 4656 Christum

417 4665 776 4740 crucifixum,
794 4669 1036 4729 Judaais,
1059 4670 1294 4735 quidem
1313 4672 1650 4726 scandalum
1679 4674 1728 4728 1.
1755 4676 1895 4740 (Cor.
1922 4676 2010 4734 1.).

418 4737 540 4788 Hoc
563 4744 760 4810 autem
798 4742 955 4805 quod
978 4741 1077 4805 ait,
1109 4744 1252 4807 Fiat,
1278 4756 1393 4795 non
1430 4746 1679 4810 optando
1713 4737 1849 4799 dicit
1875 4763 1886 4797 :
1913 4747 2016 4800 sed

415 4809 812 4884 prophetando
843 4830 853 4861 :
880 4825 997 4865 non
1018 4819 1084 4866 ut
1109 4814 1227 4877 flat,
1255 4816 1357 4868 sed
1388 4809 1521 4881 quia
1542 4818 1660 4870 flet.
1688 4821 1804 4871 Nec
1826 4824 2018 4884 potest

415 4878 581 4934 aliter
611 4882 744 4946 nisi,
772 4889 837 4936 ut
871 4885 1081 4938 talibus
1108 4888 1221 4940 ista
1256 4878 1545 4941 eveniant.
1578 4891 1721 4941 Cum
1745 4878 2015 4943 audimus

415 4953 525 5005 dici
549 4966 650 5019 per
672 4956 936 5019 spiritum
956 4959 1057 5011 Dei
1081 4960 1215 5013 talia
1228 4966 1504 5013 eventura
1527 4961 1711 5021 malis,
1735 4962 1809 5013 ad
1832 4962 1941 5015 hoc
1956 4965 2017 5016 in

412 5022 525 5077 illis
550 5025 676 5079 haec
699 5027 1109 5095 intelligamus,
1132 5037 1322 5087 utnos
1350 5031 1486 5084 talia
1509 5031 1856 5086 devitemus.
1873 5038 2012 5085 Mali-

417 5097 505 5171 tia
518 5099 753 5165 inquam
772 5102 899 5155 illos
933 5104 1288 5158 excmcavit:
1322 5108 1380 5156 et
1397 5103 1522 5155 ideo
1551 5105 1888 5171 subjungit:

479 5168 571 5226 24.
615 5173 970 5225 Obscurentur
1004 5176 1146 5227 oculi
1186 5190 1374 5226 eorum
1410 5190 1477 5225 ne
1505 5176 1738 5228 videant.
1776 5168 1833 5231 Si
1862 5178 2013 5231 enim

416 5245 839 5311 cognovissent,
858 5260 1179 5311 numquam
1195 5246 1504 5298 Dominum
1531 5247 1725 5313 gloria
1740 5252 2016 5301 crucifixis-

416 5321 546 5368 sent
577 5316 643 5379 (1.
676 5320 797 5373 Cor.
829 5318 861 5373 2
886 5322 920 5383 ).
958 5320 1212 5371 Primum
1247 5324 1569 5383 peccatum,
1602 5323 1869 5385 superbia
1894 5324 2013 5387 (Ec-

414 5387 499 5438 eli.
546 5387 670 5453 ‘10.).
712 5392 899 5443 Prima
944 5401 1119 5454 pmna
1156 5391 1395 5454 peccati,
1430 5391 1754 5445 obscuritas
1803 5394 2010 5446 cordis.

412 5461 556 5525 Quia
592 5464 824 5527 superbi
851 5466 1029 5525 erant,
1061 5463 1198 5514 caeci
1218 5461 1356 5515 facti
1382 5468 1535 5516 sunt.
1564 5465 1724 5517 Unde
1750 5469 2014 5530 protinus

413 5531 717 5586 subditur:
757 5534 823 5583 Et
871 5535 1092 5582 dorsum
1130 5550 1317 5583 eorum
1356 5551 1563 5601 semper
1603 5537 1851 5589 incurva.
1893 5541 2014 5592 Hoc

412 5604 565 5657 enim
590 5618 816 5671 semper
832 5606 1194 5670 subsequens
1220 5612 1324 5671 est,
1350 5611 1415 5659 ut
1442 5609 1488 5659 si
1515 5608 1716 5661 oculus
1745 5612 1958 5663 mentis
1981 5626 2016 5663 a

414 5688 663 5737 superno
686 5676 903 5730 lumine
928 5679 1200 5742 privetur,
1227 5679 1423 5732 statim
1440 5681 1671 5733 animus
1697 5682 1769 5733 ad
1792 5696 1875 5745 ea,
1901 5700 2012 5744 qum

414 5751 563 5799 retro
594 5754 729 5802 sunt
757 5750 1438 5815 appetenda,inclinetur.
1455 5755 1525 5805 Et
1546 5753 1657 5806 hoc
1672 5754 2013 5806 estdorsutn

417 5830 654 5871 curvum
678 5819 907 5882 habere,
931 5827 1151 5876 statum
1179 5824 1393 5876 mentis
1408 5824 1467 5877 in
1489 5824 1854 5879 inferioribus
1880 5828 2015 5879 ﬂec-

419 5891 555 5960 tere.
584 5891 855 5955 Sequitur
877 5893 990 5946 alia
1010 5907 1199 5960 pmna.

478 5959 567 6013 ‘15.
600 5960 841 6024 Eﬂ'unde
864 5959 1026 6029 super
1049 5980 1132 6016 eos
1161 5966 1308 6017 iram
1323 5970 1473 6019 luam
1498 5984 1512 6020 :
1537 5974 1583 6020 et
1614 5971 1775 6033 furor
1791 5970 1890 6021 ira:
1916 5975 2015 6021 tua:

2041 3270 2088 3343 C

2121 591 2533 655 omnipotentis
2560 591 2661 642 Dei
2688 589 2944 641 vindicta
2979 588 3366 653 multipliciter
3397 594 3745 641 exercetur.

2118 663 2300 713 Furor
2316 664 2416 713 ira;
2438 662 2558 725 Dei,
2586 668 2679 713 est
2694 660 2906 713 futurae
2926 660 3351 712 animadversio
3369 662 3634 709 vindictae.
3668 664 3744 710 Ita

2118 738 2314 785 autem
2342 734 2414 784 ad
2433 739 2776 797 praesentem
2802 733 3232 797 percussionem
3258 731 3527 795 pertinet:
3568 732 3747 784 furor

2119 805 2193 856 ad
2220 805 2470 855 futuram
2507 805 2958 856 damnationem.
2980 805 3113 857 Ideo
3137 804 3307 868 furor,
3336 804 3470 865 quia
3494 802 3743 855 nullum

2119 876 2196 928 ibi
2214 876 2551 937 remedium,
2569 877 2727 927 nulla
2742 877 2820 927 ibi
2840 876 3248 928 misericordia.
3271 875 3741 938 Comprehendat,

2118 948 2321 1010 inquit,
2358 963 2459 1012 eos,
2490 953 2782 1011 tamquam
2812 948 3107 1013 fugitivos.
3135 950 3262 999 Jam
3294 947 3448 998 enim
3472 959 3594 997 non
3618 945 3743 998 erit

2120 1019 2400 1071 evadendi
2418 1019 2601 1082 locus,
2620 1020 2852 1082 quando
2879 1034 2977 1072 eos
2994 1025 3247 1072 azternus
3264 1020 3582 1067 absorbuerit
3613 1034 3744 1067 cru-

2121 1093 2322 1143 ciatus.
2368 1092 2479 1141 Nec
2506 1096 2697 1142 tamen
2722 1092 2781 1141 in
2819 1094 2937 1143 Deo
2976 1092 3090 1143 ulla
3128 1090 3472 1143 aestimanda
3495 1094 3591 1141 est
3625 1090 3739 1142 irae

2121 1168 2223 1214 aut
2251 1162 2459 1213 furoris
2489 1163 2799 1213 commotio
2824 1178 2835 1211 :
2860 1162 2962 1215 sed
2988 1163 3244 1215 humano
3262 1175 3392 1225 usu,
3420 1161 3589 1224 quasi
3615 1160 3741 1213 ira-

2122 1238 2217 1286 tus
2241 1236 2340 1284 aut
2363 1233 2562 1285 furens
2580 1233 2809 1298 dicitur,
2828 1234 3063 1297 quando
3080 1235 3151 1285 ab
3167 1234 3291 1297 ipso
3312 1237 3427 1284 tam
3443 1232 3662 1283 acriter
3677 1247 3741 1280 ac

2122 1305 2379 1357 districte
2409 1310 2774 1369 peccatorum
2799 1305 2982 1372 culpae
3007 1305 3307 1357 feriuntur.
3342 1302 3504 1356 Unde
3528 1302 3740 1354 adhuc

2125 1377 2253 1440 subj
2265 1377 2501 1439 ungitur
2526 1391 2537 1425 :

2185 1447 2271 1502 26.
2307 1449 2426 1497 Fiat
2452 1448 2715 1497 habitatio
2739 1460 2925 1496 eorum
2950 1447 3173 1507 deserta,
3198 1453 3243 1495 et
3273 1447 3333 1495 in
3364 1444 3738 1495 tabernaculis

2122 1534 2309 1569 eorum
2338 1536 2447 1569 non
2475 1522 2563 1582 sit,
2598 1520 2695 1583 qui
2732 1519 3012 1569 inhabitet.
3038 1518 3449 1570 Habitationem
3484 1516 3627 1568 dicit
3650 1518 3736 1581 ip-

2125 1604 2250 1643 sam
2266 1591 2557 1643 civitatem
2571 1591 2912 1652 Jerusalem,
2931 1590 2987 1640 in
3006 1602 3119 1653 qua
3136 1589 3517 1641 communiter
3534 1590 3736 1637 habita-

2123 1662 2234 1713 ban
2244 1668 2280 1713 t.
2304 1662 2694 1715 Tabernaculo
2708 1675 2842 1713 vero
2861 1661 3118 1725 singulas
3136 1663 3416 1725 cujusque
3433 1662 3617 1709 domus
3641 1662 3730 1709 de-

2127 1735 2378 1799 signant,
2404 1736 2502 1787 ubi
2530 1739 2839 1799 potuerunt
2855 1736 3132 1786 adversus
3151 1734 3463 1786 Dominum
3486 1734 3729 1782 clamare.

2125 1808 2206 1858 Ibi
2234 1808 2357 1867 (Eas.
2383 1807 2628 1871 August.)
2659 1821 2691 1856 a
2715 1808 2959 1859 Domino
2990 1820 3105 1862 non
3128 1806 3536 1870 permittuntur
3558 1802 3734 1855 habi-

2127 1882 2265 1931 tare.
2306 1880 2563 1931 Locailla
2586 1879 2780 1931 omnia
2820 1884 2877 1931 et
2900 1878 3231 1930 hominibus
3269 1875 3435 1942 plena
3472 1878 3633 1939 sunt,
3673 1878 3733 1926 et

2124 1950 2345 2002 Judaeis
2380 1950 2590 2002 inania.
2627 1954 2811 2013 Quare
2834 1950 2943 2001 hoc
2967 1955 2989 2001 ξ’

2185 2019 2272 2074 27.
2303 2022 2575 2080 Quoniam
2607 2037 2761 2086 quem
2787 2027 2843 2070 tu
2864 2021 3189 2085 percussisti,
3208 2019 3468 2084 persecuti
3488 2022 3648 2068 sunt:
3682 2022 3731 2067 et

2122 2107 2282 2156 super
2298 2092 2535 2141 dolorem
2553 2093 2839 2142 vulnerum
2862 2107 3105 2159 meorum
3125 2091 3470 2140 addiderunt.
3494 2094 3592 2140 Nos
3611 2105 3730 2150 per-

2122 2165 2275 2214 cussi
2296 2178 2503 2215 sumus
2519 2178 2553 2215 a
2567 2167 2685 2216 Deo
2702 2167 2820 2225 quia
2838 2166 3172 2225 peccavimus:
3188 2170 3235 2212 et
3252 2165 3465 2211 vulnera
3478 2168 3597 2210 sunt
3614 2176 3726 2222 pec-

2125 2239 2253 2287 cata
2275 2241 2493 2287 nostra.
2511 2236 2682 2287 Dolor
2705 2236 3036 2297 vulnerum,
3053 2235 3286 2287 afflictio
3303 2240 3500 2286 contra
3518 2244 3728 2298 pecca-

2124 2311 2266 2359 tum.
2289 2308 2584 2359 Percussio
2603 2313 2691 2359 est
2707 2307 3025 2358 mortalitas
3044 2312 3100 2358 et
3116 2306 3420 2371 corruptio.
3436 2308 3595 2357 Hanc
3612 2319 3726 2365 per-

2125 2378 2454 2430 cussionem
2492 2379 2747 2442 suscepit
2783 2380 2905 2442 ipse
2942 2379 3118 2431 Filius
3148 2378 3269 2438 Dei,
3309 2376 3573 2441 quamvis
3603 2387 3725 2427 non

2122 2451 2454 2514 peccaverit.
2476 2453 2623 2503 Vere
2640 2450 2841 2514 (inquit
2859 2451 3153 2513 Propheta)
3170 2451 3473 2514 languores
3489 2451 3724 2499 nostros

2120 2520 2242 2583 ipse
2271 2520 2417 2584 tulit,
2436 2526 2491 2573 et
2516 2521 2743 2573 dolores
2760 2526 2992 2573 nostros
3007 2522 3129 2586 ipse
3155 2521 3405 2586 portavit
3420 2519 3562 2582 (Isai.
3590 2516 3719 2579 53.).

2124 2592 2234 2643 Sed
2259 2593 2447 2645 Judaei
2471 2593 2833 2658 addiderunt,
2853 2594 2989 2656 quia
3009 2606 3179 2657 quem
3198 2594 3344 2644 Deus
3368 2594 3531 2644 Pater
3555 2592 3723 2653 plagis

2123 2664 2493 2716 mortalitatis
2517 2670 2573 2716 et
2590 2665 2971 2730 corruptionis
2988 2664 3402 2727 vulneraverat,
3426 2662 3533 2727 ipsi
3555 2662 3722 2713 insu-

2123 2748 2219 2797 per
2256 2736 2602 2789 occiderunt.
2642 2738 2911 2789 Mortales
2951 2736 3215 2788 homines
3240 2736 3350 2794 hic,
3386 2747 3517 2787 cum
3546 2745 3721 2797 paena

2120 2813 2464 2870 nascuntur,
2491 2813 2549 2860 et
2580 2809 2705 2860 haec
2732 2821 2905 2872 pmna
2938 2810 3233 2874 percussio
3258 2812 3347 2860 est
3377 2805 3621 2858 Domini.
3648 2807 3720 2857 Et

2121 2877 2252 2928 huic
2272 2892 2461 2942 pmnte
2477 2879 2699 2932 addunt
2716 2882 3048 2943 quicunque
3069 2881 3207 2934 alios
3227 2880 3438 2933 fuerint
3452 2879 3714 2939 persecuti.

2122 2950 2191 2999 Et
2214 2951 2348 3013 quia
2376 2951 2484 3014 ipsi
2520 2958 2914 3016 apposuerunt
2951 2952 3204 3004 dolorem
3242 2965 3413 3017 super
3442 2949 3714 3014 dolorem,

2124 3021 2253 3073 vide
2279 3028 2533 3087 apertam
2558 3024 2864 3087 justitiam,
2890 3037 3021 3089 quae
3043 3025 3315 3088 sequitur.

2183 3092 2269 3148 ‘28.
2296 3096 2540 3160 Appone,
2570 3097 2775 3159 inquit,
2812 3098 3158 3161 iniquitatem
3188 3112 3349 3161 super
3372 3096 3715 3159 iniquitatem

2120 3179 2326 3216 eorum.
2352 3169 2424 3219 Ut
2450 3168 2601 3218 sicut
2624 3168 2759 3219 alibi
2785 3168 2993 3219 dicitur
3022 3183 3032 3219 :
3066 3169 3171 3228 Qui
3193 3172 3380 3231 nocet,
3414 3164 3586 3235 350
3614 3180 3715 3219 no-

2121 3242 2246 3289 ceat
2262 3237 2450 3290 adhuc
2482 3253 2492 3288 :
2529 3245 2587 3290 et
2604 3240 2701 3302 qui
2724 3240 2782 3291 in
2802 3240 3069 3292 sordibus
3093 3245 3197 3303 est,
3219 3239 3512 3291 sordescat
3526 3238 3715 3291 adhuc

2120 3309 2296 3373 (Apoc.
2316 3308 2443 3374 ‘22.).
2471 3310 2536 3359 Et
2558 3312 2644 3363 sic
2660 3327 2767 3361 non
2790 3312 2990 3361 intrent
3010 3312 3351 3376 injustitiam
3369 3319 3535 3362 tuam.
3560 3313 3716 3371 Culpa

2119 3380 2273 3431 enim
2307 3381 2522 3433 excitat
2544 3383 2770 3447 culpam
2803 3401 2812 3431 :
2843 3387 2903 3434 et
2934 3396 3065 3434 cum
3098 3396 3215 3433 una
3246 3395 3363 3435 non
3397 3378 3713 3446 corrigitur,

2120 3452 2329 3503 exinde
2358 3454 2537 3505 altera
2560 3459 2886 3518 generatur.
2916 3456 2985 3507 Et
3010 3460 3227 3518 quanto
3250 3454 3381 3518 plus
3403 3453 3713 3518 refrigescit

2121 3523 2346 3583 caritas,
2373 3529 2533 3577 tanto
2558 3526 2806 3591 amplius
2830 3527 3085 3578 abundat
3107 3527 3400 3590 iniquitas.
3429 3525 3531 3577 Vel
3546 3538 3713 3589 super

2121 3595 2484 3659 iniquitatem
2501 3603 2725 3663 patrum
2752 3612 2978 3664 oppone
2995 3598 3355 3663 iniquitatem
3379 3597 3641 3661 filiorum,
3658 3604 3712 3646 ut

2120 3668 2466 3720 extendatur
2490 3671 2561 3721 de
2587 3672 2859 3734 progenie
2878 3672 2935 3722 in
2962 3671 3292 3735 progeniem
3314 3670 3589 3734 iniquitas
3616 3681 3711 3720 eo-

2118 3752 2265 3802 rum,
2286 3741 2437 3792 sicut
2462 3741 2570 3806 ipsi
2590 3742 2891 3794 dixerunt:
2924 3743 3169 3807 Sanguis
3186 3743 3313 3806 ejus
3332 3755 3501 3807 super
3529 3754 3633 3792 nos
3654 3743 3711 3792 et

2122 3824 2294 3875 super
2322 3812 2470 3867 illios
2494 3819 2723 3865 nostros
2755 3815 2961 3876 (Matth.
2990 3813 3114 3877 27.).
3149 3815 3309 3876 Quod
3330 3818 3523 3865 autem
3549 3812 3708 3874 dixit,

2119 3883 2343 3947 Appone
2375 3899 2387 3935 :
2428 3899 2547 3936 non
2588 3888 2671 3937 sic
2693 3886 3091 3949 accipiendum
3114 3890 3221 3948 est,
3247 3888 3312 3938 ut
3336 3888 3493 3939 Deus
3522 3888 3705 3949 ponat,

2120 3954 2212 4006 vel
2228 3955 2402 4007 addat
2427 3957 2785 4021 iniquitatem
2802 3957 2864 4008 in
2897 3957 3088 4021 aliquo
3112 3974 3123 4007 :
3153 3958 3249 4009 sed
3271 3957 3437 4020 quasi
3461 3957 3568 4008 hoc
3590 3958 3705 4018 agit,

2120 4028 2351 4107 quando
2370 4028 2491 4107 fieri
2520 4030 3033 4107 permittit._Neque
3058 4030 3211 4107 enim
3236 4029 3549 4107 humanam
3568 4043 3709 4107 inen-

2118 4099 2235 4150 tem
2257 4100 2594 4153 debellando
2610 4101 2873 4165 destruit,
2892 4102 2993 4153 sed
3009 4101 3349 4153 recedendo:
3369 4100 3503 4165 quia
3516 4099 3587 4152 ad
3609 4114 3708 4161 per-

2120 4171 2394 4225 ditionem
2427 4186 2593 4225 suam
2624 4174 2840 4226 sufﬁcit
2869 4174 2977 4225 Sibi
3002 4174 3261 4225 dimissa.
3287 4174 3432 4225 Hinc
3449 4171 3706 4224 Salomon

2118 4245 2197 4296 ait
2224 4260 2233 4293 :
2262 4246 2574 4298 Considera
2606 4258 2779 4311 opera
2805 4246 2923 4309 Dei,
2962 4246 3117 4312 quod
3153 4258 3323 4297 nemo
3348 4243 3704 4310 possitcorri-

2118 4329 2267 4380 gere,
2305 4329 2477 4379 quem
2528 4316 2622 4368 ille
2654 4317 2985 4382 despexerit
3022 4316 3231 4381 (Eccles.
3266 4316 3357 4378 7.).
3411 4317 3705 4379 Propterea

2118 4388 2307 4439 adhuc
2333 4388 2599 4439 subditur
2627 4402 2638 4435 :

2180 4459 2267 4513 ‘29.
2294 4460 2586 4509 Deleantur
2610 4460 2671 4509 de
2698 4460 2830 4509 libro
2854 4461 3166 4511 viventium.
3193 4459 3347 4511 Libri
3369 4462 3573 4508 nomine
3592 4472 3707 4520 prai-

2119 4532 2423 4584 destinatio
2446 4533 2541 4583 Dei
2559 4533 2835 4596 accipitur
2861 4548 2872 4583 :
2898 4533 3033 4596 quia
3050 4533 3199 4585 sicut
3216 4532 3321 4583 hoc
3339 4531 3485 4596 quod
3507 4534 3561 4580 in
3584 4533 3703 4580 libro

2120 4605 2398 4669 scriptum
2422 4608 2529 4666 est,
2557 4605 2739 4657 fixum
2765 4610 2962 4657 manet
2987 4621 2998 4655 :
3024 4605 3104 4656 sic
3120 4601 3582 4656 incommutabile
3602 4608 3701 4662 est,

2044 4700 2098 4773 Β
2123 4676 2397 4773 quicquid
2420 4689 2454 4728 a
2482 4679 2593 4773 Deo
2617 4676 3075 4741 praedestinatum
3101 4675 3395 4773 Q‘uomodo
3419 4688 3552 4739 ergo
3576 4674 3703 4773 dicit

2175 4764 2194 4773 Α
2221 4764 2313 4773 Α.-.
2328 4755 2413 4773 1....
2460 4749 2503 4773 ...ς
2570 4749 2583 4773 ς
2606 4749 2699 4773 ηυξ
2723 4749 2913 4773 ..ιη-ἶνας
2936 4751 3067 4773 nun}
3158 4761 3185 4773 η
3212 4748 3284 4773 ιηιῖ
3306 4760 3416 4773 nnn
3443 4759 3649 4773 nnonnen

2121 4748 2313 4797 Delean
2325 4755 2431 4807 tur,
2460 4749 2508 4800 si
2529 4749 2587 4799 hi
2605 4749 2703 4812 qui
2722 4749 2918 4813 scripti
2935 4751 3088 4812 sunt,
3116 4748 3288 4800 deleri
3304 4760 3421 4798 non
3443 4748 3703 4811 possunt?

2117 4820 2226 4872 Sed
2243 4821 2351 4871 hoe
2367 4821 2585 4872 dictum
2615 4825 2706 4872 est
2730 4822 3057 4871 secundum
3082 4833 3243 4885 spem
3267 4818 3514 4882 illorum,
3531 4820 3616 4879 qui
3631 4820 3697 4866 ibi

2118 4906 2179 4943 se
2205 4893 2445 4958 scriptos
2475 4894 2775 4956 putabant.
2798 4892 2943 4953 Quid
2960 4893 3062 4953 (Ea:
3079 4890 3399 4956 Augustino)
3417 4889 3701 4939 cstdelean-

2116 4969 2204 5012 tur
2229 4964 2289 5013 de
2309 4964 2443 5013 libro
2470 4964 2608 5016 vitae
2631 4966 2656 5013 ‘t
2683 4966 2752 5015 Et
2775 4964 2916 5028 ipsis
2934 4968 3163 5015 constet
3186 4976 3303 5014 non
3318 4961 3446 5014 illos
3465 4961 3542 5011 ibi
3558 4973 3694 5013 esse.

2116 5036 2201 5087 Illi
2218 5036 2316 5099 qui
2342 5049 2402 5087 se
2426 5037 2753 5101 sperabant,
2781 5040 3057 5099 tanquam
3076 5038 3279 5087 merito
3298 5036 3509 5095 justitiaa
3532 5048 3630 5082 suae
3646 5036 3696 5082 in

2114 5107 2257 5158 libro
2290 5107 2533 5171 scriptos
2561 5107 2678 5172 Dei,
2706 5108 2918 5171 quibus
2943 5106 3152 5158 dicitur
3178 5122 3188 5156 :
3210 5104 3700 5158 ScrulaminiScri-

2116 5183 2334 5243 pturas,
2360 5179 2419 5230 in
2437 5179 2649 5243 quibus
2672 5180 2892 5244 putatis
2910 5190 3017 5233 vos
3043 5179 3219 5231 vitam
3236 5182 3510 5230 aeternam
3537 5179 3699 5226 habere

2116 5251 2294 5313 (Joan.
2324 5249 2435 5314 5.):
2473 5264 2606 5303 cum
2648 5252 2926 5317 perducta
2962 5251 3132 5304 fuerit
3166 5250 3457 5303 damnatio
3495 5261 3694 5310 eorum,

2116 5322 2287 5374 etiam
2316 5322 2388 5374 ad
2407 5323 2793 5387 cognitionem
2813 5324 3095 5388 ipsorum,
3120 5322 3465 5374 delebuntur
3485 5320 3553 5373 de
3568 5320 3697 5374 libro

2117 5395 2270 5456 vitae,
2293 5394 2351 5445 id
2386 5399 2492 5458 est,
2523 5408 2641 5446 non
2667 5396 2745 5447 ibi
2771 5409 2833 5447 se
2856 5400 3230 5460 cognoscent.
3262 5394 3394 5445 Dixi
3417 5392 3694 5454 deleantur,

2116 5466 2437 5517 secundum
2454 5480 2613 5528 spem
2630 5480 2845 5519 eorum.
2866 5466 3011 5529 Quid
3037 5466 3357 5517 secundum
3382 5465 3694 5527 aequitatem

2117 5543 2272 5589 tuam
2296 5540 2322 5587 ‘?
2336 5538 2403 5587 Et
2425 5554 2545 5587 cum
2565 5539 2719 5601 iustis
2742 5554 2847 5587 non
2869 5538 3193 5589 scribantur.
3218 5536 3525 5588 Conﬁrmat
3537 5536 3593 5586 in
3608 5538 3694 5584 ﬁne

2117 5623 2338 5672 versus,
2366 5610 2523 5673 quod
2541 5611 2906 5673 praemissum
2923 5614 3012 5662 est
3032 5610 3089 5661 in
3111 5609 3313 5673 capite.
3334 5608 3686 5671 Audivimus,

2116 5683 2253 5745 quid
2285 5682 2453 5735 nobis
2478 5683 2799 5734 cavendum
2822 5683 2896 5733 sit
2918 5683 2977 5734 in
2996 5681 3163 5734 malis
3187 5698 3197 5731 :
3226 5681 3530 5733 audiamus
3554 5690 3692 5732 nunc

2115 5755 2251 5819 quid
2278 5754 2351 5805 sit
2374 5755 2719 5807 imitandum
2747 5756 2806 5806 in
2836 5755 3077 5806 Christo.
3105 5753 3189 5805 Illi
3214 5753 3356 5806 tales
3378 5753 3621 5815 fuerunt,
3642 5754 3690 5803 et

2117 5829 2199 5879 sic
2225 5827 2527 5892 perierunt.
2556 5830 2641 5879 Tu
2664 5827 2912 5891 benigne
2942 5827 3200 5891 Domine,
3226 5825 3363 5889 quid
3389 5826 3529 5877 dicis
3557 5824 3621 5876 de
3642 5828 3691 5875 to

2114 5900 2240 5952 ipso
2264 5903 2285 5947 7

2134 5913 2285 6027 p33,
2315 5971 2428 6034 Ego
2463 5986 2586 6021 sum
2620 5986 2830 6036 pauper
2873 5976 2919 6021 et
2955 5969 3173 6021 dolens:
3222 5969 3370 6020 salus
3414 5975 3523 6033 tua,
3569 5969 3690 6018 Deus
