3884 6422
130 440 255 496 929

1153 437 1228 487 ΙΝ
1263 436 1586 490 PSALMOS
1619 435 1827 490 LXXV
1860 433 2448 489 COMMENTARIUS.

3348 448 3454 504 930

128 550 375 614 suscepit
400 564 499 599 me.
525 548 801 625 Exemplo
834 547 1060 625 Domini
1083 547 1266 625 nostri
1290 546 1583 598 discamus
1600 561 1751 625 ‘pau-
1770 552 1824 625 Α
1855 548 2135 625 iectio._Et
2160 546 2260 625 qui
2279 553 2476 625 manet
2498 549 2902 625 indilectione,
2938 552 2998 604 in
3020 555 3135 606 Deo
3156 563 3369 619 manet,
3396 564 3458 611 et

132 636 318 687 peres
341 634 469 673 esse
491 626 547 671 et
570 620 848 671 dolentes.
879 620 1036 671 Beati
1060 619 1214 670 enim
1237 630 1511 682 pauperes
1529 620 1747 683 spiritu,

132 695 427 757 quoniam
449 692 704 755 ipsorum
729 697 819 742 est
842 704 1082 755 regnum
1099 688 1390 741 caelorum.
1407 692 1473 741 Et
1494 692 1639 742 beati
1654 692 1749 753 qui

131 765 369 830 lugent,
386 764 663 828 quoniam
684 764 794 827 ipsi
818 762 1274 814 consolabuntur
1294 763 1503 822 (Matth.
1526 763 1615 826 5.).
1630 764 1751 814 Hoc

133 838 344 896 ipsum
387 836 545 901 prius
578 835 637 886 in
679 848 742 886 se
774 837 941 886 nobis
976 834 1248 894 ostendit,
1276 839 1571 897 propterea
1594 834 1748 897 dicit,

134 909 263 972 Ego
306 923 447 958 sum.
491 908 700 957 Totum
756 919 963 970 corpus
1005 906 1134 968 ejus
1183 905 1289 954 hoc
1336 904 1489 956 dicit.
1534 907 1751 970 Corpus

111 980 363 1031 Christi
398 980 460 1030 in
488 979 594 1029 hac
635 982 784 1028 terra
821 991 1036 1041 pauper
1058 982 1114 1027 et
1138 975 1340 1027 dolens
1364 982 1473 1029 est.
1498 978 1605 1029 Sed
1633 980 1751 1029 sint

135 1051 363 1103 divites
383 1049 709 1111 Christiani,
727 1061 959 1111 prorsus
976 1048 1023 1098 si
1040 1047 1348 1098 Christiani
1373 1056 1530 1105 sunt.
1546 1062 1753 1113 paupe-

134 1135 239 1173 res
264 1126 420 1172 sunt.
453 1122 519 1171 In
542 1121 964 1183 comparatione
989 1131 1241 1181 namque
1265 1118 1587 1170 caelestium
1607 1120 1748 1170 divi-

142 1194 384 1255 tiarum,
409 1204 554 1255 quas
579 1195 830 1254 sperant,
854 1190 1126 1254 quicquid
1152 1191 1243 1240 hic
1268 1191 1501 1255 habent,
1541 1206 1638 1256 pro
1662 1206 1750 1244 n:-

139 1263 266 1315 hilo
290 1267 577 1327 reputant.
596 1264 711 1313 Nec
733 1267 871 1313 sunt
895 1262 1104 1312 deserti
1133 1260 1275 1311 tales
1299 1275 1597 1326 pauperes,
1616 1278 1751 1328 quo-

138 1335 309 1387 niam
332 1333 491 1386 salus
514 1334 615 1384 Dei
632 1333 885 1397 suscepit
907 1345 1024 1384 eos.
1052 1332 1140 1382 Ad
1164 1344 1339 1395 quam
1361 1346 1482 1385 rem
1509 1353 1519 1383 :
1543 1342 1607 1387 ut
1627 1338 1748 1401 jam

140 1419 270 1458 non
302 1406 418 1457 sint
454 1417 734 1470 pauperes
757 1409 813 1455 et
836 1403 1114 1467 dolentes,
1141 1404 1241 1454 sed
1267 1406 1459 1468 potius
1483 1406 1750 1459 laatantes

143 1482 205 1530 et
225 1478 380 1529 beati
401 1476 610 1528 faciant
632 1476 786 1540 quod
812 1475 1188 1537 subjunctum
1212 1480 1301 1525 est
1326 1492 1338 1525 :

210 1548 301 1603 31.
340 1550 601 1598 Laudabo
630 1562 828 1597 nomen
851 1548 964 1608 Dei,
1010 1548 1379 1597 cum'cantico.
1408 1548 1594 1613 idest,
1616 1564 1749 1603 cum

138 1621 506 1685 jocunditate
527 1636 539 1671 :
558 1624 613 1671 et
627 1620 899 1671 exultans
917 1621 974 1671 in
997 1621 1605 1683 meipso,magniﬁcabo
1626 1639 1747 1672 eum

144 1694 211 1741 in
250 1692 429 1743 laude.
456 1693 595 1744 Hmc
619 1696 756 1742 sunt
783 1692 1003 1743 divitiae
1040 1703 1205 1752 mete,
1262 1696 1327 1741 ut
1352 1692 1592 1757 scilicet,
1619 1708 1749 1747 cum

144 1763 363 1828 gaudio
402 1768 461 1815 et
498 1764 782 1814 hilaritate
816 1775 936 1813 non
958 1774 1178 1812 cessem
1200 1764 1380 1813 Deum
1405 1777 1599 1816 meum
1625 1767 1748 1817 lau-

147 1835 291 1886 dare
314 1839 373 1886 et
396 1836 785 1899 magniﬁcare.

214 1905 303 1959 3‘2.
328 1906 396 1954 Et
410 1906 539 1956 laus
564 1905 660 1956 illa
680 1903 907 1968 placebit
930 1905 1054 1965 Deo,
1079 1917 1251 1967 super
1270 1917 1440 1957 omne
1463 1906 1643 1970 legale
1658 1921 1749 1959 sa-

149 1978 453 2029 crificium.
489 1979 560 2028 Et
590 1977 699 2027 hoc
732 1976 841 2040 (Eae
865 1977 1183 2038 Augustino)
1214 1978 1467 2027 ostendit
1489 1994 1586 2042 per
1621 1995 1748 2045 par—
1776 1971 1828 2045 B

149 2054 289 2112 tem,
306 2062 440 2100 cum
464 2050 591 2110 subj
604 2049 793 2112 ungit:
815 2050 989 2109 Super
1010 2047 1241 2095 vitulum
1266 2050 1531 2099 novellum
1548 2068 1756 2108 cornua

149 2123 533 2185 producentem
554 2125 600 2168 ct
625 2119 875 2182 ungulas.
893 2118 1043 2168 'l‘alis
1061 2120 1213 2168 enim
1225 2124 1589 2181 quaerebatur
1610 2122 1757 2181 vita;

149 2192 247 2242 lus
270 2193 331 2242 in
356 2191 651 2249 sacrificio,
669 2196 764 2253 qui
782 2195 839 2241 et
861 2191 1127 2240 novellus
1140 2198 1311 2254 esset,
1331 2198 1389 2242 et
1410 2198 1525 2246 tam
1544 2213 1754 2261 magnus

152 2268 371 2325 tamen,
399 2268 461 2314 ut
483 2275 700 2313 cornua
723 2265 994 2323 mitteret,
1011 2265 1181 2323 atque
1196 2264 1445 2326 ungulas
1462 2266 1638 2321 fortes
1654 2273 1755 2323 ha-

153 2335 333 2385 beret.
360 2336 429 2384 Et
452 2335 559 2384 hoc
584 2347 655 2383 ex
680 2334 1093 2396 signiticatione
1116 2332 1328 2385 factum
1352 2342 1457 2387 est.
1478 2341 1583 2400 Qui
1610 2343 1753 2396 bene

150 2407 479 2480 instructus
494 2409 601 2480 est,
627 2410 684 2480 et
708 2406 780 2454 ad
804 2406 1053 2480 laudem,
1082 2403 1231 2480 35|
1286 2408 1388 2458 Dei
1423 2414 1751 2480 opulentus,

151 2491 370 2529 cornua
395 2478 565 2527 debet
582 2477 811 2535 habere,
838 2477 1047 2539 quibus
1068 2479 1465 2531 adversarium
1485 2477 1747 2537 ventileti

152 2555 211 2601 et
228 2550 497 2611 ungulas,
516 2549 730 2620 quibus
755 2553 965 2620 terram
989 2550 1226 2599 excitet:
1245 2551 1509 2604 novellus
1526 2562 1754 2620 propter

149 2632 361 2671 novatn
386 2621 583 2672 vitam.
609 2618 833 2682 Aliquis
874 2619 1179 2670 haereticus
1216 2621 1357 2673 forte
1392 2618 1748 2688 contradicit,

153 2694 428 2743 cornibus
471 2692 608 2743 novi
666 2695 722 2742 et
771 2692 976 2742 veteris
1020 2692 1370 2745 'l‘estamenti
1424 2700 1747 2751 ventiletur.

152 2763 316 2814 Alius
349 2768 575 2814 terrena
608 2764 775 2826 sapit,
816 2762 1053 2823 ungulis
1086 2764 1449 2817 discretionis
1475 2772 1530 2819 et
1552 2772 1752 2823 robore

154 2835 391 2885 virtutis
414 2835 713 2884 excitetur.
732 2840 914 2897 Super
937 2836 1091 2883 hunc
1116 2837 1362 2887 Vitulum
1389 2840 1488 2889 tibi
1509 2842 1754 2905 placebit

153 2905 412 2957 laudatio
436 2918 583 2968 mea,
618 2906 678 2956 in
701 2905 796 2956 illa
819 2906 1139 2957 aeternitate
1166 2908 1261 2957 ubi
1284 2911 1531 2972 perfecte
1555 2913 1754 2965 lauda-

155 2980 306 3029 bunt
328 2982 383 3027 te
407 2979 618 3040 Sancti,
645 2981 770 3028 sine
795 2976 910 3027 ulla
933 2978 1395 3032 contradictione.

221 3049 307 3102 33.
352 3049 574 3098 Videant
618 3063 898 3113 pauperes,
945 3054 991 3096 et
1034 3050 1292 3102 lateritur.
1334 3055 1579 3107 Credant
1607 3056 1753 3119 haec,

159 3123 218 3171 et
240 3132 342 3184 spe
376 3121 667 3185 gaudeant
691 3136 703 3170 :
735 3125 790 3171 et
824 3120 1009 3183 magis
1038 3132 1319 3185 pauperes
1344 3125 1476 3186 sint,
1503 3132 1569 3177 ut
1592 3128 1756 3179 ditari

160 3197 508 3242 mereantur.
536 3194 604 3243 Et
624 3194 907 3242 convertit
941 3203 1002 3242 se
1026 3195 1097 3242 ad
1123 3205 1222 3243 eos
1247 3195 1644 3249 admonendos
1671 3200 1759 3250 di-

161 3275 331 3314 cens:
358 3264 584 3321 Quaerite
611 3264 797 3327 Deum,
823 3269 868 3311 et
896 3263 1029 3311 vivet
1052 3264 1245 3312 anima
1274 3274 1461 3319 vestra.
1488 3271 1644 3320 Deus
1670 3278 1759 3322 est

160 3336 283 3387 vita
313 3336 543 3387 animm.
569 3335 835 3397 Quaeritis
861 3346 1089 3399 panem,
1116 3340 1179 3386 ut
1201 3336 1357 3390 vivat
1372 3352 1504 3391 caro
1528 3347 1758 3393 vestra?

160 3407 345 3457 Deum
394 3389 651 3469 quaerite,
696 3411 754 3457 et
786 3389 943 3457 vivet
984 3389 1178 3458 anima
1206 3389 1420 3463 vestra.
1444 3389 1756 3465 ﬁndet—ioc
1788 3389 1836 3463 C

161 3478 373 3542 probas
392 3480 419 3527 ‘t

221 3547 308 3602 34.
349 3548 623 3607 Quoniam
665 3549 943 3598 exaudivit
983 3564 1246 3614 pauperes
1294 3555 1580 3607 Dominus.
1646 3558 1761 3608 Nec

159 3620 477 3693 exaudivit,
524 3620 637 3693 nisi
677 3632 977 3684 pauperes.
1022 3623 1079 3671 Si
1114 3624 1204 3674 vis
1244 3627 1523 3688 exaudiri,
1550 3640 1764 3693 pauper

158 3696 301 3743 esto.
352 3691 477 3742 Noli
514 3692 622 3755 (Ex
661 3693 910 3755 August.)
947 3693 1019 3744 de
1064 3698 1117 3745 te
1140 3707 1510 3761 praesumere,
1535 3691 1641 3750 nec
1661 3691 1765 3750 ali-

161 3764 298 3827 quid
323 3774 600 3827 quaarere,
638 3769 848 3827 praeter
880 3766 1065 3816 Deum
1093 3772 1276 3818 tuum.
1309 3770 1364 3819 Si
1391 3776 1655 3833 peccator
1680 3784 1760 3824 es.

160 3847 278 3887 non
312 3834 441 3886 ideo
481 3835 770 3899 desperes.
801 3836 872 3885 Et
911 3838 1111 3887 vinctos
1143 3854 1282 3902 suos,
1309 3841 1369 3890 in
1394 3842 1640 3905 peccatis
1670 3855 1767 3906 per

162 3918 295 3970 qum
316 3906 652 3958 viderentur
676 3908 963 3971 repudiari
985 3922 1019 3961 a
1034 3912 1171 3974 Deo,
1197 3911 1325 3959 Non
1346 3912 1604 3976 despexit.
1631 3913 1763 3964 lllos

161 3980 392 4031 vinctos
415 3991 533 4029 non
552 3979 794 4048 despicit
816 3981 993 4044 Deus,
1020 3984 1117 4044 qui
1143 3982 1231 4032 sui
1257 3987 1411 4041 sunt,
1450 3983 1510 4034 id
1533 3988 1638 4044 est,
1666 3986 1763 4048 qui

161 4062 262 4115 per
297 4050 699 4114 pmnitentiam
721 4046 780 4101 et
800 4052 1252 4104 satisfactionem
1278 4066 1413 4104 eum
1446 4046 1763 4117 requirunt.

224 4120 311 4175 35.
337 4123 479 4183 Quia
495 4126 725 4186 propter
740 4123 982 4171 Laudent
999 4124 1155 4172 illum
1176 4124 1287 4173 caeli
1310 4132 1354 4174 et
1379 4130 1602 4183 terra,et
1617 4142 1766 4176 mare

161 4199 208 4242 et
230 4194 422 4243 omnia
449 4194 668 4258 reptitia
709 4195 771 4243 in
801 4195 891 4246 eis.
928 4196 1131 4259 Homo,
1158 4196 1451 4248 rationalis
1486 4203 1765 4259 creatura,

161 4265 359 4318 laudet
378 4266 581 4329 Deum,
601 4270 657 4316 et
674 4279 774 4329 per
792 4266 1088 4318 hominem
1105 4270 1295 4319 omnis
1319 4274 1604 4321 creatura:
1624 4283 1764 4334 quo-

163 4340 321 4391 niam
345 4338 488 4402 ipsre
534 4339 754 4402 species
791 4345 850 4391 et
888 4343 1141 4393 materiae
1166 4354 1357 4393 rerum
1382 4348 1521 4394 sunt
1548 4343 1765 4393 homini

164 4423 390 4473 caussa,
418 4415 482 4461 ut
509 4410 630 4475 ipse
646 4411 843 4463 laudet
859 4419 1155 4465 auctorem
1170 4420 1229 4466 et
1243 4414 1596 4467 Salvatorem
1613 4430 1762 4463 suum

166 4486 352 4546 Quare
375 4482 611 4534 laudent
633 4485 660 4532 '"t

226 4555 315 4610 36.
342 4554 615 4613 Quoniam
645 4554 783 4603 Deus
805 4555 1013 4605 salvam
1027 4557 1188 4619 faciet
1213 4557 1366 4621 Sion,
1383 4557 1551 4623 idest,
1580 4556 1770 4609 Eccle-

168 4627 317 4679 siam
349 4628 551 4690 Deum,
579 4626 992 4694 speculantem,
1017 4630 1189 4681 modo
1220 4642 1320 4693 per
1342 4630 1535 4691 fidem,
1558 4630 1766 4681 deinde

164 4699 653 4763 contemplantem
685 4712 785 4763 per
827 4703 1073 4764 speciem
1107 4701 1182 4765 (1.
1211 4701 1331 4752 Cor.
1359 4699 1483 4765 13.).
1517 4702 1584 4751 Et
1605 4702 1769 4765 αεάίίί-

1858 619 2006 743 Delus
2042 621 2101 670 in
2129 632 2197 672 eo
2225 618 2288 682 (1.
2315 619 2478 670 Joan.
2507 620 2596 683 4.).
2625 622 2729 673 Hic
2754 628 2846 673 est
2875 625 3026 688 linis,
3053 626 3179 679 limo
3202 632 3292 680 est
3326 618 3455 682 hea-

1858 704 1913 743 re
1956 706 1973 742 1
2002 705 2085 743 as.

1852 704 2085 744 reditas.

2141 754 2505 819 TITULUS
2542 756 2864 821 PSALMI
2908 756 3148 823 LXIX.

1917 848 1961 894 ‘l.
1984 846 2228 914 Sequitur
2253 848 2432 893 titulus
2457 848 2509 893 in
2534 849 2635 894 alio
2662 848 2875 914 psalmo,
2903 848 2964 914 In
2986 850 3169 914 finem,
3199 850 3452 901 Psalmus

1856 906 2030 974 David
2064 911 2121 974 in
2144 914 2586 974 remoram-altoque
2610 906 2673 957 eoi
2692 910 2837 973 quod
2858 906 3069 959 salvum
3092 906 3175 961 me
3196 914 3320 974 fecit
3345 915 3453 964 Do-

1854 968 2065 1036 mi_nus._
2077 971 2132 1036 _ln
2148 971 2330 1029 finem,
2344 974 2393 1017 id
2408 978 2500 1036 est,
2513 972 2564 1017 in
2578 968 2827 1020 Christum
2846 988 2934 1021 nos
2947 976 3097 1021 mittit
3114 968 3207 1023 iste
3224 979 3451 1036 psalmus

1854 1033 1943 1098 qui
1958 1032 2246 1098 attribuitur
2266 1035 2493 1091 Dil\’ltl,it.l
2510 1041 2599 1093 est,
2614 1037 2771 1081 eidem
2788 1038 3110 1095 Ciiristo,sive
3123 1032 3332 1086 cuilibet
3345 1042 3452 1098 jus-

1859 1100 1904 1161 to
1921 1094 1972 1161 in
1994 1095 2314 1161 tribulatione
2332 1100 2511 1161 posito,
2528 1098 2587 1161 in
2606 1100 3063 1161 rememoratione,
3087 1102 3136 1147 id
3155 1108 3245 1161 est,
3264 1103 3316 1148 in
3335 1094 3452 1149 con-

1857 1157 2158 1225 sideratione
2177 1160 2683 1225 rememorationis,eo
2701 1160 2844 1223 quod
2858 1162 3017 1221 (inqui
3030 1157 3273 1213 ti'satvum
3290 1163 3416 1225 meft
3434 1187 3455 1199 -

1857 1218 1925 1265 cit
1946 1217 2224 1286 Dominus.
2247 1222 2588 1286 Memorenim
2608 1217 2903 1269 salvationis
2921 1217 2967 1269 et
2987 1226 3155 1286 etiam,
3175 1217 3418 1274 beneficio
3434 1254 3448 1262 -

1857 1294 1990 1340 rum,
2013 1284 2266 1347 qumDous
2284 1284 2497 1331 contulit
2516 1286 2706 1331 mundo
2723 1286 2873 1347 (sicut
2894 1286 2945 1332 in
2966 1288 3065 1333 alio
3077 1284 3269 1346 psalmo
3282 1302 3450 1336 monsv

1859 1348 2039 1390 tratum
2052 1346 2139 1405 est)
2153 1346 2177 1393 ?
2194 1358 2398 1393 securus
2419 1348 2539 1407 petit
2556 1348 2777 1409 liberari,
2796 1349 2909 1394 licet
2925 1351 3097 1396 multis
3113 1352 3262 1398 malis
3276 1365 3453 1410 urgea-

1858 1419 1952 1461 tur.
1970 1416 2182 1473 Estergo
2412 1419 2466 1464 in
2488 1419 2578 1465 hoc
2598 1418 2791 1476 psalmo
2820 1431 2917 1465 vox
2948 1420 3298 1468 tribulatorum
3326 1423 3455 1468 inter

1855 1486 2112 1551 passiones
2128 1490 2539 1551 periclitantium,
2556 1490 2640 1536 sed
2653 1489 2714 1536 de
2730 1503 2823 1536 suo
2836 1492 2995 1549 capite
3009 1493 3449 1549 praesumentium.

1854 1549 1954 1606 Ipsi
1966 1554 2082 1594 sunt
2095 1552 2298 1596 materia
2312 1549 2569 1609 psalmiJn
2583 1553 2743 1610 prima
2756 1558 2890 1611 parte
2902 1554 3194 1611 postulante
3206 1555 3301 1601 Deo
3311 1567 3454 1602 suam

1856 1611 2222 1673 liberationem,
2251 1614 2432 1660 deinde
2457 1616 2860 1673 persequentium
2883 1617 3281 1666 conversionem.
3301 1619 3355 1663 In
3372 1631 3450 1663 se-

1854 1673 2020 1719 cunda
2036 1674 2259 1721 exultant
2278 1677 2329 1722 in
2347 1678 2621 1734 Domino,et
2638 1680 2963 1735 magniticant
2976 1691 3110 1727 eum.
3132 1680 3200 1725 Ad
3215 1681 3449 1725 ultimum

1856 1740 2189 1793 paupertatem
2209 1744 2525 1795 etegcstatem
2544 1752 2684 1784 suam
2699 1741 3065 1800 commendant,
3085 1741 3145 1787 ad
3164 1744 3449 1799 exemplum

1854 1805 2142 1845 czetcrorum
2174 1802 2249 1847 :ét
2274 1802 2456 1847 exinde
2479 1802 2678 1859 adjutos
2709 1816 2736 1846 a
2764 1803 2854 1847 Deo
2879 1816 2929 1847 se
2956 1802 3236 1863 insinuant,
3263 1810 3309 1849 et
3332 1804 3452 1848 libe-

1853 1868 1999 1906 ratos.
2033 1863 2303 1909 Intentlunt
2326 1870 2487 1909 autem
2507 1865 2775 1919 exhortari,
2802 1878 3047 1924 quosque,
3078 1872 3129 1911 ut
3153 1870 3455 1910 convertan-

1861 1927 1940 1968 tur
1978 1924 2038 1969 ad
2083 1926 2251 1985 Deum,
2295 1930 2341 1970 et
2377 1939 2579 1972 securos
2616 1926 2819 1971 reddere
2858 1928 2917 1971 (le
2958 1932 3141 1973 aalerno
3178 1929 3327 1987 bono,
3363 1933 3453 1972 etsi

1861 1992 2179 2043 urgeantura
2202 1989 2366 2046 malis,
2392 1995 2541 2046 atque
2565 1989 2618 2033 in
2646 1988 2725 2033 bis
2751 2001 2852 2033 non
2886 1988 3143 2049 diffidere,
3180 1991 3265 2035 sed
3287 1990 3456 2035 omni-

1859 2050 2071 2105 potentis
2092 2050 2174 2094 Dei
2202 2052 2509 2107 atijutorium
2534 2051 2782 2098 invocare.
2800 2051 3079 2097 Audiamus
3102 2065 3204 2111 eos,
3225 2058 3458 2110 alquee.—

1858 2112 1987 2157 fectu
2014 2113 2179 2158 cordis
2199 2114 2552 2171 unusquisque
2571 2120 2794 2158 nostrum
2817 2113 2967 2173 dicat,
2984 2114 3119 2172 quod
3145 2116 3393 2173 sequitur.

2310 2189 2696 2252 PSALMUS
2760 2189 2998 2252 LXIX.

1918 2275 1969 2330 2.
2005 2277 2161 2336 Deus,
2205 2279 2267 2327 in
2298 2278 2639 2341 adjutorium
2662 2293 2841 2326 meum
2864 2279 3100 2329 intende.
3127 2279 3354 2328 Domine
3386 2281 3459 2329 ad

1856 2348 2235 2411 adjuvandum
2258 2363 2341 2396 me
2362 2349 2577 2410 festina.
2597 2350 2683 2399 Tu
2707 2350 2806 2413 qui
2830 2362 2893 2400 es
2918 2351 3074 2400 Deus
3099 2355 3157 2400 et
3176 2351 3458 2401 Dominus

1857 2433 2039 2481 meus,
2081 2423 2299 2470 creator
2331 2424 2386 2471 et
2430 2422 2783 2483 gubernator
2826 2433 2990 2471 meus
3023 2422 3084 2469 in
3111 2421 3457 2484 adjutorium

1856 2492 2261 2539 meuminlende
2280 2492 2720 2543 misericorditer
2743 2507 2755 2542 :
2779 2492 2871 2555 ad)
2885 2505 2997 2543 uva
3010 2494 3318 2541 festinanter.
3348 2496 3459 2542 Pri-

1857 2576 2015 2612 mum
2030 2563 2246 2625 inspice
2258 2563 2573 2614 instantem
2587 2564 3024 2614 necessitatem:
3044 2565 3226 2612 deinde
3237 2566 3456 2612 accelera

1856 2634 2052 2684 auxilii
2063 2635 2679 2685 consolationemCum
2694 2634 2909 2691 dicit,In
2924 2635 2996 2683 ad
2991 2634 3164 2697 jutori
3172 2650 3262 2683 um
3276 2648 3457 2684 meum

1858 2705 2111 2756 ostendit
2139 2720 2199 2755 se
2223 2704 2442 2769 aliquid
2478 2708 2697 2769 operari
2722 2718 2819 2769 per
2852 2706 3098 2756 liberum
3135 2707 3455 2770 arbitrium,

1857 2781 1914 2827 et
1935 2778 2076 2841 petit
2099 2777 2363 2827 divinum
2386 2777 2666 2827 auxilium
2687 2777 2759 2827 ad
2784 2777 3227 2841 cooperandum.
3249 2779 3460 2829 Contra

1857 2861 2058 2899 omnes
2078 2848 2461 2899 adversitates
2487 2853 2546 2899 et
2568 2849 2919 2899 tentationes
2943 2848 3225 2900 dicendus
3251 2851 3460 2901 estiste

1858 2918 2199 2971 versiculus.
2236 2921 2303 2969 Et
2341 2931 2472 2970 cum
2498 2919 2858 2979 tribulamur,
2885 2924 2944 2970 et
2972 2932 3104 2970 cum
3136 2931 3459 2983 operamur,

1858 2990 2052 3041 divino
2073 2989 2353 3053 adjutorio
2366 3002 2749 3053 semperopus
2766 2989 2842 3039 ha
2855 2990 3078 3040 bemus.
3098 2991 3317 3042 Deinde
3337 2996 3463 3043 orat

1859 3062 2033 3114 etiam
2052 3074 2154 3125 pro
2182 3062 2664 3124 persecutoribus,
2691 3074 2823 3111 cum
2849 3061 3154 3125 subjungit
3179 3077 3192 3112 :

1921 3132 1971 3187 3.
2012 3132 2438 3194 Confundantur
2458 3132 2529 3183 de
2554 3132 2819 3196 peccatis,
2838 3138 2882 3181 et
2897 3138 3260 3197 revereantur,
3277 3133 3335 3185 id
3348 3139 3458 3199 est,

1858 3204 2099 3256 timeant
2111 3208 2164 3255 te
2182 3203 2453 3267 judicem,
2471 3205 2566 3268 qui
2590 3209 2837 3268 quaerunt
2848 3204 3099 3253 animam
3110 3219 3305 3255 meam.
3321 3207 3463 3257 sub-

1860 3276 2028 3327 audis
2050 3275 2121 3326 ad
2149 3275 2505 3339 perdendum
2531 3288 2675 3327 eam.
2695 3277 2834 3328 Haec
2855 3288 2969 3327 vox
2989 3277 3214 3340 proprie
3226 3277 3300 3328 ad
3318 3290 3463 3329 mai-

1861 3352 2017 3411 tyres
2047 3348 2308 3409 pertinet,
2342 3346 2443 3410 qui
2471 3345 2545 3397 ad
2584 3347 2694 3398 hoc
2722 3348 3149 3411 qumrebantur,
3169 3351 3230 3398 ut
3246 3348 3465 3400 occide-

1860 3424 2076 3471 rentur.
2091 3421 2158 3469 Et
2175 3432 2309 3469 cum
2325 3424 2491 3471 orant
2514 3432 2617 3484 pro
2637 3420 2757 3471 suis
2775 3419 3044 3483 inimicis,
3058 3420 3462 3483 perfectionem

1859 3492 2029 3542 nobis
2050 3489 2351 3542 insinuant
2374 3492 2652 3543 caritatis.
2677 3492 2908 3555 Diligite
2935 3491 3144 3554 (inquit
3167 3492 3466 3555 Dominus)

1861 3562 2123 3613 inimicos
2151 3567 2395 3614 vestros.
2425 3564 2501 3613 Be
2513 3562 2753 3614 nefacite
2792 3562 2905 3625 his,
2932 3564 3031 3625 qui
3055 3562 3300 3614 oderunt
3322 3576 3429 3616 vos
3456 3577 3468 3614 :

1863 3638 1922 3685 et
1945 3639 2104 3685 orate
2129 3647 2229 3698 pro
2253 3635 2739 3698 persequentibus
2765 3639 2824 3685 et
2847 3634 3334 3686 calumniantibus
3367 3646 3471 3688 vos

1863 3705 2052 3769 (Marc.
2078 3703 2173 3767 5.).
2202 3707 2334 3757 Ideo
2351 3706 2540 3757 adhuc
2565 3706 2829 3757 subditur
2855 3721 2867 3755 :

1927 3777 1978 3831 4.
2002 3778 2334 3826 Avertantur
2376 3783 2672 3826 retrorsum
2702 3784 2747 3826 et
2784 3776 3111 3839 erubescant,
3145 3777 3244 3840 qui
3287 3774 3473 3827 volunt

1864 3848 2007 3896 mihi
2040 3846 2207 3896 mala.
2236 3846 2426 3897 Primo
2460 3846 2570 3897 fuit
2604 3847 2709 3909 (Ex
2730 3848 3050 3908 Augustino)
3078 3848 3328 3909 impetus
3351 3860 3472 3911 per-

1866 3917 2260 3980 sequentium:
2289 3918 2462 3967 modo
2488 3917 2766 3967 remansit
2789 3916 3188 3967 malevolentia
3211 3917 3471 3979 cogitan-

1865 3990 2027 4040 tium.
2053 3989 2335 4052 Tempora
2353 3992 2491 4037 sunt
2513 3987 2573 4037 in
2591 3987 2847 4037 Ecclesia
2857 3987 3253 4049 persecutione
3267 3988 3468 4039 distin-

1866 4065 1974 4111 cta.
2002 4062 2215 4111 Factus
2241 4064 2329 4110 est
2350 4059 2602 4123 impetus
2626 4059 2684 4108 in
2709 4058 3037 4119 Ecciesiam,
3054 4058 3287 4120 quando
3304 4071 3468 4123 reges

1866 4136 1923 4182 et
1952 4132 2239 4196 principes
2270 4130 2762 4194 persequebantur
2782 4141 2928 4179 eam.
2955 4129 3330 4181 Crediderunt
3349 4130 3431 4181 illi
3457 4145 3469 4181 :

1867 4202 2003 4254 data
2021 4208 2110 4254 est
2132 4214 2246 4267 pax
2272 4201 2566 4264 Ecclesiae,
2599 4202 2696 4252 sed
2722 4213 2837 4251 non
2858 4200 3023 4251 deest
3043 4199 3307 4252 fremitus
3341 4214 3471 4266 per-

1867 4279 2202 4326 secutorum
2230 4287 2242 4324 :
2282 4273 2536 4337 impetus
2578 4277 2773 4323 tamen
2805 4284 2944 4323 suos
2969 4271 3042 4325 ad
3069 4272 3473 4333 COgitationem

1867 4350 2183 4398 verterunt.
2212 4345 2443 4397 Dictum
2465 4348 2553 4395 est
2578 4344 2648 4396 de
2672 4343 2765 4395 his
2786 4344 3140 4408 temporibus
3158 4345 3424 4396 Ecclesiae
3457 4360 3469 4396 :

1865 4421 2134 4470 Peccator
2144 4417 2360 4468 videbit
2382 4420 2439 4467 et
2462 4416 2744 4466 irascetur
2763 4414 3035 4465 dentibus
3054 4414 3178 4466 suis
3197 4414 3399 4467 fremet
3415 4420 3474 4468 et

1866 4491 2127 4541 tabescet
2164 4488 2327 4551 (Psat.
2348 4486 2509 4549 114.).
2537 4490 2641 4538 Pro
2666 4486 2759 4537 his
2780 4492 2903 4537 orat
2929 4493 3163 4549 martyr,
3181 4486 3473 4548 quomodo

1868 4565 1927 4613 et
1950 4574 2052 4625 pro
2076 4559 2205 4623 illis,
2231 4564 2297 4609 ut
2320 4564 2637 4609 retrorsum
2660 4560 3012 4619 avertantur,
3037 4557 3205 4620 idest,
3237 4558 3476 4611 credant

1867 4633 1927 4684 in
1940 4631 2231 4683 Christum
2248 4634 2305 4681 et
2324 4634 2661 4692 sequantur.
2690 4629 2736 4677 Ε
2738 4627 3019 4677 rubescunt
3042 4630 3216 4681 etiam
3238 4631 3309 4682 de
3326 4645 3475 4684 com-

1870 4704 2065 4754 missis
2077 4702 2350 4767 peccatis,
2367 4702 2637 4751 Peccator
2648 4700 2802 4752 enim
2816 4704 2872 4751 et
2881 4701 3192 4764 paenitens,
3210 4714 3325 4766 quo
3343 4705 3473 4768 plus

164 4770 437 4821 cabuntur
464 4772 702 4819 civitates
736 4771 909 4834 Judte,
949 4772 1006 4823 id
1030 4776 1139 4837 est,
1164 4774 1377 4825 animae
1400 4786 1505 4824 sua
1533 4778 1767 4837 peccata
1796 4769 1849 4840 Ι)
1870 4775 2052 4828 defert
2081 4772 2443 4826 verecundiae
2477 4772 2549 4823 de
2585 4771 2975 4824 recordatione
3000 4772 3208 4835 dilecti,
3240 4787 3305 4826 eo
3336 4774 3473 4829 ube-

167 4842 523 4895 confitentes.
549 4844 785 4894 Initium
802 4845 1084 4895 bonorum
1108 4850 1199 4896 est
1210 4845 1498 4896 confessio
1515 4850 1767 4908 peccato-

169 4927 320 4966 rum.
344 4916 416 4966 Et
434 4916 634 4978 justus
655 4917 713 4965 in
730 4916 1007 4980 principio
1028 4920 1330 4968 accusator
1354 4922 1445 4968 est
1478 4918 1569 4967 sui
1590 4916 1775 4979 (Prov-

172 4988 299 5050 18.).
327 4987 577 5037 Primum
603 4999 739 5050 ergo
765 4987 979 5038 debent
1003 4988 1267 5039 homines
1290 4988 1443 5040 mala
1464 5001 1572 5039 sua
1593 4989 1773 5038 confi-

171 5060 299 5117 teri,
322 5064 496 5121 atque
516 5059 771 5109 moribus
786 5060 846 5109 in
858 5060 1067 5109 melius
1083 5061 1452 5111 commutari:
1473 5064 1531 5111 et
1547 5062 1631 5111 sic
1647 5062 1773 5107 tedi-

172 5134 504 5183 ﬂcabuntur
527 5132 587 5181 in
610 5130 839 5182 civitate
854 5131 975 5192 Dei,
995 5130 1148 5183 unde
1170 5132 1429 5195 psalmus
1451 5132 1775 5183 intitulatur

170 5216 277 5271 pro
316 5205 427 5266 his,
462 5203 695 5266 scilicet,
728 5202 829 5265 qui
853 5204 1378 5255 commutabuntur.
1406 5204 1473 5252 Et
1498 5203 1776 5253 inhabita-

170 5281 308 5329 bunt
333 5276 423 5339 ibi,
450 5276 507 5327 id
532 5281 640 5337 est,
664 5276 724 5326 in
748 5277 843 5326 illa
869 5277 1037 5326 beata
1060 5275 1313 5338 civntate,
1338 5278 1398 5326 in
1428 5276 1522 5327 illa
1546 5276 1775 5327 excelsa

174 5353 327 5405 Sion.
342 5351 409 5399 Et
429 5363 544 5402 non
565 5349 639 5400 ad
656 5350 873 5410 horam,
892 5350 992 5399 sed
1018 5348 1320 5396 haereditate
1340 5350 1621 5412 acquirent
1636 5363 1773 5399 eam.

175 5428 248 5479 Ut
290 5423 627 5488 possideant
658 5420 814 5472 illam
849 5421 908 5471 in
941 5425 1224 5471 aeternum
1250 5438 1260 5467 :
1288 5424 1343 5470 et
1367 5433 1482 5470 non
1508 5434 1625 5471 una
1652 5420 1774 5471 sola

175 5497 469 5564 generatio
494 5495 802 5557 justorum,
842 5491 942 5543 sed
984 5505 1081 5554 per
1114 5503 1317 5564 omnes
1352 5492 1772 5542 successiones.

236 5569 325 5625 37.
353 5568 413 5617 Et
438 5581 614 5617 semen
634 5579 910 5614 servorum
932 5564 1064 5628 ejus,
1088 5564 1256 5623 idest,
1282 5563 1413 5613 ﬁdei
1437 5564 1771 5620 imitatores.

178 5639 457 5708 possidebit
474 5654 609 5688 eam.
639 5640 707 5688 Et
726 5637 861 5700 quia
881 5636 1026 5687 iides
1050 5636 1171 5686 sine
1195 5635 1501 5708 dilectione
1515 5648 1632 5686 non
1650 5638 1778 5684 valet

180 5707 378 5780 (Jacob.
405 5710 498 5775 2.),
523 5711 802 5762 continuo
825 5708 1037 5771 adjecit
1061 5726 1071 5755 :
1104 5708 1170 5755 Et
1193 5708 1291 5771 qui
1314 5707 1551 5770 diligunt
1581 5721 1777 5780 nomen

182 5779 312 5853 ejus,
361 5783 681 5835 habitabant
727 5782 788 5830 in
823 5796 903 5830 ea.
938 5780 1045 5842 Qui
1086 5791 1203 5829 non
1228 5791 1301 5829 ex
1328 5780 1548 5853 timore.
1576 5779 1776 5853 sedex

180 5850 376 5912 amOre
407 5857 664 5909 serviunt
699 5856 832 5905 Deo.
859 5854 972 5917 Ipsi
996 5857 1134 5903 sunt
1163 5863 1380 5911 semen,
1404 5855 1463 5901 et
1486 5850 1593 5915 ipsi
1618 5850 1781 5901 inha-

187 5931 528 5984 bitabuntin
556 5941 641 5992 ea,
667 5932 947 5990 tanquam
969 5929 1029 5976 in
1052 5924 1387 5975 hazreditate
1422 5936 1545 5974 sua.
1576 5920 1779 5974 Nullus

184 6004 263 6057 ibi
292 6002 677 6066 haereditabit,
709 6000 823 6053 nisi
851 6011 951 6064 per
982 5995 1365 6049 dilectionem.
1389 5996 1548 6047 Deus
1581 5997 1671 6046 est
1693 5992 1783 6045 di-

1872 4847 2078 4898 riorem
2099 4857 2134 4896 a
2165 4846 2407 4896 Domino
2434 4848 2685 4895 meretur
2700 4844 2963 4907 gratiam.
2981 4847 3019 4895 N
3030 4858 3179 4897 onne
3192 4846 3318 4898 hanc
3334 4859 3478 4910 pree-

1874 4918 2004 4969 tulit
2028 4917 2395 4975 Publicanus,
2424 4916 2523 4979 qui
2544 4928 2651 4967 nec
2676 4916 2924 4968 audebat
2947 4916 3146 4970 oculos
3167 4918 3241 4969 ad
3266 4920 3476 4972 caelum

1870 4989 2097 5041 levare?
2113 4988 2611 5051 ldeojustificatur
2631 4989 2819 5052 magis
2843 4989 3061 5040 Domini
3074 4988 3309 5053 iudicio,
3323 5005 3474 5051 quam

1873 5060 1965 5112 ille
2005 5060 2349 5122 Phariszeus,
2391 5072 2566 5123 quem
2600 5060 2936 5111 deformavit
2968 5061 3302 5123 prmsumtio
3332 5062 3476 5125 (Luc.

1874 5132 2000 5196 18.).
2025 5133 2356 5181 Averlantur
2377 5132 2563 5181 statim
2586 5132 2953 5194 erubescentes,
2982 5132 3080 5194 qui
3104 5131 3289 5181 dicant
3313 5135 3477 5199 mihi,

1875 5206 2041 5268 Euge,
2066 5204 2232 5266 Euge.
2264 5203 2435 5265 Idest,
2472 5205 2641 5263 Bene,
2667 5204 2830 5253 bene.
2855 5202 3124 5253 Similiter
3145 5208 3478 5258 avertantur

1874 5276 1952 5327 illi
1975 5276 2385 5327 erubescentes
2411 5274 2483 5325 de
2506 5274 2677 5324 malis
2705 5273 2845 5331 suis,
2872 5273 2971 5336 qui
2994 5274 3301 5325 adulantur
3317 5276 3475 5330 mihi.

1876 5350 1944 5398 Et
1963 5347 2071 5398 hoc
2094 5346 2295 5409 statim,
2323 5350 2388 5396 ut
2410 5358 2611 5395 eorum
2628 5356 2927 5395 conversm
2952 5357 3071 5395 non
3094 5351 3363 5398 moretur.
3379 5350 3476 5401 Fa-

1876 5422 1980 5471 cile
2010 5420 2161 5470 enim
2185 5418 2527 5468 emendatur
2544 5416 2729 5479 culpa,
2745 5428 2878 5479 quae
2900 5416 3011 5467 cito
3028 5418 3343 5480 corrigitur.
3371 5421 3475 5474 His

1879 5494 2058 5544 tribus
2080 5490 2342 5541 versibus
2370 5490 2477 5539 tria
2500 5499 2714 5550 genera
2739 5494 3175 5551 persecutorem
3190 5502 3478 5545 commen-

1878 5566 2104 5619 dantur,
2148 5561 2205 5612 id
2235 5566 2338 5623 est,
2374 5558 2787 5623 malefactores,
2819 5559 3083 5612 malevoli
3111 5563 3437 5616 adulatores
3464 5583 3474 5615 :

1878 5647 2122 5700 quorum
2148 5637 2394 5699 primum
2418 5633 2677 5696 titopere,
2701 5634 2943 5683 alterum
2960 5635 3279 5698 cogitatione,
3299 5633 3351 5703 3
3360 5634 3412 5703 3
3422 5635 3474 5704 5

1880 5709 2110 5759 tertium
2133 5707 2435 5758 locutione.
2472 5704 2570 5755 His
2594 5704 2777 5755 tribus
2802 5706 2995 5756 modis
3011 5705 3479 5771 affligiturcorpus

1879 5780 2105 5831 Christi.
2132 5778 2378 5843 Reprobi
2402 5776 2553 5829 enim
2577 5776 2726 5827 mala
2750 5789 2881 5841 quae
2906 5785 3170 5845 possunt,
3194 5779 3360 5833 bonis
3383 5783 3476 5833 in-

1878 5850 2023 5902 ferre
2033 5863 2150 5902 non
2168 5850 2477 5902 desistunt.
2498 5851 2567 5900 Et
2582 5861 2715 5900 cum
2732 5862 2851 5901 non
2866 5856 3116 5915 possunt
3131 5856 3323 5904 malum
3339 5855 3474 5917 quod

1880 5922 2086 5974 volunt
2108 5934 2426 5987 agere,non
2450 5926 2684 5975 cessant
2706 5920 2847 5974 illud
2877 5923 3185 5988 cogitando
3210 5930 3475 5980 tractare.

1880 5995 1950 6044 Et
1971 6006 2322 6049 cumnocere
2345 6006 2463 6049 non
2486 5995 2799 6058 valent,aut
2818 6008 2936 6049 non
2958 5996 3478 6063 audentinaperto-
