3884 6398
430 411 530 468 931

1490 410 1757 463 RUFINO
1789 409 2249 463 PRESBYTERO
2281 409 2666 463 ASCRIPTUS

3628 412 3737 469 932

431 527 650 599 faciunt
681 526 835 599 quod
862 527 1136 599 possunt,
1171 523 1517 599 simulando,
1563 522 1869 599 adulando,
1901 523 2026 575 lau-
2056 528 2112 599 Α
2138 523 2237 599 vel
2250 539 2381 599 _n_on
2408 523 2722 599 confundor
2754 522 2816 599 in
2849 528 3123 599 aeternum.
3172 525 3565 599 Recedendoa
3596 529 3735 586 Deo.

433 598 641 658 dando,
659 596 1017 647 attrahendo.
1039 595 1140 645 Isti
1165 599 1304 645 sunt
1322 596 1419 657 qui
1443 595 1661 655 dicunt,
1693 596 1859 658 Euge,
1877 611 2025 658 euge:

433 669 531 732 qui
560 681 708 731 quos
736 668 996 729 possunt,
1022 664 1181 714 falsis
1204 664 1473 716 laudibus
1499 666 1799 717 seducunt.
1818 667 1922 715 Pro
1940 666 2030 716 his

436 744 629 791 tamen
666 743 789 788 orat
820 736 1089 798 Ecclesia,
1115 741 1181 787 ut
1214 741 1647 799 convertantur,
1673 742 1729 789 et
1753 738 1852 788 fiat
1876 736 2029 800 quod

434 811 811 872 subjunctum
836 812 956 858 est:

487 880 537 934 5.
566 879 866 939 Emsutleni,
906 877 1230 929 secundum
1274 890 1499 943 corpus,
1548 883 1594 928 et
1641 880 1900 937 laetentur,
1946 894 2030 932 se-

426 950 683 1002 cundum
727 949 983 1000 animam
1016 961 1145 999 non
1166 949 1227 999 in
1253 962 1315 1000 se
1338 948 1669 1013 gloriantes,
1699 951 1801 1002 sed
1824 951 1885 999 in
1910 955 1971 1015 te,
1997 963 2031 1002 a

426 1035 538 1086 quo
562 1021 778 1072 habent
800 1020 983 1071 laetari
1006 1025 1063 1071 et
1091 1018 1370 1083 exultare,
1389 1035 1570 1069 omnes
1584 1022 1681 1085 qui
1699 1027 1946 1085 quaerunt
1963 1022 2023 1071 le.

425 1096 568 1155 Quia
606 1091 700 1143 alii
723 1104 841 1142 non
871 1091 1089 1142 habent.
1124 1091 1183 1141 in
1220 1096 1273 1143 te
1301 1092 1482 1143 laetari
1512 1092 1601 1143 vel
1629 1094 1935 1145 exsultare.
1964 1095 2029 1142 Et

424 1164 605 1213 dicant
627 1178 850 1226 semper,
864 1163 1243 1225 mugniﬁcetur
1268 1162 1551 1211 Dominus.
1566 1165 1833 1215 Peccator
1844 1178 1907 1216 es
1924 1164 2031 1227 (Ea:

422 1234 746 1298 Augustino)
768 1236 795 1282 ?
819 1233 1237 1296 magnilicetur,
1256 1238 1322 1283 ut
1344 1237 1525 1284 vocet.
1553 1236 1709 1284 Conll
1720 1235 1853 1286 teris
1867 1239 1893 1284 εξ
1907 1246 2028 1285 ma-

423 1307 748 1370 gnilicetur,
773 1308 837 1354 ut
860 1304 1139 1365 ignoscat.
1157 1306 1314 1367 Jamj
1328 1310 1455 1355 uste
1467 1305 1614 1356 vivis
1631 1309 1652 1351 ?
1665 1310 2028 1367 magniticetur.

425 1383 490 1429 ut
516 1381 693 1441 regat.
722 1378 1056 1426 Perseveras
1084 1388 1269 1437 usque
1286 1376 1346 1426 in
1372 1375 1585 1426 tinem?
1608 1378 2028 1441 magnificetur,

421 1454 488 1500 ut
531 1448 825 1512 glorificet.
864 1449 1097 1511 Semper
1138 1460 1274 1510 ergo
1301 1448 1704 1510 magniﬁcetur
1727 1449 2029 1499 Dominus.

423 1520 545 1591 Hoc
566 1518 761 1591 dicant
772 1518 916 1580 justi
923 1532 957 1591 _:_
970 1519 1076 1591 hoc
1092 1518 1309 1577 dicant,
1324 1518 1423 1591 qui
1439 1523 1710 1580 quaerunt
1722 1531 1873 1591 eum.
1890 1521 2036 1591 Quis.

423 1590 555 1652 quis
596 1587 704 1638 hoc
748 1600 867 1638 non
906 1587 1060 1646 dicit,
1100 1600 1219 1639 non
1249 1589 1456 1651 qumrit
1493 1602 1644 1639 eum.
1670 1590 1875 1640 Dicant
1902 1589 2031 1653 hoc,

425 1664 526 1721 Qui
551 1663 789 1725 diligunt
813 1662 1053 1710 salutare
1078 1667 1253 1725 tuum,
1279 1663 1337 1713 id
1368 1668 1476 1725 est,
1502 1664 1708 1715 Filium
1736 1670 1918 1716 tuum.
1944 1666 2033 1715 Ab

421 1735 517 1786 illo
541 1740 632 1787 est
654 1737 807 1785 enim
830 1733 943 1785 illis
962 1735 1138 1795 salus,
1154 1748 1271 1786 non
1294 1747 1328 1787 a
1350 1750 1429 1787 se.
1458 1739 1572 1788 Nec
1593 1738 1767 1802 digne
1789 1742 2034 1802 possunt

420 1805 654 1857 laudare
684 1807 869 1856 Deum
903 1808 1145 1869 Patrem,
1186 1806 1285 1869 qui
1324 1820 1441 1857 non
1465 1807 1710 1869 diligunt
1734 1811 1917 1859 Deum
1937 1810 2033 1859 Fi-

421 1876 583 1933 lium.
612 1889 709 1940 per
730 1889 902 1938 quem
928 1876 1127 1927 salvati
1154 1881 1307 1927 sunt.
1327 1878 1547 1941 Dicant,
1575 1880 1916 1942 Magnificus
1938 1883 2027 1931 est

422 1948 721 2009 Dominus,
747 1946 843 2009 qui
879 1960 986 1997 nos
1012 1952 1127 1997 tam
1152 1953 1415 2010 potenter
1438 1950 1703 2001 salvavit.
1728 1952 1810 2002 De
1836 1964 1896 2002 se
1919 1963 2027 2002 au-

424 2026 539 2071 tem
563 2020 716 2069 dicat
742 2019 1145 2082 unusquisque
1176 2021 1330 2081 quod
1356 2021 1620 2071 subditur
1651 2038 1661 2069 :

484 2092 535 2144 b‘.
567 2091 679 2153 Ego
704 2104 822 2138 vero
845 2104 1054 2153 egenus,
1079 2090 1416 2141 mendicans
1443 2104 1632 2142 meam
1658 2091 1922 2153 salutem,
1942 2092 2027 2144 vel

420 2161 663 2211 aliorum
689 2175 701 2209 :
737 2159 781 2207 el
811 2174 1021 2223 pauper
1043 2174 1184 2223 sum,
1210 2160 1269 2211 id
1302 2166 1409 2223 est,
1436 2162 1791 2212 insuftlciens
1818 2175 1913 2223 per
1934 2174 2028 2213 me

422 2233 493 2283 ad
520 2245 646 2282 eam
669 2230 1089 2293 inquirendam.
1110 2233 1224 2281 Nec
1259 2237 1450 2283 tamen
1475 2234 1603 2284 ideo
1628 2234 1825 2284 difiido
1854 2250 1865 2283 :
1892 2247 2028 2284 nam

421 2303 558 2351 Deus
580 2302 936 2365 adjuvat-me:
969 2306 1034 2352 ut
1053 2304 1273 2365 possim
1296 2315 1470 2365 quam
1495 2303 1758 2355 desidero
1783 2304 2028 2356 salutem

418 2374 729 2438 possidere.
773 2372 864 2424 Sic
899 2372 1099 2435 utique
1130 2386 1239 2424 nos
1279 2375 1462 2424 Deum
1498 2374 1732 2426 laudare
1755 2376 1938 2439 decet,
1964 2382 2029 2427 ut

418 2458 552 2496 cum
575 2445 737 2495 illum
755 2448 923 2508 prout
946 2457 1259 2508 possumus
1282 2446 1840 2509 magnillcamus,nos
1854 2451 2029 2508 metip—

418 2529 513 2567 sos
537 2516 799 2567 intlrmos
824 2520 879 2565 et
903 2514 1137 2566 inutiles
1163 2515 1515 2578 judicemus.
1544 2516 1639 2567 Ille
1662 2519 1818 2568 enim
1841 2519 2028 2569 abun-

414 2586 577 2647 dans,
610 2600 716 2638 nos
758 2587 924 2650 egeni
955 2602 965 2634 :
995 2584 1086 2636 ille
1111 2586 1294 2648 dives,
1328 2600 1436 2638 nos
1463 2600 1765 2651 pauperes.
1789 2589 2026 2650 Quando

412 2657 540 2710 haec
566 2656 1057 2721 recognoscimus,
1084 2659 1141 2707 et
1167 2656 1237 2707 de
1259 2658 1429 2708 nobis
1453 2658 1802 2723 difﬁdentes,
1821 2660 1877 2710 in
1900 2661 2026 2724 ipso

407 2730 537 2780 solo
561 2728 939 2779 confidimus:
963 2730 1101 2777 tunc
1125 2739 1232 2777 nos
1250 2732 1545 2790 tamquam
1566 2742 1844 2794 pauperes
1857 2737 2026 2791 elege-

412 2813 519 2851 nos
557 2800 802 2863 adjuvat
838 2800 1011 2849 Deus.
1039 2798 1201 2850 Unde
1224 2800 1295 2849 ad
1320 2799 1512 2862 ipsum
1537 2801 1707 2864 cujus
1731 2802 1905 2852 habet
1925 2802 2024 2852 ad-

411 2872 709 2935 jutorium,
730 2869 1062 2920 familiarem
1081 2882 1143 2920 se
1159 2876 1508 2921 convertens
1521 2873 1874 2923 locutionem
1897 2875 2026 2923 sub-

408 2942 604 3008 jungit
629 2957 641 2992 :
669 2941 906 3003 Adjutor
928 2953 1095 3002 meus,
1121 2941 1180 2989 in
1219 2940 1404 3003 bonis,
1437 2946 1482 2990 et
1506 2941 1761 2991 liberator
1788 2958 1955 3003 meus,
1990 2956 2025 2994 a

416 3015 601 3075 malis,
627 3026 677 3060 es
702 3016 789 3060 tu:
811 3015 868 3061 et
891 3022 1009 3061 non
1032 3009 1200 3061 alius.
1225 3013 1294 3061 Et
1320 3012 1427 3061 hoc
1446 3016 1672 3063 tantum
1690 3014 1827 3064 mihi
1844 3019 2023 3066 restat

416 3090 603 3150 petere
646 3098 659 3135 :
691 3082 938 3145 Domine,
977 3096 1044 3130 ne
1066 3083 1293 3130 moreris
1318 3100 1328 3131 :
1359 3083 1461 3134 sed
1487 3084 1575 3135 fac
1599 3085 1747 3147 quod
1772 3087 2022 3137 facturus

418 3168 501 3219 es,
528 3152 792 3206 ducendo
827 3165 917 3204 me
949 3152 1009 3203 in
1047 3154 1285 3216 gloriam
1312 3158 1486 3205 tuam.
1518 3157 1582 3205 Et
1602 3155 1692 3206 hic
1716 3161 1911 3219 aperte
1933 3158 2023 3207 in—

414 3227 556 3279 nuit:
599 3238 662 3276 se
696 3236 1011 3276 memorem
1046 3224 1455 3275 beneﬁciorum
1490 3226 1611 3288 Dei,
1640 3226 1791 3277 sicut
1817 3228 2019 3279 titulus

414 3297 769 3363 pramotavit.
807 3294 1184 3360 Imploremus
1215 3300 1273 3347 et
1304 3309 1411 3346 nos
1446 3297 1675 3347 Domini
1708 3298 1811 3349 Dei
1835 3300 2017 3350 nostri

413 3369 760 3433 adjutorium
803 3371 861 3418 et
895 3366 1312 3427 liberationem,
1353 3371 1410 3417 et
1434 3366 1671 3432 gloriam
1699 3384 1710 3419 :
1748 3375 1919 3436 atque
1942 3383 2016 3422 ex

416 3443 532 3492 toto
552 3438 723 3491 corde
747 3437 1009 3488 dicamus
1032 3437 1129 3498 illi,
1158 3438 1404 3502 Domine,
1431 3453 1496 3487 ne
1519 3439 1764 3490 moreris.

720 3524 1084 3589 TITULUS
1139 3525 1454 3589 PSALMI
1498 3527 1702 3590 LXX.

477 3631 527 3689 1.
552 3626 778 3689 Psalmus
796 3626 1144 3689 quisequitur,
1162 3625 1251 3689 h_oc
1276 3627 1427 3689 modo
1442 3626 1730 3674 intitulatur
1752 3642 1763 3674 :
1786 3625 1839 3675 In
1852 3627 2017 3689 ﬁnem

412 3688 654 3753 psalmus
680 3686 874 3753 Dauid,
898 3688 1142 3753 ﬁliorum
1168 3687 1436 3753 Jonadab,
1453 3690 1760 3752 etpriorum
1779 3686 2017 3752 captivo-

413 3750 557 3799 rum.
575 3752 665 3797 ilic
684 3750 858 3795 titulus
877 3751 1033 3814 tangit
1052 3750 1329 3814 historiam,
1348 3750 1598 3810 quOmodo
1616 3750 1944 3798 ﬁliiJonadah
1962 3756 2013 3800 iu

414 3816 579 3874 prima
616 3813 901 3871 captivitate
925 3812 986 3876 in
1012 3812 1333 3871 Babyloniam
1355 3815 1491 3860 ducti
1514 3817 1633 3861 sunt
1654 3814 1868 3873 (Jercm.
1895 3816 1955 3864 35
1980 3816 2012 3876 ).

416 3878 607 3933 Quibus
619 3881 756 3934 pater
781 3874 1002 3922 Jonadab
1035 3878 1272 3934 praecepit
1298 3881 1353 3924 ut
1380 3890 1481 3923 non
1507 3877 1733 3923 biberent
1754 3878 1951 3939 vinum,
1970 3874 2016 3925 et

415 3942 468 3987 in
517 3940 848 3986 tabernaculis
881 3946 1215 3987 morarentur.
1258 3938 1481 3985 Jonadab
1519 3941 1608 3997 qui
1659 3938 2014 3997 interpretatur

411 4006 754 4064 spontaneus,
776 4002 1040 4047 Dominum
1056 4001 1309 4048 Christum
1327 4002 1562 4064 ﬁguravit
1580 4014 1593 4051 :
1612 4000 1700 4059 qui
1714 4002 1834 4064 filiis
1846 4004 2015 4050 etimi-

418 4062 653 4111 tatoribus
698 4064 804 4109 suis
829 4064 1081 4128 praecepit,
1118 4070 1172 4109 ut
1198 4077 1296 4128 non
1322 4064 1494 4108 bibant
1518 4063 1695 4128 vinum
1721 4062 1864 4128 (Luc.
1890 4066 2009 4128 21.),

413 4128 463 4174 id
488 4133 575 4184 est,
598 4133 804 4172 terrenas
822 4126 1066 4185 voluptati
1092 4138 1189 4170 non
1210 4125 1511 4172 inhaereant:
1529 4131 1575 4170 et
1599 4127 1652 4171 in
1680 4125 2013 4176 tabernaculis

411 4190 461 4235 id
485 4197 577 4246 est,
603 4190 654 4235 in
680 4189 861 4236 militia
884 4188 1080 4235 Domini
1101 4188 1324 4233 habitare
1337 4193 1679 4233 consuescant.
1700 4191 2013 4247 Spontaneus

409 4252 605 4299 Domini
629 4252 723 4298 fuit
752 4253 981 4299 Christus
1005 4250 1094 4308 qui
1134 4250 1345 4296 Domino
1372 4250 1501 4296 Patri
1528 4263 1687 4309 usque
1714 4253 1776 4298 ad
1807 4259 2015 4301 mortem

412 4316 568 4362 factus
593 4321 661 4361 est
685 4315 928 4362 obedieus
952 4309 1172 4375 (Philip.
1209 4313 1295 4372 2.).
1327 4312 1603 4371 Exponitur
1630 4321 1792 4361 autem
1807 4316 2014 4363 sictitu-

410 4389 491 4434 ius
518 4399 530 4433 :
576 4386 803 4432 Psalmus
834 4386 925 4431 iste
964 4382 1254 4429 attribuitur
1491 4382 1597 4445 ipsi
1622 4384 1817 4448 David,
1846 4389 1895 4433 id
1919 4394 2009 4451 est,

411 4458 626 4519 Christo,
665 4457 786 4516 quia
822 4454 1058 4519 Christus
1086 4454 1309 4519 loquitur
1332 4456 1385 4519 in
1412 4466 1505 4502 hoc
1528 4457 1738 4513 psalmo.
1766 4458 2009 4515 l’salmus,

410 4521 538 4585 dico,
561 4514 805 4581 ﬁliorum
820 4514 1090 4585 Jonadab,
1109 4517 1260 4585 idest,
1275 4518 1577 4585 imitatorum
1598 4520 1802 4581 Christi,
1814 4522 1933 4578 quia
1950 4514 2009 4567 ad

412 4584 673 4630 utilitatem
688 4595 860 4627 eorum
873 4581 1367 4644 agitgetprimorum
1377 4581 1862 4644 captivorum,quia
1873 4596 2010 4629 nunc

412 4646 506 4691 filii
535 4644 739 4699 Christi,
761 4644 903 4701 prius
918 4642 1012 4688 lilii
1030 4642 1184 4688 Adam
1200 4642 1252 4687 in
1267 4642 1550 4701 captivitate
1564 4658 1593 4690 a
1607 4642 1806 4692 diabOlo
1822 4646 2008 4704 captivi

410 4710 529 4754 sunt
552 4706 708 4754 ducti.
726 4707 847 4752 Nam
869 4717 971 4751 non
997 4705 1092 4750 fuit
1117 4705 1259 4767 prius
1281 4708 1357 4767 (ut
1379 4708 1449 4753 ait
1465 4708 1890 4767 Apostolus)quod
1909 4708 2008 4766 spi-

410 4768 593 4816 rltuale
614 4773 707 4828 est,
728 4768 814 4813 sed
826 4768 959 4825 quod
973 4766 1242 4828 animale(i
1256 4804 1267 4816 .
1288 4772 1404 4818 Cor.
1420 4772 1536 4829 15.).
1554 4766 1811 4815 Animales
1822 4770 2006 4829 quippe

409 4833 463 4878 in
487 4832 643 4877 Adam
662 4828 868 4890 fuimus,
898 4829 950 4891 in
975 4843 1123 4876 carne
1146 4831 1395 4880 viventes:
1426 4833 1481 4879 in
1502 4828 1696 4879 Christo
1713 4846 1829 4878 vero
1853 4828 2009 4891 spiri-

410 4891 589 4955 tunles,
636 4893 685 4938 id
725 4897 812 4952 est,
836 4890 1030 4955 spiritu
1071 4894 1312 4942 viventes.
1337 4896 1538 4942 Materia
1560 4900 1631 4940 est
1649 4895 1818 4951 justus
1841 4890 2008 4943 omnis

405 4953 614 5016 sperans
637 4956 691 5002 in
707 4953 935 5005 Domino.
967 4957 1025 5003 Et
1062 4957 1413 5004 describuntur
1446 4958 1601 5003 multa
1635 4957 1877 5004 beneficia
1903 4960 2004 5015 Dei,

406 5024 538 5067 circa
577 5023 852 5077 sperantem
898 5019 950 5065 in
997 5033 1130 5069 eum.
1170 5022 1227 5066 In
1269 5020 1431 5079 prima
1455 5025 1590 5077 parte
1612 5020 1731 5078 petit
1752 5021 1950 5067 liberari
1977 5035 2007 5067 a

406 5082 574 5140 malis,
603 5088 657 5128 ut
679 5082 999 5141 possitDeum
1014 5083 1234 5129 laudare.
1255 5083 1311 5128 In
1332 5083 1551 5128 secunda
1568 5081 1701 5141 (quas
1718 5083 1916 5141 incipit,
1942 5096 2005 5129 ne

406 5146 642 5204 projicias
677 5140 755 5192 ine
788 5146 840 5191 in
873 5150 1091 5203 tempore
1132 5140 1414 5203 senectutis)
1453 5145 1590 5202 petit,
1641 5150 1694 5190 ut
1726 5140 1853 5192 sicut
1879 5146 2004 5193 Deus

405 5209 450 5255 ei
474 5208 670 5255 obludit
699 5208 937 5253 beneﬁcia
960 5222 1053 5254 sua
1085 5208 1138 5251 in
1178 5208 1460 5265 juventute,
1485 5208 1559 5253 sic
1584 5207 1728 5253 facint
1752 5208 1805 5254 in
1829 5222 2004 5255 senec-

408 5276 524 5332 tute,
541 5271 630 5317 ubi
654 5270 929 5316 maximum
953 5282 1082 5327 opus
1099 5269 1431 5332 estrlntertia
1454 5268 1789 5330 (quaeincipit.
1810 5272 2004 5325 Quael'e-

406 5330 519 5382 cisti
562 5334 816 5391 magnalia
853 5334 998 5391 Deus,
1028 5331 1143 5390 quis
1167 5330 1352 5377 similis
1383 5332 1471 5377 tibi
1493 5333 1534 5392 2’)
1560 5335 1701 5391 ponit
1729 5334 1997 5392 gratiarum

404 5399 651 5444 actionem
674 5397 736 5442 de
765 5395 958 5442 collatis
984 5394 1259 5439 beneﬁciis.
1288 5393 1470 5439 Invitat
1500 5409 1589 5442 nos
1612 5409 1760 5443 verus
1779 5397 1999 5444 Jonadab

406 5461 535 5505 ﬁlios
568 5471 685 5505 suos
708 5461 769 5504 ad
794 5458 873 5521 sui
899 5455 1312 5516 conformilatem,
1339 5461 1391 5502 nt
1414 5469 1513 5504 non
1549 5459 1776 5505 bibamus
1803 5460 1999 5521 vinum,

403 5528 450 5566 et
473 5523 525 5567 in
567 5519 902 5567 tabernaculis
934 5523 1345 5578 moremur,sicut
1368 5523 1890 5580 superiusexpositum
1907 5519 1997 5568 est;

402 5584 462 5629 Et
489 5589 539 5629 ut
563 5584 694 5629 sicut
714 5583 824 5639 ipse
841 5594 927 5640 per
942 5580 1235 5628 obedientias
1259 5597 1365 5629 suae
1392 5585 1729 5630 humilitatem
1751 5584 1996 5630 sublima-

404 5650 479 5692 tus
502 5652 574 5691 est
599 5644 820 5707 (Philip.
840 5643 927 5705 2.),
946 5657 1033 5703 per
1056 5646 1165 5701 ejus
1179 5646 1479 5692 humilitatis
1502 5648 1709 5705 vestigia
1733 5646 1999 5692 sublimari

399 5720 696 5754 mereamur.
748 5708 803 5753 Et
835 5708 942 5753 hmo
980 5712 1052 5753 est
1085 5709 1315 5756 intentio.
1353 5710 1441 5754 Per
1482 5713 1636 5755 totum
1667 5713 1833 5756 autem
1857 5711 1996 5768 psal-

398 5781 534 5817 mum
561 5770 719 5827 gratia
750 5770 836 5816 Dei
870 5771 1261 5817 commendatur.
1286 5771 1500 5829 Aitergo
1528 5784 1538 5816 :

859 5847 1254 5913 PSALMUS
1310 5847 1519 5912 LXX.

459 5942 513 5998 2.
551 5945 617 5995 1η
655 5946 719 6007 te,
743 5942 989 6009 Domine,
1022 5946 1255 6011 speravi,
1278 5950 1339 6001 et
1369 5945 1614 6001 simodo
1637 5946 1993 6013 confundar;

2057 1899 2108 1972 Β

2046 3318 2095 3392 C

2136 596 2289 647 cadit
2307 595 2550 647 homoin
2571 598 2889 659 peccatum,
2903 599 2961 646 et
2975 595 3363 648 confunditur.
3388 599 3732 653 Accedendo

2132 668 2205 718 ad
2259 669 2589 729 Dominum,
2628 666 2858 727 corrigit
2904 679 2983 729 se,
3020 670 3079 717 et
3121 679 3235 718 non
3270 668 3733 723 confundeturin

2133 744 2430 790 aeternum.
2456 740 2525 787 Et
2561 750 2632 787 ne
2659 737 2934 787 confundi
2957 738 3159 799 valeat,
3183 738 3340 801 petit,
3371 739 3571 791 dicens
3604 759 3615 790 :

2192 810 2257 857 In
2301 808 2519 872 justitia
2562 812 2655 857 tua
2698 806 2865 856 libera
2912 822 3012 866 me,
3048 813 3093 856 et
3128 809 3271 873 eripe
3294 825 3391 858 me.
3423 812 3546 863 Duo
3574 817 3730 875 sunt,

2131 892 2263 943 quas
2286 879 2346 929 in
2370 879 2713 930 servitutem
2739 892 2846 929 nos
2860 878 3156 943 redigunt:
3172 887 3475 944 peccatum
3495 883 3729 946 scilicet,

2133 955 2189 1002 et
2210 962 2382 1014 poena
2403 950 2636 1013 peccati.
2668 950 2825 1001 Unde
2851 963 3007 1001 nunc
3029 951 3281 1014 postulat
3303 952 3527 1004 liberari
3548 967 3584 1005 a
3598 967 3734 1018 pec-

2131 1027 2259 1073 cato
2316 1034 2417 1085 per
2451 1021 2754 1084 justitiam,
2796 1025 2973 1084 atque
3015 1022 3152 1085 eripi
3200 1034 3236 1073 a
3273 1036 3446 1087 poena
3490 1027 3730 1090 peccati,

2131 1092 2486 1145 transeundo
2509 1104 2543 1142 a
2564 1097 2748 1144 morte
2774 1091 2847 1142 ad
2873 1091 3127 1155 gloriam.
3163 1095 3232 1144 Et
3256 1094 3403 1146 bene
3425 1096 3523 1159 ait,
3549 1097 3615 1145 In
3626 1097 3727 1160 ju-

2129 1166 2278 1214 stitia
2321 1171 2416 1213 tua
2448 1164 2558 1214 hoc
2594 1168 2683 1214 est
2712 1174 2747 1214 a
2782 1167 2835 1215 te
2858 1164 3008 1215 data.
3033 1166 3190 1215 Deus
3214 1170 3304 1217 est
3326 1167 3478 1218 enim
3503 1168 3604 1230 qui
3629 1179 3733 1233 per

2130 1237 2375 1300 gratiam
2400 1247 2567 1286 suam
2578 1236 3135 1299 operaturjustitiam
3162 1237 3220 1287 in
3236 1237 3482 1302 homine,
3496 1242 3608 1288 sine
3624 1255 3728 1288 me-

2131 1309 2270 1359 ritis.
2294 1310 2422 1370 Ipse
2446 1307 2599 1358 enim
2625 1306 2724 1357 dat
2736 1306 2909 1357 (idem
2923 1320 3107 1371 suam,
3122 1320 3252 1370 quas
3269 1314 3567 1373 reputatur
3584 1313 3731 1359 nobis

2129 1379 2201 1430 ad
2244 1377 2529 1441 justitiam
2566 1377 2728 1440 (Rom.
2765 1376 2874 1438 4.):
2911 1389 3044 1439 quae
3075 1384 3347 1441 operante
3368 1381 3567 1444 gratia,
3595 1380 3733 1432 facit

2130 1449 2422 1499 hominem
2444 1448 2703 1498 liberum.
2740 1448 2838 1509 qui
2871 1460 3072 1499 servus
3099 1449 3284 1500 fuerat
3306 1463 3405 1514 per
3428 1456 3729 1514 peccatum

2133 1520 2310 1583 (Joan.
2337 1519 2425 1581 8.).
2454 1520 2522 1569 Et
2547 1518 2681 1581 quia
2705 1519 2911 1569 merita
2933 1530 3059 1569 mea
3081 1519 3252 1583 digna
3276 1533 3393 1572 non
3420 1526 3639 1584 essent,
3662 1526 3731 1573 ut

2131 1592 2202 1642 ad
2237 1593 2397 1641 tuam
2434 1588 2796 1639 altitudinem
2822 1590 3186 1652 pervenirent
3216 1604 3229 1640 :
3263 1590 3391 1642 ideo
3413 1592 3629 1641 lnclina
3655 1592 3733 1641 ad

2134 1677 2214 1710 me
2236 1675 2424 1708 aurem
2448 1664 2621 1719 luam,
2639 1659 2696 1709 id
2720 1664 2828 1722 est,
2862 1660 3259 1712 eondescende
3282 1662 3422 1713 mihi
3444 1675 3545 1726 per
3561 1667 3728 1714 tuam

2132 1733 2511 1790 clementiam,
2542 1736 2585 1778 et
2608 1730 2758 1779 salva
2784 1745 2884 1779 me.
2922 1732 2992 1782 Et
3016 1732 3141 1783 hazc
3166 1733 3277 1794 (Ea:
3297 1733 3618 1797 Augustino)
3637 1738 3731 1785 est

2134 1803 2417 1854 confessio
2449 1801 2811 1852 humilitatis.
2844 1802 2950 1862 Qui
2975 1802 3129 1853 enim
3153 1803 3290 1854 dicit
3310 1804 3526 1853 Inclina
3546 1804 3621 1853 ad
3643 1820 3728 1853 me

2134 1876 2435 1925 confitetur
2471 1873 2605 1934 quia
2630 1872 2801 1934 jacet,
2834 1877 3109 1935 tanquam
3132 1874 3354 1925 medico
3375 1875 3551 1926 stanti
3572 1888 3728 1939 aeger

2134 1949 2475 2011 prostratus.
2503 1943 2668 1993 Salva
2690 1958 2789 2006 me,
2813 1943 3014 2006 inquit.
3039 1945 3332 2006 Quomodo
3347 1948 3373 1996 ‘2

2189 2016 2240 2071 3.
2266 2017 2392 2064 Esto
2424 2016 2567 2063 mihi
2612 2015 2672 2062 iu
2705 2015 2876 2063 Deum
2912 2020 3275 2078 protectorem.
3313 2017 3394 2067 Ne
3423 2016 3497 2068 ad
3527 2028 3622 2068 me
3636 2017 3728 2081 ja-

2127 2088 2255 2139 cula
2278 2086 2615 2151 perveniant
2636 2085 2870 2135 inimici.
2887 2087 3004 2149 Ego
3016 2087 3167 2137 enim
3193 2092 3483 2151 protegam
3505 2087 3726 2140 menon

2125 2171 2382 2223 possum.
2410 2159 2478 2207 Et
2502 2168 2707 2221 parum
2732 2161 2822 2207 est
2848 2158 2909 2205 in
2934 2162 3293 2220 protectorem,
3319 2160 3445 2209 ideo
3467 2158 3688 2210 addidit
3711 2178 3723 2208 :

2125 2230 2191 2278 Et
2232 2230 2288 2277 in
2338 2229 2514 2277 locum
2544 2227 2843 2287 munitum,
2882 2232 2942 2275 ut
2963 2228 3175 2277 salvum
3201 2243 3287 2279 me
3306 2228 3500 2291 facias.
3526 2231 3595 2281 Et
3616 2230 3726 2281 hoc

2126 2300 2234 2352 erit
2277 2300 2337 2349 in
2362 2298 2473 2350 alia
2505 2299 2637 2349 vita.
2676 2300 2759 2349 lbi
2780 2298 2932 2349 enim
2954 2298 3016 2349 in
3039 2300 3342 2352 securitate
3365 2300 3599 2364 erimus,
3624 2301 3727 2352 ubi

2126 2384 2235 2421 nos
2276 2370 2511 2434 aggredi
2556 2368 2754 2421 nullus
2799 2368 3010 2420 valebit
3051 2369 3339 2422 inimicus.
3394 2372 3553 2423 Prius
3587 2383 3725 2435 ergo

2125 2446 2347 2505 oportet
2394 2444 2456 2491 ut
2478 2440 2572 2491 hic
2600 2446 2972 2504 protegamur
2992 2452 3025 2491 a
3061 2442 3199 2504 Deo,
3229 2442 3328 2493 ubi
3356 2441 3566 2494 bellum
3595 2446 3723 2494 est:

2127 2517 2414 2576 quatenus
2438 2512 2644 2563 deinde
2663 2512 2737 2563 sit
2759 2511 2921 2563 locus
2932 2513 3196 2564 munitus
3219 2513 3279 2563 in
3293 2525 3407 2576 quo
3424 2512 3724 2576 salvemur,

2128 2584 2225 2634 ubi
2260 2588 2476 2635 aeterna
2493 2583 2719 2645 requies
2742 2586 2845 2634 est.
2872 2582 3016 2644 Quid
3039 2584 3192 2634 enim
3214 2584 3510 2649 munitius,
3527 2600 3638 2634 cum
3662 2588 3722 2633 ad

2126 2654 2289 2705 illum
2318 2654 2509 2705 locum
2533 2654 2899 2717 confugeris?
2913 2656 3068 2715 Quos
3092 2655 3171 2705 ibi
3185 2655 3539 2707 adversarios
3551 2657 3727 2705 formi-

2127 2726 2433 2777 dabimus?
2456 2728 2525 2777 Et
2549 2725 2675 2777 ideo
2708 2724 2931 2776 salvum
2951 2738 3044 2776 me
3060 2726 3235 2777 debes
3258 2727 3460 2791 facere,
3483 2730 3720 2788 quoniam

2124 2810 2241 2848 non
2274 2799 2458 2848 habeo
2490 2796 2882 2848 fortitudinem
2918 2797 3027 2846 nisi
3057 2809 3093 2848 a
3118 2802 3189 2848 te.
3222 2800 3292 2849 Et
3314 2799 3422 2850 hoc
3442 2803 3533 2849 est
3568 2798 3724 2861 quod

2126 2869 2322 2917 subdit
2354 2887 2364 2915 :
2392 2867 2667 2925 Quoniam
2701 2868 3113 2927 ﬁrmamentum
3147 2882 3345 2929 meum,
3376 2872 3423 2916 et
3448 2867 3723 2931 refugium

2125 2953 2305 2987 meum
2331 2953 2380 2986 es
2399 2944 2473 2988 tu.
2491 2940 2640 2989 Exte
2658 2935 2833 3003 355
2858 2942 2915 2989 et
2929 2950 3030 3001 per
3046 2944 3101 2989 te
3121 2952 3250 2990 sum
3262 2934 3721 2991 tirmusmtsicubi

2123 3009 2284 3061 fuero
2307 3010 2632 3059 inﬁrmatus
2656 3011 2716 3059 in
2740 3023 2851 3071 me,
2878 3009 3158 3072 refugiam
3176 3010 3250 3061 ad
3278 3016 3349 3061 te.
3388 3012 3642 3062 Firmum
3662 3013 3723 3061 et

2124 3080 2479 3131 immobilem
2515 3085 2569 3131 te
2595 3080 2730 3131 facit
2754 3080 2935 3143 gratia
2958 3080 3186 3145 Christi,
3210 3081 3493 3133 adVersus
3517 3094 3719 3133 omnes

2125 3155 2472 3203 tentationes
2497 3150 2846 3202 inimici.Sed
2864 3152 2938 3201 ibi
2958 3156 3128 3214 est,et
3143 3152 3397 3203 humana
3422 3151 3719 3216 fragilitas:

2120 3225 2196 3274 ibi
2221 3228 2310 3275 est
2333 3223 2523 3274 adhuc
2551 3223 2731 3285 prima
2754 3223 3052 3285 captivitas
3078 3239 3089 3274 :
3122 3224 3200 3274 ibi
3222 3229 3313 3275 est
3337 3226 3429 3274 lex
3449 3224 3509 3274 in
3538 3236 3723 3275 mem-

2124 3295 2259 3358 bris,
2286 3308 2617 3360 repugnans
2632 3295 2744 3357 legi
2768 3295 2978 3346 mentis
3003 3296 3171 3357 (Rom.
3199 3295 3287 3359 7.).
3309 3298 3375 3347 Et
3389 3295 3578 3348 adhuc
3600 3309 3721 3348 cor-

2125 3380 2254 3431 pus,
2282 3367 2436 3430 quod
2459 3368 2863 3430 corrumpitur,
2889 3370 3163 3429 aggravet
3183 3369 3436 3418 animam
3458 3367 3605 3431 (Sap.
3622 3366 3720 3429 9.).

2120 3440 2252 3489 Ideo
2291 3437 2717 3501 quantumlibet
2749 3442 2806 3488 et
2827 3440 3013 3501 gratia
3036 3440 3141 3489 Dei
3173 3440 3376 3490 firmus
3401 3439 3500 3501 sis,
3527 3444 3718 3491 tamen

2118 3510 2309 3561 adhuc
2333 3509 2757 3561 formidandum
2772 3514 2862 3559 est
2877 3521 2947 3560 ex
2966 3510 3327 3573 corruptione
3338 3510 3548 3563 carnis.
3570 3512 3718 3575 Ergo

2115 3583 2529 3643 ﬁrmamentum
2556 3595 2737 3629 meum
2749 3596 2800 3628 es
2816 3587 2890 3640 tu,
2910 3585 2973 3631 ut
2997 3582 3107 3632 sim
3121 3581 3323 3634 ﬁrmus
3336 3583 3396 3633 in
3411 3582 3522 3634 isto
3533 3584 3716 3631 saeculo

2117 3657 2317 3705 contra
2337 3654 2701 3703 tentationes.
2721 3652 2833 3703 Sed
2850 3652 2898 3702 si
2913 3652 3114 3705 multae
3126 3658 3279 3714 sunt,
3298 3653 3602 3707 etturbant
3618 3668 3710 3703 me:

2114 3725 2389 3788 refugium
2427 3738 2605 3772 meum
2635 3740 2684 3773 es
2726 3731 2801 3774 tu.
2833 3726 2902 3774 Et
2925 3724 3059 3787 quia
3090 3725 3357 3789 superius
3381 3725 3528 3777 dixit
3550 3725 3714 3790 Eripe

2114 3810 2206 3849 me
2234 3813 2245 3844 :
2270 3808 2428 3847 nunc
2450 3795 2794 3847 determinat
2811 3807 2846 3847 a
2868 3796 3099 3858 quibus,
3120 3808 3252 3847 cum
3276 3796 3574 3860 subjungit
3603 3811 3618 3849 :

2179 3868 2229 3921 4.
2258 3868 2397 3915 Deus
2421 3882 2569 3915 meus
2580 3868 2724 3931 eripe
2740 3882 2821 3915 me
2845 3868 2907 3915 de
2932 3881 3103 3915 manu
3125 3868 3430 3931 peccatoris,
3446 3867 3502 3917 id
3513 3872 3619 3927 est,
3637 3866 3710 3920 de

2114 3943 2398 4004 potestate
2424 3938 2633 3989 diaboli
2656 3953 2667 3988 :
2696 3938 2797 4001 qui
2833 3937 3149 4002 specialiter
3170 3938 3447 3991 dicendus
3469 3947 3706 4003 peccator,

2114 4015 2251 4075 quia
2274 4012 2397 4075 ipse
2414 4017 2503 4063 est
2522 4024 2827 4075 persuasor
2848 4011 3037 4062 omnis
3061 4013 3297 4075 peccati.
3331 4014 3399 4063 Et
3415 4015 3578 4075 potes
3597 4011 3708 4062 eri-

2115 4096 2246 4147 pere
2280 4096 2391 4145 me,
2435 4083 2570 4145 quia
2607 4084 2762 4133 Deus
2803 4094 2884 4133 es.
2911 4084 2980 4133 Et
3015 4083 3190 4134 etiam
3223 4082 3415 4145 debes,
3442 4082 3577 4145 quia
3607 4094 3708 4146 per

2112 4156 2357 4218 gratiam
2396 4167 2565 4205 meus
2605 4154 2727 4205 ﬂeri
2772 4153 3044 4217 dignatus
3080 4167 3160 4206 es.
3186 4156 3253 4205 Et
3284 4167 3401 4206 non
3427 4156 3613 4206 solum
3635 4154 3706 4205 de

2112 4240 2291 4278 manu
2334 4226 2633 4277 invisibilis
2669 4226 2885 4276 inimici
2915 4229 3068 4290 eripe
3106 4238 3220 4289 me,
3255 4226 3353 4278 sed
3378 4225 3509 4275 etde
3530 4241 3704 4276 manu

2112 4305 2301 4348 contra
2317 4298 2478 4362 legem
2501 4298 2711 4362 agentis
2735 4304 2784 4347 et
2807 4298 3007 4362 iniqui.
3027 4299 3132 4349 Hic
3146 4299 3250 4362 (Ea:
3268 4299 3589 4362 Augustino)
3605 4310 3704 4349 no-

2112 4375 2269 4422 tatur
2313 4383 2484 4422 omne
2528 4383 2712 4433 genus
2753 4375 3138 4434 peccatorum,
3184 4369 3397 4421 scilicet
3434 4374 3534 4421 aut
3564 4370 3706 4433 legis

2112 4445 2521 4505 transgressor,
2548 4441 2597 4492 si
2617 4442 2835 4505 accepit
2855 4442 3036 4505 legem
3049 4457 3061 4491 :
3075 4446 3176 4493 aut
3193 4440 3588 4493 tantummodo
3598 4441 3705 4492 ini-

2112 4526 2263 4578 quus
2290 4515 2413 4565 sine
2434 4513 2577 4579 lege,
2603 4515 2652 4564 si
2671 4513 2855 4577 legem
2874 4527 2989 4565 non
3004 4517 3239 4578 accepit.
3258 4516 3339 4565 De
3354 4519 3600 4577 utroque
3614 4527 3707 4579 ge-

2109 4599 2246 4638 nere
2264 4585 2517 4649 loquitur
2545 4586 2859 4650 Apostolus
2880 4586 3081 4637 dicens
3105 4602 3121 4635 :
3147 4586 3255 4648 Qui
3284 4587 3407 4638 sine
3425 4585 3551 4649 lege
3570 4599 3702 4650 pec-

2108 4662 2405 4718 caverunt,
2434 4658 2558 4709 sine
2580 4659 2705 4721 lege
2726 4658 2997 4721 peribunt
3033 4671 3047 4707 :
3073 4663 3131 4709 et
3152 4658 3250 4721 qui
3281 4657 3342 4709 in
3362 4656 3490 4721 lege
3509 4669 3702 4721 pecca-

2108 4734 2398 4793 caverunt,
2433 4742 2533 4794 per
2562 4729 2747 4793 legem
2772 4730 3182 4792 judicabuntur
3227 4730 3395 4793 (Rom.
3429 4729 3518 4793 2.).
3549 4731 3704 4780 Inter

2106 4806 2417 4864 utrumque
2450 4801 2627 4865 gemit
2654 4813 2860 4865 corpus
2888 4800 3115 4865 Christi,
3147 4806 3321 4865 atque
3353 4801 3426 4853 ab
3459 4803 3702 4865 utroque

2103 4872 2394 4937 affligitur.
2431 4874 2543 4924 Nec
2585 4885 2647 4924 se
2677 4872 2950 4936 vindicat,
2977 4872 3079 4923 sed
3099 4874 3379 4937 patienter
3401 4870 3618 4936 tolerat,
3643 4876 3703 4924 et

2102 4950 2226 4996 orat
2255 4960 2269 4996 :
2304 4944 2459 4995 unde
2479 4944 2669 4995 adhuc
2694 4944 3063 5008 subjungitur
3085 4960 3101 4993 :

2164 5019 2210 5066 5.
2248 5018 2521 5075 Quoniam
2558 5021 2617 5064 tu
2659 5031 2709 5065 es
2743 5017 3009 5079 patientia
3044 5030 3164 5065 mea
3206 5016 3364 5075 Deus,
3408 5015 3547 5066 Deus
3585 5030 3702 5080 spes

2102 5103 2223 5137 mea
2245 5104 2280 5137 a
2294 5089 2571 5152 juventule
2604 5102 2738 5137 mea.
2754 5088 2885 5139 Ideo
2910 5100 3004 5139 me
3022 5088 3197 5139 debes
3221 5089 3453 5153 eripere,
3480 5088 3614 5152 quia
3639 5092 3702 5140 tu

2102 5175 2163 5211 es
2185 5171 2412 5219 caussa,
2433 5165 2492 5211 et
2514 5160 2736 5211 fructus
2760 5161 3051 5223 patientiae
3063 5172 3225 5213 meae.
3254 5162 3485 5225 Propter
3505 5163 3558 5211 te
3569 5171 3703 5224 gra-

2102 5234 2249 5283 viter
2291 5231 2546 5294 affligor:
2582 5238 2809 5295 propter
2850 5236 2904 5282 te
2936 5232 3334 5295 aequanimiter
3357 5231 3556 5296 patior.
3585 5232 3702 5282 Nec

2102 5302 2289 5354 solum
2325 5304 2600 5367 patientia
2635 5316 2777 5367 mea,
2812 5304 2914 5355 sed
2955 5308 3013 5355 et
3042 5317 3191 5368 spes.
3212 5304 3268 5354 id
3292 5308 3398 5367 est,
3420 5302 3702 5354 certitudo

2098 5388 2246 5425 mea.
2272 5377 2424 5426 Bene
2440 5381 2635 5426 autem
2646 5380 2777 5439 post
2797 5375 3135 5440 patientiam
3158 5377 3351 5440 posuit
3365 5387 3548 5439 spem,
3564 5375 3701 5438 quia

2101 5447 2171 5497 de
2194 5447 2486 5511 patientia:
2511 5448 2720 5498 virtute
2741 5447 3022 5498 certitudo
3046 5449 3168 5511 spei
3199 5452 3524 5511 generatur.
3550 5446 3699 5497 Hinc

2100 5519 2311 5570 Paulus
2332 5520 2411 5570 ait
2436 5536 2446 5567 :
2482 5519 2789 5570 Tribulatio
2818 5519 3150 5583 patientiam
3173 5524 3455 5583 operatur,
3481 5517 3702 5583 patien-

2099 5591 2176 5640 tia
2222 5591 2634 5653 probationem,
2677 5592 2934 5655 probatio
2967 5603 3130 5655 spem
3157 5610 3169 5650 ;
3199 5604 3331 5655 spes
3364 5595 3559 5642 autem
3580 5603 3700 5640 non

2097 5662 2397 5713 confundit
2444 5664 2607 5726 (Rom.
2644 5663 2730 5726 5.].
2778 5666 3002 5724 Quanto
3048 5663 3137 5713 hic
3175 5664 3442 5727 graviora
3474 5665 3701 5726 propter

2097 5736 2280 5785 Deum
2310 5735 2689 5794 sustinemus,
2709 5739 2868 5786 tanto
2893 5738 3111 5799 majora
3132 5735 3192 5786 in
3208 5736 3396 5785 futuro
3412 5735 3649 5798 prmmia
3664 5745 3700 5785 a

2096 5807 2341 5858 Domino
2367 5818 2686 5871 speramus.
2714 5807 2843 5871 Spes
2864 5807 2991 5858 dico
3013 5823 3049 5855 α
3063 5807 3341 5871 juventute
3356 5820 3494 5868 mea,
3511 5803 3571 5855 id
3586 5808 3697 5866 est,

2094 5890 2129 5929 a
2164 5882 2418 5943 tempore
2433 5877 2781 5930 fortitudinis
2808 5891 2971 5931 mem.
2998 5880 3125 5931 Non
3147 5880 3302 5931 enim
3321 5877 3425 5943 (Ea:
3444 5877 3698 5942 August.)

2095 5949 2235 6003 dicit
2271 5951 2654 6015 juventutem,
2686 5956 2972 6016 quantum
3002 5952 3075 6005 ad
3099 5955 3358 6006 aetatem:
3385 5948 3487 6003 sed
3510 5961 3695 6013 quan-
