3884 6426
91 465 201 522 933

1100 468 1175 519 ΙΝ
1208 466 1529 519 PSALMOS
1562 466 1770 519 LXXV
1802 467 2381 521 COMMENTARIUS.

3278 476 3382 533 934

90 584 220 630 tum
249 576 323 629 ad
352 578 530 629 animi
547 578 833 656 virtutem.
853 580 1217 656 Ajuventute
1249 592 1375 629 mea
1399 579 1522 641 cepi
1548 580 1610 656 in
1631 585 1683 631 te
1710 587 1769 656 Α
1790 596 1931 656 meas.
1956 584 2073 632 Hoc
2085 581 2461 656 illisexpedit,
2487 587 2802 656 utﬁpeccata
2828 598 3382 653 suarecognoscant;

86 662 341 715 sperare,
365 662 435 701 ex
461 663 575 713 quo
595 663 683 700 me
706 651 987 701 adversus
1011 652 1303 702 diabolum
1326 652 1593 702 armasti:
1623 657 1686 702 ut

86 723 352 772 munitus
379 722 505 776 fide.
525 733 624 784 spe
649 726 706 771 et
730 722 982 779 caritate,
1009 724 1351 784 caaterisque
1378 722 1687 786 spirituali-

86 793 199 844 bus
231 794 427 855 armis,
464 795 661 842 contra
689 793 1051 844 adversarios
1079 800 1194 844 tam
1220 794 1471 844 visibiles
1512 807 1685 857 quam

84 864 413 915 invisibiles
428 864 779 915 dimicarem.
799 866 912 915 Nec
935 878 969 916 a
994 866 1293 927 juventute
1322 870 1563 927 tantum,
1585 864 1686 916 sed

87 935 284 995 etiam,

151 1005 203 1059 6.
241 1006 308 1054 In
350 1011 395 1056 te
428 1006 779 1065 conﬁrmatus
805 1020 927 1054 sum
962 1021 1029 1055 ex
1065 1011 1243 1058 utero:
1280 1006 1342 1055 de
1362 1011 1538 1055 ventre
1562 1022 1690 1055 ma-

87 1077 190 1124 tris
212 1090 341 1124 mea
363 1081 422 1123 tu
435 1090 486 1124 es
507 1081 768 1139 protector
788 1092 953 1127 meus.
975 1079 1210 1129 Uterum
1240 1076 1510 1128 Ecclesia)
1537 1089 1691 1140 para-

88 1148 308 1198 tionem
334 1148 490 1198 illam
515 1146 669 1209 dicit,
703 1159 813 1209 qua
846 1148 1152 1199 instruitur
1183 1149 1371 1213 homo,
1412 1160 1546 1199 cum
1568 1160 1692 1198 cre-

89 1219 226 1270 dere
252 1218 452 1282 incipit
476 1233 487 1268 :
514 1223 573 1268 et
587 1223 718 1268 ante
741 1219 798 1269 in
821 1231 887 1269 eo
912 1222 1069 1271 utero
1087 1220 1365 1271 formatur
1396 1218 1693 1283 spirituali-

90 1295 195 1355 ter,
214 1295 282 1341 ut
303 1289 511 1340 deinde
527 1289 586 1339 in
602 1288 787 1340 lucem
803 1302 953 1341 verm
971 1291 1317 1353 cognitionis
1347 1292 1618 1353 pariatur.
1640 1293 1690 1338 Et

90 1364 156 1411 tu
185 1362 361 1412 etiam
384 1374 448 1411 es
471 1363 754 1424 protector
779 1373 940 1411 meus
969 1362 1039 1413 de
1071 1366 1265 1413 ventre
1300 1362 1501 1413 matris
1528 1372 1687 1423 meae,

88 1431 383 1491 Ecclesia,
428 1431 486 1481 id
519 1435 625 1492 est,
655 1444 726 1481 ex
766 1444 881 1494 quo
910 1432 991 1483 fui
1013 1440 1249 1485 renatus
1276 1433 1346 1483 de
1378 1436 1688 1493 baptismate.

91 1505 306 1554 Totum
330 1506 419 1553 est
435 1504 858 1555 commendatio
875 1506 1076 1567 gratiae
1093 1504 1327 1567 divinae,
1346 1517 1476 1568 quae
1501 1515 1693 1568 opera-

90 1580 187 1626 tur
210 1576 268 1625 in
292 1574 459 1625 nobis
484 1578 542 1625 et
568 1574 726 1633 velle,
754 1579 813 1625 et
834 1576 1070 1638 operari,
1100 1588 1199 1639 pro
1223 1577 1373 1626 bona
1399 1576 1691 1627 voluntate

91 1646 355 1710 (Philipp.
383 1644 474 1706 2.).
500 1647 529 1695 J
538 1650 732 1695 ustum
758 1650 848 1696 est
884 1659 1036 1709 ergo,
1063 1651 1126 1697 ut
1148 1647 1349 1709 gratias
1375 1658 1499 1697 sum
1520 1647 1694 1696 bene-

88 1726 237 1777 ficiis
266 1726 567 1777 laudetur:
602 1726 753 1777 unde
787 1730 843 1776 et
866 1731 1018 1777 recte
1043 1740 1194 1777 nunc
1223 1726 1524 1778 subditur:
1555 1727 1617 1774 In
1649 1731 1693 1774 te

91 1798 332 1847 conlatio
370 1812 491 1845 mea
527 1811 748 1860 semper.
794 1796 856 1847 Id
893 1802 1001 1853 est,
1037 1798 1191 1847 omni
1230 1803 1502 1862 tempore,
1538 1800 1596 1848 et
1630 1796 1691 1846 in

90 1869 385 1933 prosperis
412 1872 469 1919 et
491 1868 549 1918 in
567 1868 831 1919 adversis
855 1868 1101 1920 laudabo
1127 1873 1198 1919 te.
1226 1870 1456 1932 Propter
1478 1868 1607 1931 hoc,

1794 653 1943 703 unde
1959 653 2386 704 confundantur
2398 658 2455 703 et
2469 652 2742 704 deficiant
2760 655 2821 705 in
2846 669 2928 719 se,
2948 659 3044 720 qui
3063 652 3212 711 male
3241 661 3311 711 de
3328 679 3377 712 se

1783 726 2228 787 praesumebant.
2250 724 2580 787 Operiantur
2594 724 2762 773 multa
2779 727 3115 789 confusione.
3132 733 3345 782 interius
3360 757 3372 784 :

1786 799 1829 841 et
1851 795 2073 856 pudore,
2098 794 2351 844 exterius
2377 807 2389 842 :
2417 794 2513 857 qui
2531 800 2779 857 quaerunt
2804 796 2951 845 mala
2975 800 3139 848 mihi.

1847 864 1933 917 14.
1972 865 2085 926 Ego
2130 871 2310 912 autem
2349 880 2553 928 semper
2586 865 2823 928 sperabo.
2864 869 3146 933 Quicquid
3183 870 3261 923 illi
3303 874 3381 923 fa~

1786 935 1956 992 cient,
2001 940 2396 998 quantumque
2430 941 2879 998 persequentur:
2920 952 3027 1003 ego
3071 954 3187 992 non
3225 943 3377 996 fran-

1784 1019 1888 1069 gar
1920 1006 2033 1056 ulla
2054 1006 2415 1068 adversitate,
2452 1008 2552 1057 sed
2578 1020 2803 1071 semper
2831 1009 3053 1061 firmam
3084 1024 3246 1076 spem
3281 1015 3381 1067 ha-

1787 1079 1932 1128 bebo
1955 1078 2012 1127 in
2038 1083 2108 1128 te.
2149 1078 2211 1126 Et
2242 1078 2505 1141 adjiciam
2537 1092 2697 1140 super
2719 1094 2933 1129 omnem
2959 1080 3173 1133 laudem
3209 1090 3379 1136 tuam.

1787 1148 2066 1219 Quid_est
2107 1148 2214 1198 hoc
2239 1153 2263 1197 Ρ
2303 1148 2447 1208 Quid
2489 1150 2673 1211 potest
2708 1150 2811 1211 (Eae
2852 1151 3098 1215 August.)
3137 1155 3383 1219 adjicere

1791 1215 1965 1285 357
1985 1220 2155 1269 homo
2173 1231 2346 1281 super
2360 1230 2590 1269 omnem
2612 1219 2839 1271 laudem
2856 1223 2991 1272 Dei?
3015 1224 3126 1274 Sed
3152 1215 3383 1277 laudatus

1788 1296 1910 1341 erat
1934 1292 2087 1340 Deus
2110 1289 2169 1339 in
2185 1289 2342 1340 omni
2360 1294 2621 1341 creatura
2644 1303 2767 1353 sua,
2786 1291 2843 1342 in
2868 1294 3144 1356 regimine
3168 1298 3388 1349 seculo-

1788 1373 1937 1423 rum,
1955 1361 2015 1411 in
2031 1361 2390 1411 ordinatione
2407 1365 2746 1423 temporum,
2766 1361 2826 1412 in
2842 1364 3158 1417 eminentia
3169 1368 3310 1431 caeli,
3330 1371 3383 1417 in

1789 1431 2164 1483 fecunditate
2188 1437 2369 1493 terrm,
2395 1434 2453 1482 in
2477 1433 2922 1485 circumfusione
2941 1437 3133 1497 maris,
3162 1438 3219 1488 in
3245 1439 3386 1502 ipsis

1788 1502 1918 1552 filiis
1954 1503 2269 1565 hominum,
2302 1503 2358 1552 in
2382 1502 2572 1552 danda
2604 1502 2748 1567 lege,
2787 1508 2843 1554 et
2867 1508 3091 1557 caateris
3117 1510 3388 1561 omnibus

1792 1573 2145 1624 mirabilibus
2172 1574 2312 1623 suis.
2332 1573 2599 1623 Nondum
2622 1577 2743 1625 erat
2759 1574 3026 1627 laudatus
3050 1578 3107 1628 in
3125 1592 3210 1641 eo,
3237 1581 3389 1643 quod

1791 1645 2094 1695 suscitavit
2109 1656 2340 1695 carnem
2363 1645 2420 1694 in
2438 1646 2615 1695 vitam
2633 1650 2926 1697 aeternam.
2955 1649 3107 1699 Laus
3126 1662 3261 1713 ergo
3286 1651 3389 1703 Dei

1792 1728 1963 1779 super
1995 1728 2223 1766 omnem
2256 1714 2484 1766 laudem
2517 1716 2907 1767 antehabitam
2936 1718 3219 1782 adjicitur,
3256 1733 3389 1772 cum

1792 1786 2080 1849 Unigeniti
2126 1787 2252 1849 ejus
2299 1786 2633 1847 incarnatio,
2676 1788 2886 1849 passio,
2922 1794 3284 1854 resurrectio,
3336 1795 3393 1844 et

1790 1857 2052 1907 ascensio
2088 1856 2149 1908 in
2184 1855 2392 1909 caelum
2422 1856 2785 1921 praedicatur.
2826 1858 2987 1910 Unde
3025 1861 3215 1912 adhuc
3253 1864 3390 1913 sub-

158 1939 207 1991 7.
234 1928 531 2001 —Tanquam
568 1939 883 2001 prodigium
919 1940 1093 2002 factus
1130 1954 1251 1987 sum
1288 1928 1491 1990 multis.
1526 1928 1689 1989 Multi
1718 1996 1760 2002 _
1785 1928 2021 2002 iungit;

91 2011 246 2063 enim
263 1996 549 2061 amatores
568 1996 754 2061 seculi
781 1996 987 2073 putant
1012 2023 1102 2061 me
1132 2012 1399 2061 insanum
1427 2015 1484 2060 et
1510 2009 1689 2073 prodi-
1718 1996 1771 2069 B
1819 1996 1949 2073 __15.
1978 1998 2256 2073 Osmeum
2281 1996 2634 2073 annuntiabit
2656 1998 2945 2073 justitiam
2965 2004 3132 2049 tuam.
3164 2004 3233 2054 Et
3256 2005 3393 2055 sub-

93 2083 347 2147 giosum,
372 2095 504 2132 cum
529 2081 723 2133 vident
739 2094 830 2132 me
854 2082 1183 2146 invisibilia,
1212 2095 1344 2145 qua:
1372 2078 1547 2149 356
1581 2080 1686 2145 ipsi

94 2154 493 2208 contemnuut,
515 2151 748 2201 laudare
766 2156 820 2201 et
835 2157 1102 2215 appetere
1120 2172 1129 2200 :
1150 2153 1395 2203 visibilia
1414 2165 1566 2214 Vero,
1583 2167 1696 2212 (IlltB

91 2223 202 2286 ipsi
218 2225 519 2285 appetunt,
536 2222 956 2272 contemnendo
972 2224 1168 2273 vitare.
1189 2224 1253 2270 Et
1280 2229 1335 2271 tu
1364 2228 1563 2274 contra
1585 2234 1699 2272 om-

92 2294 192 2344 nia
219 2292 527 2356 Opprobria
546 2293 727 2341 factus
751 2306 811 2341 es
835 2292 974 2342 mihi
999 2294 1221 2357 adjutor
1235 2294 1408 2354 fortis.
1436 2295 1521 2344 Tu
1543 2292 1696 2344 enim

92 2365 392 2414 ministras
431 2363 785 2426 spirituaiem
812 2364 1204 2415 fortitudinem
1228 2365 1301 2416 ad
1324 2368 1696 2416 contemnen-

92 2436 230 2486 dam
260 2435 561 2485 hominum
587 2434 1036 2486 insultationem.

157 2506 209 2559 8.
250 2505 386 2556 Ideo
420 2506 706 2569 Replcatur
739 2521 795 2553 os
830 2521 1010 2554 meum
1047 2506 1222 2569 laude,
1257 2512 1565 2570 antequam
1602 2524 1698 2563 es-

98 2589 244 2636 sem,
275 2576 411 2638 quia
435 2576 651 2626 fecisti:
691 2589 821 2625 cum
850 2590 1057 2638 essem,
1094 2578 1231 2638 quia
1256 2578 1491 2631 salvasti
1526 2595 1699 2634 :cum

93 2659 449 2711 peccassem,
480 2647 617 2709 quia
644 2648 919 2709 ignovisti
946 2662 958 2697 :
985 2661 1118 2698 cum
1152 2661 1463 2701 conversus
1489 2665 1698 2714 essem,

94 2722 236 2781 quia
264 2718 542 2781 adjuvisti
570 2732 583 2768 :
606 2730 739 2768 cum
762 2730 1248 2781 perseverassem,
1275 2720 1407 2781 quia
1432 2728 1697 2776 eoronasti.

94 2792 184 2841 Ita
203 2788 374 2853 plane
393 2789 665 2852 repleatur
678 2803 735 2837 os
758 2804 936 2837 meum
955 2790 1129 2850 laude,
1155 2795 1210 2837 ut
1233 2796 1443 2839 cantem
1466 2794 1700 2856 gloriam

98 2866 273 2919 tuam,
320 2864 428 2909 tota
449 2860 534 2908 die
570 2861 1005 2922 magnitudinem
1024 2866 1191 2911 tuam.
1230 2863 1302 2914 Ut
1337 2863 1445 2925 (Ea:
1470 2866 1696 2929 August.

96 2930 419 2983 exultando
438 2932 797 2989 annuntiem,
817 2944 987 2994 quam
1014 2932 1300 2995 gloriosus
1318 2934 1417 2997 sis,
1443 2940 1499 2986 et
1525 2949 1701 3000 quam

96 3015 369 3067 magnus.
397 3004 466 3053 Et
484 3002 594 3053 hoc
619 3008 726 3052 tota
742 3003 846 3064 die,
870 3003 925 3053 id
951 3008 1056 3065 est,
1084 3004 1209 3054 sine
1234 3005 1701 3061 intermissione:

96 3080 218 3126 tam
236 3074 307 3124 in-
324 3073 628 3137 prosperis,
648 3074 856 3136 quibus
874 3072 1211 3136 consolaris,
1240 3087 1412 3138 quam
1428 3076 1486 3127 in
1512 3079 1705 3132 adver-

93 3146 196 3208 sis,
223 3144 438 3207 quibus
463 3144 716 3207 corrigis.
748 3145 881 3195 Dico
906 3145 1043 3207 quia
1072 3149 1133 3195 tu
1158 3158 1221 3196 es
1247 3159 1379 3210 spes
1405 3160 1533 3200 mea
1556 3162 1589 3201 a
1608 3151 1702 3213 ju-

93 3220 339 3268 ventute
362 3227 505 3265 mea.
533 3216 601 3266 Et
626 3216 776 3266 sicut
798 3216 857 3265 in
876 3216 1188 3279 juventute
1210 3229 1328 3267 non
1357 3218 1592 3285 deseris,
1621 3222 1701 3272 sic

159 3286 212 3339 9.
247 3286 329 3335 Ne
364 3287 624 3350 projicias
655 3302 738 3335 me
771 3288 829 3335 in
870 3294 1101 3349 tempore
1135 3290 1429 3339 senectutis.
1463 3293 1531 3341 Et
1564 3292 1703 3354 quid

94 3371 200 3424 per
209 3361 571 3409 senectutem
587 3357 828 3421 accipiat
843 3358 1203 3418 determinat,
1222 3359 1444 3411 dicens:
1467 3364 1603 3411 Cum
1622 3364 1703 3413 de-

94 3430 235 3494 ficiet
263 3430 437 3477 virtus
459 3443 599 3491 mea,
622 3444 687 3477 ne
709 3428 1053 3492 derelinquas
1068 3443 1166 3478 me.
1198 3431 1493 3484 Deiectum
1517 3435 1702 3486 virtu-

97 3502 173 3552 tis
195 3499 463 3551 nominat
488 3504 866 3556 senectutem,
904 3500 1056 3549 sicut
1080 3501 1347 3564 superius
1368 3504 1701 3566 juventutis

94 3572 332 3624 nomine
370 3570 702 3635 designavit
746 3571 1159 3622 fortitudinem.
1202 3575 1284 3624 Ac
1329 3574 1376 3624 si
1403 3575 1595 3627 dicat:
1624 3578 1703 3627 Ne

97 3642 365 3709 projicias
392 3656 474 3690 me
501 3654 537 3693 a
562 3647 614 3693 te
642 3654 795 3694 :non
823 3641 1113 3704 permittas
1136 3655 1229 3693 me
1259 3657 1493 3708 peccare
1519 3660 1591 3699 ex
1624 3650 1707 3699 in-

100 3713 391 3765 firmitate.
420 3712 583 3774 Quod
607 3713 657 3763 si
679 3725 778 3776 per
800 3712 1166 3776 fragilitatem
1188 3726 1424 3778 peccare
1447 3719 1705 3782 contige-

103 3786 196 3849 rit,
228 3799 298 3833 ne
322 3783 667 3848 derelinquas
689 3799 772 3832 me
806 3796 880 3834 ex
921 3788 1058 3845 toto,
1094 3788 1161 3834 ut
1193 3786 1463 3837 deficiens
1488 3789 1706 3840 viribus

104 3867 474 3921 perseverem
495 3854 556 3905 in
580 3859 834 3918 peccato.
855 3855 1096 3917 Projecit
1109 3857 1266 3906 Deus
1293 3859 1541 3921 Petrum,
1573 3873 1706 3910 cum

104 3927 372 3993 permisit
385 3938 620 3991 peccare
645 3942 657 3976 :
683 3926 786 3977 sed
803 3939 920 3977 non
936 3926 1255 3989 dereliquit,
1279 3929 1413 3990 quia
1440 3929 1571 3980 fecit
1597 3943 1711 3993 pae-

103 4000 293 4051 nitere
316 3998 461 4056 (Luc.
487 3996 620 4059 ‘22.).
649 3999 773 4049 Non
793 4001 988 4062 potest
1009 3997 1120 4062 legi
1145 4011 1344 4049 versus
1367 4000 1478 4051 iste
1501 4001 1558 4051 in
1580 4014 1711 4065 per-

107 4082 257 4122 sona
279 4069 506 4130 Christi,
535 4073 600 4120 ut
620 4080 656 4119 a
673 4071 836 4120 Patre
862 4068 1117 4133 postulet
1136 4083 1210 4121 ne
1224 4070 1386 4121 illum
1410 4071 1640 4124 deserat
1654 4077 1710 4122 in

107 4147 371 4205 tempore
395 4152 521 4191 suaa
553 4140 861 4205 passionis,
902 4140 1135 4203 quando
1169 4141 1295 4192 visa
1318 4146 1406 4193 est
1430 4143 1711 4195 defecisse

109 4215 303 4266 virtus
326 4213 377 4276 ej
388 4225 457 4262 us
473 4212 533 4263 in
548 4212 860 4275 miraculis.
886 4214 957 4263 Et
979 4225 1126 4277 opus
1148 4217 1239 4264 est
1266 4214 1484 4278 (inquit)
1507 4220 1574 4267 ut
1593 4229 1711 4267 non

111 4284 500 4346 derelinquas,

174 4355 264 4410 10.
292 4355 442 4417 Quia
463 4355 721 4404 dixerunt
736 4354 952 4403 inimici
968 4355 1074 4403 mei
1097 4355 1261 4419 mihi,
1284 4361 1330 4405 et
1346 4358 1442 4421 qui
1464 4358 1731 4413 custodie-.

111 4428 244 4477 bant
266 4427 518 4477 animam
534 4441 730 4477 meam.
750 4427 875 4477 Non
900 4432 965 4478 ut
985 4426 1360 4491 imitarentur,
1387 4429 1489 4481 sed
1513 4432 1577 4481 ut
1600 4446 1715 4491 per-

112 4500 322 4551 derent
342 4510 491 4549 eam.
521 4498 822 4547 Consilium
856 4499 1094 4561 fecerunt
1117 4499 1178 4546 in
1212 4514 1409 4551 unum.
1436 4500 1497 4551 Id
1522 4506 1628 4561 est,
1655 4500 1715 4552 in

114 4583 294 4623 unam
331 4570 692 4621 voluntatem
724 4570 985 4621 nocendi.
1013 4570 1249 4619 Dicentes
1271 4571 1409 4620 Deus
1432 4571 1717 4636 dereliquit

114 4658 259 4694 eum.
274 4641 440 4695 Unde
456 4646 548 4693 est
570 4640 712 4691 illud
732 4640 789 4692 in
809 4641 1148 4704 Evangelio:
1172 4644 1296 4693 Non
1321 4648 1412 4693 est
1434 4643 1528 4694 hic
1545 4644 1719 4695 homo

116 4729 150 4767 a
172 4717 333 4767 Deo:
361 4718 436 4774 et,
470 4712 831 4765 Dmmonium
854 4713 1028 4765 habet
1075 4713 1251 4776 (Joan.
1277 4713 1327 4767 9.
1364 4715 1561 4777 et10.).

179 4786 270 4841 11.
311 4785 445 4836 Ideo
483 4785 884 4847 Persequimini
916 4790 962 4833 et
998 4786 1427 4849 comprehendite
1470 4801 1610 4837 eum.
1652 4787 1721 4837 Et

119 4870 326 4911 secure
358 4856 602 4919 potestis
624 4855 823 4907 facere.
850 4857 995 4914 Quia
1024 4872 1140 4904 non
1162 4862 1235 4905 est
1260 4857 1356 4920 qui
1389 4858 1603 4922 eripiat.
1629 4858 1722 4909 Di-

118 4935 286 4982 ctum
308 4928 530 4980 esthoc
552 4927 625 4979 de
649 4927 890 4978 Christo.
920 4927 1019 4978 Ille
1045 4928 1218 4992 enim,
1245 4929 1343 4991 qui
1360 4929 1610 4992 potentia
1636 4928 1724 4979 di-

118 5000 387 5055 vinitatis
410 4999 837 5052 resuscitaverit
855 5002 1130 5059 mortuos,
1155 5000 1348 5053 subito
1372 5000 1519 5051 inter
1545 5015 1724 5048 manus

119 5072 491 5126 inimicorum
507 5069 769 5121 infirmus
782 5069 969 5121 factus
986 5074 1093 5133 est,
1112 5074 1170 5120 et
1184 5071 1350 5134 quasi
1368 5071 1507 5121 nihil
1523 5071 1725 5123 valens

122 5142 601 5208 comprehensus.
631 5142 872 5201 Quando
897 5145 1090 5192 autem
1120 5145 1603 5206 upprehenderetur,
1623 5145 1725 5191 nisi

123 5216 314 5281 primo
340 5214 416 5264 illi
441 5213 611 5265 corde
648 5226 754 5264 suo
778 5213 1051 5276 dicerent,
1086 5214 1239 5263 Deus
1269 5213 1575 5277 dereliquit
1594 5226 1726 5265 eum

128 5287 313 5352 (Joan.
339 5284 444 5345 i8.)
469 5288 490 5331 ?
514 5286 635 5345 Quo
660 5288 860 5334 contra
882 5284 1153 5347 postulat,
1178 5282 1377 5335 dicens
1402 5297 1414 5333 :

186 5356 276 5411 12.
304 5357 462 5414 Deus,
502 5370 567 5404 ne
600 5355 859 5418 elongcris
892 5370 929 5403 a
963 5370 1081 5404 me:
1108 5355 1246 5403 Deus
1278 5370 1444 5414 meus,
1474 5356 1533 5403 in
1558 5357 1729 5405 auxi-

126 5430 268 5478 lium
293 5441 473 5476 meum
495 5428 708 5490 respice.
740 5429 823 5476 Ita
840 5426 921 5476 fit.
949 5429 1073 5477 Non
1097 5425 1398 5489 elongatus
1421 5432 1509 5477 est
1529 5440 1564 5478 a
1588 5428 1728 5478 Filio

128 5513 233 5551 suo
262 5501 421 5549 Deus
446 5499 611 5548 Pater
635 5513 650 5545 :
678 5497 780 5547 sed
806 5509 1032 5561 semper
1057 5502 1145 5547 est
1164 5498 1215 5547 ei
1239 5502 1580 5549 coaeternus.
1607 5500 1730 5549 Non

130 5572 437 5634 elongatur
461 5570 632 5620 etiam
666 5570 738 5619 ab
769 5569 871 5630 eis,
896 5570 1013 5618 imo
1039 5582 1213 5633 prope
1236 5574 1345 5628 est,
1373 5569 1471 5630 qui
1497 5572 1730 5617 tribuialo

132 5647 274 5693 sunt
304 5640 479 5693 corde
502 5640 663 5703 (Psal.
690 5638 815 5701 33.).
844 5641 1021 5702 Prope
1052 5645 1161 5703 est,
1198 5645 1263 5690 ut
1299 5639 1512 5690 audiat.
1558 5641 1731 5703 Prope

133 5719 240 5771 est,
264 5717 331 5763 ut
368 5710 807 5761 misericorditer
834 5711 1118 5774 respiciat.
1148 5714 1323 5774 Prope
1352 5714 1457 5773 est,
1483 5715 1547 5761 ut
1568 5711 1733 5761 auxi-

131 5786 322 5837 lietur.
348 5782 510 5833 Oculi
527 5782 752 5833 Domini
778 5795 949 5846 super
966 5782 1159 5846 justos
1179 5781 1346 5843 (Ibid.)
1380 5797 1391 5831 :
1421 5780 1616 5832 vultus
1640 5793 1734 5832 au-

133 5861 249 5909 tem
273 5854 505 5907 Domini
522 5866 693 5918 super
712 5852 989 5905 facientes
1023 5852 1175 5906 mala
1193 5851 1387 5915 (Ibid).
1406 5853 1620 5904 Tamen
1644 5867 1733 5914 pro

139 5927 350 5981 talibus
374 5928 518 5988 orat,
543 5937 679 5977 cum
707 5923 1008 5989 subjungit
1034 5941 1045 5974 :

197 5998 290 6054 13.
337 5995 770 6060 Confundanlur
794 6001 841 6046 et
865 5994 1119 6059 deﬁciant
1161 5993 1494 6046 detrahentes
1535 5990 1735 6045 anim

1746 4733 1803 4807 D

1803 2069 1904 2134 dit,
1929 2068 2067 2132 quid
2102 2071 2267 2121 vocet
2284 2069 2595 2132 justitiam,
2624 2068 2841 2120 scilicet
2864 2070 3102 2120 salutare
3132 2078 3304 2137 tuum,
3336 2076 3393 2127 id

1798 2146 1905 2203 est,
1934 2140 2141 2191 Filium
2174 2145 2356 2201 tuum,
2383 2140 2481 2202 qui
2506 2144 2564 2189 et
2588 2139 2772 2191 salvat
2799 2147 3097 2204 sperantes
3131 2144 3190 2195 in
3230 2158 3311 2207 se,
3339 2150 3396 2198 et

1792 2212 2090 2274 justiflcat.
2118 2213 2185 2261 Et
2207 2210 2317 2261 hoc
2349 2216 2457 2259 tota
2480 2211 2580 2268 die,
2608 2210 2666 2259 id
2691 2215 2779 2260 est
2805 2215 2923 2262 toto
2949 2216 3219 2276 tempore.
3254 2218 3394 2268 Haec

1796 2286 1886 2332 est
1907 2281 2054 2343 laus,
2077 2294 2208 2345 quae
2243 2284 2475 2344 superat
2509 2292 2736 2331 omnem
2772 2279 3017 2343 laudem,
3053 2286 3150 2335 Dei
3178 2285 3396 2338 scilicet

1793 2354 2079 2417 justitiam
2105 2353 2432 2416 praedicare,
2450 2363 2563 2414 qua
2580 2351 2929 2414 justifieatur
2948 2354 3160 2418 impius
3187 2373 3198 2407 :
3227 2363 3285 2408 et
3310 2371 3394 2409 sa-

1798 2422 1998 2487 lutare,
2025 2436 2139 2486 quo
2164 2423 2416 2473 saivatur
2438 2422 2764 2473 damnatus.
2808 2425 2878 2473 Et
2908 2428 3140 2489 propter
3162 2426 3272 2479 hoc
3293 2441 3391 2480 an-

1799 2496 2060 2546 nuntiavi
2080 2494 2369 2558 justitiam
2400 2496 2558 2543 tuam
2582 2508 2594 2543 :
2624 2494 2899 2551 Quoniam
2927 2511 3039 2544 non
3066 2500 3310 2561 cognovi,
3332 2501 3389 2552 id

1799 2570 1905 2623 est,
1923 2579 2039 2617 non
2061 2565 2372 2629 approbavi
2392 2565 2752 2613 literaturam.
2772 2567 2851 2616 De
2872 2578 2987 2628 qua
3002 2568 3209 2620 Paulus
3228 2571 3392 2622 dicit:

1798 2637 1983 2688 Litera
2019 2636 2245 2699 occidit,
2271 2636 2507 2700 spiritus
2540 2640 2733 2686 autem
2765 2636 3019 2707 vivificat
3056 2638 3125 2700 (2.
3167 2641 3289 2693 Cor.
3324 2642 3393 2707 3.)

1799 2708 2043 2768 Quidam
2059 2708 2212 2759 enim
2236 2720 2350 2758 non
2370 2707 2439 2757 de
2456 2707 2656 2770 gratia,
2687 2706 2789 2758 sed
2813 2708 2885 2759 de
2903 2707 3069 2761 litera
3083 2711 3397 2775 gloriaban-

1800 2785 1913 2839 tur,
1930 2793 1998 2831 eo
2014 2779 2167 2843 quod
2184 2780 2372 2843 legem
2388 2779 2766 2843 accepissent.
2787 2781 2905 2831 Lex
2920 2786 3115 2834 autem
3134 2785 3258 2836 sine
3286 2802 3369 2847 gra
3381 2815 3396 2822 -

1800 2852 1896 2915 tia,
1930 2851 2049 2902 sola
2070 2851 2234 2902 litera
2269 2855 2358 2902 est
2392 2852 2608 2912 (Matth.
2639 2850 2709 2908 5).
2733 2853 2802 2902 Et
2825 2858 3022 2903 manet
3062 2855 3134 2906 ad
3159 2857 3397 2909 convin-

1799 2923 2049 2974 cendam
2071 2922 2449 2985 iniquitatem,
2475 2935 2592 2973 non
2624 2922 2697 2973 ad
2730 2922 2978 2973 dandam
3007 2924 3315 2987 justitiam.
3343 2930 3397 2981 Si

1801 2995 1956 3046 enim
1985 2994 2119 3045 data
2142 2998 2298 3045 esset
2321 2993 2432 3051 lex,
2458 3006 2587 3053 qum
2609 2998 2807 3057 posset
2828 2994 3127 3057 vivificare,
3161 3000 3397 3051 omnino

1801 3079 1872 3117 ex
1891 3065 2016 3128 lege
2039 3068 2192 3115 esset
2206 3065 2447 3128 justitia.
2470 3063 2579 3114 Sed
2595 3064 2876 3115 conclusit
2891 3066 3182 3129 Scriptura
3207 3071 3399 3121 omnia

1802 3137 1911 3187 sub
1944 3141 2175 3200 peccato
2214 3134 2409 3198 (Gatat.
2443 3133 2532 3196 3.),
2575 3139 2638 3186 ut
2670 3136 2977 3198 promissio
3011 3150 3083 3189 ex
3118 3138 3235 3191 fide
3256 3141 3395 3192 Jesu

1802 3206 2254 3258 Christidaretur
2267 3206 2656 3257 credentibus.
2673 3207 2739 3255 In
2756 3207 2883 3270 ipsa
2895 3211 3055 3268 gratia
3086 3209 3192 3273 (Ea:
3214 3213 3397 3277 Augu-

1801 3279 1957 3340 stino)
1992 3277 2262 3340 glorians,
2295 3277 2639 3326 literaturam
2667 3292 2778 3326 non
2797 3280 3038 3343 cognovi,
3064 3281 3121 3332 id
3145 3288 3253 3346 est,
3292 3285 3395 3335 ho-

1732 3360 1778 3431 c
1799 3351 1988 3431 mines
2012 3349 2267 3431 de'litera
2293 3353 2729 3431 praesumentes,
2750 3352 2855 3431 eta
2876 3352 3395 3431 gratiaresilientes

1804 3427 1921 3474 toto
1941 3420 2112 3472 corde
2135 3421 2445 3485 reprobavi.
2483 3420 2644 3471 Unde
2668 3421 2873 3472 merito
2900 3423 3171 3476 subditur
3196 3443 3206 3474 :

1865 3493 1951 3547 16.
1986 3492 2222 3541 lntroibo
2253 3492 2313 3539 in
2338 3492 2603 3555 potentias
2636 3493 2878 3543 Domini.
2899 3493 3217 3557 Spiritualis
3247 3496 3398 3549 enim

1801 3565 1977 3618 homo
1993 3564 2131 3615 dum
2156 3577 2273 3615 non
2289 3563 2549 3615 adhaaret
2570 3563 2771 3628 literae,
2791 3570 3043 3618 meretur
3064 3580 3165 3632 per
3186 3568 3404 3622 intelle-

1804 3642 1961 3689 ctum
1982 3636 2055 3687 ad
2072 3636 2342 3687 interiora
2364 3636 2602 3700 spiritus
2626 3636 2881 3699 introire,
2901 3642 2966 3689 ut
2983 3640 3269 3702 potentias
3290 3643 3402 3693 Do-

1805 3708 1948 3760 mini
1976 3708 2137 3766 sciat,
2175 3707 2232 3757 id
2257 3711 2363 3767 est,
2402 3707 2646 3770 gratiam
2672 3712 2730 3759 et
2753 3708 3016 3773 virtutes,
3052 3712 3265 3774 quibus
3282 3714 3401 3777 jam

1805 3793 1924 3831 non
1943 3778 2270 3829 infirmatus
2297 3791 2398 3841 per
2420 3790 2653 3830 carnem
2682 3779 2959 3831 mandata
2981 3781 3181 3834 divina
3204 3788 3405 3848 poten-

1809 3856 1893 3904 ter
1917 3848 2168 3915 impleat.
2197 3851 2264 3899 In
2285 3848 2396 3900 hoc
2421 3850 2593 3899 etiam
2617 3850 2989 3902 commendat
3012 3854 3256 3915 gratiam
3284 3857 3402 3917 Dei,

1807 3935 1925 3973 non
1947 3920 2234 3991 justitiam
2259 3931 2445 3977 suam,
2476 3931 2613 3991 cum
2638 3921 2902 3983 protinus
2934 3922 3094 3974 addit
3119 3939 3131 3973 :
3159 3925 3404 3991 Domine,

1809 3991 2150 4042 memorabor
2166 3990 2515 4054 justitiaetuaz
2537 3990 2722 4041 solius.
2764 3991 3009 4052 Quidam
3049 3994 3204 4045 enim
3243 3995 3409 4059 igno-

1808 4070 2004 4117 rantes
2027 4063 2132 4115 Dei
2146 4062 2450 4127 justitiam,
2478 4063 2533 4113 et
2554 4074 2720 4112 suam
2752 4062 3013 4115 volentes
3038 4066 3405 4129 constituere,

1804 4136 2049 4201 justitise
2078 4135 2181 4185 Dei
2209 4146 2328 4185 non
2359 4136 2498 4184 sunt
2533 4132 2779 4196 subjecti
2810 4135 2986 4196 (Rom.
3022 4134 3144 4200 10.).
3179 4138 3407 4192 Nullam

1810 4219 2001 4258 meam
2016 4218 2287 4270 agnosco,
2315 4204 2492 4256 solius
2514 4208 2631 4256 tua)
2647 4207 3009 4257 memorabor
3024 4208 3286 4270 justitim.
3307 4212 3409 4261 Ju-

1813 4279 1971 4331 stitia
1991 4281 2091 4330 tua
2106 4278 2227 4329 sola
2240 4277 2550 4329 meliberat
2571 4291 2586 4324 :
2608 4288 2735 4327 mea
2755 4276 2878 4328 sola
2905 4290 3024 4330 non
3049 4283 3138 4330 est
3158 4280 3268 4332 nisi
3294 4298 3410 4342 pec-

1812 4355 1957 4402 cata.
1975 4351 2102 4401 Non
2121 4348 2406 4413 gloriabor
2426 4347 2498 4399 de
2513 4347 2729 4399 viribus
2754 4349 2916 4409 meis,
2940 4362 3014 4401 ne
3032 4351 3093 4401 in
3120 4349 3410 4403 literature.

1812 4432 2080 4473 maneam
2109 4438 2120 4469 :
2143 4419 2246 4471 sed
2279 4420 2351 4471 de
2374 4420 2560 4483 gratia
2583 4423 2684 4471 tua
2708 4431 2809 4483 per
2831 4430 3006 4482 quam
3030 4420 3252 4473 literam
3276 4435 3411 4485 ope-

1812 4491 1992 4544 rando
2015 4491 2377 4555 adimplcam.
2412 4492 2527 4541 Nec
2552 4490 2738 4541 solum
2764 4490 2967 4553 facere,
2993 4492 3095 4543 sed
3136 4496 3194 4545 et
3220 4494 3409 4557 ipsum

1815 4564 1961 4616 scire
1988 4565 2107 4614 Deo
2142 4562 2422 4623 attribuit,
2454 4573 2588 4611 cum
2616 4561 2943 4625 subjungit:

1880 4635 1945 4690 17
1992 4636 2149 4693 Deus,
2187 4633 2414 4683 docuisti
2456 4646 2541 4680 me
2582 4647 2616 4680 a
2654 4632 2929 4694 juventute
2973 4648 3111 4696 mea,
3156 4640 3203 4684 et
3253 4651 3417 4700 usque

1824 4722 1991 4757 nunc.
2018 4708 2103 4757 Ex
2118 4706 2243 4770 ipso
2267 4704 2378 4769 (Ea:
2399 4703 2647 4767 August.)
2668 4704 2831 4754 initio
2854 4703 2984 4755 fidei
3003 4716 3118 4768 quo
3141 4718 3233 4757 me
3260 4707 3420 4759 inno-

1824 4779 2180 4840 vastiusque
2200 4776 2387 4835 modo,
2415 4774 2659 4825 docuisti
2683 4786 2794 4837 me,
2830 4776 2967 4838 quia
2991 4781 3107 4829 tuae
3133 4778 3415 4843 soliusju-

1824 4850 1999 4902 stitias
2037 4847 2343 4900 memorari
2375 4847 2575 4898 debeo.
2617 4846 3007 4899 Considerans
3039 4850 3193 4901 enim
3242 4852 3419 4903 vitam

1822 4921 2171 4983 prmteritam
2212 4930 2421 4978 meam,
2455 4918 2622 4970 video
2658 4918 2794 4981 quid
2830 4919 2973 4971 mihi
3007 4921 3337 4986 debebatur,
3362 4926 3420 4973 et

1822 4992 1962 5057 quid
1985 4991 2300 5056 acceperim
2321 5003 2422 5055 pro
2442 5002 2526 5052 eo,
2553 4989 2706 5053 quod
2724 4990 2866 5041 mihi
2887 4992 3217 5043 debebatur.
3248 4994 3418 5043 Debe-

1824 5066 1992 5116 batur
2016 5076 2207 5128 paena,
2229 5062 2451 5113 reddita
2466 5066 2556 5113 est
2569 5062 2767 5125 gratia.
2786 5063 3114 5113 Debebatur
3137 5064 3417 5127 gehenna,

1824 5136 1959 5187 data
1981 5139 2070 5186 est
2092 5136 2210 5186 vita
2232 5139 2464 5185 aeterna.
2492 5135 2574 5184 Ex
2599 5146 2712 5195 quo
2736 5145 3050 5184 conversus
3076 5146 3226 5197 sum,
3250 5133 3422 5187 didici

1824 5207 2028 5259 merita
2062 5217 2189 5256 mea
2225 5204 2385 5257 nulla
2423 5203 2810 5268 praecessisse,
2848 5203 2951 5254 sed
2980 5205 3223 5268 gratiam
3262 5212 3420 5258 tuam

1826 5278 1963 5329 mihi
1990 5275 2167 5341 gratis
2202 5276 2450 5326 venisse.
2486 5274 2695 5325 Taliter
2732 5273 3008 5331 eruditus,
3051 5276 3421 5327 Pronuntiabo

1824 5348 2107 5399 mirabilia
2123 5352 2235 5406 tua,
2253 5345 2311 5395 id
2336 5350 2441 5403 est,
2467 5358 2534 5395 ea
2554 5357 2686 5406 quae
2710 5347 2771 5395 tu
2797 5345 3132 5397 mirabiliter
3152 5353 3422 5411 operatus

1827 5435 1909 5473 es.
1934 5420 2059 5469 aliis
2077 5417 2417 5481 praedicabo.
2444 5416 2589 5477 Quid
2616 5415 2931 5465 mirabilius
2962 5417 3110 5468 inter
3131 5420 3231 5469 Dei
3260 5420 3425 5471 mira-

1828 5491 1978 5548 bilia,
2007 5501 2181 5553 quam
2206 5487 2361 5550 quod
2391 5488 2513 5551 ipse
2551 5493 2771 5537 creator
2793 5487 2980 5538 factus
3005 5494 3092 5539 est
3114 5494 3376 5541 creatura
3400 5494 3425 5540 Ρ

1830 5565 1985 5614 Deus
2002 5562 2315 5611 humanam
2328 5565 2592 5609 naturam
2612 5559 2880 5622 suscepit.
2897 5560 3185 5624 Sanguine
3202 5577 3295 5609 suo
3313 5577 3423 5621 per-

1831 5635 2017 5685 ditum
2054 5632 2344 5682 hominem
2383 5629 2642 5688 redemit,
2670 5629 2741 5679 de
2781 5635 2963 5681 morte
2998 5632 3069 5682 ad
3108 5632 3304 5693 vitam,
3352 5632 3424 5685 de

1831 5704 2049 5756 mundo
2072 5703 2143 5753 ad
2162 5701 2397 5765 gloriam
2425 5699 2671 5751 reduxit.
2692 5700 2831 5751 Haec
2856 5707 3011 5765 sunt,
3037 5714 3168 5765 qum
3193 5718 3423 5762 pronun-

1832 5777 1984 5827 tiabo
2013 5773 2310 5833 mirabilia,
2334 5784 2467 5835 quae
2490 5784 2581 5822 me
2605 5771 2852 5823 docuisti
2884 5784 2917 5823 a
2936 5774 3239 5836 juVentute
3275 5786 3420 5827 mea.

1831 5849 1901 5899 Et
1946 5847 2098 5898 sicut
2159 5844 2463 5909 hucusque
2505 5843 2707 5908 cepisti
2764 5844 3109 5906 misericors,
3164 5846 3426 5911 Domine,

1834 5916 2010 5986 358
2038 5917 2120 5968 sic
2143 5929 2329 5981 usque
2357 5917 2418 5969 in
2441 5915 2614 5968 linem
2648 5927 2765 5968 non
2789 5927 2985 5970 cesses
3005 5928 3192 5982 agere.
3218 5918 3287 5971 Et
3319 5917 3429 5971 hoc

1833 5994 1927 6044 est
1954 5990 2111 6053 quod
2132 5989 2369 6042 subdit:
