3884 6404
509 406 614 460 935

1569 395 1838 447 RUFINO
1880 394 2340 448 PRESBYTERO
2373 392 2762 447 ASCRIPTUS

3719 399 3822 456 936

571 525 647 572 18.
699 519 766 568 Et
800 531 966 579 usque
1105 517 1387 585 senectam,
1430 513 1477 557 ct
1497 509 1729 585 senium,
1755 509 2004 585 Deus,_n_e
2027 508 2111 558 tle-
2133 514 2194 585 Α
2212 514 2269 585 et
2288 508 2603 561 admonitio
2626 509 2744 585 est,
2761 505 3155 585 nondesertio.
3180 509 3323 585 Nam
3339 511 3604 585 protinus
3619 514 3818 567 addit:

506 592 680 655 retinq
691 604 787 639 uas
802 603 901 636 me.
914 583 1205 655 Adjuvisti
1220 582 1443 637 fortem,
1460 592 1576 631 non
1589 579 1824 655 deseras
1838 580 2102 655 debilem.

509 651 787 726 Tempore
809 654 1216 721 Apostolorum
1229 656 1287 704 et
1304 656 1624 726 martyrum
1635 651 1783 726 eratj
1794 651 1999 726 dvenis
2011 654 2105 699 Ερ-

506 722 699 795 clesia,
727 729 889 781 fortis
912 727 972 777 in
994 726 1225 787 virtute,
1244 724 1469 788 patiens
1493 722 1555 774 in
1579 722 2106 795 tribulatione,per-

506 807 653 857 fecta
676 794 735 853 in
760 798 1056 863 sapientia.
1081 798 1211 848 Jam
1234 795 1368 859 quia
1398 795 1607 846 caritas
1628 794 1961 859 refrigescit,
1998 796 2107 844 mi-

503 877 700 929 nuitur
724 869 1024 936 sapientia,
1048 869 1227 920 virtus
1264 866 1457 918 deﬁcit
1482 882 1494 916 :
1529 866 1696 936 quasi
1717 867 1776 917 in
1800 873 2102 915 senectutem

503 946 699 1000 venire
723 935 891 1007 cepit.
914 941 1191 1004 Tempore
1214 936 1557 989 Antichristi
1578 935 1738 988 cadet
1766 950 1827 988 1n
1855 936 2102 987 senium.

502 1017 736 1082 quando
752 1016 881 1079 ejus
904 1013 1086 1063 virtus
1103 1010 1245 1061 adeo
1264 1008 1550 1082 diminuta
1564 1009 1771 1082 erit,_u_t
1783 1010 1827 1082 si
1844 1008 1966 1082 ileri
1983 1022 2108 1082 pos-

502 1078 593 1153 s—it,
637 1078 991 1139 seducantur
1012 1082 1203 1153 etiam
1248 1080 1413 1153 electi
1449 1079 1657 1153 (Matth.
1690 1078 1816 1143 24.).
1847 1079 2107 1130 Postulat

498 1151 634 1224 ergo
659 1156 870 1209 Christi
901 1151 1170 1215 Ecclesia,
1194 1154 1261 1202 ut
1284 1152 1436 1224 sicut
1458 1163 1491 1202 a
1510 1151 1823 1224 juventute
1847 1162 1958 1224 per~
1975 1163 2103 1200 om-

500 1222 815 1296 nipotentis
844 1228 945 1277 Dei
968 1226 1212 1290 gratiam
1237 1223 1455 1296 regitur
1484 1237 1496 1273 :
1532 1222 1615 1296 sic
1640 1233 1826 1296 usque
1848 1222 1903 1272 in
1928 1222 2104 1273 tinem

500 1292 602 1368 per
621 1300 884 1353 eamdem
896 1295 1535 1368 gratiamgubernetur.
1563 1292 1734 1368 Usque
1745 1293 1806 1341 in
1821 1297 2102 1368 senectam,

500 1363 546 1423 Et
589 1373 804 1422 senium
845 1380 1059 1425 meum,
1108 1366 1167 1416 id
1205 1369 1312 1422 est,
1347 1378 1532 1428 usque
1564 1364 1638 1415 ad
1662 1363 1815 1416 diem
1834 1364 2104 1417 ultimum

499 1457 719 1504 meum,
741 1453 929 1504 usque
952 1439 1013 1489 in
1035 1438 1208 1487 tinem
1233 1435 1413 1487 seculi
1446 1435 1630 1499 gratia
1653 1440 1753 1487 tua
1777 1440 2106 1500 perseveret

499 1527 747 1569 mecum.
775 1514 949 1562 Donec
968 1508 1295 1558 annunticm
1314 1507 1600 1556 brachium
1615 1513 1789 1565 tuum,
1808 1507 1865 1557 id
1881 1512 1990 1571 est,
2013 1507 2105 1557 Fi-

500 1588 642 1641 lium
676 1592 859 1647 tuum,
888 1580 1227 1646 generationi
1263 1579 1417 1628 omni
1456 1594 1574 1643 quae
1593 1584 1821 1627 ventura
1843 1583 1931 1627 est.
1956 1580 2102 1629 IIinc

498 1659 634 1713 alibi
657 1658 893 1710 dicitur:
908 1656 976 1705 Et
992 1651 1290 1703 brachium
1302 1651 1533 1702 Domini
1556 1650 1647 1701 cui
1668 1652 1988 1702 revelatum
2012 1654 2104 1701 est

502 1730 647 1797 (Isai.
692 1727 791 1787 33;
825 1721 1125 1797 Joan.__12;
1157 1721 1477 1797 Rom._10.)?
1511 1721 1644 1773 Ideo
1679 1722 2102 1797 Christusbrtt-

500 1792 696 1854 chinm
720 1797 950 1849 Domini
972 1794 1199 1856 dicitur,
1228 1794 1364 1857 quia
1386 1795 1508 1857 ipse
1527 1797 1614 1843 est
1639 1793 1827 1843 virtus
1852 1798 1909 1844 et
1940 1792 2100 1844 forti-

2209 582 2275 631 Et
2298 595 2578 630 conversus
2601 579 2882 641 vivi/icasti
2905 594 3005 630 me.
3034 581 3207 641 Quasi
3228 587 3359 644 post
3382 583 3525 635 iram
3536 601 3819 636 conversus

2202 654 2269 702 ad
2315 650 2786 711 misericordiam,
2821 650 3129 703 viviﬁcasti
3168 665 3354 716 genus
3397 654 3817 710 humanumin

2204 723 2387 788 primo
2403 728 2640 787 parente
2654 726 2965 773 mortuum.
2984 722 3143 773 Sicut
3166 724 3319 776 enim
3342 725 3401 776 in
3425 727 3612 780 Adam
3629 745 3813 778 omnes

2204 795 2546 855 moriuntur,
2588 793 2669 844 ita
2699 796 2756 844 et
2791 793 2850 844 in
2879 793 3105 845 Christo
3130 807 3333 847 omnes
3359 798 3818 852 vivificabuntur

2201 864 2272 927 (1.
2317 865 2437 916 Cor.
2479 864 2607 927 15.).
2641 865 2710 913 Et
2735 864 2797 913 de
2820 864 3024 929 abyssis
3045 872 3212 928 terra,
3231 866 3400 929 idest,
3427 868 3498 920 de
3522 871 3819 933 profundi-

2205 940 2323 987 tate
2368 941 2427 988 et
2470 936 2869 987 submersione
2912 936 3146 999 peccati,
3186 938 3384 987 iterum
3408 940 3684 991 reduxisti
3713 957 3816 991 me.

2204 1007 2351 1069 Quid
2373 1012 2480 1065 est,
2506 1006 2658 1070 quod
2682 1006 2821 1058 dicit
2838 1008 3072 1056 Iterum!
3109 1009 3235 1060 Non
3262 1010 3415 1061 enim
3438 1013 3616 1064 semel
3638 1014 3814 1065 redu-

2203 1080 2281 1131 cit
2300 1080 2455 1130 Deus
2478 1091 2513 1129 a
2534 1080 2814 1142 peccatis:
2838 1079 2941 1130 sed
2960 1079 3132 1131 modo
3156 1093 3256 1144 per
3268 1082 3646 1148 baptismum,
3662 1088 3817 1133 modo

2202 1163 2301 1216 per
2333 1150 2754 1215 pcenitentiam,
2789 1150 2964 1202 modo
3002 1164 3100 1214 per
3126 1155 3564 1207 conversionem
3596 1173 3608 1204 :
3640 1160 3705 1207 et
3732 1157 3819 1207 sic

2202 1220 2399 1272 multis
2425 1226 2481 1273 et
2509 1220 2755 1273 diversis
2767 1222 2955 1272 modis
2972 1222 3382 1276 redhcimurad
3402 1225 3675 1278 salutem.
3696 1230 3818 1279 Nos

2202 1293 2479 1345 iteramus
2497 1291 2744 1357 culpam,
2758 1294 2889 1356 pius
2908 1294 3191 1346 Dominus
3208 1296 3373 1348 iterat
3384 1310 3520 1362 ergo
3530 1312 3641 1350 nos
3661 1314 3812 1348 suam

2203 1364 2789 1416 misericordiam.Vel
2813 1365 2875 1413 de
2901 1364 3105 1429 abyssis
3123 1371 3287 1425 terras,
3312 1367 3370 1419 id
3395 1374 3497 1431 est,
3522 1369 3593 1421 de
3617 1383 3817 1434 pecca-

2204 1436 2295 1498 tis,
2322 1449 2455 1500 quae
2486 1449 2595 1487 nos
2626 1441 2897 1500 mergunt
2923 1437 2985 1487 in
3024 1436 3342 1498 interitum,
3384 1439 3615 1492 reduxit
3649 1443 3813 1493 Deus

2201 1520 2387 1571 genus
2410 1507 2753 1570 humanum,
2786 1508 3040 1559 Primum
3080 1522 3181 1571 per
3204 1510 3397 1574 iidem,
3440 1511 3653 1564 iterum
3708 1526 3815 1577 per

2203 1579 2479 1643 speciem:
2506 1592 2662 1629 nunc.
2689 1582 2842 1630 recte
2866 1579 3131 1641 vivendo,
3155 1580 3363 1633 iterum
3386 1586 3606 1635 mterna
3620 1584 3814 1636 beati-

2202 1650 2403 1702 tudine
2434 1649 2797 1713 perfruendo.
2823 1650 3191 1702 Surreximus
3207 1656 3415 1715 mente,
3430 1653 3559 1716 ﬁde,
3582 1666 3815 1720 spe,ca-

2201 1722 2385 1772 ritate.
2420 1722 2638 1783 Restat,
2661 1726 2727 1773 ut
2751 1733 3058 1785 surgamus
3084 1726 3142 1774 et
3165 1736 3416 1787 corpore.
3443 1727 3512 1776 Et
3534 1727 3672 1789 quia
3695 1726 3811 1778 hoc

2196 1794 2315 1856 jam
2357 1806 2457 1857 spe
2483 1796 2767 1854 tenemus,
2790 1793 3014 1845 dicatur
3036 1798 3206 1857 recte,
3232 1794 3300 1844 Et
3324 1796 3387 1844 de
3412 1795 3618 1860 abyssis
3648 1803 3812 1847 terra:

505 1874 644 1926 tudo
667 1872 769 1922 Dei
798 1882 897 1932 per
910 1879 1085 1930 quem
1102 1865 1293 1946 omnia
1312 1864 1462 1915 facta
1476 1869 1637 1945 sunt:
1658 1869 1715 1915 et
1734 1876 1893 1927 aquo
1909 1866 2099 1953 diaboli
2125 1880 2178 1953 B
2206 1865 2399 1953 iterum
2427 1864 2695 1953 redit-acini
2712 1880 2811 1926 me,
2840 1864 2979 1915 Mihi
3012 1878 3143 1915 vero
3177 1866 3257 1916 sic
3283 1866 3539 1930 reducto,

500 1946 688 1998 virtus
714 1944 1038 2005 superatur.
1052 1936 1221 1987 Omni
1238 1936 1977 1999 generationiannuntiatur
1987 1935 2097 1986 hoc

500 2014 821 2076 brachium,
841 2014 905 2062 ut
925 2007 1208 2060 credendo
1222 2007 1281 2057 in
1302 2007 1612 2057 Dominum
1628 2008 1657 2057 J
1664 2021 1828 2058 esum
1842 2009 2094 2056 Christum

501 2090 675 2140 fortes
718 2085 1115 2149 permaneant,
1154 2083 1328 2141 atque
1373 2078 1432 2129 in
1473 2083 1635 2129 tanta
1670 2079 1884 2129 virtute
1920 2079 2097 2130 conﬁ-

503 2158 711 2221 dendo,
737 2152 1031 2206 diabolum
1058 2156 1115 2202 et
1140 2151 1279 2202 vitia
1302 2153 1567 2213 potenter
1594 2149 1847 2201 vincant.

562 2229 647 2284 19.
694 2222 1052 2278 Annuntiabo
1100 2222 1322 2285 (inquit)
1356 2233 1474 2272 non
1518 2220 1667 2272 vires
1710 2225 1813 2271 aut
1839 2221 2097 2284 justitias

498 2313 679 2363 meas,
719 2297 840 2357 sed,
881 2293 1184 2345 Potentiam
1207 2298 1357 2341 tuam
1378 2298 1423 2341 et
1438 2291 1713 2355 justitiam
1738 2298 1910 2355 tuam,
1936 2293 2095 2356 Deus,

499 2386 631 2439 quas
654 2368 1065 2429 extenduntur,
1081 2380 1252 2439 usque
1273 2363 1625 2439 inaltissima,
1643 2379 1757 2439 quae
1778 2363 1949 2425 fecisti
1971 2379 2096 2413 ma-

498 2433 691 2509 g'natia
706 2456 718 2491 :
735 2440 794 2491 id
806 2444 911 2497 est,
938 2448 1126 2500 usque
1142 2435 1215 2486 ad
1240 2436 1397 2499 ipsas
1418 2433 1680 2487 caelestes
1693 2436 1954 2495 virtutes,
1971 2450 2098 2495 quas

500 2524 561 2570 tu
585 2516 754 2579 longe
770 2509 1093 2563 mirabilius
1104 2519 1278 2579 quam
1295 2512 1505 2579 caetera
1516 2519 1687 2569 opera
1701 2511 1799 2557 tua
1809 2510 2094 2579 creasti.Dei

498 2602 588 2640 ma
598 2577 791 2651 gnalia
811 2586 949 2633 sunt
959 2578 1184 2643 Angeli,
1203 2578 1398 2651 Sedes,
1416 2577 2096 2651 Dominationes,_Princi-

498 2648 687 2725 patus,
726 2656 1072 2725 Potestates._
1096 2651 1234 2701 Haec
1267 2650 1389 2725 ipsa
1427 2648 1716 2725 magnalia
1740 2649 1839 2699 tibi
1862 2649 2092 2725 debent,

498 2719 652 2793 quod
678 2719 850 2786 'sunt,
881 2720 1213 2785 quodjuste
1242 2720 1464 2793 vivunt,
1505 2720 1655 2793 quod
1684 2720 1846 2771 beate
1871 2719 2093 2793 vivunt.

496 2790 625 2853 Non
646 2798 832 2850 solum
857 2794 1121 2845 homines
1148 2792 1332 2856 gratia
1356 2790 1457 2842 Dei
1475 2790 1890 2855 gubernantur,
1913 2790 2014 2842 sed
2040 2796 2096 2842 et

496 2873 642 2939 ipsae
658 2872 708 2923 a1
718 2868 961 2920 tissimus
971 2870 1027 2915 et
1040 2869 1275 2939 aeterna:
1293 2867 1629 2939 potestates.
1641 2865 1783 2939 lU-nde
1793 2865 2095 2939 admirando

494 2934 799 3003 exclamat,
824 2940 1025 2990 dicens
1048 2951 1061 2986 :
1080 2938 1219 2985 Deus
1236 2936 1358 2999 quis
1378 2934 1576 2983 similis
1591 2934 1701 2996 tibi,
1718 2935 2014 2998 subaudis,
2037 2936 2094 2986 in

494 3014 861 3080 magnalibus
904 3008 1222 3061 faciendis?
1248 3006 1439 3080 Voluit
1465 3006 1683 3080 primus
1713 3006 1954 3080 angelus
1994 3008 2092 3058 tibi

489 3077 621 3141 esse
666 3084 890 3143 similis,
930 3086 988 3133 et
1029 3080 1236 3131 cecidit
1282 3078 1425 3142 (lsai.
1475 3077 1601 3141 14.).
1643 3077 1839 3129 Voluit
1874 3078 2093 3143 primus

488 3161 680 3222 homo,
694 3157 787 3208 cui
804 3166 1040 3218 serpens
1058 3152 1232 3202 dixit:
1277 3152 1344 3202 Et
1371 3150 1531 3202 eritis
1544 3152 1696 3202 sicut
1718 3150 1795 3201 dii
1819 3152 1969 3213 (Gen.
1994 3151 2086 3214 3.),

2267 1934 2353 1989 21.
2384 1936 3237 2000 Multiplicastimagniﬁcentiam
3262 1943 3433 2000 tuam,
3463 1938 3629 2002 idest,
3654 1939 3810 1990 mul-

2198 2008 2270 2057 tis
2296 2007 2482 2058 modis
2507 2020 2739 2070 magna,
2761 2012 2820 2058 et
2834 2006 3172 2071 multiplicia
3200 2008 3480 2060 virtutum
3500 2010 3656 2061 dona
3672 2023 3808 2062 con-

2198 2078 2397 2129 tulisti.
2458 2079 2524 2127 Et
2569 2094 2885 2140 conversus,
2935 2091 3036 2143 per
3078 2079 3453 2132 mediatorem
3508 2081 3805 2134 Christum

2198 2148 2265 2212 (1.
2293 2149 2425 2198 Tim.
2446 2149 2537 2211 2.).
2563 2150 2635 2200 ab
2664 2149 2952 2213 ira,quam
2973 2149 3231 2202 habebas
3256 2151 3326 2202 de
3351 2157 3585 2215 peccato
3600 2159 3807 2205 contra

2196 2233 2382 2283 genus
2408 2219 2749 2285 humanum,
2774 2220 3078 2271 consolatus
3099 2237 3150 2271 es
3174 2237 3276 2286 me,
3295 2236 3562 2275 securum
3585 2223 3807 2276 facien-

2197 2292 2269 2344 do
2294 2293 2364 2344 de
2395 2298 2613 2344 aeterna
2646 2293 3076 2357 promisssione.
3103 2295 3173 2344 Et
3202 2294 3452 2357 quia(Eac
3474 2296 3800 2359 Augustino)

2196 2364 2343 2415 duas
2373 2365 2597 2416 dixerat
2614 2364 3000 2426 reductiones,
3028 2377 3205 2417 unam
3223 2366 3542 2417 secundum
3557 2368 3800 2427 spiritum

2196 2436 2256 2487 in
2294 2450 2373 2495 re,
2396 2438 2634 2487 alteram
2673 2436 2998 2489 secundum
3031 2450 3239 2502 corpus
3272 2437 3333 2491 in
3363 2449 3484 2502 spe,
3517 2449 3615 2490 eas
3647 2438 3798 2491 duas

2196 2508 2567 2559 commendat
2588 2521 2720 2559 cum
2753 2508 3057 2572 subjungit
3080 2524 3093 2559 :

2258 2578 2344 2633 22.
2382 2581 2530 2629 Nam
2563 2585 2607 2628 et
2648 2595 2739 2644 ego
2766 2579 3047 2643 conﬁtebor
3063 2579 3157 2629 tibi
3178 2580 3237 2628 in
3260 2580 3402 2630 vasis
3421 2580 3623 2646 psalmi
3655 2583 3797 2630 veri-

2196 2655 2351 2699 tatem
2368 2656 2539 2711 tuam,
2566 2650 2720 2699 Deus.
2747 2651 2869 2701 Hoc
2891 2652 2980 2701 est
2996 2650 3315 2703 secundum
3329 2651 3671 2716 spiritum.A
3695 2665 3796 2703 su-

2195 2722 2399 2786 periori
2430 2722 2583 2774 enim
2617 2724 2785 2773 sonat
2814 2721 3151 2785 psalterium
3181 2722 3337 2786 quod
3364 2728 3471 2786 est,
3497 2723 3664 2786 quasi
3690 2736 3792 2775 vas

2195 2792 2485 2856 quoddam
2511 2792 2825 2856 spirituale,
2852 2792 2909 2842 in
2933 2804 3047 2856 quo
3081 2792 3290 2857 psalmi
3318 2793 3702 2855 continentur,
3730 2793 3791 2844 in

2195 2877 2309 2928 quo
2335 2864 2505 2917 etiam
2531 2864 2761 2915 Domini
2787 2864 2993 2917 veritas
3008 2864 3081 2917 ad
3106 2865 3289 2929 ipsius
3300 2865 3576 2918 honorem
3592 2865 3794 2929 praedi-

2194 2940 2374 2987 catur.
2412 2938 2565 2987 Vasa
2587 2936 3213 3000 psalmi,instrnmenta
3224 2940 3381 3000 sunt,
3394 2937 3493 2988 ubi
3511 2938 3791 2999 psalmodia

2192 3007 2293 3059 fiat
2317 3024 2328 3058 :
2355 3012 2413 3059 et
2449 3007 2775 3071 signiﬁcant
2803 3007 3249 3060 viviﬁcationem
3286 3008 3537 3072 spiritus.
3563 3010 3690 3066 Quid
3727 3010 3789 3056 de

2191 3081 2461 3143 corpore?
2495 3079 2734 3128 Psallam
2772 3078 2867 3127 tibi
2900 3079 2960 3127 in
2999 3080 3232 3143 cithara,
3255 3085 3471 3129 sanctus
3489 3079 3667 3129 Israel.
3695 3079 3787 3130 Ci-

2192 3152 2351 3203 thara
2374 3153 2531 3203 enim
2553 3152 2626 3202 ab
2650 3151 2903 3203 interiori
2930 3157 3090 3216 parte
3114 3152 3371 3204 sonitum
3399 3150 3602 3204 reddit.
3629 3151 3786 3202 Psal-

485 3236 545 3283 et
583 3230 924 3294 dignitatem
960 3225 1173 3276 amisit.
1209 3224 1281 3274 Et
1312 3227 1503 3294 tamen
1542 3222 1615 3273 ad
1653 3222 2085 3274 similitudinem
2130 3289 2160 3294 Α
2186 3222 2296 3272 lam
2336 3223 2431 3273 tibi
2463 3224 2523 3271 in
2558 3224 2790 3286 cithara,
2824 3223 2881 3274 id
2905 3228 3012 3287 est,
3032 3225 3092 3275 in
3114 3224 3547 3276 mortltlcatione
3578 3223 3782 3294 carnis.

486 3302 590 3354 Dei
619 3289 809 3352 tactus
832 3298 1045 3361 legitur
1074 3294 1415 3354 homo(Gen.
1442 3291 1514 3355 2.)
1540 3306 1553 3343 :
1583 3298 1641 3345 et
1662 3294 1787 3357 ipse
1811 3294 2088 3347 Dominus
2118 3289 2164 3363 (ζ
2196 3294 2327 3356 Tibi,
2353 3295 2609 3358 inquam,
2628 3295 2805 3357 quies
2832 3306 3070 3346 sanctus
3094 3295 3286 3355 Israel,
3309 3296 3368 3347 id
3383 3300 3491 3359 est,
3515 3293 3614 3359 qui
3628 3307 3787 3346 sanc-

484 3374 557 3425 ad
584 3369 1019 3423 similitudinem
1043 3378 1209 3417 suam
1232 3378 1341 3416 nos
1365 3365 1595 3428 invitat,
1621 3365 1820 3415 dicens
1835 3365 1895 3416 in
1912 3368 2090 3418 Evan-

482 3445 631 3509 gelio
659 3459 671 3495 :
698 3441 929 3505 Diligite
956 3438 1231 3509 inimicos?
1248 3442 1506 3509 vestros:
1533 3437 1848 3509 benefacite
1872 3436 1964 3509 his
1989 3440 2089 3501 qui

484 3507 730 3568 oderunt
754 3525 876 3573 vos,
902 3513 969 3561 ut
989 3510 1115 3559 sitis
1138 3508 1239 3558 ﬂlii
1262 3507 1445 3557 Patris
1468 3507 1648 3558 vestri
1672 3508 1881 3569 (Matth.
1909 3507 1999 3571 5.).
2020 3511 2089 3560 Et

485 3584 835 3651 Apostolus:
864 3581 1087 3632 Similes
1106 3578 1340 3651 (inquit);
1354 3579 1404 3629 ei
1424 3578 1664 3651 erimus,
1695 3580 1969 3642 quoniam
1999 3582 2087 3632 vi-

482 3649 750 3710 debimus
790 3665 926 3705 eum
972 3650 1143 3701 sicuti
1175 3654 1265 3700 est
1304 3649 1370 3713 (1.
1398 3649 1562 3700 Joan.
1589 3649 1679 3711 3.).
1715 3653 1781 3701 In
1810 3664 1925 3714 quo
1949 3665 2086 3716 ergo

482 3722 1014 3795 peccavithomotsi
1040 3733 1169 3773 esse
1197 3719 1395 3781 voluit,
1423 3720 1578 3784 quod
1606 3722 1757 3795 Deus
1790 3722 1849 3795 in
1873 3722 1968 3774 illo
2002 3723 2085 3775 fo-

481 3793 597 3853 cit?
620 3798 725 3851 Sed
752 3795 935 3849 voluit
956 3794 1065 3844 hoc
1090 3797 1455 3857 perverse,ut
1474 3793 1763 3856 quomodo
1787 3794 1943 3844 Deus
1967 3807 2083 3846 non

480 3873 656 3924 habet
679 3883 713 3922 a
736 3882 851 3933 quo
876 3867 1159 3919 formatus
1178 3869 1284 3927 est,
1306 3877 1423 3915 non
1443 3864 1621 3915 habet
1645 3877 1678 3915 a
1694 3877 1808 3927 quo
1825 3870 2079 3928 regatur:

480 3945 562 3996 sic
594 3946 716 4009 ipse
762 3939 946 3994 voluit
978 3939 1040 3989 in
1073 3948 1181 4009 sua
1223 3940 1507 4000 potestate
1533 3948 1659 4009 esse
1683 3936 1809 3988 sine
1829 3936 2081 4000 domino,

480 4006 875 4075 sine—rectore,
903 4014 969 4062 ut
993 4008 1221 4073 propria
1245 4010 1502 4058 uteretur
1527 4006 1843 4059 voluntate.
1880 4009 2082 4061 Posset

477 4093 673 4141 autem
697 4092 755 4138 et
774 4085 883 4136 hoc
906 4081 1051 4133 velle
1084 4079 1209 4131 sine
1242 4083 1494 4143 peccato,
1537 4078 1753 4129 scilicet
1788 4083 1855 4130 ut
1876 4079 2081 4131 similis

479 4163 634 4212 esset
658 4160 793 4209 Deo.
821 4152 1096 4216 Quisquis
1119 4151 1273 4202 enim
1298 4150 1423 4201 vult
1452 4149 1533 4201 ita
1556 4162 1686 4201 esse
1711 4150 1916 4201 similis
1944 4152 2077 4213 Deo,

480 4235 545 4282 ut
568 4229 643 4282 ad
673 4226 836 4280 illum
859 4228 992 4281 stet,
1007 4227 1064 4273 et
1086 4223 1158 4273 ab
1182 4220 1277 4273 illo
1296 4220 1687 4272 fortitudinem
1705 4234 1873 4272 suam
1893 4226 2079 4273 custo-

478 4303 615 4364 diat,
646 4300 817 4363 eique
847 4292 1189 4347 cohaerendo
1230 4294 1489 4357 signetur
1531 4298 1804 4356 tanquam
1840 4306 1969 4343 cera
2006 4307 2077 4345 ex

477 4372 693 4427 annulo
720 4386 733 4423 :
759 4371 934 4422 habet
956 4367 1265 4429 imaginem
1291 4365 1417 4428 ejus
1444 4365 1656 4416 faciens
1681 4364 1835 4427 quod
1856 4365 2076 4417 dictum

476 4448 588 4509 est,
605 4443 741 4495 Mihi
757 4445 953 4493 autem
965 4438 1261 4491 adhaerere
1282 4438 1395 4489 Deo
1412 4438 1629 4488 bonum
1655 4437 1919 4498 est(Psal.
1947 4436 2072 4491 72.).

480 4519 585 4569 Hic
622 4514 875 4567 custodit
902 4509 1334 4563 similitudinem
1371 4514 1428 4560 et
1463 4510 1777 4573 imaginem
1800 4509 1872 4559 ad
1900 4521 2074 4572 quam

478 4590 663 4641 factus
675 4592 783 4650 est,
802 4590 861 4637 et
875 4597 994 4636 non
1006 4586 1221 4648 peccat.
1241 4584 1397 4642 Quod
1414 4595 1489 4645 qu
1500 4594 1549 4632 Ia
1563 4581 1737 4633 homo
1756 4581 1915 4644 prius
1930 4596 2075 4642 agere

2188 3366 2372 3417 tineas
2398 3380 2517 3429 eos,
2554 3366 2655 3429 qui
2695 3370 2838 3417 sunt
2874 3366 3243 3431 spiritualiter
3264 3368 3455 3427 Israel,
3476 3366 3535 3418 id
3567 3366 3779 3426 est,vi—

2187 3438 2390 3489 dentes
2424 3440 2629 3489 Deum.
2656 3439 2727 3489 Et
2747 3438 2876 3489 ideo

2247 3507 2334 3563 23.
2382 3509 2724 3558 Emuttabunt
2764 3508 2910 3558 labia
2949 3523 3086 3571 mea,
3132 3524 3256 3560 cum
3290 3514 3570 3559 cantavero
3594 3507 3706 3571 tibi,
3734 3515 3779 3559 et

2185 3583 2379 3631 anima
2402 3596 2523 3629 mea
2538 3595 2706 3644 quam
2729 3582 3019 3633 redemisti.
3038 3583 3176 3633 Tam
3188 3583 3379 3634 certus
3393 3584 3516 3633 erat
3537 3582 3779 3633 Sanctus

2189 3653 2367 3705 David
2392 3652 2462 3704 de
2478 3652 2834 3703 redemtione
2849 3655 3061 3706 animm
3073 3666 3216 3715 sum,
3230 3658 3297 3705 ut
3308 3656 3428 3718 jam
3442 3652 3648 3704 diceret
3667 3652 3770 3705 fac~

2186 3730 2328 3788 tum,
2355 3725 2509 3787 quod
2540 3725 2600 3774 in
2625 3724 2830 3787 spiritu
2851 3724 3209 3789 prmvidebat
3232 3724 3504 3777 futurum.
3521 3726 3642 3775 Non
3663 3726 3772 3777 ait:

2183 3798 2252 3847 Et
2291 3795 2563 3858 animam,
2593 3808 2769 3858 quam
2789 3798 3154 3848 redemturus
3183 3810 3245 3848 es
3278 3813 3289 3846 :
3320 3796 3421 3848 sed
3435 3797 3640 3846 Anima
3658 3811 3771 3845 mea

2182 3884 2213 3932 q
2225 3883 2351 3916 uam
2375 3867 2661 3917 redemisti.
2692 3864 2865 3934 360
2883 3869 3235 3932 Quapropter
3247 3867 3387 3920 dum
3399 3868 3640 3918 Domino
3654 3882 3774 3916 can-

2182 3942 2281 3997 tat,
2327 3951 2445 3989 non
2491 3937 2680 3989 solum
2724 3940 3106 3990 exterioribus
3146 3938 3331 4000 labiis,
3379 3937 3483 3990 sed
3516 3938 3671 3989 intus
3714 3938 3770 3988 in

2177 4011 2373 4061 anima
2415 4012 2655 4061 exultat.
2698 4011 2787 4061 Sic
2834 4011 2988 4061 enim
3018 4012 3199 4061 Deum
3239 4009 3472 4061 laudare
3503 4009 3683 4070 decet,
3709 4013 3769 4060 ut

2176 4096 2342 4133 mens
2364 4083 2671 4132 concordet
2692 4094 2827 4132 cum
2852 4094 3011 4143 voce,
3037 4086 3103 4133 ut
3130 4081 3433 4146 impleatur
3457 4079 3597 4132 illud
3620 4084 3769 4145 Apo-

2176 4152 2340 4204 stoli:
2375 4152 2620 4203 Psallam
2646 4153 2866 4217 spiritu,
2897 4152 3139 4217 psallam
3156 4157 3417 4217 etmente
3435 4151 3502 4217 (1.
3521 4151 3766 4214 Con-14.).

2178 4166 2340 4204 SL011:
2375 4166 2620 4203 Psallam
2646 4166 2866 4217 spiritu,
2897 4166 3139 4217 psauam
3156 4166 3281 4276 et?)

2178 4228 2291 4277 Nec
2317 4225 2508 4276 solum
2534 4225 2684 4276 labia
2704 4237 2833 4276 mea
2854 4224 3217 4276 decantabun
3249 4264 3263 4288 ,

2235 4298 2322 4353 24.
2364 4299 2467 4349 Sed
2499 4305 2544 4347 et
2571 4298 2764 4361 lingua
2787 4312 2907 4346 mea
2930 4296 3282 4347 meditabitur
3296 4296 3572 4361 justitiam
3598 4300 3764 4346 luam.

2172 4369 2237 4421 Id
2260 4374 2367 4432 est,
2393 4369 2638 4432 qualiter
2652 4370 2847 4420 anima
2864 4380 2992 4419 mea
3015 4381 3115 4433 per
3143 4372 3198 4419 te
3222 4368 3482 4419 redemta
3504 4368 3595 4426 sit,
3610 4371 3668 4418 et
3685 4367 3770 4430 ju~

2172 4442 2434 4499 stiticata,
2455 4440 2627 4491 nullis
2640 4441 2784 4491 meis
2810 4440 3272 4503 prtecedentibus
3290 4439 3523 4496 meritis.
3542 4438 3642 4488 sed
3665 4440 3769 4485 sola

2175 4518 2275 4564 tua
2297 4513 2548 4577 gratuita
2568 4512 2975 4563 misericordia.
2995 4512 3233 4573 Quando
3245 4510 3354 4562 hoc
3364 4509 3766 4562 meditabitur?

2176 4588 2242 4637 In
2274 4585 2408 4647 ﬁne,
2444 4586 2581 4635 Cum
2612 4584 2825 4646 confusi
2854 4589 2899 4632 et
2922 4583 3133 4633 reveriti
3154 4582 3379 4645 fuerint,
3405 4582 3500 4645 qui
3524 4587 3765 4644 quaerunt

476 4660 807 4722 contemsit,
842 4668 999 4709 nunc
1022 4654 1284 4719 captivus
1312 4654 1557 4704 clamat:
1585 4653 1741 4715 Deus,
1768 4652 1866 4716 qui
1880 4652 2077 4701 similis
2098 4699 2150 4722 η
2178 4657 2329 4705 mata
2350 4656 2513 4707 mihi.
2541 4657 2784 4707 Duobus
2815 4654 3004 4706 modis
3027 4655 3134 4717 (Ea:
3158 4654 3405 4718 August.)
3428 4650 3768 4704 confunden-

476 4699 913 4781 itiii'i‘iaE‘JérEe
939 4699 1251 4779 voluiresse
1277 4726 1379 4777 tibi
1414 4725 1642 4787 similis,
1667 4699 1931 4775 etjfdctus
1943 4737 2074 4775 sum
2096 4699 2152 4771 Ι)
2181 4729 2870 4779 tureterusbescentzaut
2882 4738 3012 4778 cum
3029 4699 3273 4778 credenf
3279 4726 3335 4776 in
3349 4699 3765 4785 christum,aut

476 4802 679 4854 similis
705 4800 909 4865 pecori.
940 4799 1056 4850 Sub
1082 4802 1182 4849 tua
1204 4797 1611 4853 dominatione,
1633 4796 1855 4846 subtuo
1870 4808 2076 4860 praece-

472 4879 569 4941 pto
616 4885 749 4924 vere
775 4867 950 4939 359
990 4869 1193 4921 similis
1221 4882 1397 4921 eram.
1432 4868 1541 4918 Sed
1577 4865 1750 4941 homo
1774 4866 1833 4917 in
1855 4866 2073 4941 honore

473 4938 698 5012 positus
718 4938 835 4996 non
852 4938 1152 5005 intellexit,
1166 4944 1539 5012 comparatus»
1551 4938 1663 5012 estj
1675 4939 1926 5012 umentis
1940 4940 2073 4991 insi-

473 5009 783 5085 pientibus,
830 5020 889 5069 et
930 5014 1135 5066 similis
1168 5015 1353 5085 factus
1388 5015 1479 5085 est
1507 5010 1620 5061 illis
1659 5009 1821 5085 (Psal.
1845 5009 1971 5085 48:).
2003 5014 2073 5085 Et

473 5081 605 5157 quia
644 5090 831 5152 tetigit
875 5087 1132 5149 vilitum,
1159 5089 1218 5137 et
1251 5082 1475 5136 invenit
1517 5081 1878 5147 supplicium.
1908 5082 2071 5135 Unde

472 5176 630 5216 nunc
653 5173 893 5227 gemens
918 5159 1117 5210 subdit
1142 5174 1152 5206 :
1231 5208 1245 5219 ,

532 5234 619 5289 20.
662 5226 909 5293 Quantas
944 5228 1219 5281 ostendisti
1250 5226 1392 5275 mihi
1427 5226 1795 5274 tribulationcs
1826 5227 2001 5276 malas
2024 5232 2069 5276 et

472 5308 670 5355 multas
686 5310 710 5357 Ρ
730 5304 1044 5357 Ostensum
1067 5305 1160 5353 est
1181 5300 1337 5349 enim
1354 5298 1568 5349 malum
1582 5298 1799 5348 homini
1817 5311 2072 5362 perexpe-

472 5379 801 5429 rimentum.
826 5375 990 5427 Unde
1012 5373 1291 5436 scriptum
1313 5375 1403 5421 est
1428 5386 1438 5418 :
1476 5374 1534 5421 et
1555 5370 1736 5433 aperti
1757 5375 1897 5421 sunt
1919 5371 2069 5422 oculi

472 5463 670 5501 eorum
712 5451 859 5511 (Gen.
908 5446 999 5507 3.).
1034 5447 1440 5507 Cognoverunt
1493 5442 1645 5493 enim
1691 5455 1753 5493 se
1781 5455 2063 5506 peccasse.

470 5522 660 5573 Clausi
692 5523 829 5571 sunt
853 5516 1003 5568 oculi
1027 5515 1324 5566 interiores
1364 5515 1578 5577 quibus
1606 5514 1879 5565 videbant
1900 5514 2065 5578 spiri—

467 5594 621 5645 tuale
637 5594 890 5643 bonum:
919 5594 976 5640 et
1004 5588 1183 5651 aperti
1206 5590 1345 5638 sunt
1367 5585 1515 5638 oculi
1539 5586 1846 5638 exteriores
1868 5586 1942 5637 ad
1967 5599 2065 5638 ex-

470 5664 807 5729 periendum
825 5660 1062 5713 malum.
1088 5660 1227 5721 Quis
1239 5664 1433 5710 autem
1450 5663 1640 5722 potest
1662 5658 1851 5729 dicere
1871 5662 1973 5708 aut
1985 5673 2065 5706 ex-

468 5728 734 5801 cogitare,
781 5738 1026 5798 quantas
1064 5737 1122 5784 et
1154 5744 1329 5795 quam
1352 5732 1566 5781 multas
1591 5728 1983 5801 tribulationes
2009 5734 2066 5781 et

467 5800 788 5859 anitietates
802 5806 996 5859 videat
1013 5810 1070 5857 et
1083 5806 1298 5856 sentiat
1314 5804 1488 5853 miser
1505 5803 1699 5865 homo,
1722 5802 1781 5851 in
1803 5800 1911 5851 hac
1927 5815 2065 5849 mor-

471 5880 689 5932 talitate
724 5882 781 5928 et
809 5877 1210 5941 corruptione?
1238 5876 1381 5935 Quae
1403 5874 1531 5926 ideo
1556 5872 1726 5941 malm
1749 5876 1901 5933 sunt,
1930 5872 2064 5937 quia

467 5950 593 6002 sine
615 5948 784 6012 culpa
805 5959 935 6001 esse
956 5934 1074 5999 rion
1094 5934 1361 6011 possunt.
1376 5934 1687 6008 Disciplina
1709 5948 1905 5998 tamen
1915 5934 2062 6010 sunt,

2173 4813 2303 4851 cum
2330 4799 2549 4851 venerit
2562 4798 2842 4849 Christus.
2868 4797 3355 4862 Resurgentenim
3366 4807 3568 4847 omnes
3585 4796 3763 4843 mortui

2176 4871 2243 4934 (ι.
2274 4872 2392 4922 Cor.
2414 4870 2538 4933 15.),
2567 4870 2811 4934 quisque
2829 4882 2962 4921 cum
2976 4882 3183 4921 caussa
3195 4882 3301 4920 sua
3319 4884 3331 4919 :
3350 4868 3765 4932 separabuntur

2174 4943 2309 4994 boni
2342 4943 2414 4994 ad
2440 4942 2756 5006 dexteram,
2782 4941 2916 4992 mali
2941 4954 3074 4993 vero
3097 4940 3171 4992 ad
3188 4940 3503 4991 sinistram.
3521 4939 3604 4988 Ex
3626 4941 3764 4989 tunc

2172 5014 2617 5077 confundentur,
2645 5014 2743 5077 qui
2756 5018 2891 5065 ante
2902 5013 3244 5065 exultabant
3265 5027 3277 5062 :
3300 5012 3657 5073 erubescant,
3671 5011 3760 5069 qui

2171 5087 2516 5150 garriebant,
2542 5098 2674 5135 cum
2700 5084 2921 5136 dicetur
2933 5085 3017 5136 eis
3040 5098 3052 5134 :
3077 5084 3153 5135 ite
3178 5083 3238 5134 in
3266 5082 3459 5147 ignem
3481 5085 3759 5135 internum

2171 5158 2377 5221 (Matth.
2404 5154 2531 5219 25.).
2558 5159 2627 5208 Et
2655 5156 2995 5218 notandum,
3034 5154 3188 5219 quod
3212 5167 3327 5206 non
3350 5155 3447 5217 ait,
3477 5154 3546 5203 Et
3570 5152 3761 5216 lingua

2171 5229 2582 5292 mealoquetur
2607 5244 2619 5281 :
2656 5228 2759 5281 sed
2782 5228 3144 5279 meditabitur.
3179 5228 3338 5279 Tunc
3365 5225 3521 5277 enim
3552 5223 3759 5287 lingua

2168 5302 2484 5352 cessabunt
2520 5300 2589 5363 (1.
2641 5301 2761 5352 Cor.
2799 5299 2925 5365 13.),
2950 5300 3224 5363 quoniam
3246 5299 3305 5350 in
3332 5297 3430 5348 illa
3457 5296 3622 5347 beata
3647 5294 3760 5346 vita

2167 5374 2428 5425 omnium
2478 5372 2808 5425 voluntates
2844 5377 2903 5424 et
2925 5372 3302 5437 cogitationes
3324 5368 3592 5422 omnibus
3617 5366 3758 5419 invi-

2168 5456 2294 5496 cem
2317 5444 2693 5509 apparebunt.

2446 5558 2810 5624 TITULUS
2854 5555 3177 5623 PSALMI
3219 5554 3457 5622 LXXI.

2230 5693 2280 5748 1.
2302 5693 2550 5744 Psalmus
2562 5693 2755 5754 David,
2774 5692 2834 5741 in
2858 5691 3476 5744 Salomonem.Tractatus
3496 5692 3587 5739 iste
3604 5692 3752 5740 tendit

2166 5761 2218 5805 in
2242 5761 2511 5815 Christum,
2539 5760 2624 5817 qui
2651 5768 2721 5806 est
2741 5771 2889 5804 verus
2916 5758 3169 5815 Salomon,
3189 5758 3239 5804 id
3262 5763 3351 5814 est,
3367 5755 3640 5867 pacificus,
3656 5756 3749 5867 gui

2166 5836 2333 5867 nucem
2350 5822 2665 5867 nosnitiuter
2690 5824 2840 5867 Deum
2867 5825 2912 5867 et
2935 5834 3095 5867 genus
3124 5822 3403 5867 humanum
3426 5819 3441 5867 ί
3494 5818 3638 5867 υὴεε.
3694 5819 3747 5867 .).

2166 5769 2218 5805 in
2242 5769 2511 5815 Christum,
2539 5773 2624 5817 qui
2651 5769 2721 5806 est
2741 5771 2889 5804 verus
2916 5769 3169 5815 Seiomon,
3189 5769 3239 5804 ια
3262 5769 3747 5870 οεῑ,ρασέμειιδ,ἓυι

2165 5836 2333 5882 pacem
2350 5822 2665 5881 posuitiuter
2690 5824 2840 5868 Deum
2867 5825 2912 5867 et
2935 5834 3095 5879 genus
3124 5822 3403 5869 humanum
3426 5819 3441 5880 (
3490 5818 3638 5883 phes.
3694 5819 3747 5879 .).

2164 5887 2220 5934 In
2253 5887 2347 5932 hoc
2380 5886 2572 5944 psalmo
2608 5886 2835 5932 Christus
2856 5885 3065 5931 materia
3087 5889 3160 5931 est
3186 5883 3463 5932 secundum
3490 5889 3748 5942 utramque

2164 5952 2413 6013 naturam,
2428 5949 2658 5999 divinam
2680 5947 2873 5996 scilicet
2892 5950 2939 5994 et
2959 5947 3252 5998 humanam.
3274 5948 3331 5995 In
3347 5946 3509 6004 prima
3517 5949 3652 6007 parte
3663 5958 3743 6006 pe-
