3884 6458
85 478 179 535 937

84 597 138 643 tit
158 598 201 643 ei
224 596 324 644 dari
345 596 619 659 judicium,
644 602 693 645 et
715 600 927 648 afﬁrmat

84 659 206 719 (quas
226 660 414 725 incipit,
441 662 638 708 Orietur
661 662 716 708 in
742 663 921 710 diebus
955 659 1066 722 ejus
1092 664 1310 725 justitia)
1334 664 1555 723 loquitur
1592 665 1653 711 de

84 736 240 783 regno,
264 724 423 781 ipsum
446 737 656 781 regnum
674 728 1072 773 commendando
1089 728 1260 773 multis
1281 727 1459 775 modis.
1480 729 1537 773 In
1563 732 1653 773 ter-

84 786 142 830 tia
162 786 279 851 (qua:
301 785 499 851 incipit,
518 788 587 832 Sit
601 800 782 851 nomen
805 790 916 846 ejus
931 788 1265 851 benedictum)
1287 790 1651 836 commendatio

82 852 147 892 est
171 847 323 905 ipsius
356 849 507 907 regis.
548 850 766 896 Intendil
795 864 886 898 nos
918 854 1202 909 admonere,
1237 847 1290 899 ut
1322 853 1651 909 subjiciamur

82 910 168 967 ipsi
193 909 452 959 Salomoni.
485 911 589 959 Vox
615 913 870 971 Prophetas
892 916 1216 974 prmvidentis
1240 916 1491 962 Christum
1521 916 1653 962 futu-

81 986 182 1040 rum
216 986 387 1033 regem,
424 974 514 1033 qui
552 977 741 1022 orando
777 980 1054 1040 prophetat,
1087 983 1141 1024 ut
1168 978 1309 1025 detur
1332 980 1378 1026 ei
1415 991 1649 1038 regnum,

78 1035 121 1079 di
263 1048 273 1079 :
871 1035 887 1037 ‘
1043 1035 1052 1040 '

128 1046 239 1081 cem
509 1122 911 1190 PSALMUS
954 1124 1193 1190 LXXI.

132 1224 181 1282 2.
211 1228 355 1292 Deus,
372 1228 650 1292 judicium
669 1234 825 1279 tuum
847 1230 961 1294 regi
984 1230 1058 1279 da
1083 1248 1093 1280 :
1129 1235 1175 1280 ct
1189 1229 1466 1294 justitiam
1496 1235 1649 1279 tuam

71 1300 178 1359 filio
198 1300 345 1363 regis.
382 1301 506 1350 Hoc
536 1300 838 1351 conﬁrmat
860 1301 921 1351 in
956 1314 1019 1353 se
1042 1303 1340 1365 Dominus,
1370 1300 1564 1352 uhiait
1589 1301 1649 1352 in

76 1370 405 1433 Evangelio:
434 1372 597 1421 Pater
629 1384 748 1421 non
768 1371 989 1433 judicat
1020 1384 1369 1435 quemquam
1391 1374 1477 1419 sed
1501 1386 1650 1420 omne

68 1441 338 1502 judicium
358 1440 516 1491 dedit
538 1440 679 1491 Filio
707 1442 884 1504 (Joan.
918 1441 1011 1505 5.).
1036 1443 1142 1503 Qui
1172 1455 1275 1493 rex
1298 1442 1472 1493 etiam
1495 1442 1648 1493 illius

72 1513 215 1574 regis
237 1518 336 1575 est,
358 1512 496 1575 quia
519 1516 577 1562 et
598 1514 758 1563 Deus
777 1517 936 1575 pater
956 1515 1157 1575 utique
1180 1525 1280 1563 rex
1302 1518 1422 1563 est:
1445 1519 1502 1563 et
1525 1514 1648 1577 ipse

72 1583 267 1633 Filium
282 1595 453 1633 suum
466 1583 830 1634 incarnatum
847 1585 1150 1635 constituit
1164 1596 1357 1647 regem
1382 1597 1552 1645 super
1568 1599 1651 1646 po-

70 1655 260 1717 pulum
275 1666 465 1714 suum,
486 1657 551 1703 ut
565 1667 697 1703 eum
715 1654 1033 1705 secundum
1044 1658 1292 1714 justitiam
1308 1663 1355 1703 et
1373 1657 1646 1717 judicium,

70 1724 375 1776 secundum
392 1726 574 1776 bonos
589 1737 780 1777 mores
797 1731 855 1776 et
872 1727 1117 1776 virtutes
1136 1727 1505 1790 spiritualiter
1519 1742 1652 1787 rege.

68 1802 168 1859 ret,
182 1801 351 1859 atque
364 1796 424 1846 in
442 1808 546 1846 suo
567 1796 787 1847 caelesti
800 1808 978 1859 regno
994 1797 1319 1861 perenniter
1332 1796 1648 1849 collocaret.

66 1872 145 1918 Ac
167 1868 214 1918 si
236 1867 423 1919 dicat:
465 1868 509 1918 Ο
548 1869 706 1918 Deus
751 1869 935 1932 Pater,
974 1869 1048 1919 da
1070 1869 1191 1931 regi
1226 1868 1449 1919 Christo
1476 1881 1649 1931 super

1066 484 1139 539 IN
1173 486 1495 539 PSALMOS
1527 486 1734 541 LXXV
1767 487 2347 542 COMMENTARIUS.

948 602 1081 676 quod
1100 601 1409 679 gnominatum
1433 602 1652 679 secunda
1750 601 1850 667 jus
1877 601 1982 679 (Ea:
2002 602 2255 679 August.)
2279 602 2373 657 ille
2399 608 2749 679 potestatem
2771 604 2852 659 ita
2882 608 3134 675 gerebat,
3158 615 3225 664 ut
3246 624 3347 677 per

3239 495 3345 554 938

1758 686 1939 725 unum
1956 674 2248 726 hominem
2265 688 2440 739 quem
2456 678 2775 741 deceperat.
2792 690 2992 731 omnes
3016 674 3346 744 permorlem

1750 746 1997 818 traheret
2019 747 2093 798 ad
2116 747 2561 800 damnationem.
2586 749 2697 801 Sed
2712 749 3051 803 humiliatus
3069 758 3184 804 est:
3211 768 3351 818 quo-

1750 816 1903 866 niam
1928 816 1976 867 si
1998 830 2099 881 per
2126 818 2301 868 unius
2328 818 2603 870 delictum
2641 832 2797 871 mors
2820 820 3055 873 intravit
3086 824 3143 874 in
3174 816 3347 878 mun-

1752 886 1891 938 dum
1909 888 2079 951 (Rom.
2097 886 2387 959 5.).multo
2400 892 2588 954 magis
2601 891 2701 954 qui
2717 893 3129 945 abundantiam
3143 898 3347 959 gratim

1752 959 2039 1029 accipiunt
2062 958 2122 1009 in
2146 958 2284 1021 vita,
2308 962 2638 1024 regnabunt
2659 975 2760 1026 per
2784 963 3095 1026 Christum,
3121 958 3221 1029 qui
3244 966 3348 1019 hu-

1750 1028 1993 1079 miliavit
2016 1029 2508 1082 calumniatorem.

1814 1099 1865 1153 5.
1904 1100 1970 1148 Et
2000 1102 2334 1164 permanebit
2380 1117 2502 1151 cum
2537 1101 2657 1166 sole,
2699 1103 2757 1154 id
2787 1108 2894 1167 est,
2917 1118 3050 1156 cum
3090 1105 3343 1160 deitate:

1752 1183 1883 1242 qum
1904 1171 2033 1222 ideo
2059 1171 2268 1224 dicitur
2290 1172 2393 1237 sol,
2429 1175 2565 1237 quia
2594 1187 2734 1226 vera
2758 1178 3083 1238 cognitione
3100 1181 3344 1242 justitia

1752 1241 2037 1293 illuminat
2052 1243 2322 1306 animam,
2338 1243 2637 1296 humiliato
2654 1244 3063 1300 calumniatore
3078 1267 3089 1298 :
3104 1241 3222 1300 cum
3241 1256 3344 1303 sole

1750 1318 2063 1378 permanet,
2088 1314 2223 1377 quia
2245 1315 2393 1366 victo
2411 1315 2635 1367 diabolo
2652 1330 2751 1381 per
2772 1321 3249 1374 resurrectionem
3271 1325 3345 1376 ad

1749 1385 2044 1437 dexteram
2063 1386 2244 1437 Patris
2261 1387 2441 1450 sedet,
2465 1388 2565 1437 ubi
2584 1387 2706 1450 jam
2719 1400 2839 1439 non
2857 1394 3114 1456 moritur,
3133 1397 3190 1444 et
3211 1410 3345 1444 mors

1750 1457 1803 1507 ei
1827 1456 1977 1507 ultra
2013 1468 2128 1507 non
2152 1456 2540 1508 dominabitur
2565 1458 2732 1520 (Rom.
2758 1457 2848 1522 6.).
2882 1461 2951 1509 Et
2981 1461 3092 1513 hoc
3113 1470 3239 1514 ante
3258 1465 3345 1515 tu-

1750 1543 1899 1577 nam.
1926 1529 2240 1590 Tamquam
2257 1528 2677 1591 primogenitus
2696 1540 2732 1580 a
2745 1531 2989 1582 mortuis
3008 1537 3345 1597 prmcedens

1750 1599 2081 1663 Ecclesiam,
2105 1611 2236 1662 quae
2254 1599 2529 1651 variando
2557 1600 2749 1651 deﬁcit
2771 1605 2828 1653 et
2850 1604 3073 1666 crescit,
3098 1606 3162 1654 1η
3185 1621 3343 1670 gene-

1751 1671 2017 1718 rationem
2045 1674 2089 1718 et
2119 1670 2517 1743 generationem
2542 1708 2555 1720 .
2592 1674 2710 1721 Aut
2732 1677 3163 1743 generationem
3186 1678 3341 1743 dicit,

1750 1753 1866 1804 qua
1898 1752 2241 1805 generamur
2274 1740 2605 1792 mortaliter.
2642 1742 2861 1794 Deinde
2894 1740 3342 1801 incarnationem

1748 1813 2063 1864 divinitatis
2082 1813 2407 1873 annuntiat,
2431 1824 2562 1862 cum
2584 1813 2885 1878 subjungit
2910 1830 2923 1865 :

1811 1884 1861 1937 6.
1881 1883 2156 1932 Descendel
2174 1883 2310 1931 sicut
2323 1881 2596 1954 pluviagin
2619 1882 2796 1933 vellus.
2817 1885 2964 1945 Quid
3193 1889 3343 1941 enim

65 1938 612 2020 hominesjudigium
634 1944 816 2001 tuum,
834 1945 900 2019 9t
923 1939 1155 2020 sicuttu
1176 1940 1645 2022 habesiudicare,
1671 1974 1725 2048 Β
1752 1959 1870 2006 tam
1894 1956 2125 2006 silenter
2146 1957 2201 2004 et
2219 1938 2343 2003 sine
2361 1952 2603 2016 strepitu
2618 1954 2699 2016 ﬁt,
2727 1938 2901 2017 quain
2922 1938 3346 2013 castanea;

65 2016 133 2048 Im
164 2010 364 2048 hahnnt.
386 2015 444 2048 ni.
466 2010 573 2048 Ille-
610 2011 987 2048 Atrlnnmdnm
1015 2011 1125 2048 ΙίΙιη
1148 2026 1285 2048 ranis
1330 2012 1381 2048 Id
1403 2017 1493 2048 aut.
1539 2017 1620 2048 tm
1751 2026 1958 2048 --ηιμ-ι.
2003 2024 2294 2048 ,ιηηηηηλει
2335 2025 2347 2048 I
2368 2024 2512 2048 r..,.t.'..
2568 2024 2597 2048 1.:
2625 2024 2636 2048 \
2667 2030 2689 2048 ει
2728 2025 2946 2048 Μηιιε..-
2984 2040 3149 2048 --_..-_
3203 2044 3294 2048 --η
3325 2047 3330 2048 ,

64 2011 140 2061 ita
160 2010 365 2061 habeat
386 2015 444 2061 et
464 2010 574 2061 ille.
602 2012 792 2073 Atque
806 2011 991 2061 eidem
1010 2011 1125 2073 ﬁlio
1148 2014 1304 2075 regis,
1328 2012 1388 2062 id
1403 2017 1513 2075 est,
1539 2015 1642 2075 tui,

64 2082 159 2145 qui
181 2081 333 2132 solus
356 2093 460 2132 rex
480 2094 564 2145 es,
595 2086 653 2132 et
681 2083 743 2132 in
774 2082 1012 2133 veritate
1038 2088 1169 2133 tuos
1196 2084 1367 2147 regis,
1394 2083 1469 2133 da
1484 2083 1647 2147 justi-

65 2155 195 2202 tiam
226 2158 391 2215 tuam,
428 2152 487 2202 id
503 2157 611 2214 est,
630 2152 863 2215 justum
889 2153 1173 2216 judicium
1201 2170 1211 2201 :
1249 2154 1387 2216 quia
1423 2166 1526 2205 rex
1557 2154 1651 2208 ille

63 2225 459 2288 semperjusla
475 2223 697 2287 judicia
712 2224 991 2287 judicabit
1014 2235 1049 2275 '.
1076 2224 1347 2275 Endiadis
1375 2231 1481 2287 est,
1516 2229 1652 2290 quia

64 2310 157 2359 per
179 2296 403 2347 diversa
443 2296 596 2345 idem
619 2295 772 2345 dicit.
801 2296 960 2346 idem
997 2300 1087 2347 est
1122 2297 1277 2346 enim
1307 2296 1370 2347 in
1394 2296 1503 2348 hoc
1525 2300 1649 2351 loco

55 2368 279 2430 justitia
299 2372 358 2417 et
374 2366 675 2430 judicium.
704 2368 818 2417 Nec
841 2366 995 2417 aliud
1015 2367 1343 2430 designant,
1368 2367 1481 2418 nisi
1496 2370 1651 2433 judi-

60 2441 210 2489 cium
227 2439 471 2502 justum.
498 2439 585 2488 Da
608 2440 658 2488 ei
680 2438 938 2488 Judicare
947 2438 1215 2501 populum
1238 2444 1394 2487 tuum
1419 2440 1651 2503 injusti-

59 2512 152 2573 tia,
168 2510 228 2561 id
239 2514 343 2568 est,
363 2513 426 2559 ut
433 2510 452 2573 j
463 2514 592 2560 uste
602 2509 824 2571 judicet
840 2508 1161 2561 universos:
1182 2509 1450 2561 videlicet
1464 2512 1649 2565 bonos

60 2589 116 2635 et
139 2581 334 2633 malos.
362 2583 478 2632 Nec
494 2593 731 2631 movere
754 2581 943 2642 debet,
965 2580 1121 2643 quod
1146 2582 1300 2642 dicit,
1331 2582 1522 2636 Tuum.
1549 2585 1650 2637 Sui

55 2656 207 2705 enim
233 2658 371 2704 sunt
385 2653 559 2704 etiam
577 2654 854 2716 perversi,
882 2648 1036 2719 36]
1069 2665 1175 2703 nec
1192 2653 1500 2717 quicquam
1524 2669 1651 2719 pos-

56 2731 195 2777 sunt
217 2726 421 2787 facere,
444 2724 559 2775 nisi
579 2724 868 2787 permissu
884 2732 1004 2775 Dei.
1030 2724 1299 2775 Similiter
1320 2730 1366 2772 et
1384 2740 1649 2789 pauperes

55 2806 169 2847 tuos
205 2798 268 2845 in
289 2796 521 2860 judicio,
564 2795 846 2846 subaudis
883 2795 959 2846 da
993 2795 1045 2846 ei
1092 2794 1367 2858 judicare.
1418 2798 1650 2850 Judicat

53 2870 316 2921 Christus
332 2868 392 2918 in
414 2868 525 2918 hac
540 2866 660 2919 vita
674 2867 858 2918 bonos
879 2872 935 2917 et
948 2865 1150 2916 malos.
1169 2866 1460 2918 Judicabit
1475 2870 1649 2921 etiam

54 2938 442 3003 postmodum,
460 2938 691 3001 quando
708 2938 890 2989 malos
901 2947 937 2988 a
950 2938 1118 2989 bonis
1135 2938 1423 3002 separabit
1438 2941 1647 3003 (Matth.

55 3012 179 3074 25.).
200 3014 270 3062 Et
283 3010 604 3062 notandum
628 3009 783 3073 quod
799 3022 933 3061 cum
959 3010 1168 3060 diceret
1193 3010 1511 3075 :Pauperes,
1533 3027 1649 3061 mox

53 3083 292 3143 addidit,
322 3084 455 3132 Tuos
480 3097 492 3131 :
514 3086 575 3133 ut
597 3095 695 3145 per
708 3082 819 3131 hoc
834 3082 1163 3144 designaret
1181 3092 1461 3145 pauperes
1484 3097 1648 3137 veros.

58 3160 182 3208 Non
205 3155 360 3208 enim
384 3166 585 3205 omnes
618 3164 900 3217 pauperes
934 3157 1073 3203 sunt
1094 3164 1375 3216 pauperes
1399 3155 1521 3216 Dei,
1547 3156 1650 3207 sed

52 3228 268 3280 divites
284 3226 375 3277 sui
401 3242 413 3277 :
439 3228 575 3289 quia
594 3237 713 3277 non
731 3225 980 3276 humiles
1005 3230 1162 3286 sunt,
1187 3225 1290 3275 sed
1315 3228 1566 3288 superbi.
1584 3230 1654 3280 Et

52 3306 191 3354 sunt
206 3298 445 3362 quidam
469 3298 679 3350 divites
705 3297 808 3360 qui
830 3297 1051 3348 facilius
1075 3296 1270 3348 omnia
1294 3309 1400 3347 sua
1413 3304 1653 3360 pauperi-

52 3371 481 3463 biisatribuant,l
482 3382 654 3433 quam
667 3369 778 3433 ipsi
800 3382 1081 3433 pauperes
1097 3369 1324 3463 faciant.
1344 3369 1648 3452 Propterea
1672 3389 1721 3463 Ο

49 3446 120 3495 ad
160 3441 555 3505 designandos
587 3452 868 3505 pauperes
904 3452 1058 3503 suos,
1104 3440 1241 3490 dicit
1267 3439 1550 3492 Dominus
1586 3446 1647 3495 in

52 3514 396 3579 Evangelio:
415 3513 572 3565 Beati
590 3524 867 3577 pauperes
884 3512 1107 3576 spiritu,
1127 3513 1399 3575 quoniam
1425 3516 1647 3573 ipsorum

50 3593 140 3639 est
162 3597 411 3650 regnum
436 3586 711 3637 calorum
736 3584 940 3648 (Matth.
981 3583 1069 3646 5.).
1100 3586 1226 3635 Non
1257 3585 1338 3635 ait
1369 3598 1649 3651 pauperes

51 3661 247 3721 rebus,
266 3659 369 3709 sed
386 3658 590 3721 spiritu
614 3675 626 3705 :
644 3658 915 3720 quoniam
930 3657 1057 3708 haec
1077 3658 1245 3709 beata
1269 3662 1328 3709 et
1348 3659 1467 3710 Deo
1486 3675 1653 3722 accep-

50 3730 242 3782 tabilis
272 3734 582 3795 paupertas
613 3735 722 3793 est,
747 3729 847 3779 ubi
869 3729 1248 3793 prmsumptio
1273 3730 1510 3794 spiritus
1531 3744 1651 3784 non

48 3817 108 3852 es
120 3807 158 3854 t.
182 3801 357 3854 Tales
375 3815 654 3866 pauperes
669 3802 727 3853 in
742 3802 931 3854 futuro
951 3801 1171 3865 judicio
1182 3803 1479 3865 judicabit.
1496 3811 1543 3853 et
1558 3807 1652 3853 sal-

47 3876 216 3925 vabit
238 3874 529 3926 Christus:
555 3873 830 3938 quoniam
847 3874 998 3925 sicut
1012 3873 1147 3924 alibi
1164 3874 1373 3924 dicitur
1397 3890 1409 3925 :
1428 3876 1653 3927 Patien-

49 3950 125 4019 tia
161 3958 648 4019 pauperumpon
684 3945 887 4019 peribit
908 3944 1169 4019 inlinem
1195 3945 1209 4008 (
1231 3945 1451 4019 Psat._9.
1475 3945 1511 4009 ).
1538 3948 1652 4019 Nec

44 4018 245 4069 solum
259 4017 337 4068 da
351 4018 402 4069 ei
416 4017 715 4080 judicium,
734 4017 837 4069 sed
852 4016 941 4068 fac
953 4016 1117 4067 illum
1134 4028 1233 4080 per
1245 4016 1653 4080 praedicatores

44 4095 183 4142 tuos
206 4088 498 4153 divulgari
520 4102 620 4154 per
634 4093 822 4141 totum
840 4089 1144 4141 mundum.
1165 4091 1236 4140 Et
1256 4088 1367 4140 hoc
1386 4094 1476 4141 est
1497 4089 1652 4153 quod

41 4161 291 4212 subdit:

104 4232 159 4287 3.
197 4232 526 4296 Suscipiunt
545 4236 748 4282 montes
769 4246 956 4296 pacem
980 4230 1200 4296 populo,
1229 4236 1277 4281 et
1304 4231 1457 4281 colles
1486 4231 1655 4297 justi-

42 4307 201 4356 liam.
229 4303 571 4356 Eminentes
594 4302 896 4356 excellenti
920 4303 1227 4355 sanctitate
1242 4309 1471 4355 montes
1494 4306 1549 4351 in
1571 4307 1658 4354 Ec-

43 4377 230 4428 clesia
244 4380 405 4439 sunt,
427 4376 528 4440 qui
547 4375 739 4426 idonei
756 4378 895 4425 sunt
910 4379 969 4425 et
981 4374 1124 4425 alios
1141 4378 1317 4423 docere
1333 4374 1404 4437 (‘2.
1422 4376 1543 4426 Cor.
1561 4375 1651 4438 3.).

42 4448 377 4512 Suscipiant
400 4447 501 4499 isti
530 4452 735 4496 montes
766 4461 952 4511 pacem
974 4446 1402 4510 prmdicandam
1424 4446 1654 4511 populo,

44 4524 200 4573 sicut
214 4520 337 4570 illis
354 4523 704 4583 praeceptum
721 4518 1126 4570 estaDomino.
1145 4520 1211 4569 In
1230 4530 1657 4583 quamcumque

40 4594 299 4645 domum
313 4590 685 4654 intraveritis,
700 4593 951 4654 primum
970 4589 1167 4641 dicite:
1187 4591 1305 4641 Pax
1327 4590 1462 4641 huic
1483 4594 1658 4642 domui

42 4666 98 4727 (L
109 4681 194 4713 uc.
216 4663 352 4725 ‘10.).
373 4661 558 4714 Colles
575 4667 715 4713 sunt
737 4662 1003 4714 minores.
1028 4664 1145 4726 Ipsi
1167 4662 1489 4725 suscipiant
1510 4667 1659 4723 justi-

42 4738 186 4787 tiam
198 4771 216 4798 ,
232 4734 413 4798 idest,
430 4733 835 4797 obedientiam,
855 4745 986 4796 quae
1002 4734 1159 4785 estin
1170 4733 1523 4797 hominibus,
1541 4741 1586 4782 et
1602 4738 1655 4783 in

40 4809 211 4859 omni
238 4805 508 4858 rationali
528 4811 791 4857 creatura
819 4806 1008 4857 omnis
1034 4805 1278 4869 justitia:
1300 4805 1458 4869 origo
1481 4810 1658 4869 atque

39 4879 357 4943 perfectio.
381 4877 482 4928 Vel
506 4888 606 4941 per
628 4881 859 4929 montes
883 4882 942 4928 et
964 4876 1140 4928 colles
1165 4883 1413 4941 possunt
1437 4879 1657 4939 intelligi

40 4955 79 5003 Ε
91 4950 429 5015 vangelicm
445 4951 603 5014 pacis
625 4950 853 5013 utrique
869 4950 1289 5014 praedicatores,
1309 4951 1431 5002 sive
1447 4963 1662 5015 praece-

39 5024 286 5085 dentes,
305 5024 430 5073 sive
453 5023 897 5085 subsequentes.
918 5022 1033 5085 Ipsi
1055 5021 1376 5085 suscipiant
1391 5035 1589 5085 pacem
1605 5028 1662 5075 et

39 5096 368 5158 justitiam,
392 5093 451 5144 id
468 5097 575 5157 est,
597 5094 909 5155 Christum,
924 5093 1023 5156 qui
1040 5106 1150 5144 nos
1173 5093 1438 5158 paciﬁcat
1459 5096 1597 5157 Deo,
1616 5102 1662 5143 et

40 5167 340 5229 iustificat
364 5177 462 5229 per
486 5164 662 5215 fidem
692 5164 907 5228 (Coloss.
940 5163 1015 5228 1.)
1047 5180 1059 5215 :
1085 5177 1339 5229 eumque
1363 5166 1664 5218 notiﬂcent

41 5238 291 5303 populo.
328 5238 583 5288 Primum
619 5235 890 5299 postulat,
922 5234 1125 5287 deinde
1148 5236 1399 5288 afﬁrmat
1423 5238 1578 5300 quod
1602 5250 1664 5291 re

42 5327 130 5363 Vc:
144 5324 185 5362 a
200 5308 505 5374 judicium
526 5308 763 5359 habebit
786 5307 1067 5358 Christus.
1094 5309 1257 5360 Unde
1279 5313 1338 5361 et
1366 5309 1504 5361 dicit
1526 5324 1541 5373 ;

101 5383 160 5436 4.
193 5377 487 5430 Judicabit
506 5393 771 5443 pauperes
793 5380 1002 5444 populi,
1025 5378 1085 5430 id
1100 5384 1210 5445 est,
1225 5393 1392 5432 veros
1417 5384 1475 5432 et
1503 5380 1667 5444 spiri-

42 5454 248 5506 tuales
275 5463 580 5517 pauperes,
604 5451 962 5516 segregando
985 5464 1086 5503 eos
1101 5463 1137 5502 a
1157 5451 1385 5517 populo,
1412 5453 1563 5504 sicut
1580 5455 1669 5501 Do-

41 5526 255 5578 minus
295 5522 609 5587 Discipulis
648 5523 771 5574 suis
810 5522 923 5574 ait:
958 5524 1078 5587 Ego
1117 5536 1224 5577 vos
1267 5524 1415 5588 elegi
1451 5526 1522 5577 de
1556 5523 1668 5577 hoc

40 5597 303 5650 mundo.
318 5596 390 5645 Et
411 5596 581 5644 salvos
596 5596 757 5658 faciet
780 5595 921 5658 ﬁlios
939 5610 1271 5660 pauperum,
1289 5596 1350 5647 id
1363 5601 1463 5657 est,
1489 5597 1670 5649 imita-

45 5673 212 5721 tores
246 5667 699 5732 Apostolorum:
747 5666 816 5715 Et
851 5667 1165 5717 humiliabit
1197 5668 1667 5731 calumniatorem,

43 5741 229 5803 idest,
251 5739 542 5805 Opprimet
558 5736 872 5803 diabolum,
898 5740 999 5804 qui
1022 5744 1113 5791 est
1134 5741 1391 5804 injustas
1416 5748 1671 5791 accusator

42 5812 304 5864 fratrum
320 5816 675 5863 nostrorum.
692 5810 1042 5863 Humiliatus
1058 5816 1149 5863 est
1164 5813 1340 5876 enim,
1360 5813 1497 5876 quia
1521 5828 1671 5874 quem

44 5884 362 5938 occiderat
372 5884 704 5949 resurrexit,
717 5895 1075 5948 regnumque
1089 5883 1292 5936 mortis
1306 5883 1565 5937 abstulit.
1581 5887 1674 5934 Cu-

111 6036 133 6057 '
169 6028 275 6080 EX
297 6027 516 6087 Gmco,
540 6024 630 6078 Ἕν
659 6027 738 6076 διὰ
761 6026 845 6082 δίς.

365 6122 658 6180 ΡΑτειοι..
695 6118 868 6178 XXI.

1751 2026 1960 2078 vellere
2002 2024 2299 2075 descendit
2334 2024 2530 2087 (Judic.
2567 2024 2637 2087 6.)
2667 2030 2689 2073 ?
2726 2025 2949 2077 Nullius
2980 2040 3152 2081 aures
3199 2044 3345 2086 sono

1748 2098 2025 2149 verberat.
2060 2094 2285 2147 Nullius
2320 2107 2528 2158 corpus
2561 2095 2805 2147 humore
2835 2103 3155 2162 repercussi
3197 2106 3344 2158 roris

1749 2168 2028 2232 aspergit:
2057 2168 2158 2218 sed
2183 2166 2308 2216 sine
2329 2166 2729 2229 inquietudine
2746 2169 3005 2221 omnium
3028 2175 3214 2225 totum
3235 2176 3345 2228 im-

1749 2241 1911 2291 brem
1935 2251 2034 2302 per
2057 2236 2399 2310 multiches
2428 2235 2676 2287 effusum
2710 2241 2901 2310 partes
2925 2255 2936 2283 :
2963 2244 3082 2294 toto
3106 2255 3345 2310 corpore

1750 2310 1925 2362 unius
1948 2312 2194 2369 meatus,
2230 2307 2545 2357 scissuram
2577 2308 2862 2369 nesciens,
2889 2310 3072 2364 solida
3093 2307 3342 2376 mollicie

1748 2386 1977 2453 meatus
1994 2379 2185 2443 plures
2208 2379 2451 2453 praebet:
2475 2382 2532 2428 et
2547 2377 2702 2440 quod
2725 2378 2988 2453 clausum
3012 2384 3241 2441 videtur
3253 2409 3340 2453 per

1748 2452 2114 2528 densitatem,
2132 2454 2222 2528 est
2237 2449 2497 2511 patulum
2509 2460 2609 2511 per
2634 2450 2993 2528 tenuitatem.
3010 2456 3184 2510 Recte
3203 2449 3339 2528 ergo

1749 2525 1986 2575 Mariam
1997 2522 2188 2579 velleri
2208 2532 2336 2570 com
2341 2531 2537 2583 param
2546 2532 2636 2569 us:
2653 2532 2784 2581 quae
2800 2521 2880 2573 ita
2894 2528 3158 2591 concepit
3169 2521 3341 2584 Don'fi.

1748 2608 1911 2656 num,
1954 2598 2018 2644 ut
2052 2596 2172 2643 toto
2195 2604 2329 2642 eum
2364 2591 2618 2642 hauriret
2652 2603 2905 2655 corpore,
2938 2608 3046 2647 nec
3076 2603 3337 2663 ejusdem

1749 2664 2002 2729 corporis
2040 2663 2356 2714 scissuram
2387 2665 2678 2725 pateretur
2702 2677 2714 2711 :
2738 2663 2839 2713 sed
2872 2672 3029 2718 esset
3049 2672 3237 2725 mollis
3265 2676 3340 2728 ad

1692 2787 1699 2793 ,
1747 2732 2336 2812 οβεεξῳιίιῃηηεοιὶᾱθ.
2376 2732 2447 2812 ad
2489 2733 2950 2812 sanctimoniam.
2988 2740 3164 2794 Recte
3203 2758 3340 2812 ergo

1750 2809 1927 2860 Maria
1949 2805 2143 2859 velleri
2162 2808 2549 2868 comparatur:
2576 2804 2647 2855 de
2670 2805 2840 2867 cujus
2856 2806 3047 2861 fructu
3067 2804 3344 2873 salutaria

1746 2879 1974 2945 populis
1991 2877 2340 2930 vestimenta
2360 2878 2654 2929 texuntur.
2679 2876 2878 2928 Velius
2900 2881 3069 2943 plane
3084 2888 3236 2937 Maria
3247 2899 3339 2945 est.

1749 2949 2041 3014 Siquidem
2057 2949 2129 3025 de,
2145 2945 2301 3025 II,ouj
2322 2946 2454 3025 gum
2470 2947 2597 3025 ejus
2615 2949 2817 3025 agnus
2831 2961 3102 3013 egressus
3116 2963 3224 3020 est,
3241 2962 3340 3025 qui

1749 3029 1807 3077 et
1821 3024 1944 3086 ipse
1964 3019 2164 3071 matris
2178 3016 2539 3092 laniciem,_id
2550 3020 2657 3092 est,
2675 3030 2905 3070 carnem
2920 3029 3180 3092 gestans,
3198 3016 3341 3083 molli

1749 3094 1952 3150 vellere
1968 3097 2311 3143 cunctorum
2330 3088 2512 3151 operit
2527 3088 2764 3140 vulnera
2777 3091 3138 3154 p0pulorum.
3156 3088 3340 3158 Omne

1750 3166 1903 3220 enim
1919 3163 2137 3228 peccati
2160 3159 2376 3213 vulnus
2393 3158 2600 3209 Christi
2613 3158 2744 3210 lana
2760 3161 3129 3219 suffunditur.
3151 3173 3338 3226 Christi

1753 3237 2033 3301 sanguine
2056 3234 2280 3285 fovetur
2304 3248 2315 3279 :
2349 3234 2407 3282 et
2430 3234 2495 3281 ut
2518 3230 2825 3302 sanitatem
2848 3235 3097 3302 recipiat,
3127 3243 3340 3301 Christi

1751 3310 2088 3363 indumento
2105 3303 2453 3375 vestitur.iEt
2467 3301 2604 3375 quia
2618 3301 2689 3353 de
2708 3302 3061 3366 plenitudine
3079 3313 3206 3375 ejus
3227 3329 3340 3371 nos

1748 3376 2305 3457 (ζωιξθεβςίξὲρίξιὲμε
2334 3373 2633 3457 (MM-iv
2666 3373 3205 3457 δριθβιιιηιιηίξιίιω
3229 3396 3335 3457 est.

1748 3454 1817 3503 Et
1838 3452 1973 3501 sicut
2003 3446 2281 3498 stillicidia
2311 3445 2580 3495 stillantia
2608 3462 2770 3511 super
2802 3453 3021 3503 terram.
3053 3445 3338 3516 Quonim];

1750 3530 1872 3578 tota
1892 3536 1955 3575 se
1977 3520 2247 3572 divinitas
2274 3516 2486 3569 infudit
2509 3518 2572 3569 in
2594 3520 2847 3585 Mariam,
2872 3521 3167 3581 descendit
3189 3533 3343 3589 sicut

1750 3595 1949 3663 pluvia
1965 3594 2025 3644 in
2040 3590 2226 3645 vellus
2251 3606 2263 3640 :
2283 3590 2560 3663 quoniam
2582 3600 2682 3663 per
2697 3589 3012 3647 divisiones
3028 3601 3341 3661 gratiarum

1750 3661 2000 3734 perfudit
2014 3664 2343 3725 Ecclesiam,
2361 3661 2663 3713 descendit
2682 3663 2834 3715 sicut
2847 3667 3127 3721 stillicidia
3138 3676 3343 3728 stillan-

1752 3742 1832 3789 πα
1867 3752 2030 3802 super
2061 3742 2282 3785 “Nam.
2316 3735 2553 3807 gedeon
2587 3734 2648 3785 in
2680 3736 2944 3798 praelium
2974 3740 3183 3807 iturus,
3210 3749 3345 3803 belli

1752 3811 1947 3863 exitus
1979 3808 2211 3870 signum
2245 3817 2281 3855 a
2313 3805 2557 3877 Domino
2589 3806 2750 3869 petiit
2785 3807 2981 3868 (Judic.
3013 3812 3107 3877 6.).
3145 3805 3345 3874 Posuit

1752 3881 1927 3946 igitur
1942 3890 2115 3950 super
2126 3882 2338 3927 terram
2354 3874 2560 3950 vellus,
2567 3877 2728 3950 quod
2746 3878 2905 3940 prius
2917 3874 3196 3947 madidum,
3215 3896 3347 3950 post-

1752 3965 1821 4005 ea
1841 3963 1977 4003 vero
2014 3949 2236 3999 siccum
2257 3946 2539 4023 apparuit.
2565 3948 2737 4023 Terra
2759 3952 2965 4023 autem,
2988 3954 3148 4016 prius
3174 3946 3343 4023 Sicca,

1753 4027 1955 4088 postea
1992 4032 2127 4072 vero
2163 4017 2397 4091 madida
2437 4016 2565 4091 fuit.
2608 4017 2811 4091 Pluvia
2844 4020 3122 4091 Christus,
3163 4016 3348 4082 vellus

1751 4096 1781 4145 J
1791 4094 1989 4164 udaea,
2004 4096 2157 4164 terra
2179 4089 2610 4164 vero__Gentium
2645 4090 2956 4164 multitudo
2987 4089 3347 4164 intelligitur.

1755 4165 1920 4216 Prius
1938 4162 2129 4227 pluvia
2146 4162 2208 4212 in
2224 4159 2432 4222 vellus,
2449 4160 2715 4225 primitus
2731 4162 2993 4216 Christus
3006 4167 3068 4217 in
3082 4169 3113 4219 J
3121 4159 3349 4225 udaeam

1755 4234 2067 4287 descendit.
2082 4235 2218 4284 Erat
2238 4235 2432 4283 autem
2451 4236 2602 4283 terra
2612 4233 2780 4297 sicca,
2793 4236 3066 4297 quoniam
3080 4241 3349 4297 Gentium

1755 4305 2005 4373 populus
2039 4304 2306 4357 indoctus
2337 4302 2531 4355 adhuc
2561 4309 2621 4355 et
2651 4305 3054 4370 imbaptizatus
3078 4319 3215 4366 erat.
3241 4315 3352 4368 Sed

1756 4376 2042 4441 numquid
2069 4387 2295 4448 semper
2327 4376 2480 4426 sicca
2512 4377 2658 4426 erit?
2691 4378 2818 4428 Non
2849 4377 3050 4442 utique
3088 4396 3353 4448 semper:

1756 4451 1962 4502 vellere
1983 4446 2328 4520 excusso,i_n
2352 4458 2555 4498 omnes
2578 4450 2760 4520 terras
2785 4448 2996 4520 Christi
3018 4446 3231 4506 nomen
3253 4456 3355 4508 dif-

1757 4521 2030 4573 funditur.
2073 4521 2157 4570 De
2190 4517 2393 4570 vellere
2422 4530 2561 4582 ergo
2601 4519 2662 4568 in
2694 4517 2920 4581 terram,
2957 4522 3029 4575 de
3064 4526 3272 4579 Judma
3294 4528 3355 4580 in

1758 4596 1968 4645 Gentes
2001 4589 2206 4641 Christi
2239 4600 2455 4639 nomen
2486 4592 2746 4652 rorisque
2781 4594 3018 4655 superni
3053 4595 3222 4649 ﬂuxit
3252 4598 3355 4651 do-

1756 4665 1958 4716 ctrina.
1986 4664 2056 4713 Et
2077 4672 2209 4725 quae
2231 4660 2454 4710 utilitas
2480 4660 2587 4711 erit
2608 4660 2667 4710 in
2693 4661 2947 4713 adventu
2971 4665 3228 4719 Christi?

1683 4760 1740 4833 D
1824 4736 1874 4789 7.
1896 4735 2109 4784 Orietur
2131 4732 2193 4779 in
2206 4729 2387 4779 diebus
2402 4731 2514 4812 ejus
2522 4730 2742 4813 justitia
2758 4738 2805 4781 et
2819 4732 3165 4788 abundantia
3186 4741 3354 4805 pacis.

1761 4809 1881 4859 Hoc
1905 4807 2077 4857 etiam
2095 4802 2416 4855 secundum
2432 4802 2973 4859 literam1mpletum
2996 4814 3106 4859 est.
3124 4813 3190 4859 1n
3213 4818 3354 4859 tem.

1814 4821 1881 4858 oc
1905 4807 2077 4857 etiam
2095 4802 2416 4855 secundum
2432 4802 2973 4868 literamimpletum
2996 4814 3106 4862 est.
3124 4802 3197 4862 ln'
3213 4818 3359 4864 tem-

1759 4892 1895 4944 pore
1918 4878 2072 4929 enim
2091 4888 2206 4939 quo
2223 4879 2398 4925 natus
2418 4880 2507 4948 est
2521 4875 2827 4948 Dominus,
2850 4880 2960 4930 sub
2982 4881 3157 4934 unius
3171 4885 3358 4948 regio-

1760 4952 1851 5002 nis
1871 4948 2110 5012 imperio
2134 4950 2291 4998 totus
2312 4945 2569 4997 mundus
2606 4947 2953 5010 quiescebat.
2981 4945 3356 5016 Spiritualiter

1758 5028 1957 5075 autem
1977 5025 2033 5070 et
2051 5032 2161 5082 pax
2179 5022 2236 5069 et
2255 5018 2482 5081 justitia
2497 5017 2556 5069 in
2576 5018 2782 5071 diebus
2803 5022 2929 5085 ejus
2951 5028 3169 5076 exortis
3194 5028 3350 5076 sunt.

1760 5096 2090 5145 Peccatores
2115 5090 2247 5141 facti
2265 5090 2428 5154 justi,
2451 5094 2508 5141 et
2535 5089 2832 5143 discordes
2857 5093 3040 5155 pacill.
3064 5096 3130 5145 In
3145 5094 3351 5147 diebus

1763 5167 1886 5229 ejus
1904 5162 2132 5226 justitia
2152 5165 2350 5214 exorta
2373 5164 2483 5221 est,
2505 5159 2564 5212 id
2580 5164 2685 5222 est,
2704 5163 2888 5226 gratia
2901 5162 3034 5214 ﬁdei
3058 5175 3174 5227 qua
3189 5165 3355 5228 justi-

1760 5237 2009 5288 iicantur
2032 5232 2214 5284 electi.
2249 5234 2403 5283 Bene
2435 5236 2630 5284 autem
2654 5231 2879 5295 dicitur,
2902 5233 2970 5281 Et
3005 5233 3356 5286 abundantia

1759 5308 1913 5373 pacis
1937 5324 1949 5354 ε
1977 5305 2247 5369 quoniam
2269 5318 2370 5368 per
2391 5308 2581 5356 totum
2614 5304 2896 5355 mundum
2919 5305 3023 5356 erit
3048 5307 3354 5361 abundans

1764 5376 2168 5438 reconciliatio,
2201 5379 2260 5427 et
2298 5376 2369 5426 de
2394 5375 2550 5426 omni
2572 5379 2731 5440 parte
2763 5380 2932 5427 erunt
2965 5376 3233 5431 homines
3261 5392 3354 5432 re-

1765 5449 2051 5507 conciliati
2069 5449 2207 5499 Deo.
2231 5448 2369 5498 Haec
2392 5450 2585 5497 autem
2606 5458 2719 5510 pax
2734 5449 3123 5510 perseverabit
3145 5450 3205 5501 in
3231 5462 3359 5503 san-

1767 5526 1893 5587 ctis,
1914 5522 2093 5571 Donec
2116 5518 2403 5581 auferatur
2425 5517 2578 5581 luna,
2597 5517 2655 5568 id
2672 5524 2779 5583 est,
2805 5519 2990 5573 donec
3005 5521 3107 5573 flat
3129 5520 3358 5575 immor-

1768 5596 1901 5649 talis
1917 5590 2357 5656 etimpassibilis
2370 5601 2626 5653 praesens
2644 5590 2914 5641 Ecclesia.
2933 5591 3080 5651 Quid
3097 5597 3187 5645 est
3206 5593 3357 5645 enim

1770 5670 1933 5717 donec
1953 5665 2242 5727 au/eratur
2272 5661 2425 5722 luna,
2455 5661 2569 5711 nisi
2600 5661 2783 5712 donec
2811 5661 3111 5727 efﬁciatur,
3135 5668 3210 5725 ut
3240 5676 3362 5715 non

1772 5742 1884 5791 sit?
1900 5736 2174 5789 Videlicet
2193 5738 2258 5785 ut
2280 5733 2437 5797 pacis
2455 5731 2809 5784 abundantia
2832 5745 3018 5798 usque
3040 5735 3111 5785 ad
3134 5734 3244 5786 hoc
3256 5750 3365 5796 per-

1770 5811 2033 5871 ducatur,
2067 5812 2133 5860 ut
2157 5804 2532 5858 contradictio
2561 5817 2630 5856 ac
2665 5804 2959 5857 rebellatio
2994 5806 3229 5871 penitus
3261 5805 3366 5859 de-

1777 5886 2050 5945 struatur,
2075 5884 2134 5933 et
2147 5877 2248 5931 ﬂat
2264 5890 2377 5943 pax
2387 5876 2545 5929 intan
2554 5881 2675 5930 tum
2687 5890 2969 5942 crescens,
2986 5882 3055 5932 ut
3068 5883 3253 5933 morte
3263 5894 3371 5929 om-

2945 6088 3030 6169 30.
