  <div class='ocr_page' id='page_1' title='image "/cluster/home/n/w/nwhite01/storage/ocr_20150623/21/umn.319510024773153/471.png"; bbox 0 0 3884 6428; ppageno 0'>
   <div class='ocr_carea' id='block_1_1' title="bbox 573 453 679 509">
    <p class='ocr_par' dir='ltr' id='par_1_1' title="bbox 573 453 679 509">
     <span class='ocr_line' id='line_1_1' title="bbox 573 453 679 509; baseline -0.009 0"><span class='ocrx_word' id='word_1_1' title='bbox 573 453 679 509; x_wconf 84' lang='grc'><strong>939</strong></span> 
     </span>
    </p>
   </div>
   <div class='ocr_carea' id='block_1_2' title="bbox 1624 442 3849 502">
    <p class='ocr_par' dir='ltr' id='par_1_2' title="bbox 1624 442 3849 502">
     <span class='ocr_line' id='line_1_2' title="bbox 1624 442 3849 502; baseline -0.002 0"><span class='ocrx_word' id='word_1_2' title='bbox 1624 449 1895 502; x_wconf 80' lang='lat' dir='ltr'><strong>RUFINO</strong></span> <span class='ocrx_word' id='word_1_3' title='bbox 1939 446 2398 500; x_wconf 84' lang='lat' dir='ltr'><strong>PRESBYTERO</strong></span> <span class='ocrx_word' id='word_1_4' title='bbox 2431 446 2820 500; x_wconf 82' lang='lat' dir='ltr'><strong>ASCRIPTUS</strong></span> <span class='ocrx_word' id='word_1_5' title='bbox 3763 442 3849 498; x_wconf 62' lang='lat'><strong>940</strong></span> 
     </span>
    </p>
   </div>
   <div class='ocr_carea' id='block_1_3' title="bbox 569 541 3846 638">
    <p class='ocr_par' dir='ltr' id='par_1_3' title="bbox 569 541 3846 638">
     <span class='ocr_line' id='line_1_3' title="bbox 569 541 3846 638; baseline -0.005 -17"><span class='ocrx_word' id='word_1_6' title='bbox 569 569 708 620; x_wconf 86' lang='lat' dir='ltr'><strong>nino</strong></span> <span class='ocrx_word' id='word_1_7' title='bbox 742 566 1383 630; x_wconf 86' lang='lat' dir='ltr'><strong>devicta,intercarnem</strong></span> <span class='ocrx_word' id='word_1_8' title='bbox 1397 567 1458 638; x_wconf 71' lang='lat' dir='ltr'><strong>e_t_</strong></span> <span class='ocrx_word' id='word_1_9' title='bbox 1479 565 1887 638; x_wconf 76' lang='lat' dir='ltr'><strong>Spiritum,iuter</strong></span> <span class='ocrx_word' id='word_1_10' title='bbox 1907 566 2159 638; x_wconf 75' lang='lat' dir='ltr'><strong>hominem</strong></span> <span class='ocrx_word' id='word_1_11' title='bbox 2184 569 2244 638; x_wconf 79' lang='grc' dir='ltr'><strong>Α</strong></span> <span class='ocrx_word' id='word_1_12' title='bbox 2267 559 2396 612; x_wconf 89' lang='lat' dir='ltr'><strong>bolo</strong></span> <span class='ocrx_word' id='word_1_13' title='bbox 2419 560 2685 638; x_wconf 80' lang='lat' dir='ltr'><strong>reddunt.</strong></span> <span class='ocrx_word' id='word_1_14' title='bbox 2712 558 2957 638; x_wconf 82' lang='lat' dir='ltr'><strong>Pecunia</strong></span> <span class='ocrx_word' id='word_1_15' title='bbox 2984 556 3195 638; x_wconf 57' lang='lat' dir='ltr'><strong>diaboli</strong></span> <span class='ocrx_word' id='word_1_16' title='bbox 3216 561 3329 638; x_wconf 45' lang='lat' dir='ltr'><strong>‘est</strong></span> <span class='ocrx_word' id='word_1_17' title='bbox 3365 556 3662 636; x_wconf 78' lang='lat' dir='ltr'><strong>iniquitas,</strong></span> <span class='ocrx_word' id='word_1_18' title='bbox 3688 541 3846 637; x_wconf 66' lang='lat' dir='ltr'><strong>quani</strong></span> 
     </span>
    </p>
   </div>
   <div class='ocr_carea' id='block_1_4' title="bbox 571 632 2163 697">
    <p class='ocr_par' dir='ltr' id='par_1_4' title="bbox 571 632 2163 697">
     <span class='ocr_line' id='line_1_4' title="bbox 571 632 2163 697; baseline -0.006 -5"><span class='ocrx_word' id='word_1_19' title='bbox 571 645 631 693; x_wconf 93' lang='lat' dir='ltr'><strong>et</strong></span> <span class='ocrx_word' id='word_1_20' title='bbox 645 641 831 691; x_wconf 90' lang='lat' dir='ltr'><strong>Deum</strong></span> <span class='ocrx_word' id='word_1_21' title='bbox 841 639 1185 689; x_wconf 88' lang='lat' dir='ltr'><strong>inconcussa</strong></span> <span class='ocrx_word' id='word_1_22' title='bbox 1195 633 1501 686; x_wconf 86' lang='lat' dir='ltr'><strong>concordia</strong></span> <span class='ocrx_word' id='word_1_23' title='bbox 1518 638 1692 697; x_wconf 90' lang='lat' dir='ltr'><strong>atque</strong></span> <span class='ocrx_word' id='word_1_24' title='bbox 1709 633 1902 684; x_wconf 90' lang='lat' dir='ltr'><strong>unitas</strong></span> <span class='ocrx_word' id='word_1_25' title='bbox 1913 632 2163 685; x_wconf 89' lang='lat' dir='ltr'><strong>indivisa</strong></span> 
     </span>
    </p>
   </div>
   <div class='ocr_carea' id='block_1_5' title="bbox 566 703 2164 775">
    <p class='ocr_par' dir='ltr' id='par_1_5' title="bbox 566 703 2164 775">
     <span class='ocr_line' id='line_1_5' title="bbox 566 703 2164 775; baseline -0.006 -13"><span class='ocrx_word' id='word_1_26' title='bbox 566 714 837 775; x_wconf 91' lang='lat' dir='ltr'><strong>perpetuo</strong></span> <span class='ocrx_word' id='word_1_27' title='bbox 865 708 1165 760; x_wconf 79' lang='lat' dir='ltr'><strong>habeatur.</strong></span> <span class='ocrx_word' id='word_1_28' title='bbox 1193 705 1408 757; x_wconf 83' lang='lat' dir='ltr'><strong>Deinde</strong></span> <span class='ocrx_word' id='word_1_29' title='bbox 1431 705 1686 755; x_wconf 88' lang='lat' dir='ltr'><strong>ostendit</strong></span> <span class='ocrx_word' id='word_1_30' title='bbox 1719 703 2164 767; x_wconf 73' lang='lat' dir='ltr'><strong>amplitudinem</strong></span> 
     </span>
    </p>
   </div>
   <div class='ocr_carea' id='block_1_6' title="bbox 568 777 1258 845">
    <p class='ocr_par' dir='ltr' id='par_1_6' title="bbox 568 777 1258 845">
     <span class='ocr_line' id='line_1_6' title="bbox 568 777 1258 845; baseline -0.01 -13"><span class='ocrx_word' id='word_1_31' title='bbox 568 780 745 845; x_wconf 86' lang='lat' dir='ltr'><strong>regni,</strong></span> <span class='ocrx_word' id='word_1_32' title='bbox 770 792 893 830; x_wconf 88' lang='lat' dir='ltr'><strong>cum</strong></span> <span class='ocrx_word' id='word_1_33' title='bbox 920 777 1258 841; x_wconf 89' lang='lat' dir='ltr'><strong>subjungit:</strong></span> 
     </span>
    </p>
   </div>
   <div class='ocr_carea' id='block_1_7' title="bbox 624 844 2165 909">
    <p class='ocr_par' dir='ltr' id='par_1_7' title="bbox 624 844 2165 909">
     <span class='ocr_line' id='line_1_7' title="bbox 624 844 2165 909; baseline -0.008 -5"><span class='ocrx_word' id='word_1_34' title='bbox 624 844 675 905; x_wconf 83' lang='lat'><strong>8.</strong></span> <span class='ocrx_word' id='word_1_35' title='bbox 710 851 778 900; x_wconf 83' lang='lat' dir='ltr'><strong>Et</strong></span> <span class='ocrx_word' id='word_1_36' title='bbox 802 850 1175 899; x_wconf 73' lang='lat' dir='ltr'><strong>dominabitur</strong></span> <span class='ocrx_word' id='word_1_37' title='bbox 1199 863 1234 897; x_wconf 88' lang='lat' dir='ltr'><strong>a</strong></span> <span class='ocrx_word' id='word_1_38' title='bbox 1249 847 1399 896; x_wconf 83' lang='lat' dir='ltr'><strong>mari</strong></span> <span class='ocrx_word' id='word_1_39' title='bbox 1420 846 1703 906; x_wconf 73' lang='lat' dir='ltr'><strong>orientali,</strong></span> <span class='ocrx_word' id='word_1_40' title='bbox 1735 860 1902 909; x_wconf 82' lang='lat' dir='ltr'><strong>usque</strong></span> <span class='ocrx_word' id='word_1_41' title='bbox 1925 844 1999 894; x_wconf 89' lang='lat' dir='ltr'><strong>ad</strong></span> <span class='ocrx_word' id='word_1_42' title='bbox 2014 860 2165 893; x_wconf 82' lang='lat' dir='ltr'><strong>mare</strong></span> 
     </span>
    </p>
   </div>
   <div class='ocr_carea' id='block_1_8' title="bbox 562 917 2165 984">
    <p class='ocr_par' dir='ltr' id='par_1_8' title="bbox 562 917 2165 984">
     <span class='ocr_line' id='line_1_8' title="bbox 562 917 2165 984; baseline -0.006 -10"><span class='ocrx_word' id='word_1_43' title='bbox 562 920 944 981; x_wconf 70' lang='lat' dir='ltr'><strong>occidentale;</strong></span> <span class='ocrx_word' id='word_1_44' title='bbox 970 927 1062 969; x_wconf 84' lang='lat' dir='ltr'><strong>eta</strong></span> <span class='ocrx_word' id='word_1_45' title='bbox 1086 921 1314 984; x_wconf 85' lang='lat' dir='ltr'><strong>ﬂumine</strong></span> <span class='ocrx_word' id='word_1_46' title='bbox 1333 918 1604 982; x_wconf 87' lang='lat' dir='ltr'><strong>Jordane,</strong></span> <span class='ocrx_word' id='word_1_47' title='bbox 1620 932 1787 980; x_wconf 84' lang='lat' dir='ltr'><strong>usque</strong></span> <span class='ocrx_word' id='word_1_48' title='bbox 1809 917 1881 965; x_wconf 85' lang='lat' dir='ltr'><strong>ad</strong></span> <span class='ocrx_word' id='word_1_49' title='bbox 1908 917 2165 965; x_wconf 81' lang='lat' dir='ltr'><strong>terminos</strong></span> 
     </span>
    </p>
   </div>
   <div class='ocr_carea' id='block_1_9' title="bbox 563 990 2165 1053">
    <p class='ocr_par' dir='ltr' id='par_1_9' title="bbox 563 990 2165 1053">
     <span class='ocr_line' id='line_1_9' title="bbox 563 990 2165 1053; baseline -0.003 -10"><span class='ocrx_word' id='word_1_50' title='bbox 563 993 703 1043; x_wconf 81' lang='lat' dir='ltr'><strong>orbis</strong></span> <span class='ocrx_word' id='word_1_51' title='bbox 728 1000 1019 1053; x_wconf 80' lang='lat' dir='ltr'><strong>terrarum,</strong></span> <span class='ocrx_word' id='word_1_52' title='bbox 1045 992 1107 1042; x_wconf 90' lang='lat' dir='ltr'><strong>in</strong></span> <span class='ocrx_word' id='word_1_53' title='bbox 1127 992 1373 1042; x_wconf 92' lang='lat' dir='ltr'><strong>circuitu</strong></span> <span class='ocrx_word' id='word_1_54' title='bbox 1404 990 1582 1041; x_wconf 90' lang='lat' dir='ltr'><strong>totius</strong></span> <span class='ocrx_word' id='word_1_55' title='bbox 1614 990 1789 1039; x_wconf 85' lang='lat' dir='ltr'><strong>orbis.</strong></span> <span class='ocrx_word' id='word_1_56' title='bbox 1818 991 1921 1040; x_wconf 90' lang='lat' dir='ltr'><strong>Per</strong></span> <span class='ocrx_word' id='word_1_57' title='bbox 1947 990 2165 1039; x_wconf 88' lang='lat' dir='ltr'><strong>ﬁumen</strong></span> 
     </span>
    </p>
   </div>
   <div class='ocr_carea' id='block_1_10' title="bbox 562 1057 2166 1128">
    <p class='ocr_par' dir='ltr' id='par_1_10' title="bbox 562 1057 2166 1128">
     <span class='ocr_line' id='line_1_10' title="bbox 562 1057 2166 1128; baseline -0.004 -13"><span class='ocrx_word' id='word_1_58' title='bbox 562 1064 892 1124; x_wconf 89' lang='lat' dir='ltr'><strong>Jordanem,</strong></span> <span class='ocrx_word' id='word_1_59' title='bbox 918 1064 1104 1127; x_wconf 91' lang='lat' dir='ltr'><strong>inquo</strong></span> <span class='ocrx_word' id='word_1_60' title='bbox 1126 1063 1389 1114; x_wconf 88' lang='lat' dir='ltr'><strong>Christus</strong></span> <span class='ocrx_word' id='word_1_61' title='bbox 1403 1057 1578 1128; x_wconf 80' lang='lat'><strong>363</strong></span> <span class='ocrx_word' id='word_1_62' title='bbox 1604 1061 1930 1125; x_wconf 75' lang='lat' dir='ltr'><strong>baptizatus</strong></span> <span class='ocrx_word' id='word_1_63' title='bbox 1953 1065 2063 1119; x_wconf 81' lang='lat' dir='ltr'><strong>est,</strong></span> <span class='ocrx_word' id='word_1_64' title='bbox 2079 1072 2166 1110; x_wconf 86' lang='lat' dir='ltr'><strong>ac-</strong></span> 
     </span>
    </p>
   </div>
   <div class='ocr_carea' id='block_1_11' title="bbox 563 1133 2167 1199">
    <p class='ocr_par' dir='ltr' id='par_1_11' title="bbox 563 1133 2167 1199">
     <span class='ocr_line' id='line_1_11' title="bbox 563 1133 2167 1199; baseline -0.005 -13"><span class='ocrx_word' id='word_1_65' title='bbox 563 1136 822 1199; x_wconf 86' lang='lat' dir='ltr'><strong>cepimus</strong></span> <span class='ocrx_word' id='word_1_66' title='bbox 844 1135 1219 1199; x_wconf 80' lang='lat' dir='ltr'><strong>baptismum,</strong></span> <span class='ocrx_word' id='word_1_67' title='bbox 1234 1146 1335 1198; x_wconf 91' lang='lat' dir='ltr'><strong>per</strong></span> <span class='ocrx_word' id='word_1_68' title='bbox 1358 1146 1530 1197; x_wconf 88' lang='lat' dir='ltr'><strong>quem</strong></span> <span class='ocrx_word' id='word_1_69' title='bbox 1547 1133 1812 1184; x_wconf 87' lang='lat' dir='ltr'><strong>Christus</strong></span> <span class='ocrx_word' id='word_1_70' title='bbox 1827 1134 2065 1181; x_wconf 73' lang='lat' dir='ltr'><strong>dilatatur</strong></span> <span class='ocrx_word' id='word_1_71' title='bbox 2077 1145 2167 1191; x_wconf 87' lang='lat' dir='ltr'><strong>per</strong></span> 
     </span>
    </p>
   </div>
   <div class='ocr_carea' id='block_1_12' title="bbox 565 1205 1091 1258">
    <p class='ocr_par' dir='ltr' id='par_1_12' title="bbox 565 1205 1091 1258">
     <span class='ocr_line' id='line_1_12' title="bbox 565 1205 1091 1258; baseline -0.004 -2"><span class='ocrx_word' id='word_1_72' title='bbox 565 1209 756 1258; x_wconf 90' lang='lat' dir='ltr'><strong>totum</strong></span> <span class='ocrx_word' id='word_1_73' title='bbox 780 1205 1091 1258; x_wconf 82' lang='lat' dir='ltr'><strong>mundum.</strong></span> 
     </span>
    </p>
   </div>
   <div class='ocr_carea' id='block_1_13' title="bbox 623 1272 2167 1341">
    <p class='ocr_par' dir='ltr' id='par_1_13' title="bbox 623 1272 2167 1341">
     <span class='ocr_line' id='line_1_13' title="bbox 623 1272 2167 1341; baseline -0.006 -10"><span class='ocrx_word' id='word_1_74' title='bbox 623 1276 673 1331; x_wconf 87' lang='lat'><strong>9.</strong></span> <span class='ocrx_word' id='word_1_75' title='bbox 704 1277 903 1327; x_wconf 85' lang='lat' dir='ltr'><strong>Coram</strong></span> <span class='ocrx_word' id='word_1_76' title='bbox 938 1276 1030 1325; x_wconf 74' lang='lat' dir='ltr'><strong>illo</strong></span> <span class='ocrx_word' id='word_1_77' title='bbox 1066 1274 1343 1341; x_wconf 73' lang='lat' dir='ltr'><strong>procidant</strong></span> <span class='ocrx_word' id='word_1_78' title='bbox 1388 1273 1698 1339; x_wconf 63' lang='lat' dir='ltr'><strong>.«Ethiopes:</strong></span> <span class='ocrx_word' id='word_1_79' title='bbox 1734 1280 1780 1323; x_wconf 81' lang='lat' dir='ltr'><strong>et</strong></span> <span class='ocrx_word' id='word_1_80' title='bbox 1804 1274 2021 1323; x_wconf 83' lang='lat' dir='ltr'><strong>inimici</strong></span> <span class='ocrx_word' id='word_1_81' title='bbox 2052 1272 2167 1337; x_wconf 84' lang='lat' dir='ltr'><strong>ejus</strong></span> 
     </span>
    </p>
   </div>
   <div class='ocr_carea' id='block_1_14' title="bbox 562 1346 2167 1411">
    <p class='ocr_par' dir='ltr' id='par_1_14' title="bbox 562 1346 2167 1411">
     <span class='ocr_line' id='line_1_14' title="bbox 562 1346 2167 1411; baseline -0.001 -14"><span class='ocrx_word' id='word_1_82' title='bbox 562 1352 765 1397; x_wconf 79' lang='lat' dir='ltr'><strong>terram</strong></span> <span class='ocrx_word' id='word_1_83' title='bbox 805 1347 1028 1411; x_wconf 72' lang='lat' dir='ltr'><strong>(ingeni.</strong></span> <span class='ocrx_word' id='word_1_84' title='bbox 1086 1348 1190 1396; x_wconf 91' lang='lat' dir='ltr'><strong>Per</strong></span> <span class='ocrx_word' id='word_1_85' title='bbox 1254 1346 1549 1409; x_wconf 69' lang='lat' dir='ltr'><strong>Ethiopes</strong></span> <span class='ocrx_word' id='word_1_86' title='bbox 1597 1346 1703 1410; x_wconf 73' lang='lat' dir='ltr'><strong>(Ex</strong></span> <span class='ocrx_word' id='word_1_87' title='bbox 1743 1346 2095 1409; x_wconf 71' lang='lat' dir='ltr'><strong>Augustino),</strong></span> <span class='ocrx_word' id='word_1_88' title='bbox 2133 1356 2167 1395; x_wconf 91' lang='lat' dir='ltr'><strong>a</strong></span> 
     </span>
    </p>
   </div>
   <div class='ocr_carea' id='block_1_15' title="bbox 562 1417 2166 1484">
    <p class='ocr_par' dir='ltr' id='par_1_15' title="bbox 562 1417 2166 1484">
     <span class='ocr_line' id='line_1_15' title="bbox 562 1417 2166 1484; baseline -0.004 -15"><span class='ocrx_word' id='word_1_89' title='bbox 562 1423 725 1484; x_wconf 90' lang='lat' dir='ltr'><strong>parte</strong></span> <span class='ocrx_word' id='word_1_90' title='bbox 739 1422 922 1470; x_wconf 92' lang='lat' dir='ltr'><strong>totum</strong></span> <span class='ocrx_word' id='word_1_91' title='bbox 945 1417 1295 1482; x_wconf 90' lang='lat' dir='ltr'><strong>signiﬁcavit</strong></span> <span class='ocrx_word' id='word_1_92' title='bbox 1318 1430 1521 1468; x_wconf 90' lang='lat' dir='ltr'><strong>omnes</strong></span> <span class='ocrx_word' id='word_1_93' title='bbox 1545 1422 1750 1481; x_wconf 86' lang='lat' dir='ltr'><strong>gentes</strong></span> <span class='ocrx_word' id='word_1_94' title='bbox 1778 1432 1789 1466; x_wconf 89' lang='lat'><strong>:</strong></span> <span class='ocrx_word' id='word_1_95' title='bbox 1817 1428 1946 1468; x_wconf 90' lang='lat' dir='ltr'><strong>eam</strong></span> <span class='ocrx_word' id='word_1_96' title='bbox 1975 1419 2166 1476; x_wconf 83' lang='lat' dir='ltr'><strong>eligens</strong></span> 
     </span>
    </p>
   </div>
   <div class='ocr_carea' id='block_1_16' title="bbox 556 1487 2166 1553">
    <p class='ocr_par' dir='ltr' id='par_1_16' title="bbox 556 1487 2166 1553">
     <span class='ocr_line' id='line_1_16' title="bbox 556 1487 2166 1553; baseline -0.003 -12"><span class='ocrx_word' id='word_1_97' title='bbox 556 1497 793 1553; x_wconf 83' lang='lat' dir='ltr'><strong>gentem</strong></span> <span class='ocrx_word' id='word_1_98' title='bbox 807 1501 984 1552; x_wconf 88' lang='lat' dir='ltr'><strong>quam</strong></span> <span class='ocrx_word' id='word_1_99' title='bbox 999 1488 1371 1553; x_wconf 89' lang='lat' dir='ltr'><strong>potissimum</strong></span> <span class='ocrx_word' id='word_1_100' title='bbox 1382 1488 1867 1551; x_wconf 78' lang='lat' dir='ltr'><strong>nominaret,qusa</strong></span> <span class='ocrx_word' id='word_1_101' title='bbox 1880 1488 1939 1537; x_wconf 91' lang='lat' dir='ltr'><strong>in</strong></span> <span class='ocrx_word' id='word_1_102' title='bbox 1954 1487 2166 1537; x_wconf 90' lang='lat' dir='ltr'><strong>ﬁnibus</strong></span> 
     </span>
    </p>
   </div>
   <div class='ocr_carea' id='block_1_17' title="bbox 563 1559 2169 1624">
    <p class='ocr_par' dir='ltr' id='par_1_17' title="bbox 563 1559 2169 1624">
     <span class='ocr_line' id='line_1_17' title="bbox 563 1559 2169 1624; baseline -0.001 -12"><span class='ocrx_word' id='word_1_103' title='bbox 563 1565 734 1613; x_wconf 69' lang='lat' dir='ltr'><strong>terrm</strong></span> <span class='ocrx_word' id='word_1_104' title='bbox 752 1566 857 1613; x_wconf 90' lang='lat' dir='ltr'><strong>est.</strong></span> <span class='ocrx_word' id='word_1_105' title='bbox 880 1561 1165 1610; x_wconf 79' lang='lat' dir='ltr'><strong>Procident</strong></span> <span class='ocrx_word' id='word_1_106' title='bbox 1191 1560 1415 1624; x_wconf 90' lang='lat' dir='ltr'><strong>(inquit)</strong></span> <span class='ocrx_word' id='word_1_107' title='bbox 1434 1575 1619 1609; x_wconf 75' lang='lat' dir='ltr'><strong>coram</strong></span> <span class='ocrx_word' id='word_1_108' title='bbox 1644 1560 1818 1621; x_wconf 83' lang='lat' dir='ltr'><strong>itto,id</strong></span> <span class='ocrx_word' id='word_1_109' title='bbox 1843 1566 1950 1622; x_wconf 88' lang='lat' dir='ltr'><strong>est,</strong></span> <span class='ocrx_word' id='word_1_110' title='bbox 1965 1559 2169 1610; x_wconf 88' lang='lat' dir='ltr'><strong>adora-</strong></span> 
     </span>
    </p>
   </div>
   <div class='ocr_carea' id='block_1_18' title="bbox 562 1630 2167 1695">
    <p class='ocr_par' dir='ltr' id='par_1_18' title="bbox 562 1630 2167 1695">
     <span class='ocr_line' id='line_1_18' title="bbox 562 1630 2167 1695; baseline -0.001 -13"><span class='ocrx_word' id='word_1_111' title='bbox 562 1631 712 1684; x_wconf 89' lang='lat' dir='ltr'><strong>bunt</strong></span> <span class='ocrx_word' id='word_1_112' title='bbox 726 1630 913 1684; x_wconf 87' lang='lat' dir='ltr'><strong>illum:</strong></span> <span class='ocrx_word' id='word_1_113' title='bbox 936 1637 994 1683; x_wconf 91' lang='lat' dir='ltr'><strong>et</strong></span> <span class='ocrx_word' id='word_1_114' title='bbox 1006 1632 1223 1682; x_wconf 86' lang='lat' dir='ltr'><strong>inimici</strong></span> <span class='ocrx_word' id='word_1_115' title='bbox 1251 1631 1353 1682; x_wconf 92' lang='lat' dir='ltr'><strong>Dei</strong></span> <span class='ocrx_word' id='word_1_116' title='bbox 1372 1636 1584 1682; x_wconf 88' lang='lat' dir='ltr'><strong>terram</strong></span> <span class='ocrx_word' id='word_1_117' title='bbox 1603 1630 1845 1695; x_wconf 80' lang='lat' dir='ltr'><strong>lingent,</strong></span> <span class='ocrx_word' id='word_1_118' title='bbox 1869 1630 1917 1681; x_wconf 90' lang='lat' dir='ltr'><strong>si</strong></span> <span class='ocrx_word' id='word_1_119' title='bbox 1933 1630 2167 1693; x_wconf 87' lang='lat' dir='ltr'><strong>quando</strong></span> 
     </span>
    </p>
   </div>
   <div class='ocr_carea' id='block_1_19' title="bbox 563 1701 2168 1767">
    <p class='ocr_par' dir='ltr' id='par_1_19' title="bbox 563 1701 2168 1767">
     <span class='ocr_line' id='line_1_19' title="bbox 563 1701 2168 1767; baseline -0.001 -14"><span class='ocrx_word' id='word_1_120' title='bbox 563 1703 775 1763; x_wconf 70' lang='lat' dir='ltr'><strong>Judmi,</strong></span> <span class='ocrx_word' id='word_1_121' title='bbox 800 1703 1061 1755; x_wconf 61' lang='lat' dir='ltr'><strong>haeretici</strong></span> <span class='ocrx_word' id='word_1_122' title='bbox 1076 1708 1135 1754; x_wconf 89' lang='lat' dir='ltr'><strong>et</strong></span> <span class='ocrx_word' id='word_1_123' title='bbox 1162 1704 1371 1767; x_wconf 85' lang='lat' dir='ltr'><strong>pagani</strong></span> <span class='ocrx_word' id='word_1_124' title='bbox 1390 1702 1452 1753; x_wconf 91' lang='lat' dir='ltr'><strong>in</strong></span> <span class='ocrx_word' id='word_1_125' title='bbox 1475 1703 1885 1766; x_wconf 80' lang='lat' dir='ltr'><strong>Apostolorum</strong></span> <span class='ocrx_word' id='word_1_126' title='bbox 1908 1701 2168 1752; x_wconf 81' lang='lat' dir='ltr'><strong>doctrina</strong></span> 
     </span>
    </p>
   </div>
   <div class='ocr_carea' id='block_1_20' title="bbox 568 1770 2163 1837">
    <p class='ocr_par' dir='ltr' id='par_1_20' title="bbox 568 1770 2163 1837">
     <span class='ocr_line' id='line_1_20' title="bbox 568 1770 2163 1837; baseline -0.003 -12"><span class='ocrx_word' id='word_1_127' title='bbox 568 1773 943 1826; x_wconf 83' lang='lat' dir='ltr'><strong>delectantur.</strong></span> <span class='ocrx_word' id='word_1_128' title='bbox 961 1776 1107 1825; x_wconf 87' lang='lat' dir='ltr'><strong>Sunt</strong></span> <span class='ocrx_word' id='word_1_129' title='bbox 1119 1776 1276 1825; x_wconf 90' lang='lat' dir='ltr'><strong>enim</strong></span> <span class='ocrx_word' id='word_1_130' title='bbox 1286 1774 1547 1837; x_wconf 87' lang='lat' dir='ltr'><strong>Apostoli</strong></span> <span class='ocrx_word' id='word_1_131' title='bbox 1557 1776 1641 1824; x_wconf 87' lang='lat' dir='ltr'><strong>sal</strong></span> <span class='ocrx_word' id='word_1_132' title='bbox 1656 1778 1819 1824; x_wconf 79' lang='lat' dir='ltr'><strong>terrae</strong></span> <span class='ocrx_word' id='word_1_133' title='bbox 1834 1774 2043 1836; x_wconf 80' lang='lat' dir='ltr'><strong>(Matth.</strong></span> <span class='ocrx_word' id='word_1_134' title='bbox 2071 1770 2163 1834; x_wconf 81' lang='lat'><strong>5.),</strong></span> 
     </span>
    </p>
   </div>
   <div class='ocr_carea' id='block_1_21' title="bbox 569 1843 2165 1909">
    <p class='ocr_par' dir='ltr' id='par_1_21' title="bbox 569 1843 2165 1909">
     <span class='ocr_line' id='line_1_21' title="bbox 569 1843 2165 1909; baseline -0.001 -12"><span class='ocrx_word' id='word_1_135' title='bbox 569 1847 820 1909; x_wconf 89' lang='lat' dir='ltr'><strong>Lingent</strong></span> <span class='ocrx_word' id='word_1_136' title='bbox 840 1846 1015 1897; x_wconf 90' lang='lat' dir='ltr'><strong>etiam</strong></span> <span class='ocrx_word' id='word_1_137' title='bbox 1039 1852 1252 1897; x_wconf 89' lang='lat' dir='ltr'><strong>terram</strong></span> <span class='ocrx_word' id='word_1_138' title='bbox 1273 1845 1487 1895; x_wconf 88' lang='lat' dir='ltr'><strong>inimici</strong></span> <span class='ocrx_word' id='word_1_139' title='bbox 1513 1845 1631 1906; x_wconf 87' lang='lat' dir='ltr'><strong>Dei,</strong></span> <span class='ocrx_word' id='word_1_140' title='bbox 1666 1844 1897 1908; x_wconf 82' lang='lat' dir='ltr'><strong>quando</strong></span> <span class='ocrx_word' id='word_1_141' title='bbox 1923 1843 2165 1895; x_wconf 69' lang='lat' dir='ltr'><strong>fallaciae</strong></span> 
     </span>
    </p>
   </div>
   <div class='ocr_carea' id='block_1_22' title="bbox 562 1914 2249 2009">
    <p class='ocr_par' dir='ltr' id='par_1_22' title="bbox 562 1914 2249 2009">
     <span class='ocr_line' id='line_1_22' title="bbox 562 1914 2249 2009; baseline 0 -43"><span class='ocrx_word' id='word_1_142' title='bbox 562 1914 972 2009; x_wconf 70' lang='lat' dir='ltr'><strong>blandimentis</strong></span> <span class='ocrx_word' id='word_1_143' title='bbox 981 1918 1284 1979; x_wconf 86' lang='lat' dir='ltr'><strong>verbisque</strong></span> <span class='ocrx_word' id='word_1_144' title='bbox 1308 1915 1642 1967; x_wconf 87' lang='lat' dir='ltr'><strong>adulatoriis</strong></span> <span class='ocrx_word' id='word_1_145' title='bbox 1656 1920 1887 1967; x_wconf 89' lang='lat' dir='ltr'><strong>sanctos</strong></span> <span class='ocrx_word' id='word_1_146' title='bbox 1910 1914 2169 1979; x_wconf 88' lang='lat' dir='ltr'><strong>decipere</strong></span> <span class='ocrx_word' id='word_1_147' title='bbox 2194 1935 2249 2009; x_wconf 83' lang='lat' dir='ltr'><strong>B</strong></span> 
     </span>
    </p>
   </div>
   <div class='ocr_carea' id='block_1_23' title="bbox 567 1992 2166 2121">
    <p class='ocr_par' dir='ltr' id='par_1_23' title="bbox 567 1992 2166 2121">
     <span class='ocr_line' id='line_1_23' title="bbox 567 1992 2166 2121; baseline -0.005 -8"><span class='ocrx_word' id='word_1_148' title='bbox 567 1992 907 2121; x_wconf 41' lang='lat' dir='ltr'><strong>millinliilclges</strong></span> <span class='ocrx_word' id='word_1_149' title='bbox 941 2056 1162 2107; x_wconf 75' lang='lat' dir='ltr'><strong>Tharsis</strong></span> <span class='ocrx_word' id='word_1_150' title='bbox 1191 2062 1238 2105; x_wconf 84' lang='lat' dir='ltr'><strong>et</strong></span> <span class='ocrx_word' id='word_1_151' title='bbox 1261 2057 1458 2106; x_wconf 78' lang='lat' dir='ltr'><strong>insulae</strong></span> <span class='ocrx_word' id='word_1_152' title='bbox 1492 2072 1725 2106; x_wconf 74' lang='lat' dir='ltr'><strong>munera</strong></span> <span class='ocrx_word' id='word_1_153' title='bbox 1748 2055 1998 2121; x_wconf 76' lang='lat' dir='ltr'><strong>offerent:</strong></span> <span class='ocrx_word' id='word_1_154' title='bbox 2024 2071 2166 2120; x_wconf 76' lang='lat' dir='ltr'><strong>reges</strong></span> 
     </span>
    </p>
   </div>
   <div class='ocr_carea' id='block_1_24' title="bbox 561 2127 2166 2193">
    <p class='ocr_par' dir='ltr' id='par_1_24' title="bbox 561 2127 2166 2193">
     <span class='ocr_line' id='line_1_24' title="bbox 561 2127 2166 2193; baseline 0 -14"><span class='ocrx_word' id='word_1_155' title='bbox 561 2129 809 2179; x_wconf 79' lang='lat' dir='ltr'><strong>Arabum</strong></span> <span class='ocrx_word' id='word_1_156' title='bbox 820 2137 865 2178; x_wconf 82' lang='lat' dir='ltr'><strong>et</strong></span> <span class='ocrx_word' id='word_1_157' title='bbox 879 2128 1024 2179; x_wconf 81' lang='lat' dir='ltr'><strong>Saba</strong></span> <span class='ocrx_word' id='word_1_158' title='bbox 1038 2130 1185 2177; x_wconf 85' lang='lat' dir='ltr'><strong>dona</strong></span> <span class='ocrx_word' id='word_1_159' title='bbox 1199 2127 1487 2180; x_wconf 75' lang='lat' dir='ltr'><strong>adducent.</strong></span> <span class='ocrx_word' id='word_1_160' title='bbox 1505 2130 1626 2180; x_wconf 86' lang='lat' dir='ltr'><strong>Hoc</strong></span> <span class='ocrx_word' id='word_1_161' title='bbox 1644 2130 1813 2193; x_wconf 83' lang='lat' dir='ltr'><strong>Magi,</strong></span> <span class='ocrx_word' id='word_1_162' title='bbox 1841 2128 2006 2180; x_wconf 86' lang='lat' dir='ltr'><strong>stella</strong></span> <span class='ocrx_word' id='word_1_163' title='bbox 2022 2128 2166 2179; x_wconf 92' lang='lat' dir='ltr'><strong>duce</strong></span> 
     </span>
    </p>
   </div>
   <div class='ocr_carea' id='block_1_25' title="bbox 563 2198 2167 2264">
    <p class='ocr_par' dir='ltr' id='par_1_25' title="bbox 563 2198 2167 2264">
     <span class='ocr_line' id='line_1_25' title="bbox 563 2198 2167 2264; baseline 0 -15"><span class='ocrx_word' id='word_1_164' title='bbox 563 2200 774 2264; x_wconf 80' lang='lat' dir='ltr'><strong>(Matth.</strong></span> <span class='ocrx_word' id='word_1_165' title='bbox 788 2200 882 2264; x_wconf 70' lang='lat'><strong>2.),</strong></span> <span class='ocrx_word' id='word_1_166' title='bbox 896 2203 1071 2251; x_wconf 88' lang='lat' dir='ltr'><strong>etiam</strong></span> <span class='ocrx_word' id='word_1_167' title='bbox 1085 2198 1453 2263; x_wconf 86' lang='lat' dir='ltr'><strong>corporaliter</strong></span> <span class='ocrx_word' id='word_1_168' title='bbox 1467 2200 1863 2263; x_wconf 89' lang='lat' dir='ltr'><strong>impleverunt,</strong></span> <span class='ocrx_word' id='word_1_169' title='bbox 1884 2212 2032 2263; x_wconf 89' lang='lat' dir='ltr'><strong>quos</strong></span> <span class='ocrx_word' id='word_1_170' title='bbox 2049 2200 2167 2249; x_wconf 92' lang='lat' dir='ltr'><strong>uni-</strong></span> 
     </span>
    </p>
   </div>
   <div class='ocr_carea' id='block_1_26' title="bbox 563 2271 2168 2335">
    <p class='ocr_par' dir='ltr' id='par_1_26' title="bbox 563 2271 2168 2335">
     <span class='ocr_line' id='line_1_26' title="bbox 563 2271 2168 2335; baseline -0.004 -11"><span class='ocrx_word' id='word_1_171' title='bbox 563 2284 750 2325; x_wconf 58' lang='lat' dir='ltr'><strong>versas</strong></span> <span class='ocrx_word' id='word_1_172' title='bbox 761 2277 927 2323; x_wconf 67' lang='lat' dir='ltr'><strong>terras</strong></span> <span class='ocrx_word' id='word_1_173' title='bbox 938 2283 1107 2335; x_wconf 84' lang='lat' dir='ltr'><strong>reges</strong></span> <span class='ocrx_word' id='word_1_174' title='bbox 1120 2277 1177 2321; x_wconf 91' lang='lat' dir='ltr'><strong>et</strong></span> <span class='ocrx_word' id='word_1_175' title='bbox 1186 2271 1472 2335; x_wconf 84' lang='lat' dir='ltr'><strong>principes</strong></span> <span class='ocrx_word' id='word_1_176' title='bbox 1486 2271 1676 2321; x_wconf 91' lang='lat' dir='ltr'><strong>adhuc</strong></span> <span class='ocrx_word' id='word_1_177' title='bbox 1689 2274 1920 2331; x_wconf 73' lang='lat' dir='ltr'><strong>quotidie</strong></span> <span class='ocrx_word' id='word_1_178' title='bbox 1935 2276 2056 2331; x_wconf 85' lang='lat' dir='ltr'><strong>spiri</strong></span> <span class='ocrx_word' id='word_1_179' title='bbox 2066 2279 2168 2319; x_wconf 84' lang='lat' dir='ltr'><strong>tua-</strong></span> 
     </span>
    </p>
   </div>
   <div class='ocr_carea' id='block_1_27' title="bbox 565 2342 2167 2406">
    <p class='ocr_par' dir='ltr' id='par_1_27' title="bbox 565 2342 2167 2406">
     <span class='ocr_line' id='line_1_27' title="bbox 565 2342 2167 2406; baseline 0.001 -15"><span class='ocrx_word' id='word_1_180' title='bbox 565 2345 680 2392; x_wconf 82' lang='lat' dir='ltr'><strong>liter</strong></span> <span class='ocrx_word' id='word_1_181' title='bbox 693 2343 902 2395; x_wconf 88' lang='lat' dir='ltr'><strong>imitari</strong></span> <span class='ocrx_word' id='word_1_182' title='bbox 917 2355 1036 2393; x_wconf 91' lang='lat' dir='ltr'><strong>non</strong></span> <span class='ocrx_word' id='word_1_183' title='bbox 1055 2342 1368 2393; x_wconf 87' lang='lat' dir='ltr'><strong>desistunt.</strong></span> <span class='ocrx_word' id='word_1_184' title='bbox 1385 2342 1625 2393; x_wconf 89' lang='lat' dir='ltr'><strong>Tharsis</strong></span> <span class='ocrx_word' id='word_1_185' title='bbox 1648 2343 2060 2406; x_wconf 87' lang='lat' dir='ltr'><strong>interpretatur</strong></span> <span class='ocrx_word' id='word_1_186' title='bbox 2075 2358 2167 2392; x_wconf 77' lang='lat' dir='ltr'><strong>ea:-</strong></span> 
     </span>
    </p>
   </div>
   <div class='ocr_carea' id='block_1_28' title="bbox 557 2414 2166 2479">
    <p class='ocr_par' dir='ltr' id='par_1_28' title="bbox 557 2414 2166 2479">
     <span class='ocr_line' id='line_1_28' title="bbox 557 2414 2166 2479; baseline 0.002 -16"><span class='ocrx_word' id='word_1_187' title='bbox 557 2414 796 2479; x_wconf 80' lang='lat' dir='ltr'><strong>ploratio</strong></span> <span class='ocrx_word' id='word_1_188' title='bbox 818 2414 1029 2479; x_wconf 80' lang='lat' dir='ltr'><strong>gaudii,</strong></span> <span class='ocrx_word' id='word_1_189' title='bbox 1050 2414 1145 2465; x_wconf 89' lang='lat' dir='ltr'><strong>vel</strong></span> <span class='ocrx_word' id='word_1_190' title='bbox 1158 2414 1747 2477; x_wconf 78' lang='lat' dir='ltr'><strong>contemptatio.Aliqui</strong></span> <span class='ocrx_word' id='word_1_191' title='bbox 1762 2414 1918 2464; x_wconf 90' lang='lat' dir='ltr'><strong>enim</strong></span> <span class='ocrx_word' id='word_1_192' title='bbox 1942 2415 2166 2466; x_wconf 92' lang='lat' dir='ltr'><strong>venien-</strong></span> 
     </span>
    </p>
   </div>
   <div class='ocr_carea' id='block_1_29' title="bbox 564 2485 2166 2550">
    <p class='ocr_par' dir='ltr' id='par_1_29' title="bbox 564 2485 2166 2550">
     <span class='ocr_line' id='line_1_29' title="bbox 564 2485 2166 2550; baseline 0.001 -14"><span class='ocrx_word' id='word_1_193' title='bbox 564 2490 652 2536; x_wconf 86' lang='lat' dir='ltr'><strong>tes</strong></span> <span class='ocrx_word' id='word_1_194' title='bbox 664 2486 735 2537; x_wconf 92' lang='lat' dir='ltr'><strong>de</strong></span> <span class='ocrx_word' id='word_1_195' title='bbox 746 2486 1142 2550; x_wconf 81' lang='lat' dir='ltr'><strong>exploratione</strong></span> <span class='ocrx_word' id='word_1_196' title='bbox 1157 2486 1372 2549; x_wconf 86' lang='lat' dir='ltr'><strong>gaudii,</strong></span> <span class='ocrx_word' id='word_1_197' title='bbox 1391 2489 1628 2548; x_wconf 87' lang='lat' dir='ltr'><strong>experta</strong></span> <span class='ocrx_word' id='word_1_198' title='bbox 1643 2490 1699 2536; x_wconf 91' lang='lat' dir='ltr'><strong>et</strong></span> <span class='ocrx_word' id='word_1_199' title='bbox 1725 2485 1995 2549; x_wconf 88' lang='lat' dir='ltr'><strong>despecta</strong></span> <span class='ocrx_word' id='word_1_200' title='bbox 2006 2487 2166 2537; x_wconf 89' lang='lat' dir='ltr'><strong>inani</strong></span> 
     </span>
    </p>
   </div>
   <div class='ocr_carea' id='block_1_30' title="bbox 558 2557 2167 2621">
    <p class='ocr_par' dir='ltr' id='par_1_30' title="bbox 558 2557 2167 2621">
     <span class='ocr_line' id='line_1_30' title="bbox 558 2557 2167 2621; baseline 0 -12"><span class='ocrx_word' id='word_1_201' title='bbox 558 2557 763 2609; x_wconf 63' lang='lat' dir='ltr'><strong>latitia</strong></span> <span class='ocrx_word' id='word_1_202' title='bbox 774 2557 953 2619; x_wconf 85' lang='lat' dir='ltr'><strong>hujus</strong></span> <span class='ocrx_word' id='word_1_203' title='bbox 967 2558 1189 2618; x_wconf 82' lang='lat' dir='ltr'><strong>mundi,</strong></span> <span class='ocrx_word' id='word_1_204' title='bbox 1211 2558 1434 2621; x_wconf 88' lang='lat' dir='ltr'><strong>seipsos</strong></span> <span class='ocrx_word' id='word_1_205' title='bbox 1446 2557 1723 2608; x_wconf 85' lang='lat' dir='ltr'><strong>facientes</strong></span> <span class='ocrx_word' id='word_1_206' title='bbox 1734 2570 1919 2620; x_wconf 83' lang='lat' dir='ltr'><strong>reges,</strong></span> <span class='ocrx_word' id='word_1_207' title='bbox 1937 2558 2167 2609; x_wconf 88' lang='lat' dir='ltr'><strong>carnali-</strong></span> 
     </span>
    </p>
   </div>
   <div class='ocr_carea' id='block_1_31' title="bbox 561 2627 2165 2695">
    <p class='ocr_par' dir='ltr' id='par_1_31' title="bbox 561 2627 2165 2695">
     <span class='ocr_line' id='line_1_31' title="bbox 561 2627 2165 2695; baseline 0.001 -15"><span class='ocrx_word' id='word_1_208' title='bbox 561 2632 742 2680; x_wconf 87' lang='lat' dir='ltr'><strong>tatem</strong></span> <span class='ocrx_word' id='word_1_209' title='bbox 759 2641 927 2680; x_wconf 87' lang='lat' dir='ltr'><strong>suam</strong></span> <span class='ocrx_word' id='word_1_210' title='bbox 941 2627 1356 2680; x_wconf 85' lang='lat' dir='ltr'><strong>rationabiliter</strong></span> <span class='ocrx_word' id='word_1_211' title='bbox 1378 2630 1647 2692; x_wconf 89' lang='lat' dir='ltr'><strong>regendo,</strong></span> <span class='ocrx_word' id='word_1_212' title='bbox 1672 2631 2015 2695; x_wconf 88' lang='lat' dir='ltr'><strong>semetipsos</strong></span> <span class='ocrx_word' id='word_1_213' title='bbox 2027 2630 2165 2682; x_wconf 74' lang='lat' dir='ltr'><strong>offe-</strong></span> 
     </span>
    </p>
   </div>
   <div class='ocr_carea' id='block_1_32' title="bbox 558 2700 2166 2765">
    <p class='ocr_par' dir='ltr' id='par_1_32' title="bbox 558 2700 2166 2765">
     <span class='ocr_line' id='line_1_32' title="bbox 558 2700 2166 2765; baseline 0.002 -14"><span class='ocrx_word' id='word_1_214' title='bbox 558 2704 697 2751; x_wconf 92' lang='lat' dir='ltr'><strong>runt</strong></span> <span class='ocrx_word' id='word_1_215' title='bbox 717 2700 779 2750; x_wconf 90' lang='lat' dir='ltr'><strong>in</strong></span> <span class='ocrx_word' id='word_1_216' title='bbox 798 2711 1045 2751; x_wconf 90' lang='lat' dir='ltr'><strong>munera</strong></span> <span class='ocrx_word' id='word_1_217' title='bbox 1061 2700 1180 2763; x_wconf 86' lang='lat' dir='ltr'><strong>regi</strong></span> <span class='ocrx_word' id='word_1_218' title='bbox 1204 2701 1467 2750; x_wconf 91' lang='lat' dir='ltr'><strong>Domino.</strong></span> <span class='ocrx_word' id='word_1_219' title='bbox 1500 2702 1602 2750; x_wconf 89' lang='lat' dir='ltr'><strong>Per</strong></span> <span class='ocrx_word' id='word_1_220' title='bbox 1624 2700 1845 2751; x_wconf 89' lang='lat' dir='ltr'><strong>insulas</strong></span> <span class='ocrx_word' id='word_1_221' title='bbox 1863 2703 2014 2765; x_wconf 64' lang='lat' dir='ltr'><strong>(quae</strong></span> <span class='ocrx_word' id='word_1_222' title='bbox 2026 2707 2166 2754; x_wconf 90' lang='lat' dir='ltr'><strong>sunt</strong></span> 
     </span>
    </p>
   </div>
   <div class='ocr_carea' id='block_1_33' title="bbox 564 2770 2166 2836">
    <p class='ocr_par' dir='ltr' id='par_1_33' title="bbox 564 2770 2166 2836">
     <span class='ocr_line' id='line_1_33' title="bbox 564 2770 2166 2836; baseline 0.002 -15"><span class='ocrx_word' id='word_1_223' title='bbox 564 2775 714 2822; x_wconf 89' lang='lat' dir='ltr'><strong>terra</strong></span> <span class='ocrx_word' id='word_1_224' title='bbox 747 2771 901 2821; x_wconf 89' lang='lat' dir='ltr'><strong>sicca</strong></span> <span class='ocrx_word' id='word_1_225' title='bbox 930 2775 988 2821; x_wconf 91' lang='lat' dir='ltr'><strong>et</strong></span> <span class='ocrx_word' id='word_1_226' title='bbox 1009 2770 1361 2820; x_wconf 87' lang='lat' dir='ltr'><strong>circumdata</strong></span> <span class='ocrx_word' id='word_1_227' title='bbox 1382 2770 1544 2833; x_wconf 90' lang='lat' dir='ltr'><strong>mari)</strong></span> <span class='ocrx_word' id='word_1_228' title='bbox 1571 2772 1891 2834; x_wconf 88' lang='lat' dir='ltr'><strong>accipimus</strong></span> <span class='ocrx_word' id='word_1_229' title='bbox 1918 2785 2037 2835; x_wconf 89' lang='lat' dir='ltr'><strong>eos,</strong></span> <span class='ocrx_word' id='word_1_230' title='bbox 2065 2775 2166 2836; x_wconf 91' lang='lat' dir='ltr'><strong>qui</strong></span> 
     </span>
    </p>
   </div>
   <div class='ocr_carea' id='block_1_34' title="bbox 564 2841 2165 2907">
    <p class='ocr_par' dir='ltr' id='par_1_34' title="bbox 564 2841 2165 2907">
     <span class='ocr_line' id='line_1_34' title="bbox 564 2841 2165 2907; baseline 0.002 -15"><span class='ocrx_word' id='word_1_231' title='bbox 564 2842 701 2893; x_wconf 87' lang='lat' dir='ltr'><strong>sicci</strong></span> <span class='ocrx_word' id='word_1_232' title='bbox 717 2846 857 2892; x_wconf 90' lang='lat' dir='ltr'><strong>sunt</strong></span> <span class='ocrx_word' id='word_1_233' title='bbox 877 2854 911 2892; x_wconf 91' lang='lat' dir='ltr'><strong>a</strong></span> <span class='ocrx_word' id='word_1_234' title='bbox 925 2842 1199 2892; x_wconf 83' lang='lat' dir='ltr'><strong>ﬂuctibus</strong></span> <span class='ocrx_word' id='word_1_235' title='bbox 1216 2842 1394 2904; x_wconf 86' lang='lat' dir='ltr'><strong>hujus</strong></span> <span class='ocrx_word' id='word_1_236' title='bbox 1416 2841 1647 2893; x_wconf 84' lang='lat' dir='ltr'><strong>mundi:</strong></span> <span class='ocrx_word' id='word_1_237' title='bbox 1670 2846 1841 2907; x_wconf 91' lang='lat' dir='ltr'><strong>cnjus</strong></span> <span class='ocrx_word' id='word_1_238' title='bbox 1855 2849 2165 2907; x_wconf 87' lang='lat' dir='ltr'><strong>tempesta-</strong></span> 
     </span>
    </p>
   </div>
   <div class='ocr_carea' id='block_1_35' title="bbox 562 2912 2164 2979">
    <p class='ocr_par' dir='ltr' id='par_1_35' title="bbox 562 2912 2164 2979">
     <span class='ocr_line' id='line_1_35' title="bbox 562 2912 2164 2979; baseline 0.001 -14"><span class='ocrx_word' id='word_1_239' title='bbox 562 2913 719 2965; x_wconf 80' lang='lat' dir='ltr'><strong>tibus</strong></span> <span class='ocrx_word' id='word_1_240' title='bbox 735 2925 1106 2976; x_wconf 83' lang='lat' dir='ltr'><strong>nequaquam</strong></span> <span class='ocrx_word' id='word_1_241' title='bbox 1135 2912 1571 2977; x_wconf 85' lang='lat' dir='ltr'><strong>demerguntur,</strong></span> <span class='ocrx_word' id='word_1_242' title='bbox 1595 2913 1732 2965; x_wconf 90' lang='lat' dir='ltr'><strong>licet</strong></span> <span class='ocrx_word' id='word_1_243' title='bbox 1752 2915 2014 2978; x_wconf 73' lang='lat' dir='ltr'><strong>procellis</strong></span> <span class='ocrx_word' id='word_1_244' title='bbox 2037 2918 2164 2979; x_wconf 87' lang='lat' dir='ltr'><strong>ejus</strong></span> 
     </span>
    </p>
   </div>
   <div class='ocr_carea' id='block_1_36' title="bbox 560 2984 2166 3049">
    <p class='ocr_par' dir='ltr' id='par_1_36' title="bbox 560 2984 2166 3049">
     <span class='ocr_line' id='line_1_36' title="bbox 560 2984 2166 3049; baseline 0.001 -13"><span class='ocrx_word' id='word_1_245' title='bbox 560 2986 1011 3049; x_wconf 88' lang='lat' dir='ltr'><strong>circumquaque</strong></span> <span class='ocrx_word' id='word_1_246' title='bbox 1030 2984 1365 3036; x_wconf 76' lang='lat' dir='ltr'><strong>tunduntur.</strong></span> <span class='ocrx_word' id='word_1_247' title='bbox 1382 2986 1548 3035; x_wconf 87' lang='lat' dir='ltr'><strong>Tales</strong></span> <span class='ocrx_word' id='word_1_248' title='bbox 1568 2985 1772 3037; x_wconf 78' lang='lat' dir='ltr'><strong>insulae</strong></span> <span class='ocrx_word' id='word_1_249' title='bbox 1788 2999 2026 3038; x_wconf 87' lang='lat' dir='ltr'><strong>munera</strong></span> <span class='ocrx_word' id='word_1_250' title='bbox 2039 2989 2166 3039; x_wconf 79' lang='lat' dir='ltr'><strong>olfe-</strong></span> 
     </span>
    </p>
   </div>
   <div class='ocr_carea' id='block_1_37' title="bbox 558 3057 2161 3120">
    <p class='ocr_par' dir='ltr' id='par_1_37' title="bbox 558 3057 2161 3120">
     <span class='ocr_line' id='line_1_37' title="bbox 558 3057 2161 3120; baseline 0.002 -14"><span class='ocrx_word' id='word_1_251' title='bbox 558 3061 712 3119; x_wconf 90' lang='lat' dir='ltr'><strong>runt,</strong></span> <span class='ocrx_word' id='word_1_252' title='bbox 743 3057 880 3119; x_wconf 87' lang='lat' dir='ltr'><strong>quia</strong></span> <span class='ocrx_word' id='word_1_253' title='bbox 904 3060 1056 3107; x_wconf 90' lang='lat' dir='ltr'><strong>bona</strong></span> <span class='ocrx_word' id='word_1_254' title='bbox 1080 3068 1213 3120; x_wconf 71' lang='lat' dir='ltr'><strong>quae</strong></span> <span class='ocrx_word' id='word_1_255' title='bbox 1228 3060 1553 3119; x_wconf 89' lang='lat' dir='ltr'><strong>operantur,</strong></span> <span class='ocrx_word' id='word_1_256' title='bbox 1572 3058 1819 3109; x_wconf 90' lang='lat' dir='ltr'><strong>Domino</strong></span> <span class='ocrx_word' id='word_1_257' title='bbox 1843 3060 2161 3110; x_wconf 88' lang='lat' dir='ltr'><strong>ascribunt.</strong></span> 
     </span>
    </p>
   </div>
   <div class='ocr_carea' id='block_1_38' title="bbox 559 3128 2164 3192">
    <p class='ocr_par' dir='ltr' id='par_1_38' title="bbox 559 3128 2164 3192">
     <span class='ocr_line' id='line_1_38' title="bbox 559 3128 2164 3192; baseline 0.002 -14"><span class='ocrx_word' id='word_1_258' title='bbox 559 3128 2164 3192; x_wconf 79' lang='lat' dir='ltr'><strong>Arabiainterpretaturhumilitas.Sabasuccensio.Ilumi-</strong></span> 
     </span>
    </p>
   </div>
   <div class='ocr_carea' id='block_1_39' title="bbox 558 3197 2156 3264">
    <p class='ocr_par' dir='ltr' id='par_1_39' title="bbox 558 3197 2156 3264">
     <span class='ocr_line' id='line_1_39' title="bbox 558 3197 2156 3264; baseline 0.003 -15"><span class='ocrx_word' id='word_1_259' title='bbox 558 3197 663 3258; x_wconf 88' lang='lat' dir='ltr'><strong>les,</strong></span> <span class='ocrx_word' id='word_1_260' title='bbox 688 3203 746 3251; x_wconf 90' lang='lat' dir='ltr'><strong>et</strong></span> <span class='ocrx_word' id='word_1_261' title='bbox 766 3199 849 3250; x_wconf 82' lang='lat' dir='ltr'><strong>illi</strong></span> <span class='ocrx_word' id='word_1_262' title='bbox 872 3201 972 3262; x_wconf 89' lang='lat' dir='ltr'><strong>qui</strong></span> <span class='ocrx_word' id='word_1_263' title='bbox 1001 3200 1064 3249; x_wconf 90' lang='lat' dir='ltr'><strong>in</strong></span> <span class='ocrx_word' id='word_1_264' title='bbox 1095 3212 1158 3250; x_wconf 88' lang='lat' dir='ltr'><strong>se</strong></span> <span class='ocrx_word' id='word_1_265' title='bbox 1193 3201 1333 3250; x_wconf 87' lang='lat' dir='ltr'><strong>vitia</strong></span> <span class='ocrx_word' id='word_1_266' title='bbox 1360 3200 1747 3264; x_wconf 89' lang='lat' dir='ltr'><strong>succendunt,</strong></span> <span class='ocrx_word' id='word_1_267' title='bbox 1778 3202 2156 3253; x_wconf 87' lang='lat' dir='ltr'><strong>nihilominus</strong></span> 
     </span>
    </p>
   </div>
   <div class='ocr_carea' id='block_1_40' title="bbox 556 3268 2157 3335">
    <p class='ocr_par' dir='ltr' id='par_1_40' title="bbox 556 3268 2157 3335">
     <span class='ocr_line' id='line_1_40' title="bbox 556 3268 2157 3335; baseline 0.004 -15"><span class='ocrx_word' id='word_1_268' title='bbox 556 3268 692 3321; x_wconf 83' lang='lat' dir='ltr'><strong>facti</strong></span> <span class='ocrx_word' id='word_1_269' title='bbox 704 3284 891 3335; x_wconf 84' lang='lat' dir='ltr'><strong>reges,</strong></span> <span class='ocrx_word' id='word_1_270' title='bbox 910 3271 1253 3335; x_wconf 90' lang='lat' dir='ltr'><strong>semetipsos</strong></span> <span class='ocrx_word' id='word_1_271' title='bbox 1277 3271 1428 3322; x_wconf 73' lang='lat' dir='ltr'><strong>dona</strong></span> <span class='ocrx_word' id='word_1_272' title='bbox 1453 3276 1707 3335; x_wconf 85' lang='lat' dir='ltr'><strong>gratuita</strong></span> <span class='ocrx_word' id='word_1_273' title='bbox 1723 3275 1968 3326; x_wconf 91' lang='lat' dir='ltr'><strong>Domino</strong></span> <span class='ocrx_word' id='word_1_274' title='bbox 1981 3274 2157 3325; x_wconf 90' lang='lat' dir='ltr'><strong>addu-</strong></span> 
     </span>
    </p>
   </div>
   <div class='ocr_carea' id='block_1_41' title="bbox 2265 625 3845 694">
    <p class='ocr_par' dir='ltr' id='par_1_41' title="bbox 2265 625 3845 694">
     <span class='ocr_line' id='line_1_41' title="bbox 2265 625 3845 694; baseline -0.005 -13"><span class='ocrx_word' id='word_1_275' title='bbox 2265 644 2374 682; x_wconf 91' lang='lat' dir='ltr'><strong>nos</strong></span> <span class='ocrx_word' id='word_1_276' title='bbox 2384 632 2456 681; x_wconf 88' lang='lat' dir='ltr'><strong>ab</strong></span> <span class='ocrx_word' id='word_1_277' title='bbox 2479 630 2607 694; x_wconf 89' lang='lat' dir='ltr'><strong>ipso</strong></span> <span class='ocrx_word' id='word_1_278' title='bbox 2631 628 3011 691; x_wconf 90' lang='lat' dir='ltr'><strong>suscepimus.</strong></span> <span class='ocrx_word' id='word_1_279' title='bbox 3026 625 3366 691; x_wconf 89' lang='lat' dir='ltr'><strong>Superhanc</strong></span> <span class='ocrx_word' id='word_1_280' title='bbox 3386 626 3693 690; x_wconf 90' lang='lat' dir='ltr'><strong>pecuniam</strong></span> <span class='ocrx_word' id='word_1_281' title='bbox 3710 629 3845 687; x_wconf 72' lang='lat' dir='ltr'><strong>exigit</strong></span> 
     </span>
    </p>
   </div>
   <div class='ocr_carea' id='block_1_42' title="bbox 2258 699 3843 763">
    <p class='ocr_par' dir='ltr' id='par_1_42' title="bbox 2258 699 3843 763">
     <span class='ocr_line' id='line_1_42' title="bbox 2258 699 3843 763; baseline -0.003 -12"><span class='ocrx_word' id='word_1_282' title='bbox 2258 708 2291 746; x_wconf 72' lang='grc' dir='ltr'>ἃ</span> <span class='ocrx_word' id='word_1_283' title='bbox 2324 701 2491 752; x_wconf 89' lang='lat' dir='ltr'><strong>nobis</strong></span> <span class='ocrx_word' id='word_1_284' title='bbox 2514 699 2812 763; x_wconf 90' lang='lat' dir='ltr'><strong>usuras,id</strong></span> <span class='ocrx_word' id='word_1_285' title='bbox 2836 704 3329 763; x_wconf 68' lang='lat' dir='ltr'><strong>ost,paenas,quas</strong></span> <span class='ocrx_word' id='word_1_286' title='bbox 3353 710 3469 748; x_wconf 87' lang='lat' dir='ltr'><strong>non</strong></span> <span class='ocrx_word' id='word_1_287' title='bbox 3489 699 3843 762; x_wconf 75' lang='lat' dir='ltr'><strong>suscepimus</strong></span> 
     </span>
    </p>
   </div>
   <div class='ocr_carea' id='block_1_43' title="bbox 2261 769 3843 832">
    <p class='ocr_par' dir='ltr' id='par_1_43' title="bbox 2261 769 3843 832">
     <span class='ocr_line' id='line_1_43' title="bbox 2261 769 3843 832; baseline -0.003 -8"><span class='ocrx_word' id='word_1_288' title='bbox 2261 777 2319 824; x_wconf 91' lang='lat' dir='ltr'><strong>et</strong></span> <span class='ocrx_word' id='word_1_289' title='bbox 2338 772 2637 824; x_wconf 88' lang='lat' dir='ltr'><strong>solvimus.</strong></span> <span class='ocrx_word' id='word_1_290' title='bbox 2663 774 2749 822; x_wconf 87' lang='lat' dir='ltr'><strong>Ab</strong></span> <span class='ocrx_word' id='word_1_291' title='bbox 2761 771 2850 822; x_wconf 89' lang='lat' dir='ltr'><strong>his</strong></span> <span class='ocrx_word' id='word_1_292' title='bbox 2868 771 3063 822; x_wconf 91' lang='lat' dir='ltr'><strong>usuris</strong></span> <span class='ocrx_word' id='word_1_293' title='bbox 3088 775 3144 820; x_wconf 88' lang='lat' dir='ltr'><strong>et</strong></span> <span class='ocrx_word' id='word_1_294' title='bbox 3167 770 3467 832; x_wconf 81' lang='lat' dir='ltr'><strong>iniquitate</strong></span> <span class='ocrx_word' id='word_1_295' title='bbox 3489 769 3843 820; x_wconf 85' lang='lat' dir='ltr'><strong>redimuntur</strong></span> 
     </span>
    </p>
   </div>
   <div class='ocr_carea' id='block_1_44' title="bbox 2260 840 3844 907">
    <p class='ocr_par' dir='ltr' id='par_1_44' title="bbox 2260 840 3844 907">
     <span class='ocr_line' id='line_1_44' title="bbox 2260 840 3844 907; baseline -0.003 -13"><span class='ocrx_word' id='word_1_296' title='bbox 2260 844 2471 894; x_wconf 69' lang='lat' dir='ltr'><strong>animae</strong></span> <span class='ocrx_word' id='word_1_297' title='bbox 2496 856 2827 907; x_wconf 87' lang='lat' dir='ltr'><strong>pauperum,</strong></span> <span class='ocrx_word' id='word_1_298' title='bbox 2856 843 3139 906; x_wconf 86' lang='lat' dir='ltr'><strong>sanguine</strong></span> <span class='ocrx_word' id='word_1_299' title='bbox 3174 841 3268 891; x_wconf 91' lang='lat' dir='ltr'><strong>illo</strong></span> <span class='ocrx_word' id='word_1_300' title='bbox 3293 841 3392 905; x_wconf 87' lang='lat' dir='ltr'><strong>qui</strong></span> <span class='ocrx_word' id='word_1_301' title='bbox 3426 840 3651 891; x_wconf 82' lang='lat' dir='ltr'><strong>eﬁ&#39;usus</strong></span> <span class='ocrx_word' id='word_1_302' title='bbox 3691 842 3844 893; x_wconf 82' lang='lat' dir='ltr'><strong>estin</strong></span> 
     </span>
    </p>
   </div>
   <div class='ocr_carea' id='block_1_45' title="bbox 2259 911 3847 978">
    <p class='ocr_par' dir='ltr' id='par_1_45' title="bbox 2259 911 3847 978">
     <span class='ocr_line' id='line_1_45' title="bbox 2259 911 3847 978; baseline -0.004 -13"><span class='ocrx_word' id='word_1_303' title='bbox 2259 915 2658 966; x_wconf 87' lang='lat' dir='ltr'><strong>remissionem</strong></span> <span class='ocrx_word' id='word_1_304' title='bbox 2672 913 3125 978; x_wconf 60' lang='lat' dir='ltr'><strong>peccatorumli‘t</strong></span> <span class='ocrx_word' id='word_1_305' title='bbox 3145 914 3226 962; x_wconf 89' lang='lat' dir='ltr'><strong>sic</strong></span> <span class='ocrx_word' id='word_1_306' title='bbox 3238 911 3452 962; x_wconf 82' lang='lat' dir='ltr'><strong>factum</strong></span> <span class='ocrx_word' id='word_1_307' title='bbox 3463 919 3536 959; x_wconf 88' lang='lat' dir='ltr'><strong>est</strong></span> <span class='ocrx_word' id='word_1_308' title='bbox 3549 911 3847 961; x_wconf 69' lang='lat' dir='ltr'><strong>honorabit:</strong></span> 
     </span>
    </p>
   </div>
   <div class='ocr_carea' id='block_1_46' title="bbox 2261 984 3846 1045">
    <p class='ocr_par' dir='ltr' id='par_1_46' title="bbox 2261 984 3846 1045">
     <span class='ocr_line' id='line_1_46' title="bbox 2261 984 3846 1045; baseline -0.001 -10"><span class='ocrx_word' id='word_1_309' title='bbox 2261 1002 2459 1036; x_wconf 83' lang='lat' dir='ltr'><strong>nomen</strong></span> <span class='ocrx_word' id='word_1_310' title='bbox 2471 1001 2656 1034; x_wconf 75' lang='lat' dir='ltr'><strong>eorum</strong></span> <span class='ocrx_word' id='word_1_311' title='bbox 2679 1000 2861 1034; x_wconf 86' lang='lat' dir='ltr'><strong>coram</strong></span> <span class='ocrx_word' id='word_1_312' title='bbox 2888 985 2996 1035; x_wconf 79' lang='lat' dir='ltr'><strong>illo.</strong></span> <span class='ocrx_word' id='word_1_313' title='bbox 3024 988 3153 1034; x_wconf 88' lang='lat' dir='ltr'><strong>Jam</strong></span> <span class='ocrx_word' id='word_1_314' title='bbox 3168 984 3324 1035; x_wconf 88' lang='lat' dir='ltr'><strong>enim</strong></span> <span class='ocrx_word' id='word_1_315' title='bbox 3352 985 3455 1035; x_wconf 71' lang='lat' dir='ltr'><strong>(Ex</strong></span> <span class='ocrx_word' id='word_1_316' title='bbox 3469 984 3729 1045; x_wconf 74' lang='lat' dir='ltr'><strong>August.)</strong></span> <span class='ocrx_word' id='word_1_317' title='bbox 3747 996 3846 1033; x_wconf 82' lang='lat' dir='ltr'><strong>non</strong></span> 
     </span>
    </p>
   </div>
   <div class='ocr_carea' id='block_1_47' title="bbox 2261 1054 3849 1119">
    <p class='ocr_par' dir='ltr' id='par_1_47' title="bbox 2261 1054 3849 1119">
     <span class='ocr_line' id='line_1_47' title="bbox 2261 1054 3849 1119; baseline -0.004 -10"><span class='ocrx_word' id='word_1_318' title='bbox 2261 1071 2485 1110; x_wconf 90' lang='lat' dir='ltr'><strong>memor</strong></span> <span class='ocrx_word' id='word_1_319' title='bbox 2513 1062 2601 1108; x_wconf 90' lang='lat' dir='ltr'><strong>est</strong></span> <span class='ocrx_word' id='word_1_320' title='bbox 2623 1058 2925 1107; x_wconf 91' lang='lat' dir='ltr'><strong>nominum</strong></span> <span class='ocrx_word' id='word_1_321' title='bbox 2943 1068 3144 1107; x_wconf 91' lang='lat' dir='ltr'><strong>eorum</strong></span> <span class='ocrx_word' id='word_1_322' title='bbox 3177 1068 3276 1119; x_wconf 89' lang='lat' dir='ltr'><strong>per</strong></span> <span class='ocrx_word' id='word_1_323' title='bbox 3313 1054 3463 1105; x_wconf 90' lang='lat' dir='ltr'><strong>labia</strong></span> <span class='ocrx_word' id='word_1_324' title='bbox 3486 1066 3612 1114; x_wconf 88' lang='lat' dir='ltr'><strong>sua,</strong></span> <span class='ocrx_word' id='word_1_325' title='bbox 3651 1055 3849 1116; x_wconf 85' lang='lat' dir='ltr'><strong>quibus</strong></span> 
     </span>
    </p>
   </div>
   <div class='ocr_carea' id='block_1_48' title="bbox 2261 1124 3850 1189">
    <p class='ocr_par' dir='ltr' id='par_1_48' title="bbox 2261 1124 3850 1189">
     <span class='ocr_line' id='line_1_48' title="bbox 2261 1124 3850 1189; baseline -0.004 -8"><span class='ocrx_word' id='word_1_326' title='bbox 2261 1133 2429 1180; x_wconf 88' lang='lat' dir='ltr'><strong>antea</strong></span> <span class='ocrx_word' id='word_1_327' title='bbox 2457 1129 2813 1181; x_wconf 86' lang='lat' dir='ltr'><strong>vocabantur</strong></span> <span class='ocrx_word' id='word_1_328' title='bbox 2838 1127 3170 1189; x_wconf 64' lang='lat' dir='ltr'><strong>idololatria,</strong></span> <span class='ocrx_word' id='word_1_329' title='bbox 3193 1127 3309 1176; x_wconf 91' lang='lat' dir='ltr'><strong>sive</strong></span> <span class='ocrx_word' id='word_1_330' title='bbox 3332 1124 3595 1186; x_wconf 90' lang='lat' dir='ltr'><strong>adulteri,</strong></span> <span class='ocrx_word' id='word_1_331' title='bbox 3625 1126 3748 1175; x_wconf 85' lang='lat' dir='ltr'><strong>sive</strong></span> <span class='ocrx_word' id='word_1_332' title='bbox 3763 1126 3850 1175; x_wconf 90' lang='lat' dir='ltr'><strong>ho-</strong></span> 
     </span>
    </p>
   </div>
   <div class='ocr_carea' id='block_1_49' title="bbox 2263 1195 3851 1263">
    <p class='ocr_par' dir='ltr' id='par_1_49' title="bbox 2263 1195 3851 1263">
     <span class='ocr_line' id='line_1_49' title="bbox 2263 1195 3851 1263; baseline -0.003 -13"><span class='ocrx_word' id='word_1_333' title='bbox 2263 1199 2491 1250; x_wconf 72' lang='lat' dir='ltr'><strong>micidte</strong></span> <span class='ocrx_word' id='word_1_334' title='bbox 2515 1213 2528 1249; x_wconf 90' lang='lat'><strong>:</strong></span> <span class='ocrx_word' id='word_1_335' title='bbox 2566 1199 2842 1263; x_wconf 88' lang='lat' dir='ltr'><strong>quoniam</strong></span> <span class='ocrx_word' id='word_1_336' title='bbox 2869 1198 3078 1249; x_wconf 89' lang='lat' dir='ltr'><strong>relictis</strong></span> <span class='ocrx_word' id='word_1_337' title='bbox 3104 1197 3277 1257; x_wconf 85' lang='lat' dir='ltr'><strong>vitiis,</strong></span> <span class='ocrx_word' id='word_1_338' title='bbox 3298 1209 3398 1259; x_wconf 88' lang='lat' dir='ltr'><strong>pro</strong></span> <span class='ocrx_word' id='word_1_339' title='bbox 3422 1196 3638 1259; x_wconf 86' lang='lat' dir='ltr'><strong>quibus</strong></span> <span class='ocrx_word' id='word_1_340' title='bbox 3665 1195 3851 1258; x_wconf 83' lang='lat' dir='ltr'><strong>signa-</strong></span> 
     </span>
    </p>
   </div>
   <div class='ocr_carea' id='block_1_50' title="bbox 2263 1266 3851 1332">
    <p class='ocr_par' dir='ltr' id='par_1_50' title="bbox 2263 1266 3851 1332">
     <span class='ocr_line' id='line_1_50' title="bbox 2263 1266 3851 1332; baseline -0.003 -10"><span class='ocrx_word' id='word_1_341' title='bbox 2263 1272 2472 1323; x_wconf 87' lang='lat' dir='ltr'><strong>bantur</strong></span> <span class='ocrx_word' id='word_1_342' title='bbox 2485 1271 2695 1321; x_wconf 85' lang='lat' dir='ltr'><strong>talibus</strong></span> <span class='ocrx_word' id='word_1_343' title='bbox 2709 1269 3029 1332; x_wconf 86' lang='lat' dir='ltr'><strong>vocabulis,</strong></span> <span class='ocrx_word' id='word_1_344' title='bbox 3055 1268 3321 1321; x_wconf 89' lang='lat' dir='ltr'><strong>conversi</strong></span> <span class='ocrx_word' id='word_1_345' title='bbox 3333 1267 3407 1318; x_wconf 92' lang='lat' dir='ltr'><strong>ad</strong></span> <span class='ocrx_word' id='word_1_346' title='bbox 3430 1266 3729 1317; x_wconf 79' lang='lat' dir='ltr'><strong>Christum</strong></span> <span class='ocrx_word' id='word_1_347' title='bbox 3745 1281 3851 1317; x_wconf 80' lang='lat' dir='ltr'><strong>sus-</strong></span> 
     </span>
    </p>
   </div>
   <div class='ocr_carea' id='block_1_51' title="bbox 2263 1337 3849 1407">
    <p class='ocr_par' dir='ltr' id='par_1_51' title="bbox 2263 1337 3849 1407">
     <span class='ocr_line' id='line_1_51' title="bbox 2263 1337 3849 1407; baseline -0.003 -13"><span class='ocrx_word' id='word_1_348' title='bbox 2263 1347 2537 1407; x_wconf 85' lang='lat' dir='ltr'><strong>ceperunt</strong></span> <span class='ocrx_word' id='word_1_349' title='bbox 2550 1354 2764 1393; x_wconf 91' lang='lat' dir='ltr'><strong>novum</strong></span> <span class='ocrx_word' id='word_1_350' title='bbox 2782 1341 3148 1402; x_wconf 89' lang='lat' dir='ltr'><strong>vocabulum,</strong></span> <span class='ocrx_word' id='word_1_351' title='bbox 3165 1345 3277 1390; x_wconf 89' lang='lat' dir='ltr'><strong>uta</strong></span> <span class='ocrx_word' id='word_1_352' title='bbox 3288 1338 3511 1390; x_wconf 85' lang='lat' dir='ltr'><strong>Christo</strong></span> <span class='ocrx_word' id='word_1_353' title='bbox 3528 1337 3849 1390; x_wconf 84' lang='lat' dir='ltr'><strong>dicerentur</strong></span> 
     </span>
    </p>
   </div>
   <div class='ocr_carea' id='block_1_52' title="bbox 2263 1411 3851 1477">
    <p class='ocr_par' dir='ltr' id='par_1_52' title="bbox 2263 1411 3851 1477">
     <span class='ocr_line' id='line_1_52' title="bbox 2263 1411 3851 1477; baseline -0.004 -11"><span class='ocrx_word' id='word_1_354' title='bbox 2263 1415 2569 1466; x_wconf 78' lang='lat' dir='ltr'><strong>Christiani</strong></span> <span class='ocrx_word' id='word_1_355' title='bbox 2596 1415 2725 1477; x_wconf 85' lang='lat' dir='ltr'><strong>(Act.</strong></span> <span class='ocrx_word' id='word_1_356' title='bbox 2751 1412 2876 1477; x_wconf 87' lang='lat'><strong>11.).</strong></span> <span class='ocrx_word' id='word_1_357' title='bbox 2904 1413 3065 1474; x_wconf 87' lang='lat' dir='ltr'><strong>Quod</strong></span> <span class='ocrx_word' id='word_1_358' title='bbox 3085 1413 3282 1474; x_wconf 88' lang='lat' dir='ltr'><strong>utique</strong></span> <span class='ocrx_word' id='word_1_359' title='bbox 3304 1422 3516 1462; x_wconf 90' lang='lat' dir='ltr'><strong>nomen</strong></span> <span class='ocrx_word' id='word_1_360' title='bbox 3550 1422 3750 1461; x_wconf 88' lang='lat' dir='ltr'><strong>coram</strong></span> <span class='ocrx_word' id='word_1_361' title='bbox 3774 1411 3851 1460; x_wconf 78' lang='lat' dir='ltr'><strong>illo</strong></span> 
     </span>
    </p>
   </div>
   <div class='ocr_carea' id='block_1_53' title="bbox 2264 1481 3853 1549">
    <p class='ocr_par' dir='ltr' id='par_1_53' title="bbox 2264 1481 3853 1549">
     <span class='ocr_line' id='line_1_53' title="bbox 2264 1481 3853 1549; baseline -0.003 -12"><span class='ocrx_word' id='word_1_362' title='bbox 2264 1491 2353 1537; x_wconf 93' lang='lat' dir='ltr'><strong>est</strong></span> <span class='ocrx_word' id='word_1_363' title='bbox 2375 1485 2723 1549; x_wconf 90' lang='lat' dir='ltr'><strong>honorabile,</strong></span> <span class='ocrx_word' id='word_1_364' title='bbox 2738 1486 2846 1536; x_wconf 91' lang='lat' dir='ltr'><strong>etsi</strong></span> <span class='ocrx_word' id='word_1_365' title='bbox 2864 1497 3050 1537; x_wconf 88' lang='lat' dir='ltr'><strong>coram</strong></span> <span class='ocrx_word' id='word_1_366' title='bbox 3067 1483 3313 1535; x_wconf 91' lang='lat' dir='ltr'><strong>inimicis</strong></span> <span class='ocrx_word' id='word_1_367' title='bbox 3326 1484 3603 1533; x_wconf 82' lang='lat' dir='ltr'><strong>habeatur</strong></span> <span class='ocrx_word' id='word_1_368' title='bbox 3615 1481 3724 1533; x_wconf 90' lang='lat' dir='ltr'><strong>des</strong></span> <span class='ocrx_word' id='word_1_369' title='bbox 3733 1484 3853 1545; x_wconf 79' lang='lat' dir='ltr'><strong>pica-</strong></span> 
     </span>
    </p>
   </div>
   <div class='ocr_carea' id='block_1_54' title="bbox 2264 1555 3855 1617">
    <p class='ocr_par' dir='ltr' id='par_1_54' title="bbox 2264 1555 3855 1617">
     <span class='ocr_line' id='line_1_54' title="bbox 2264 1555 3855 1617; baseline -0.003 -9"><span class='ocrx_word' id='word_1_370' title='bbox 2264 1558 2394 1608; x_wconf 89' lang='lat' dir='ltr'><strong>bile.</strong></span> <span class='ocrx_word' id='word_1_371' title='bbox 2422 1557 2571 1607; x_wconf 89' lang='lat' dir='ltr'><strong>Audi</strong></span> <span class='ocrx_word' id='word_1_372' title='bbox 2593 1562 2651 1608; x_wconf 86' lang='lat' dir='ltr'><strong>et</strong></span> <span class='ocrx_word' id='word_1_373' title='bbox 2674 1556 2829 1607; x_wconf 87' lang='lat' dir='ltr'><strong>aliud</strong></span> <span class='ocrx_word' id='word_1_374' title='bbox 2858 1555 3193 1606; x_wconf 73' lang='lat' dir='ltr'><strong>honorabile</strong></span> <span class='ocrx_word' id='word_1_375' title='bbox 3222 1566 3449 1616; x_wconf 90' lang='lat' dir='ltr'><strong>nomen,</strong></span> <span class='ocrx_word' id='word_1_376' title='bbox 3485 1558 3666 1617; x_wconf 89' lang='lat' dir='ltr'><strong>atque</strong></span> <span class='ocrx_word' id='word_1_377' title='bbox 3711 1558 3855 1604; x_wconf 82' lang='lat' dir='ltr'><strong>omni</strong></span> 
     </span>
    </p>
   </div>
   <div class='ocr_carea' id='block_1_55' title="bbox 2263 1626 3856 1692">
    <p class='ocr_par' dir='ltr' id='par_1_55' title="bbox 2263 1626 3856 1692">
     <span class='ocr_line' id='line_1_55' title="bbox 2263 1626 3856 1692; baseline -0.003 -12"><span class='ocrx_word' id='word_1_378' title='bbox 2263 1628 2628 1680; x_wconf 89' lang='lat' dir='ltr'><strong>Jocunditate</strong></span> <span class='ocrx_word' id='word_1_379' title='bbox 2649 1630 2901 1692; x_wconf 90' lang='lat' dir='ltr'><strong>plenum,</strong></span> <span class='ocrx_word' id='word_1_380' title='bbox 2922 1626 3077 1690; x_wconf 86' lang='lat' dir='ltr'><strong>quod</strong></span> <span class='ocrx_word' id='word_1_381' title='bbox 3108 1629 3230 1689; x_wconf 91' lang='lat' dir='ltr'><strong>ipse</strong></span> <span class='ocrx_word' id='word_1_382' title='bbox 3253 1627 3382 1689; x_wconf 90' lang='lat' dir='ltr'><strong>pius</strong></span> <span class='ocrx_word' id='word_1_383' title='bbox 3402 1626 3686 1676; x_wconf 89' lang='lat' dir='ltr'><strong>Dominus</strong></span> <span class='ocrx_word' id='word_1_384' title='bbox 3701 1628 3856 1676; x_wconf 69' lang='lat' dir='ltr'><strong>Disci</strong></span> 
     </span>
    </p>
   </div>
   <div class='ocr_carea' id='block_1_56' title="bbox 2263 1697 3856 1764">
    <p class='ocr_par' dir='ltr' id='par_1_56' title="bbox 2263 1697 3856 1764">
     <span class='ocr_line' id='line_1_56' title="bbox 2263 1697 3856 1764; baseline -0.003 -13"><span class='ocrx_word' id='word_1_385' title='bbox 2263 1700 2415 1764; x_wconf 90' lang='lat' dir='ltr'><strong>pulis</strong></span> <span class='ocrx_word' id='word_1_386' title='bbox 2453 1700 2574 1750; x_wconf 90' lang='lat' dir='ltr'><strong>suis</strong></span> <span class='ocrx_word' id='word_1_387' title='bbox 2596 1700 2890 1762; x_wconf 87' lang='lat' dir='ltr'><strong>imponere</strong></span> <span class='ocrx_word' id='word_1_388' title='bbox 2916 1699 3189 1761; x_wconf 90' lang='lat' dir='ltr'><strong>dignatus</strong></span> <span class='ocrx_word' id='word_1_389' title='bbox 3214 1697 3532 1759; x_wconf 88' lang='lat' dir='ltr'><strong>est,dicens</strong></span> <span class='ocrx_word' id='word_1_390' title='bbox 3556 1713 3567 1744; x_wconf 89' lang='lat'><strong>:</strong></span> <span class='ocrx_word' id='word_1_391' title='bbox 3596 1698 3735 1748; x_wconf 85' lang='lat' dir='ltr'><strong>Jam</strong></span> <span class='ocrx_word' id='word_1_392' title='bbox 3761 1711 3856 1747; x_wconf 77' lang='lat' dir='ltr'><strong>non</strong></span> 
     </span>
    </p>
   </div>
   <div class='ocr_carea' id='block_1_57' title="bbox 2264 1768 3856 1830">
    <p class='ocr_par' dir='ltr' id='par_1_57' title="bbox 2264 1768 3856 1830">
     <span class='ocr_line' id='line_1_57' title="bbox 2264 1768 3856 1830; baseline -0.004 -9"><span class='ocrx_word' id='word_1_393' title='bbox 2264 1771 2453 1821; x_wconf 90' lang='lat' dir='ltr'><strong>dicam</strong></span> <span class='ocrx_word' id='word_1_394' title='bbox 2484 1786 2588 1825; x_wconf 90' lang='lat' dir='ltr'><strong>vos</strong></span> <span class='ocrx_word' id='word_1_395' title='bbox 2619 1783 2841 1830; x_wconf 89' lang='lat' dir='ltr'><strong>servos,</strong></span> <span class='ocrx_word' id='word_1_396' title='bbox 2882 1770 2982 1819; x_wconf 92' lang='lat' dir='ltr'><strong>sed</strong></span> <span class='ocrx_word' id='word_1_397' title='bbox 3020 1770 3238 1821; x_wconf 87' lang='lat' dir='ltr'><strong>amicos</strong></span> <span class='ocrx_word' id='word_1_398' title='bbox 3271 1780 3433 1818; x_wconf 90' lang='lat' dir='ltr'><strong>meos</strong></span> <span class='ocrx_word' id='word_1_399' title='bbox 3470 1768 3654 1830; x_wconf 85' lang='lat' dir='ltr'><strong>(Joan.</strong></span> <span class='ocrx_word' id='word_1_400' title='bbox 3708 1768 3856 1821; x_wconf 72' lang='grc'>151..</span> 
     </span>
    </p>
   </div>
   <div class='ocr_carea' id='block_1_58' title="bbox 2264 1838 3756 1905">
    <p class='ocr_par' dir='ltr' id='par_1_58' title="bbox 2264 1838 3756 1905">
     <span class='ocr_line' id='line_1_58' title="bbox 2264 1838 3756 1905; baseline -0.003 -13"><span class='ocrx_word' id='word_1_401' title='bbox 2264 1844 2532 1905; x_wconf 90' lang='lat' dir='ltr'><strong>Sequitur</strong></span> <span class='ocrx_word' id='word_1_402' title='bbox 2552 1841 2973 1894; x_wconf 88' lang='lat' dir='ltr'><strong>commendatio</strong></span> <span class='ocrx_word' id='word_1_403' title='bbox 3008 1840 3192 1904; x_wconf 89' lang='lat' dir='ltr'><strong>ipsius</strong></span> <span class='ocrx_word' id='word_1_404' title='bbox 3217 1841 3369 1902; x_wconf 87' lang='lat' dir='ltr'><strong>regis</strong></span> <span class='ocrx_word' id='word_1_405' title='bbox 3394 1838 3464 1889; x_wconf 92' lang='lat' dir='ltr'><strong>de</strong></span> <span class='ocrx_word' id='word_1_406' title='bbox 3488 1851 3605 1900; x_wconf 91' lang='lat' dir='ltr'><strong>quo</strong></span> <span class='ocrx_word' id='word_1_407' title='bbox 3628 1840 3715 1891; x_wconf 86' lang='lat' dir='ltr'><strong>ait</strong></span> <span class='ocrx_word' id='word_1_408' title='bbox 3744 1855 3756 1888; x_wconf 92' lang='lat'><strong>:</strong></span> 
     </span>
    </p>
   </div>
   <div class='ocr_carea' id='block_1_59' title="bbox 2338 1910 3856 1969">
    <p class='ocr_par' dir='ltr' id='par_1_59' title="bbox 2338 1910 3856 1969">
     <span class='ocr_line' id='line_1_59' title="bbox 2338 1910 3856 1969; baseline -0.004 -2"><span class='ocrx_word' id='word_1_409' title='bbox 2338 1913 2422 1967; x_wconf 83' lang='lat'><strong>15.</strong></span> <span class='ocrx_word' id='word_1_410' title='bbox 2448 1916 2516 1963; x_wconf 85' lang='lat' dir='ltr'><strong>Et</strong></span> <span class='ocrx_word' id='word_1_411' title='bbox 2538 1916 2689 1963; x_wconf 80' lang='lat' dir='ltr'><strong>vivet.</strong></span> <span class='ocrx_word' id='word_1_412' title='bbox 2724 1916 2849 1964; x_wconf 90' lang='lat' dir='ltr'><strong>Non</strong></span> <span class='ocrx_word' id='word_1_413' title='bbox 2882 1912 3034 1963; x_wconf 88' lang='lat' dir='ltr'><strong>enim</strong></span> <span class='ocrx_word' id='word_1_414' title='bbox 3069 1912 3129 1961; x_wconf 89' lang='lat' dir='ltr'><strong>in</strong></span> <span class='ocrx_word' id='word_1_415' title='bbox 3148 1917 3328 1962; x_wconf 87' lang='lat' dir='ltr'><strong>morte</strong></span> <span class='ocrx_word' id='word_1_416' title='bbox 3351 1910 3695 1969; x_wconf 86' lang='lat' dir='ltr'><strong>remanebit,</strong></span> <span class='ocrx_word' id='word_1_417' title='bbox 3734 1912 3856 1961; x_wconf 88' lang='lat' dir='ltr'><strong>sicu:</strong></span> 
     </span>
    </p>
   </div>
   <div class='ocr_carea' id='block_1_60' title="bbox 2272 1982 3856 2050">
    <p class='ocr_par' dir='ltr' id='par_1_60' title="bbox 2272 1982 3856 2050">
     <span class='ocr_line' id='line_1_60' title="bbox 2272 1982 3856 2050; baseline -0.004 -13"><span class='ocrx_word' id='word_1_418' title='bbox 2272 1986 2456 2037; x_wconf 67' lang='lat' dir='ltr'><strong>Judaei</strong></span> <span class='ocrx_word' id='word_1_419' title='bbox 2484 1988 2828 2050; x_wconf 84' lang='lat' dir='ltr'><strong>putaverunt</strong></span> <span class='ocrx_word' id='word_1_420' title='bbox 2854 2001 2864 2031; x_wconf 91' lang='lat'><strong>:</strong></span> <span class='ocrx_word' id='word_1_421' title='bbox 2892 1983 2994 2033; x_wconf 91' lang='lat' dir='ltr'><strong>sed</strong></span> <span class='ocrx_word' id='word_1_422' title='bbox 3017 1988 3278 2046; x_wconf 78' lang='lat' dir='ltr'><strong>resurget</strong></span> <span class='ocrx_word' id='word_1_423' title='bbox 3300 1994 3335 2032; x_wconf 91' lang='lat' dir='ltr'><strong>a</strong></span> <span class='ocrx_word' id='word_1_424' title='bbox 3361 1982 3625 2032; x_wconf 86' lang='lat' dir='ltr'><strong>mortuis.</strong></span> <span class='ocrx_word' id='word_1_425' title='bbox 3654 1983 3727 2031; x_wconf 82' lang='lat' dir='ltr'><strong>Et</strong></span> <span class='ocrx_word' id='word_1_426' title='bbox 3746 1985 3856 2031; x_wconf 70' lang='lat' dir='ltr'><strong>vim</strong></span> 
     </span>
    </p>
   </div>
   <div class='ocr_carea' id='block_1_61' title="bbox 2263 2054 3855 2121">
    <p class='ocr_par' dir='ltr' id='par_1_61' title="bbox 2263 2054 3855 2121">
     <span class='ocr_line' id='line_1_61' title="bbox 2263 2054 3855 2121; baseline -0.001 -14"><span class='ocrx_word' id='word_1_427' title='bbox 2263 2056 2325 2107; x_wconf 90' lang='lat' dir='ltr'><strong>in</strong></span> <span class='ocrx_word' id='word_1_428' title='bbox 2339 2063 2640 2121; x_wconf 65' lang='lat' dir='ltr'><strong>aeternum,</strong></span> <span class='ocrx_word' id='word_1_429' title='bbox 2655 2061 2799 2108; x_wconf 89' lang='lat' dir='ltr'><strong>teste</strong></span> <span class='ocrx_word' id='word_1_430' title='bbox 2822 2056 3117 2118; x_wconf 88' lang='lat' dir='ltr'><strong>Apostolo,</strong></span> <span class='ocrx_word' id='word_1_431' title='bbox 3149 2054 3247 2116; x_wconf 87' lang='lat' dir='ltr'><strong>qui</strong></span> <span class='ocrx_word' id='word_1_432' title='bbox 3263 2054 3366 2104; x_wconf 85' lang='lat' dir='ltr'><strong>ait:</strong></span> <span class='ocrx_word' id='word_1_433' title='bbox 3397 2054 3662 2104; x_wconf 87' lang='lat' dir='ltr'><strong>Christus</strong></span> <span class='ocrx_word' id='word_1_434' title='bbox 3681 2068 3855 2105; x_wconf 81' lang='lat' dir='ltr'><strong>resur-</strong></span> 
     </span>
    </p>
   </div>
   <div class='ocr_carea' id='block_1_62' title="bbox 2266 2125 3853 2192">
    <p class='ocr_par' dir='ltr' id='par_1_62' title="bbox 2266 2125 3853 2192">
     <span class='ocr_line' id='line_1_62' title="bbox 2266 2125 3853 2192; baseline -0.004 -13"><span class='ocrx_word' id='word_1_435' title='bbox 2266 2141 2409 2192; x_wconf 86' lang='lat' dir='ltr'><strong>gens</strong></span> <span class='ocrx_word' id='word_1_436' title='bbox 2431 2143 2504 2181; x_wconf 86' lang='lat' dir='ltr'><strong>ex</strong></span> <span class='ocrx_word' id='word_1_437' title='bbox 2534 2128 2798 2191; x_wconf 86' lang='lat' dir='ltr'><strong>mortuis,</strong></span> <span class='ocrx_word' id='word_1_438' title='bbox 2818 2128 2939 2191; x_wconf 86' lang='lat' dir='ltr'><strong>jam</strong></span> <span class='ocrx_word' id='word_1_439' title='bbox 2973 2139 3093 2176; x_wconf 87' lang='lat' dir='ltr'><strong>non</strong></span> <span class='ocrx_word' id='word_1_440' title='bbox 3115 2126 3374 2187; x_wconf 89' lang='lat' dir='ltr'><strong>moritur,</strong></span> <span class='ocrx_word' id='word_1_441' title='bbox 3412 2137 3570 2175; x_wconf 91' lang='lat' dir='ltr'><strong>mors</strong></span> <span class='ocrx_word' id='word_1_442' title='bbox 3599 2125 3687 2175; x_wconf 86' lang='lat' dir='ltr'><strong>illi</strong></span> <span class='ocrx_word' id='word_1_443' title='bbox 3722 2128 3853 2177; x_wconf 78' lang='lat' dir='ltr'><strong>ultm</strong></span> 
     </span>
    </p>
   </div>
   <div class='ocr_carea' id='block_1_63' title="bbox 2266 2196 3855 2261">
    <p class='ocr_par' dir='ltr' id='par_1_63' title="bbox 2266 2196 3855 2261">
     <span class='ocr_line' id='line_1_63' title="bbox 2266 2196 3855 2261; baseline -0.004 -9"><span class='ocrx_word' id='word_1_444' title='bbox 2266 2213 2385 2252; x_wconf 90' lang='lat' dir='ltr'><strong>non</strong></span> <span class='ocrx_word' id='word_1_445' title='bbox 2431 2200 2821 2253; x_wconf 88' lang='lat' dir='ltr'><strong>dominabitur</strong></span> <span class='ocrx_word' id='word_1_446' title='bbox 2858 2200 3027 2261; x_wconf 84' lang='lat' dir='ltr'><strong>(Rom.</strong></span> <span class='ocrx_word' id='word_1_447' title='bbox 3069 2196 3160 2259; x_wconf 90' lang='lat'><strong>6.).</strong></span> <span class='ocrx_word' id='word_1_448' title='bbox 3199 2197 3267 2245; x_wconf 85' lang='lat' dir='ltr'><strong>Et</strong></span> <span class='ocrx_word' id='word_1_449' title='bbox 3300 2196 3518 2244; x_wconf 78' lang='lat' dir='ltr'><strong>dabitur</strong></span> <span class='ocrx_word' id='word_1_450' title='bbox 3552 2197 3601 2244; x_wconf 87' lang='lat' dir='ltr'><strong>ci</strong></span> <span class='ocrx_word' id='word_1_451' title='bbox 3641 2197 3709 2245; x_wconf 83' lang='lat' dir='ltr'><strong>de</strong></span> <span class='ocrx_word' id='word_1_452' title='bbox 3730 2214 3855 2245; x_wconf 67' lang='lat' dir='ltr'><strong>aum</strong></span> 
     </span>
    </p>
   </div>
   <div class='ocr_carea' id='block_1_64' title="bbox 2266 2270 3856 2334">
    <p class='ocr_par' dir='ltr' id='par_1_64' title="bbox 2266 2270 3856 2334">
     <span class='ocr_line' id='line_1_64' title="bbox 2266 2270 3856 2334; baseline 0.001 -13"><span class='ocrx_word' id='word_1_453' title='bbox 2266 2272 2499 2321; x_wconf 75' lang='lat' dir='ltr'><strong>Arabiae.</strong></span> <span class='ocrx_word' id='word_1_454' title='bbox 2520 2271 2677 2323; x_wconf 85' lang='lat' dir='ltr'><strong>Multi</strong></span> <span class='ocrx_word' id='word_1_455' title='bbox 2696 2272 2850 2323; x_wconf 90' lang='lat' dir='ltr'><strong>enim</strong></span> <span class='ocrx_word' id='word_1_456' title='bbox 2875 2284 2950 2322; x_wconf 86' lang='lat' dir='ltr'><strong>ex</strong></span> <span class='ocrx_word' id='word_1_457' title='bbox 2969 2270 3322 2334; x_wconf 88' lang='lat' dir='ltr'><strong>sapientibus</strong></span> <span class='ocrx_word' id='word_1_458' title='bbox 3334 2271 3602 2321; x_wconf 71' lang='lat' dir='ltr'><strong>Gentium</strong></span> <span class='ocrx_word' id='word_1_459' title='bbox 3628 2284 3856 2323; x_wconf 86' lang='lat' dir='ltr'><strong>conver-</strong></span> 
     </span>
    </p>
   </div>
   <div class='ocr_carea' id='block_1_65' title="bbox 2268 2342 3856 2408">
    <p class='ocr_par' dir='ltr' id='par_1_65' title="bbox 2268 2342 3856 2408">
     <span class='ocr_line' id='line_1_65' title="bbox 2268 2342 3856 2408; baseline -0.001 -14"><span class='ocrx_word' id='word_1_460' title='bbox 2268 2347 2463 2395; x_wconf 89' lang='lat' dir='ltr'><strong>tentur</strong></span> <span class='ocrx_word' id='word_1_461' title='bbox 2473 2345 2544 2395; x_wconf 87' lang='lat' dir='ltr'><strong>ad</strong></span> <span class='ocrx_word' id='word_1_462' title='bbox 2559 2344 2879 2408; x_wconf 91' lang='lat' dir='ltr'><strong>ipsum.Vel</strong></span> <span class='ocrx_word' id='word_1_463' title='bbox 2892 2354 3099 2393; x_wconf 88' lang='lat' dir='ltr'><strong>aurum</strong></span> <span class='ocrx_word' id='word_1_464' title='bbox 3109 2342 3337 2392; x_wconf 67' lang='lat' dir='ltr'><strong>Arabiae</strong></span> <span class='ocrx_word' id='word_1_465' title='bbox 3351 2342 3637 2405; x_wconf 85' lang='lat' dir='ltr'><strong>signiﬁcat</strong></span> <span class='ocrx_word' id='word_1_466' title='bbox 3652 2345 3856 2407; x_wconf 83' lang='lat' dir='ltr'><strong>sapien-</strong></span> 
     </span>
    </p>
   </div>
   <div class='ocr_carea' id='block_1_66' title="bbox 2268 2414 3856 2477">
    <p class='ocr_par' dir='ltr' id='par_1_66' title="bbox 2268 2414 3856 2477">
     <span class='ocr_line' id='line_1_66' title="bbox 2268 2414 3856 2477; baseline -0.001 -11"><span class='ocrx_word' id='word_1_467' title='bbox 2268 2415 2406 2466; x_wconf 89' lang='lat' dir='ltr'><strong>tiam</strong></span> <span class='ocrx_word' id='word_1_468' title='bbox 2429 2417 2489 2465; x_wconf 88' lang='lat' dir='ltr'><strong>in</strong></span> <span class='ocrx_word' id='word_1_469' title='bbox 2504 2414 2844 2466; x_wconf 88' lang='lat' dir='ltr'><strong>humilitate.</strong></span> <span class='ocrx_word' id='word_1_470' title='bbox 2868 2414 3139 2465; x_wconf 81' lang='lat' dir='ltr'><strong>Arabiam</strong></span> <span class='ocrx_word' id='word_1_471' title='bbox 3163 2415 3315 2464; x_wconf 90' lang='lat' dir='ltr'><strong>enim</strong></span> <span class='ocrx_word' id='word_1_472' title='bbox 3330 2414 3697 2477; x_wconf 87' lang='lat' dir='ltr'><strong>interpretari</strong></span> <span class='ocrx_word' id='word_1_473' title='bbox 3724 2416 3856 2465; x_wconf 76' lang='lat' dir='ltr'><strong>dixi-</strong></span> 
     </span>
    </p>
   </div>
   <div class='ocr_carea' id='block_1_67' title="bbox 2266 2484 3856 2549">
    <p class='ocr_par' dir='ltr' id='par_1_67' title="bbox 2266 2484 3856 2549">
     <span class='ocr_line' id='line_1_67' title="bbox 2266 2484 3856 2549; baseline 0.001 -13"><span class='ocrx_word' id='word_1_474' title='bbox 2266 2499 2400 2537; x_wconf 90' lang='lat' dir='ltr'><strong>mus</strong></span> <span class='ocrx_word' id='word_1_475' title='bbox 2432 2487 2821 2536; x_wconf 70' lang='lat' dir='ltr'><strong>humilitatem.</strong></span> <span class='ocrx_word' id='word_1_476' title='bbox 2852 2488 2975 2537; x_wconf 87' lang='lat' dir='ltr'><strong>Hoc</strong></span> <span class='ocrx_word' id='word_1_477' title='bbox 3010 2488 3284 2537; x_wconf 84' lang='lat' dir='ltr'><strong>thesauro</strong></span> <span class='ocrx_word' id='word_1_478' title='bbox 3304 2484 3449 2536; x_wconf 85' lang='lat' dir='ltr'><strong>nihil</strong></span> <span class='ocrx_word' id='word_1_479' title='bbox 3472 2497 3691 2549; x_wconf 88' lang='lat' dir='ltr'><strong>carius,</strong></span> <span class='ocrx_word' id='word_1_480' title='bbox 3729 2488 3856 2538; x_wconf 81' lang='lat' dir='ltr'><strong>nihil</strong></span> 
     </span>
    </p>
   </div>
   <div class='ocr_carea' id='block_1_68' title="bbox 2264 2557 3856 2623">
    <p class='ocr_par' dir='ltr' id='par_1_68' title="bbox 2264 2557 3856 2623">
     <span class='ocr_line' id='line_1_68' title="bbox 2264 2557 3856 2623; baseline -0.001 -14"><span class='ocrx_word' id='word_1_481' title='bbox 2264 2558 2572 2623; x_wconf 84' lang='lat' dir='ltr'><strong>pretiosius</strong></span> <span class='ocrx_word' id='word_1_482' title='bbox 2595 2562 2696 2610; x_wconf 89' lang='lat' dir='ltr'><strong>aut</strong></span> <span class='ocrx_word' id='word_1_483' title='bbox 2715 2558 2929 2622; x_wconf 88' lang='lat' dir='ltr'><strong>haberi,</strong></span> <span class='ocrx_word' id='word_1_484' title='bbox 2953 2562 3053 2609; x_wconf 90' lang='lat' dir='ltr'><strong>aut</strong></span> <span class='ocrx_word' id='word_1_485' title='bbox 3083 2557 3269 2608; x_wconf 89' lang='lat' dir='ltr'><strong>oﬁ‘erri</strong></span> <span class='ocrx_word' id='word_1_486' title='bbox 3294 2559 3411 2608; x_wconf 91' lang='lat' dir='ltr'><strong>Deo</strong></span> <span class='ocrx_word' id='word_1_487' title='bbox 3434 2562 3640 2620; x_wconf 86' lang='lat' dir='ltr'><strong>potest.</strong></span> <span class='ocrx_word' id='word_1_488' title='bbox 3662 2559 3734 2606; x_wconf 84' lang='lat' dir='ltr'><strong>Et</strong></span> <span class='ocrx_word' id='word_1_489' title='bbox 3752 2560 3856 2607; x_wconf 73' lang='lat' dir='ltr'><strong>ado-</strong></span> 
     </span>
    </p>
   </div>
   <div class='ocr_carea' id='block_1_69' title="bbox 2263 2629 3856 2695">
    <p class='ocr_par' dir='ltr' id='par_1_69' title="bbox 2263 2629 3856 2695">
     <span class='ocr_line' id='line_1_69' title="bbox 2263 2629 3856 2695; baseline 0.003 -19"><span class='ocrx_word' id='word_1_490' title='bbox 2263 2629 2536 2678; x_wconf 83' lang='lat' dir='ltr'><strong>rabuntde</strong></span> <span class='ocrx_word' id='word_1_491' title='bbox 2560 2631 2675 2695; x_wconf 85' lang='lat' dir='ltr'><strong>ipso</strong></span> <span class='ocrx_word' id='word_1_492' title='bbox 2692 2645 2914 2694; x_wconf 81' lang='lat' dir='ltr'><strong>semper,</strong></span> <span class='ocrx_word' id='word_1_493' title='bbox 2931 2630 2986 2680; x_wconf 88' lang='lat' dir='ltr'><strong>id</strong></span> <span class='ocrx_word' id='word_1_494' title='bbox 3004 2633 3111 2691; x_wconf 88' lang='lat' dir='ltr'><strong>est,</strong></span> <span class='ocrx_word' id='word_1_495' title='bbox 3138 2641 3369 2679; x_wconf 91' lang='lat' dir='ltr'><strong>summa</strong></span> <span class='ocrx_word' id='word_1_496' title='bbox 3392 2636 3448 2679; x_wconf 90' lang='lat' dir='ltr'><strong>et</strong></span> <span class='ocrx_word' id='word_1_497' title='bbox 3473 2629 3759 2692; x_wconf 84' lang='lat' dir='ltr'><strong>singulari</strong></span> <span class='ocrx_word' id='word_1_498' title='bbox 3780 2644 3856 2680; x_wconf 73' lang='lat' dir='ltr'><strong>ve-</strong></span> 
     </span>
    </p>
   </div>
   <div class='ocr_carea' id='block_1_70' title="bbox 2265 2702 3856 2763">
    <p class='ocr_par' dir='ltr' id='par_1_70' title="bbox 2265 2702 3856 2763">
     <span class='ocr_line' id='line_1_70' title="bbox 2265 2702 3856 2763; baseline 0.001 -12"><span class='ocrx_word' id='word_1_499' title='bbox 2265 2706 2561 2753; x_wconf 89' lang='lat' dir='ltr'><strong>neratione</strong></span> <span class='ocrx_word' id='word_1_500' title='bbox 2578 2704 2767 2753; x_wconf 91' lang='lat' dir='ltr'><strong>colent</strong></span> <span class='ocrx_word' id='word_1_501' title='bbox 2790 2714 2942 2752; x_wconf 91' lang='lat' dir='ltr'><strong>eum.</strong></span> <span class='ocrx_word' id='word_1_502' title='bbox 2970 2703 3038 2751; x_wconf 90' lang='lat' dir='ltr'><strong>Et</strong></span> <span class='ocrx_word' id='word_1_503' title='bbox 3056 2703 3165 2751; x_wconf 89' lang='lat' dir='ltr'><strong>hoc</strong></span> <span class='ocrx_word' id='word_1_504' title='bbox 3188 2702 3342 2763; x_wconf 89' lang='lat' dir='ltr'><strong>quod</strong></span> <span class='ocrx_word' id='word_1_505' title='bbox 3366 2712 3499 2750; x_wconf 91' lang='lat' dir='ltr'><strong>eum</strong></span> <span class='ocrx_word' id='word_1_506' title='bbox 3517 2702 3856 2753; x_wconf 81' lang='lat' dir='ltr'><strong>adorabunt.</strong></span> 
     </span>
    </p>
   </div>
   <div class='ocr_carea' id='block_1_71' title="bbox 2263 2771 3856 2837">
    <p class='ocr_par' dir='ltr' id='par_1_71' title="bbox 2263 2771 3856 2837">
     <span class='ocr_line' id='line_1_71' title="bbox 2263 2771 3856 2837; baseline 0.001 -14"><span class='ocrx_word' id='word_1_507' title='bbox 2263 2773 2534 2836; x_wconf 90' lang='lat' dir='ltr'><strong>procedet</strong></span> <span class='ocrx_word' id='word_1_508' title='bbox 2567 2774 2635 2824; x_wconf 92' lang='lat' dir='ltr'><strong>de</strong></span> <span class='ocrx_word' id='word_1_509' title='bbox 2667 2774 2810 2837; x_wconf 92' lang='lat' dir='ltr'><strong>ipso,</strong></span> <span class='ocrx_word' id='word_1_510' title='bbox 2825 2773 3001 2832; x_wconf 90' lang='lat' dir='ltr'><strong>idest,</strong></span> <span class='ocrx_word' id='word_1_511' title='bbox 3021 2772 3091 2822; x_wconf 91' lang='lat' dir='ltr'><strong>de</strong></span> <span class='ocrx_word' id='word_1_512' title='bbox 3107 2784 3343 2823; x_wconf 90' lang='lat' dir='ltr'><strong>munere</strong></span> <span class='ocrx_word' id='word_1_513' title='bbox 3359 2771 3558 2835; x_wconf 90' lang='lat' dir='ltr'><strong>ipsius.</strong></span> <span class='ocrx_word' id='word_1_514' title='bbox 3580 2774 3702 2822; x_wconf 87' lang='lat' dir='ltr'><strong>Nos</strong></span> <span class='ocrx_word' id='word_1_515' title='bbox 3714 2774 3856 2824; x_wconf 79' lang='lat' dir='ltr'><strong>enim</strong></span> 
     </span>
    </p>
   </div>
   <div class='ocr_carea' id='block_1_72' title="bbox 2263 2842 3856 2907">
    <p class='ocr_par' dir='ltr' id='par_1_72' title="bbox 2263 2842 3856 2907">
     <span class='ocr_line' id='line_1_72' title="bbox 2263 2842 3856 2907; baseline 0.001 -13"><span class='ocrx_word' id='word_1_516' title='bbox 2263 2845 2554 2907; x_wconf 88' lang='lat' dir='ltr'><strong>quomodo</strong></span> <span class='ocrx_word' id='word_1_517' title='bbox 2589 2857 2842 2906; x_wconf 93' lang='lat' dir='ltr'><strong>oremus,</strong></span> <span class='ocrx_word' id='word_1_518' title='bbox 2867 2844 3162 2895; x_wconf 88' lang='lat' dir='ltr'><strong>nescimus</strong></span> <span class='ocrx_word' id='word_1_519' title='bbox 3186 2861 3199 2905; x_wconf 84' lang='lat'><strong>;</strong></span> <span class='ocrx_word' id='word_1_520' title='bbox 3229 2843 3333 2894; x_wconf 90' lang='lat' dir='ltr'><strong>sed</strong></span> <span class='ocrx_word' id='word_1_521' title='bbox 3356 2842 3596 2906; x_wconf 78' lang='lat' dir='ltr'><strong>Spiritus</strong></span> <span class='ocrx_word' id='word_1_522' title='bbox 3624 2850 3856 2895; x_wconf 78' lang='lat' dir='ltr'><strong>sanctus</strong></span> 
     </span>
    </p>
   </div>
   <div class='ocr_carea' id='block_1_73' title="bbox 2262 2914 3856 2980">
    <p class='ocr_par' dir='ltr' id='par_1_73' title="bbox 2262 2914 3856 2980">
     <span class='ocr_line' id='line_1_73' title="bbox 2262 2914 3856 2980; baseline -0.001 -15"><span class='ocrx_word' id='word_1_523' title='bbox 2262 2917 2518 2979; x_wconf 85' lang='lat' dir='ltr'><strong>postulat</strong></span> <span class='ocrx_word' id='word_1_524' title='bbox 2528 2929 2630 2980; x_wconf 86' lang='lat' dir='ltr'><strong>pro</strong></span> <span class='ocrx_word' id='word_1_525' title='bbox 2642 2918 2810 2967; x_wconf 84' lang='lat' dir='ltr'><strong>nobis</strong></span> <span class='ocrx_word' id='word_1_526' title='bbox 2824 2916 3135 2980; x_wconf 80' lang='lat' dir='ltr'><strong>gemitibus</strong></span> <span class='ocrx_word' id='word_1_527' title='bbox 3148 2917 3572 2963; x_wconf 83' lang='lat' dir='ltr'><strong>inenarrabilibus</strong></span> <span class='ocrx_word' id='word_1_528' title='bbox 3586 2914 3856 2978; x_wconf 64' lang='lat' dir='ltr'><strong>(Rom.8.}.</strong></span> 
     </span>
    </p>
   </div>
   <div class='ocr_carea' id='block_1_74' title="bbox 2263 2986 3856 3051">
    <p class='ocr_par' dir='ltr' id='par_1_74' title="bbox 2263 2986 3856 3051">
     <span class='ocr_line' id='line_1_74' title="bbox 2263 2986 3856 3051; baseline 0.001 -14"><span class='ocrx_word' id='word_1_529' title='bbox 2263 2988 2345 3037; x_wconf 91' lang='lat' dir='ltr'><strong>De</strong></span> <span class='ocrx_word' id='word_1_530' title='bbox 2367 2987 2495 3050; x_wconf 89' lang='lat' dir='ltr'><strong>ipso</strong></span> <span class='ocrx_word' id='word_1_531' title='bbox 2519 2988 2753 3051; x_wconf 89' lang='lat' dir='ltr'><strong>habent,</strong></span> <span class='ocrx_word' id='word_1_532' title='bbox 2781 2988 2829 3037; x_wconf 90' lang='lat' dir='ltr'><strong>si</strong></span> <span class='ocrx_word' id='word_1_533' title='bbox 2850 2988 2947 3051; x_wconf 91' lang='lat' dir='ltr'><strong>qui</strong></span> <span class='ocrx_word' id='word_1_534' title='bbox 2971 2988 3116 3037; x_wconf 90' lang='lat' dir='ltr'><strong>bene</strong></span> <span class='ocrx_word' id='word_1_535' title='bbox 3140 2990 3319 3037; x_wconf 86' lang='lat' dir='ltr'><strong>orant.</strong></span> <span class='ocrx_word' id='word_1_536' title='bbox 3354 2987 3442 3036; x_wconf 89' lang='lat' dir='ltr'><strong>Ab</strong></span> <span class='ocrx_word' id='word_1_537' title='bbox 3470 2986 3592 3049; x_wconf 89' lang='lat' dir='ltr'><strong>ipso</strong></span> <span class='ocrx_word' id='word_1_538' title='bbox 3621 2988 3856 3038; x_wconf 76' lang='lat' dir='ltr'><strong>trahunt</strong></span> 
     </span>
    </p>
   </div>
   <div class='ocr_carea' id='block_1_75' title="bbox 2263 3058 3854 3123">
    <p class='ocr_par' dir='ltr' id='par_1_75' title="bbox 2263 3058 3854 3123">
     <span class='ocr_line' id='line_1_75' title="bbox 2263 3058 3854 3123; baseline 0 -14"><span class='ocrx_word' id='word_1_539' title='bbox 2263 3059 2539 3122; x_wconf 89' lang='lat' dir='ltr'><strong>quicquid</strong></span> <span class='ocrx_word' id='word_1_540' title='bbox 2563 3060 2695 3110; x_wconf 89' lang='lat' dir='ltr'><strong>boni</strong></span> <span class='ocrx_word' id='word_1_541' title='bbox 2719 3058 3038 3123; x_wconf 87' lang='lat' dir='ltr'><strong>possident.</strong></span> <span class='ocrx_word' id='word_1_542' title='bbox 3067 3059 3263 3108; x_wconf 89' lang='lat' dir='ltr'><strong>Merito</strong></span> <span class='ocrx_word' id='word_1_543' title='bbox 3279 3070 3413 3120; x_wconf 84' lang='lat' dir='ltr'><strong>ergo</strong></span> <span class='ocrx_word' id='word_1_544' title='bbox 3437 3063 3543 3106; x_wconf 88' lang='lat' dir='ltr'><strong>tota</strong></span> <span class='ocrx_word' id='word_1_545' title='bbox 3563 3058 3739 3119; x_wconf 83' lang='lat' dir='ltr'><strong>die,id</strong></span> <span class='ocrx_word' id='word_1_546' title='bbox 3758 3066 3854 3120; x_wconf 81' lang='lat' dir='ltr'><strong>est,</strong></span> 
     </span>
    </p>
   </div>
   <div class='ocr_carea' id='block_1_76' title="bbox 2261 3129 3855 3193">
    <p class='ocr_par' dir='ltr' id='par_1_76' title="bbox 2261 3129 3855 3193">
     <span class='ocr_line' id='line_1_76' title="bbox 2261 3129 3855 3193; baseline 0.001 -12"><span class='ocrx_word' id='word_1_547' title='bbox 2261 3130 2498 3182; x_wconf 89' lang='lat' dir='ltr'><strong>assidue</strong></span> <span class='ocrx_word' id='word_1_548' title='bbox 2515 3130 2816 3179; x_wconf 80' lang='lat' dir='ltr'><strong>benediccnt</strong></span> <span class='ocrx_word' id='word_1_549' title='bbox 2839 3131 2904 3189; x_wconf 84' lang='lat' dir='ltr'><strong>ei,</strong></span> <span class='ocrx_word' id='word_1_550' title='bbox 2931 3130 3146 3193; x_wconf 84' lang='lat' dir='ltr'><strong>gratias</strong></span> <span class='ocrx_word' id='word_1_551' title='bbox 3173 3129 3478 3191; x_wconf 76' lang='lat' dir='ltr'><strong>referendo,</strong></span> <span class='ocrx_word' id='word_1_552' title='bbox 3506 3134 3563 3181; x_wconf 90' lang='lat' dir='ltr'><strong>et</strong></span> <span class='ocrx_word' id='word_1_553' title='bbox 3579 3132 3741 3183; x_wconf 89' lang='lat' dir='ltr'><strong>bona</strong></span> <span class='ocrx_word' id='word_1_554' title='bbox 3759 3146 3855 3183; x_wconf 73' lang='lat' dir='ltr'><strong>sua</strong></span> 
     </span>
    </p>
   </div>
   <div class='ocr_carea' id='block_1_77' title="bbox 2256 3201 3856 3266">
    <p class='ocr_par' dir='ltr' id='par_1_77' title="bbox 2256 3201 3856 3266">
     <span class='ocr_line' id='line_1_77' title="bbox 2256 3201 3856 3266; baseline 0.002 -13"><span class='ocrx_word' id='word_1_555' title='bbox 2256 3216 2376 3255; x_wconf 92' lang='lat' dir='ltr'><strong>non</strong></span> <span class='ocrx_word' id='word_1_556' title='bbox 2400 3203 2528 3266; x_wconf 91' lang='lat' dir='ltr'><strong>sibi,</strong></span> <span class='ocrx_word' id='word_1_557' title='bbox 2556 3202 2658 3253; x_wconf 90' lang='lat' dir='ltr'><strong>sed</strong></span> <span class='ocrx_word' id='word_1_558' title='bbox 2682 3203 2923 3253; x_wconf 90' lang='lat' dir='ltr'><strong>Domino</strong></span> <span class='ocrx_word' id='word_1_559' title='bbox 2944 3201 3654 3253; x_wconf 82' lang='lat' dir='ltr'><strong>ascribendoOstenditur</strong></span> <span class='ocrx_word' id='word_1_560' title='bbox 3678 3209 3742 3256; x_wconf 90' lang='lat' dir='ltr'><strong>et</strong></span> <span class='ocrx_word' id='word_1_561' title='bbox 3756 3205 3856 3256; x_wconf 81' lang='lat' dir='ltr'><strong>alia</strong></span> 
     </span>
    </p>
   </div>
   <div class='ocr_carea' id='block_1_78' title="bbox 2257 3273 3570 3337">
    <p class='ocr_par' dir='ltr' id='par_1_78' title="bbox 2257 3273 3570 3337">
     <span class='ocr_line' id='line_1_78' title="bbox 2257 3273 3570 3337; baseline -0.002 -11"><span class='ocrx_word' id='word_1_562' title='bbox 2257 3287 2466 3326; x_wconf 89' lang='lat' dir='ltr'><strong>caussa</strong></span> <span class='ocrx_word' id='word_1_563' title='bbox 2495 3281 2561 3325; x_wconf 88' lang='lat' dir='ltr'><strong>ut</strong></span> <span class='ocrx_word' id='word_1_564' title='bbox 2582 3274 2843 3326; x_wconf 89' lang='lat' dir='ltr'><strong>benedici</strong></span> <span class='ocrx_word' id='word_1_565' title='bbox 2868 3275 3092 3337; x_wconf 86' lang='lat' dir='ltr'><strong>debeat,</strong></span> <span class='ocrx_word' id='word_1_566' title='bbox 3121 3286 3253 3324; x_wconf 91' lang='lat' dir='ltr'><strong>cum</strong></span> <span class='ocrx_word' id='word_1_567' title='bbox 3278 3273 3570 3325; x_wconf 89' lang='lat' dir='ltr'><strong>subditur:</strong></span> 
     </span>
    </p>
   </div>
   <div class='ocr_carea' id='block_1_79' title="bbox 555 3342 3856 3436">
    <p class='ocr_par' dir='ltr' id='par_1_79' title="bbox 555 3342 3856 3436">
     <span class='ocr_line' id='line_1_79' title="bbox 555 3342 3856 3436; baseline 0.002 -44"><span class='ocrx_word' id='word_1_568' title='bbox 555 3342 1021 3436; x_wconf 41' lang='lat' dir='ltr'><strong>suntanu’ilppe</strong></span> <span class='ocrx_word' id='word_1_569' title='bbox 1036 3342 1924 3436; x_wconf 38' lang='lat' dir='ltr'><strong>adducisolent,‘qua3atmbu‘lare</strong></span> <span class='ocrx_word' id='word_1_570' title='bbox 1943 3347 2156 3425; x_wconf 79' lang='lat' dir='ltr'><strong>valent.</strong></span> <span class='ocrx_word' id='word_1_571' title='bbox 2182 3359 2232 3436; x_wconf 69' lang='grc' dir='ltr'><strong>ρ</strong></span> <span class='ocrx_word' id='word_1_572' title='bbox 2321 3346 2418 3428; x_wconf 37' lang='lat'><strong>16..</strong></span> <span class='ocrx_word' id='word_1_573' title='bbox 2433 3348 2551 3396; x_wconf 80' lang='lat' dir='ltr'><strong>Erit</strong></span> <span class='ocrx_word' id='word_1_574' title='bbox 2575 3349 2997 3436; x_wconf 45' lang='grc' dir='ltr'><strong>βζηξιξγηεηεαηέ</strong></span> <span class='ocrx_word' id='word_1_575' title='bbox 3010 3347 3071 3393; x_wconf 82' lang='lat' dir='ltr'><strong>in.</strong></span> <span class='ocrx_word' id='word_1_576' title='bbox 3109 3351 3269 3395; x_wconf 80' lang='lat' dir='ltr'><strong>terra.</strong></span> <span class='ocrx_word' id='word_1_577' title='bbox 3296 3346 3506 3436; x_wconf 72' lang='lat' dir='ltr'><strong>Omnes</strong></span> <span class='ocrx_word' id='word_1_578' title='bbox 3531 3346 3702 3436; x_wconf 49' lang='lat' dir='ltr'><strong>&#39;enin‘i</strong></span> <span class='ocrx_word' id='word_1_579' title='bbox 3738 3361 3856 3412; x_wconf 87' lang='lat' dir='ltr'><strong>pro-</strong></span> 
     </span>
    </p>
   </div>
   <div class='ocr_carea' id='block_1_80' title="bbox 559 3412 3856 3481">
    <p class='ocr_par' dir='ltr' id='par_1_80' title="bbox 559 3412 3856 3481">
     <span class='ocr_line' id='line_1_80' title="bbox 559 3412 3856 3481; baseline 0.002 -17"><span class='ocrx_word' id='word_1_580' title='bbox 559 3414 853 3478; x_wconf 90' lang='lat' dir='ltr'><strong>Numquid</strong></span> <span class='ocrx_word' id='word_1_581' title='bbox 877 3414 949 3465; x_wconf 88' lang='lat' dir='ltr'><strong>de</strong></span> <span class='ocrx_word' id='word_1_582' title='bbox 970 3412 1340 3465; x_wconf 90' lang='lat' dir='ltr'><strong>immolandis</strong></span> <span class='ocrx_word' id='word_1_583' title='bbox 1376 3415 1629 3465; x_wconf 88' lang='lat' dir='ltr'><strong>victimis</strong></span> <span class='ocrx_word' id='word_1_584' title='bbox 1652 3415 1762 3466; x_wconf 91' lang='lat' dir='ltr'><strong>hoc</strong></span> <span class='ocrx_word' id='word_1_585' title='bbox 1787 3416 2008 3467; x_wconf 91' lang='lat' dir='ltr'><strong>dictum</strong></span> <span class='ocrx_word' id='word_1_586' title='bbox 2032 3414 2158 3469; x_wconf 80' lang='lat' dir='ltr'><strong>es&#39;t‘?</strong></span> <span class='ocrx_word' id='word_1_587' title='bbox 2184 3412 2232 3436; x_wconf 66' lang='grc' dir='ltr'><em>υ</em></span> <span class='ocrx_word' id='word_1_588' title='bbox 2256 3419 2568 3469; x_wconf 85' lang='lat' dir='ltr'><strong>missiones</strong></span> <span class='ocrx_word' id='word_1_589' title='bbox 2602 3419 2705 3470; x_wconf 90' lang='lat' dir='ltr'><strong>Dei</strong></span> <span class='ocrx_word' id='word_1_590' title='bbox 2733 3418 2796 3469; x_wconf 90' lang='lat' dir='ltr'><strong>in</strong></span> <span class='ocrx_word' id='word_1_591' title='bbox 2835 3417 2931 3468; x_wconf 89' lang='lat' dir='ltr'><strong>illo</strong></span> <span class='ocrx_word' id='word_1_592' title='bbox 2964 3416 3209 3468; x_wconf 52' lang='lat' dir='ltr'><strong>ﬁrmatae</strong></span> <span class='ocrx_word' id='word_1_593' title='bbox 3257 3421 3393 3468; x_wconf 91' lang='lat' dir='ltr'><strong>sunt</strong></span> <span class='ocrx_word' id='word_1_594' title='bbox 3426 3416 3619 3479; x_wconf 85' lang='lat' dir='ltr'><strong>(Galat.</strong></span> <span class='ocrx_word' id='word_1_595' title='bbox 3666 3418 3765 3481; x_wconf 88' lang='lat'><strong>3.).</strong></span> <span class='ocrx_word' id='word_1_596' title='bbox 3799 3423 3856 3471; x_wconf 80' lang='lat' dir='ltr'><strong>Et</strong></span> 
     </span>
    </p>
   </div>
   <div class='ocr_carea' id='block_1_81' title="bbox 554 3485 3856 3554">
    <p class='ocr_par' dir='ltr' id='par_1_81' title="bbox 554 3485 3856 3554">
     <span class='ocr_line' id='line_1_81' title="bbox 554 3485 3856 3554; baseline 0.002 -19"><span class='ocrx_word' id='word_1_597' title='bbox 554 3485 724 3536; x_wconf 87' lang='lat' dir='ltr'><strong>Absit</strong></span> <span class='ocrx_word' id='word_1_598' title='bbox 747 3490 811 3537; x_wconf 89' lang='lat' dir='ltr'><strong>ut</strong></span> <span class='ocrx_word' id='word_1_599' title='bbox 837 3485 965 3537; x_wconf 89' lang='lat' dir='ltr'><strong>talis</strong></span> <span class='ocrx_word' id='word_1_600' title='bbox 981 3486 1196 3536; x_wconf 89' lang='lat' dir='ltr'><strong>oriatur</strong></span> <span class='ocrx_word' id='word_1_601' title='bbox 1210 3486 1271 3536; x_wconf 91' lang='lat' dir='ltr'><strong>in</strong></span> <span class='ocrx_word' id='word_1_602' title='bbox 1286 3485 1492 3536; x_wconf 90' lang='lat' dir='ltr'><strong>diebus</strong></span> <span class='ocrx_word' id='word_1_603' title='bbox 1512 3487 1904 3549; x_wconf 86' lang='lat' dir='ltr'><strong>ejusjustitial</strong></span> <span class='ocrx_word' id='word_1_604' title='bbox 1933 3490 2041 3540; x_wconf 91' lang='lat' dir='ltr'><strong>Sed</strong></span> <span class='ocrx_word' id='word_1_605' title='bbox 2058 3503 2159 3554; x_wconf 92' lang='lat' dir='ltr'><strong>per</strong></span> <span class='ocrx_word' id='word_1_606' title='bbox 2257 3490 2531 3554; x_wconf 90' lang='lat' dir='ltr'><strong>quicquid</strong></span> <span class='ocrx_word' id='word_1_607' title='bbox 2554 3490 2959 3554; x_wconf 89' lang='lat' dir='ltr'><strong>prephetatum</strong></span> <span class='ocrx_word' id='word_1_608' title='bbox 2982 3493 3072 3540; x_wconf 89' lang='lat' dir='ltr'><strong>est</strong></span> <span class='ocrx_word' id='word_1_609' title='bbox 3098 3500 3194 3552; x_wconf 90' lang='lat' dir='ltr'><strong>pro</strong></span> <span class='ocrx_word' id='word_1_610' title='bbox 3221 3488 3406 3539; x_wconf 89' lang='lat' dir='ltr'><strong>salute</strong></span> <span class='ocrx_word' id='word_1_611' title='bbox 3427 3493 3646 3554; x_wconf 89' lang='lat' dir='ltr'><strong>nostra,</strong></span> <span class='ocrx_word' id='word_1_612' title='bbox 3674 3495 3856 3543; x_wconf 87' lang='lat' dir='ltr'><strong>totum</strong></span> 
     </span>
    </p>
   </div>
   <div class='ocr_carea' id='block_1_82' title="bbox 552 3555 3856 3635">
    <p class='ocr_par' dir='ltr' id='par_1_82' title="bbox 552 3555 3856 3635">
     <span class='ocr_line' id='line_1_82' title="bbox 552 3555 3856 3635; baseline 0.002 -29"><span class='ocrx_word' id='word_1_613' title='bbox 552 3555 681 3635; x_wconf 63' lang='lat' dir='ltr'><strong>haec</strong></span> <span class='ocrx_word' id='word_1_614' title='bbox 692 3557 999 3635; x_wconf 64' lang='lat' dir='ltr'><strong>donaqute</strong></span> <span class='ocrx_word' id='word_1_615' title='bbox 1010 3557 1266 3635; x_wconf 85' lang='lat' dir='ltr'><strong>Domino</strong></span> <span class='ocrx_word' id='word_1_616' title='bbox 1278 3557 1621 3635; x_wconf 83' lang='lat' dir='ltr'><strong>adducenda</strong></span> <span class='ocrx_word' id='word_1_617' title='bbox 1637 3559 2045 3635; x_wconf 62' lang='lat' dir='ltr'><strong>praedicantur,</strong></span> <span class='ocrx_word' id='word_1_618' title='bbox 2064 3563 2159 3635; x_wconf 86' lang='lat' dir='ltr'><strong>ho-</strong></span> <span class='ocrx_word' id='word_1_619' title='bbox 2255 3563 2316 3612; x_wconf 91' lang='lat' dir='ltr'><strong>in</strong></span> <span class='ocrx_word' id='word_1_620' title='bbox 2339 3564 2433 3635; x_wconf 85' lang='lat' dir='ltr'><strong>illo</strong></span> <span class='ocrx_word' id='word_1_621' title='bbox 2464 3566 2570 3635; x_wconf 87' lang='lat' dir='ltr'><strong>est,</strong></span> <span class='ocrx_word' id='word_1_622' title='bbox 2602 3564 2691 3613; x_wconf 90' lang='lat' dir='ltr'><strong>vel</strong></span> <span class='ocrx_word' id='word_1_623' title='bbox 2714 3561 3225 3635; x_wconf 82' lang='lat' dir='ltr'><strong>eritadimpletum.</strong></span> <span class='ocrx_word' id='word_1_624' title='bbox 3244 3559 3466 3635; x_wconf 83' lang='lat' dir='ltr'><strong>Fideles</strong></span> <span class='ocrx_word' id='word_1_625' title='bbox 3487 3573 3725 3635; x_wconf 83' lang='lat' dir='ltr'><strong>quoque</strong></span> <span class='ocrx_word' id='word_1_626' title='bbox 3750 3566 3856 3615; x_wconf 85' lang='lat' dir='ltr'><strong>ani-</strong></span> 
     </span>
    </p>
   </div>
   <div class='ocr_carea' id='block_1_83' title="bbox 554 3626 3853 3696">
    <p class='ocr_par' dir='ltr' id='par_1_83' title="bbox 554 3626 3853 3696">
     <span class='ocr_line' id='line_1_83' title="bbox 554 3626 3853 3696; baseline 0.003 -19"><span class='ocrx_word' id='word_1_627' title='bbox 554 3626 742 3678; x_wconf 91' lang='lat' dir='ltr'><strong>mines</strong></span> <span class='ocrx_word' id='word_1_628' title='bbox 752 3626 953 3679; x_wconf 90' lang='lat' dir='ltr'><strong>ﬁdeles</strong></span> <span class='ocrx_word' id='word_1_629' title='bbox 968 3627 1367 3691; x_wconf 88' lang='lat' dir='ltr'><strong>designantur,</strong></span> <span class='ocrx_word' id='word_1_630' title='bbox 1380 3640 1527 3690; x_wconf 91' lang='lat' dir='ltr'><strong>quos</strong></span> <span class='ocrx_word' id='word_1_631' title='bbox 1539 3629 1601 3679; x_wconf 90' lang='lat' dir='ltr'><strong>in</strong></span> <span class='ocrx_word' id='word_1_632' title='bbox 1614 3630 1943 3683; x_wconf 82' lang='lat' dir='ltr'><strong>societatem</strong></span> <span class='ocrx_word' id='word_1_633' title='bbox 1960 3632 2157 3685; x_wconf 88' lang='lat' dir='ltr'><strong>Eccle—</strong></span> <span class='ocrx_word' id='word_1_634' title='bbox 2255 3647 2368 3685; x_wconf 69' lang='lat' dir='ltr'><strong>mae</strong></span> <span class='ocrx_word' id='word_1_635' title='bbox 2387 3634 2448 3685; x_wconf 94' lang='lat' dir='ltr'><strong>in</strong></span> <span class='ocrx_word' id='word_1_636' title='bbox 2463 3634 2571 3684; x_wconf 88' lang='lat' dir='ltr'><strong>hac</strong></span> <span class='ocrx_word' id='word_1_637' title='bbox 2589 3638 2736 3684; x_wconf 90' lang='lat' dir='ltr'><strong>terra</strong></span> <span class='ocrx_word' id='word_1_638' title='bbox 2754 3634 2974 3696; x_wconf 59' lang='lat' dir='ltr'><strong>positae,</strong></span> <span class='ocrx_word' id='word_1_639' title='bbox 2989 3645 3107 3684; x_wconf 92' lang='lat' dir='ltr'><strong>non</strong></span> <span class='ocrx_word' id='word_1_640' title='bbox 3117 3632 3335 3684; x_wconf 89' lang='lat' dir='ltr'><strong>habent</strong></span> <span class='ocrx_word' id='word_1_641' title='bbox 3354 3632 3507 3684; x_wconf 90' lang='lat' dir='ltr'><strong>aliud</strong></span> <span class='ocrx_word' id='word_1_642' title='bbox 3522 3633 3853 3688; x_wconf 84' lang='lat' dir='ltr'><strong>ﬁrmamen-</strong></span> 
     </span>
    </p>
   </div>
   <div class='ocr_carea' id='block_1_84' title="bbox 557 3698 3856 3769">
    <p class='ocr_par' dir='ltr' id='par_1_84' title="bbox 557 3698 3856 3769">
     <span class='ocr_line' id='line_1_84' title="bbox 557 3698 3856 3769; baseline 0.002 -20"><span class='ocrx_word' id='word_1_643' title='bbox 557 3698 662 3751; x_wconf 77' lang='lat' dir='ltr'><strong>siae</strong></span> <span class='ocrx_word' id='word_1_644' title='bbox 682 3699 891 3751; x_wconf 72' lang='lat' dir='ltr'><strong>Christi</strong></span> <span class='ocrx_word' id='word_1_645' title='bbox 918 3712 1122 3764; x_wconf 90' lang='lat' dir='ltr'><strong>regum</strong></span> <span class='ocrx_word' id='word_1_646' title='bbox 1145 3700 1381 3751; x_wconf 78' lang='lat' dir='ltr'><strong>adducit</strong></span> <span class='ocrx_word' id='word_1_647' title='bbox 1403 3702 1737 3753; x_wconf 83' lang='lat' dir='ltr'><strong>auctoritas.</strong></span> <span class='ocrx_word' id='word_1_648' title='bbox 2255 3711 2402 3769; x_wconf 86' lang='lat' dir='ltr'><strong>tum,</strong></span> <span class='ocrx_word' id='word_1_649' title='bbox 2423 3706 2536 3756; x_wconf 90' lang='lat' dir='ltr'><strong>nisi</strong></span> <span class='ocrx_word' id='word_1_650' title='bbox 2559 3705 2869 3756; x_wconf 87' lang='lat' dir='ltr'><strong>Christum.</strong></span> <span class='ocrx_word' id='word_1_651' title='bbox 2902 3708 3356 3756; x_wconf 84' lang='lat' dir='ltr'><strong>Firmamentum</strong></span> <span class='ocrx_word' id='word_1_652' title='bbox 3388 3710 3478 3756; x_wconf 93' lang='lat' dir='ltr'><strong>est</strong></span> <span class='ocrx_word' id='word_1_653' title='bbox 3508 3707 3856 3759; x_wconf 77' lang='lat' dir='ltr'><strong>timentibus</strong></span> 
     </span>
    </p>
   </div>
   <div class='ocr_carea' id='block_1_85' title="bbox 618 3770 3856 3840">
    <p class='ocr_par' dir='ltr' id='par_1_85' title="bbox 618 3770 3856 3840">
     <span class='ocr_line' id='line_1_85' title="bbox 618 3770 3856 3840; baseline 0.002 -16"><span class='ocrx_word' id='word_1_654' title='bbox 618 3770 704 3824; x_wconf 81' lang='grc'><strong>11.</strong></span> <span class='ocrx_word' id='word_1_655' title='bbox 738 3772 807 3820; x_wconf 83' lang='grc' dir='ltr'><em>Ει</em></span> <span class='ocrx_word' id='word_1_656' title='bbox 828 3770 1137 3821; x_wconf 86' lang='lat' dir='ltr'><strong>adorabunt</strong></span> <span class='ocrx_word' id='word_1_657' title='bbox 1160 3787 1285 3821; x_wconf 82' lang='lat' dir='ltr'><strong>eum</strong></span> <span class='ocrx_word' id='word_1_658' title='bbox 1309 3788 1490 3822; x_wconf 85' lang='lat' dir='ltr'><strong>omnes</strong></span> <span class='ocrx_word' id='word_1_659' title='bbox 1512 3789 1676 3837; x_wconf 74' lang='lat' dir='ltr'><strong>reges,</strong></span> <span class='ocrx_word' id='word_1_660' title='bbox 1708 3776 1807 3839; x_wconf 89' lang='lat' dir='ltr'><strong>qui</strong></span> <span class='ocrx_word' id='word_1_661' title='bbox 1831 3778 1995 3840; x_wconf 91' lang='lat' dir='ltr'><strong>prius</strong></span> <span class='ocrx_word' id='word_1_662' title='bbox 2016 3780 2156 3832; x_wconf 88' lang='lat' dir='ltr'><strong>sole-</strong></span> <span class='ocrx_word' id='word_1_663' title='bbox 2254 3790 2405 3829; x_wconf 87' lang='lat' dir='ltr'><strong>eum.</strong></span> <span class='ocrx_word' id='word_1_664' title='bbox 2436 3779 2578 3828; x_wconf 87' lang='lat' dir='ltr'><strong>Ecce</strong></span> <span class='ocrx_word' id='word_1_665' title='bbox 2601 3782 2691 3828; x_wconf 87' lang='lat' dir='ltr'><strong>est</strong></span> <span class='ocrx_word' id='word_1_666' title='bbox 2712 3776 3157 3828; x_wconf 85' lang='lat' dir='ltr'><strong>ﬁrmamentum.</strong></span> <span class='ocrx_word' id='word_1_667' title='bbox 3180 3776 3468 3840; x_wconf 87' lang='lat' dir='ltr'><strong>Numquid</strong></span> <span class='ocrx_word' id='word_1_668' title='bbox 3490 3777 3718 3828; x_wconf 75' lang='lat' dir='ltr'><strong>altum?</strong></span> <span class='ocrx_word' id='word_1_669' title='bbox 3743 3782 3856 3831; x_wconf 79' lang='lat' dir='ltr'><strong>Erit</strong></span> 
     </span>
    </p>
   </div>
   <div class='ocr_carea' id='block_1_86' title="bbox 555 3844 3856 3913">
    <p class='ocr_par' dir='ltr' id='par_1_86' title="bbox 555 3844 3856 3913">
     <span class='ocr_line' id='line_1_86' title="bbox 555 3844 3856 3913; baseline 0.002 -19"><span class='ocrx_word' id='word_1_670' title='bbox 555 3844 694 3895; x_wconf 86' lang='lat' dir='ltr'><strong>bant</strong></span> <span class='ocrx_word' id='word_1_671' title='bbox 714 3844 956 3908; x_wconf 90' lang='lat' dir='ltr'><strong>adorari,</strong></span> <span class='ocrx_word' id='word_1_672' title='bbox 979 3844 1037 3895; x_wconf 88' lang='lat' dir='ltr'><strong>id</strong></span> <span class='ocrx_word' id='word_1_673' title='bbox 1052 3848 1159 3908; x_wconf 87' lang='lat' dir='ltr'><strong>est,</strong></span> <span class='ocrx_word' id='word_1_674' title='bbox 1176 3845 1436 3909; x_wconf 89' lang='lat' dir='ltr'><strong>aliquide</strong></span> <span class='ocrx_word' id='word_1_675' title='bbox 1458 3848 1613 3897; x_wconf 88' lang='lat' dir='ltr'><strong>omni</strong></span> <span class='ocrx_word' id='word_1_676' title='bbox 1633 3860 1843 3910; x_wconf 83' lang='lat' dir='ltr'><strong>genere</strong></span> <span class='ocrx_word' id='word_1_677' title='bbox 1868 3862 2089 3913; x_wconf 86' lang='lat' dir='ltr'><strong>regum:</strong></span> <span class='ocrx_word' id='word_1_678' title='bbox 2108 3858 2154 3902; x_wconf 85' lang='lat' dir='ltr'><strong>et</strong></span> <span class='ocrx_word' id='word_1_679' title='bbox 2254 3850 2471 3913; x_wconf 85' lang='lat' dir='ltr'><strong>utique.</strong></span> <span class='ocrx_word' id='word_1_680' title='bbox 2500 3851 2643 3900; x_wconf 85' lang='lat' dir='ltr'><strong>Nam</strong></span> <span class='ocrx_word' id='word_1_681' title='bbox 2691 3850 2755 3897; x_wconf 88' lang='lat' dir='ltr'><strong>In</strong></span> <span class='ocrx_word' id='word_1_682' title='bbox 2798 3849 3028 3897; x_wconf 84' lang='lat' dir='ltr'><strong>summis</strong></span> <span class='ocrx_word' id='word_1_683' title='bbox 3059 3851 3332 3897; x_wconf 76' lang='lat' dir='ltr'><strong>montium</strong></span> <span class='ocrx_word' id='word_1_684' title='bbox 3385 3851 3856 3913; x_wconf 65' lang='lat' dir='ltr'><strong>super-extolletur,</strong></span> 
     </span>
    </p>
   </div>
   <div class='ocr_carea' id='block_1_87' title="bbox 554 3917 3855 3987">
    <p class='ocr_par' dir='ltr' id='par_1_87' title="bbox 554 3917 3855 3987">
     <span class='ocr_line' id='line_1_87' title="bbox 554 3917 3855 3987; baseline 0.003 -22"><span class='ocrx_word' id='word_1_685' title='bbox 554 3929 738 3965; x_wconf 81' lang='lat' dir='ltr'><strong>omnes</strong></span> <span class='ocrx_word' id='word_1_686' title='bbox 757 3919 948 3979; x_wconf 80' lang='lat' dir='ltr'><strong>gentes,</strong></span> <span class='ocrx_word' id='word_1_687' title='bbox 969 3928 1101 3980; x_wconf 69' lang='lat' dir='ltr'><strong>quin</strong></span> <span class='ocrx_word' id='word_1_688' title='bbox 1122 3917 1285 3981; x_wconf 89' lang='lat' dir='ltr'><strong>prius</strong></span> <span class='ocrx_word' id='word_1_689' title='bbox 1306 3917 1570 3970; x_wconf 90' lang='lat' dir='ltr'><strong>solebant</strong></span> <span class='ocrx_word' id='word_1_690' title='bbox 1581 3921 1793 3972; x_wconf 85' lang='lat' dir='ltr'><strong>servire</strong></span> <span class='ocrx_word' id='word_1_691' title='bbox 1821 3924 2059 3975; x_wconf 89' lang='lat' dir='ltr'><strong>terrenis</strong></span> <span class='ocrx_word' id='word_1_692' title='bbox 2072 3937 2153 3977; x_wconf 88' lang='lat' dir='ltr'><strong>re-</strong></span> <span class='ocrx_word' id='word_1_693' title='bbox 2252 3920 2309 3971; x_wconf 88' lang='lat' dir='ltr'><strong>id</strong></span> <span class='ocrx_word' id='word_1_694' title='bbox 2327 3921 2591 3985; x_wconf 89' lang='lat' dir='ltr'><strong>est,inter</strong></span> <span class='ocrx_word' id='word_1_695' title='bbox 2613 3920 2741 3971; x_wconf 91' lang='lat' dir='ltr'><strong>illos</strong></span> <span class='ocrx_word' id='word_1_696' title='bbox 2758 3926 3006 3983; x_wconf 89' lang='lat' dir='ltr'><strong>montes,</strong></span> <span class='ocrx_word' id='word_1_697' title='bbox 3025 3920 3123 3984; x_wconf 88' lang='lat' dir='ltr'><strong>qui</strong></span> <span class='ocrx_word' id='word_1_698' title='bbox 3150 3924 3288 3971; x_wconf 90' lang='lat' dir='ltr'><strong>sunt</strong></span> <span class='ocrx_word' id='word_1_699' title='bbox 3305 3919 3706 3987; x_wconf 88' lang='lat' dir='ltr'><strong>aliisaltiores,</strong></span> <span class='ocrx_word' id='word_1_700' title='bbox 3719 3937 3855 3975; x_wconf 86' lang='lat' dir='ltr'><strong>cum</strong></span> 
     </span>
    </p>
   </div>
   <div class='ocr_carea' id='block_1_88' title="bbox 552 3988 3856 4060">
    <p class='ocr_par' dir='ltr' id='par_1_88' title="bbox 552 3988 3856 4060">
     <span class='ocr_line' id='line_1_88' title="bbox 552 3988 3856 4060; baseline 0.003 -21"><span class='ocrx_word' id='word_1_701' title='bbox 552 3988 743 4053; x_wconf 85' lang='lat' dir='ltr'><strong>gibus,</strong></span> <span class='ocrx_word' id='word_1_702' title='bbox 776 3988 1008 4038; x_wconf 72' lang='lat' dir='ltr'><strong>servient</strong></span> <span class='ocrx_word' id='word_1_703' title='bbox 1029 3990 1095 4050; x_wconf 80' lang='lat' dir='ltr'><strong>ei,</strong></span> <span class='ocrx_word' id='word_1_704' title='bbox 1119 3994 1319 4042; x_wconf 90' lang='lat' dir='ltr'><strong>nostro</strong></span> <span class='ocrx_word' id='word_1_705' title='bbox 1344 3990 1607 4043; x_wconf 87' lang='lat' dir='ltr'><strong>videlicet</strong></span> <span class='ocrx_word' id='word_1_706' title='bbox 1646 3991 1868 4044; x_wconf 70' lang='lat' dir='ltr'><strong>ccelesti</strong></span> <span class='ocrx_word' id='word_1_707' title='bbox 1899 3995 2041 4059; x_wconf 85' lang='lat' dir='ltr'><strong>regi.</strong></span> <span class='ocrx_word' id='word_1_708' title='bbox 2083 3998 2154 4049; x_wconf 86' lang='lat' dir='ltr'><strong>Et</strong></span> <span class='ocrx_word' id='word_1_709' title='bbox 2253 3992 2514 4043; x_wconf 90' lang='lat' dir='ltr'><strong>Christus</strong></span> <span class='ocrx_word' id='word_1_710' title='bbox 2527 3993 2763 4050; x_wconf 88' lang='lat' dir='ltr'><strong>venerit,</strong></span> <span class='ocrx_word' id='word_1_711' title='bbox 2790 3992 2949 4043; x_wconf 91' lang='lat' dir='ltr'><strong>solus</strong></span> <span class='ocrx_word' id='word_1_712' title='bbox 2973 3993 3244 4043; x_wconf 88' lang='lat' dir='ltr'><strong>omnibus</strong></span> <span class='ocrx_word' id='word_1_713' title='bbox 3257 3992 3598 4043; x_wconf 89' lang='lat' dir='ltr'><strong>eminentior</strong></span> <span class='ocrx_word' id='word_1_714' title='bbox 3619 4006 3856 4060; x_wconf 76' lang='lat' dir='ltr'><strong>appare-</strong></span> 
     </span>
    </p>
   </div>
   <div class='ocr_carea' id='block_1_89' title="bbox 553 4062 3855 4127">
    <p class='ocr_par' dir='ltr' id='par_1_89' title="bbox 553 4062 3855 4127">
     <span class='ocr_line' id='line_1_89' title="bbox 553 4062 3855 4127; baseline 0.002 -15"><span class='ocrx_word' id='word_1_715' title='bbox 553 4062 779 4124; x_wconf 91' lang='lat' dir='ltr'><strong>merito,</strong></span> <span class='ocrx_word' id='word_1_716' title='bbox 2251 4065 2336 4116; x_wconf 91' lang='lat' dir='ltr'><strong>bit</strong></span> <span class='ocrx_word' id='word_1_717' title='bbox 2366 4064 2575 4127; x_wconf 87' lang='lat' dir='ltr'><strong>(Matth.</strong></span> <span class='ocrx_word' id='word_1_718' title='bbox 2601 4064 2728 4127; x_wconf 72' lang='lat'><strong>24.).</strong></span> <span class='ocrx_word' id='word_1_719' title='bbox 2762 4065 2911 4114; x_wconf 88' lang='lat' dir='ltr'><strong>Hinc</strong></span> <span class='ocrx_word' id='word_1_720' title='bbox 2944 4063 3094 4114; x_wconf 87' lang='lat' dir='ltr'><strong>alius</strong></span> <span class='ocrx_word' id='word_1_721' title='bbox 3117 4064 3396 4127; x_wconf 90' lang='lat' dir='ltr'><strong>Propheta</strong></span> <span class='ocrx_word' id='word_1_722' title='bbox 3420 4063 3557 4115; x_wconf 90' lang='lat' dir='ltr'><strong>dicit</strong></span> <span class='ocrx_word' id='word_1_723' title='bbox 3583 4080 3595 4113; x_wconf 91' lang='lat'><strong>:</strong></span> <span class='ocrx_word' id='word_1_724' title='bbox 3632 4067 3761 4119; x_wconf 87' lang='lat' dir='ltr'><strong>Erit</strong></span> <span class='ocrx_word' id='word_1_725' title='bbox 3799 4072 3855 4120; x_wconf 83' lang='lat' dir='ltr'><strong>in</strong></span> 
     </span>
    </p>
   </div>
   <div class='ocr_carea' id='block_1_90' title="bbox 616 4130 3853 4202">
    <p class='ocr_par' dir='ltr' id='par_1_90' title="bbox 616 4130 3853 4202">
     <span class='ocr_line' id='line_1_90' title="bbox 616 4130 3853 4202; baseline 0.002 -15"><span class='ocrx_word' id='word_1_726' title='bbox 616 4131 699 4187; x_wconf 85' lang='lat'><strong>12.</strong></span> <span class='ocrx_word' id='word_1_727' title='bbox 726 4132 867 4191; x_wconf 85' lang='lat' dir='ltr'><strong>Quia</strong></span> <span class='ocrx_word' id='word_1_728' title='bbox 892 4130 1135 4183; x_wconf 76' lang='lat' dir='ltr'><strong>liberabit</strong></span> <span class='ocrx_word' id='word_1_729' title='bbox 1151 4147 1450 4198; x_wconf 76' lang='lat' dir='ltr'><strong>pauperem</strong></span> <span class='ocrx_word' id='word_1_730' title='bbox 1481 4149 1519 4183; x_wconf 87' lang='lat' dir='ltr'><strong>a</strong></span> <span class='ocrx_word' id='word_1_731' title='bbox 1551 4138 1775 4199; x_wconf 76' lang='lat' dir='ltr'><strong>potente.</strong></span> <span class='ocrx_word' id='word_1_732' title='bbox 1803 4134 1905 4187; x_wconf 88' lang='lat' dir='ltr'><strong>Ille</strong></span> <span class='ocrx_word' id='word_1_733' title='bbox 1928 4137 2019 4189; x_wconf 91' lang='lat' dir='ltr'><strong>hic</strong></span> <span class='ocrx_word' id='word_1_734' title='bbox 2047 4139 2152 4202; x_wconf 76' lang='lat' dir='ltr'><strong>(Ea:</strong></span> <span class='ocrx_word' id='word_1_735' title='bbox 2251 4136 2582 4188; x_wconf 87' lang='lat' dir='ltr'><strong>novissimis</strong></span> <span class='ocrx_word' id='word_1_736' title='bbox 2598 4135 2802 4187; x_wconf 89' lang='lat' dir='ltr'><strong>diebus</strong></span> <span class='ocrx_word' id='word_1_737' title='bbox 2826 4140 3181 4199; x_wconf 68' lang='lat' dir='ltr'><strong>prteparatus</strong></span> <span class='ocrx_word' id='word_1_738' title='bbox 3210 4147 3376 4185; x_wconf 92' lang='lat' dir='ltr'><strong>mons</strong></span> <span class='ocrx_word' id='word_1_739' title='bbox 3390 4134 3596 4186; x_wconf 90' lang='lat' dir='ltr'><strong>domus</strong></span> <span class='ocrx_word' id='word_1_740' title='bbox 3611 4139 3853 4193; x_wconf 88' lang='lat' dir='ltr'><strong>Domini</strong></span> 
     </span>
    </p>
   </div>
   <div class='ocr_carea' id='block_1_91' title="bbox 551 4202 3852 4270">
    <p class='ocr_par' dir='ltr' id='par_1_91' title="bbox 551 4202 3852 4270">
     <span class='ocr_line' id='line_1_91' title="bbox 551 4202 3852 4270; baseline 0.003 -17"><span class='ocrx_word' id='word_1_741' title='bbox 551 4202 1371 4268; x_wconf 81' lang='lat' dir='ltr'><strong>August).diciturpotens,qui</strong></span> <span class='ocrx_word' id='word_1_742' title='bbox 1392 4205 1660 4269; x_wconf 89' lang='lat' dir='ltr'><strong>superius</strong></span> <span class='ocrx_word' id='word_1_743' title='bbox 1682 4206 2063 4261; x_wconf 89' lang='lat' dir='ltr'><strong>calumniator</strong></span> <span class='ocrx_word' id='word_1_744' title='bbox 2079 4217 2153 4260; x_wconf 88' lang='lat' dir='ltr'><strong>est</strong></span> <span class='ocrx_word' id='word_1_745' title='bbox 2249 4208 2311 4259; x_wconf 92' lang='lat' dir='ltr'><strong>in</strong></span> <span class='ocrx_word' id='word_1_746' title='bbox 2333 4211 2547 4261; x_wconf 90' lang='lat' dir='ltr'><strong>vertice</strong></span> <span class='ocrx_word' id='word_1_747' title='bbox 2578 4207 2865 4259; x_wconf 90' lang='lat' dir='ltr'><strong>montium</strong></span> <span class='ocrx_word' id='word_1_748' title='bbox 2900 4207 3048 4270; x_wconf 86' lang='lat' dir='ltr'><strong>(Isai.</strong></span> <span class='ocrx_word' id='word_1_749' title='bbox 3084 4205 3175 4269; x_wconf 71' lang='lat'><strong>2.).</strong></span> <span class='ocrx_word' id='word_1_750' title='bbox 3224 4208 3367 4257; x_wconf 90' lang='lat' dir='ltr'><strong>Nam</strong></span> <span class='ocrx_word' id='word_1_751' title='bbox 3400 4207 3449 4256; x_wconf 90' lang='lat' dir='ltr'><strong>si</strong></span> <span class='ocrx_word' id='word_1_752' title='bbox 3484 4207 3579 4258; x_wconf 86' lang='lat' dir='ltr'><strong>alii</strong></span> <span class='ocrx_word' id='word_1_753' title='bbox 3610 4219 3852 4264; x_wconf 84' lang='lat' dir='ltr'><strong>montes</strong></span> 
     </span>
    </p>
   </div>
   <div class='ocr_carea' id='block_1_92' title="bbox 551 4272 3855 4346">
    <p class='ocr_par' dir='ltr' id='par_1_92' title="bbox 551 4272 3855 4346">
     <span class='ocr_line' id='line_1_92' title="bbox 551 4272 3855 4346; baseline 0.004 -21"><span class='ocrx_word' id='word_1_754' title='bbox 551 4272 895 4346; x_wconf 80' lang='lat' dir='ltr'><strong>appellatus.</strong></span> <span class='ocrx_word' id='word_1_755' title='bbox 930 4277 1114 4337; x_wconf 88' lang='lat' dir='ltr'><strong>Quem</strong></span> <span class='ocrx_word' id='word_1_756' title='bbox 1135 4280 1427 4340; x_wconf 90' lang='lat' dir='ltr'><strong>potentem</strong></span> <span class='ocrx_word' id='word_1_757' title='bbox 1456 4276 1529 4327; x_wconf 90' lang='lat' dir='ltr'><strong>ad</strong></span> <span class='ocrx_word' id='word_1_758' title='bbox 1550 4276 1813 4329; x_wconf 90' lang='lat' dir='ltr'><strong>homines</strong></span> <span class='ocrx_word' id='word_1_759' title='bbox 1837 4279 1947 4331; x_wconf 89' lang='lat' dir='ltr'><strong>sibi</strong></span> <span class='ocrx_word' id='word_1_760' title='bbox 1972 4282 2151 4346; x_wconf 88' lang='lat' dir='ltr'><strong>subji—</strong></span> <span class='ocrx_word' id='word_1_761' title='bbox 2250 4279 2607 4331; x_wconf 89' lang='lat' dir='ltr'><strong>extolluntur</strong></span> <span class='ocrx_word' id='word_1_762' title='bbox 2620 4279 3229 4343; x_wconf 88' lang='lat' dir='ltr'><strong>sanctitate,Dominus</strong></span> <span class='ocrx_word' id='word_1_763' title='bbox 3242 4283 3439 4329; x_wconf 91' lang='lat' dir='ltr'><strong>noster</strong></span> <span class='ocrx_word' id='word_1_764' title='bbox 3449 4285 3855 4344; x_wconf 86' lang='lat' dir='ltr'><strong>superextoili-</strong></span> 
     </span>
    </p>
   </div>
   <div class='ocr_carea' id='block_1_93' title="bbox 549 4344 3856 4415">
    <p class='ocr_par' dir='ltr' id='par_1_93' title="bbox 549 4344 3856 4415">
     <span class='ocr_line' id='line_1_93' title="bbox 549 4344 3856 4415; baseline 0.004 -19"><span class='ocrx_word' id='word_1_765' title='bbox 549 4344 787 4396; x_wconf 91' lang='lat' dir='ltr'><strong>ciendos</strong></span> <span class='ocrx_word' id='word_1_766' title='bbox 820 4351 997 4410; x_wconf 89' lang='lat' dir='ltr'><strong>atque</strong></span> <span class='ocrx_word' id='word_1_767' title='bbox 1030 4350 1091 4398; x_wconf 91' lang='lat' dir='ltr'><strong>in</strong></span> <span class='ocrx_word' id='word_1_768' title='bbox 1128 4348 1401 4399; x_wconf 89' lang='lat' dir='ltr'><strong>servitute</strong></span> <span class='ocrx_word' id='word_1_769' title='bbox 1432 4348 1787 4415; x_wconf 90' lang='lat' dir='ltr'><strong>retinendos,</strong></span> <span class='ocrx_word' id='word_1_770' title='bbox 1820 4364 1939 4404; x_wconf 92' lang='lat' dir='ltr'><strong>non</strong></span> <span class='ocrx_word' id='word_1_771' title='bbox 1964 4344 2149 4406; x_wconf 84' lang='lat' dir='ltr'><strong>virtus</strong></span> <span class='ocrx_word' id='word_1_772' title='bbox 2251 4355 2346 4403; x_wconf 89' lang='lat' dir='ltr'><strong>tur</strong></span> <span class='ocrx_word' id='word_1_773' title='bbox 2373 4351 2690 4404; x_wconf 85' lang='lat' dir='ltr'><strong>divinitate.</strong></span> <span class='ocrx_word' id='word_1_774' title='bbox 2727 4353 2868 4401; x_wconf 86' lang='lat' dir='ltr'><strong>Ecce</strong></span> <span class='ocrx_word' id='word_1_775' title='bbox 2910 4350 3335 4401; x_wconf 88' lang='lat' dir='ltr'><strong>ﬁrmamentum</strong></span> <span class='ocrx_word' id='word_1_776' title='bbox 3369 4355 3475 4415; x_wconf 89' lang='lat' dir='ltr'><strong>est,</strong></span> <span class='ocrx_word' id='word_1_777' title='bbox 3513 4355 3570 4403; x_wconf 90' lang='lat' dir='ltr'><strong>et</strong></span> <span class='ocrx_word' id='word_1_778' title='bbox 3611 4354 3815 4408; x_wconf 88' lang='lat' dir='ltr'><strong>altum</strong></span> <span class='ocrx_word' id='word_1_779' title='bbox 3845 4372 3856 4407; x_wconf 90' lang='lat'>:</span> 
     </span>
    </p>
   </div>
   <div class='ocr_carea' id='block_1_94' title="bbox 544 4416 3855 4498">
    <p class='ocr_par' dir='ltr' id='par_1_94' title="bbox 544 4416 3855 4498">
     <span class='ocr_line' id='line_1_94' title="bbox 544 4416 3855 4498; baseline 0.001 -30"><span class='ocrx_word' id='word_1_780' title='bbox 544 4416 675 4498; x_wconf 82' lang='lat' dir='ltr'><strong>ejus</strong></span> <span class='ocrx_word' id='word_1_781' title='bbox 701 4417 854 4498; x_wconf 78' lang='lat' dir='ltr'><strong>fecit,</strong></span> <span class='ocrx_word' id='word_1_782' title='bbox 880 4418 1267 4498; x_wconf 79' lang='lat' dir='ltr'><strong>sed.humana</strong></span> <span class='ocrx_word' id='word_1_783' title='bbox 1281 4421 1662 4498; x_wconf 36' lang='lat' dir='ltr'><strong>peccataZSed</strong></span> <span class='ocrx_word' id='word_1_784' title='bbox 1686 4422 2150 4498; x_wconf 77' lang='lat' dir='ltr'><strong>qui_humiliavit</strong></span> <span class='ocrx_word' id='word_1_785' title='bbox 2248 4423 2533 4498; x_wconf 83' lang='lat' dir='ltr'><strong>numquid</strong></span> <span class='ocrx_word' id='word_1_786' title='bbox 2557 4422 2966 4498; x_wconf 47' lang='lat' dir='ltr'><strong>fructuosum?</strong></span> <span class='ocrx_word' id='word_1_787' title='bbox 2990 4422 3211 4498; x_wconf 82' lang='lat' dir='ltr'><strong>Etiam:</strong></span> <span class='ocrx_word' id='word_1_788' title='bbox 3237 4422 3410 4498; x_wconf 73' lang='lat' dir='ltr'><strong>Super</strong></span> <span class='ocrx_word' id='word_1_789' title='bbox 3424 4422 3703 4476; x_wconf 82' lang='lat' dir='ltr'><strong>Libanum</strong></span> <span class='ocrx_word' id='word_1_790' title='bbox 3728 4430 3855 4491; x_wconf 76' lang='lat' dir='ltr'><strong>fru.</strong></span> 
     </span>
    </p>
   </div>
   <div class='ocr_carea' id='block_1_95' title="bbox 550 4487 3856 4565">
    <p class='ocr_par' dir='ltr' id='par_1_95' title="bbox 550 4487 3856 4565">
     <span class='ocr_line' id='line_1_95' title="bbox 550 4487 3856 4565; baseline 0.005 -25"><span class='ocrx_word' id='word_1_791' title='bbox 550 4487 1046 4565; x_wconf 69' lang='lat' dir='ltr'><strong>calumniatorem,</strong></span> <span class='ocrx_word' id='word_1_792' title='bbox 1072 4493 1130 4541; x_wconf 90' lang='lat' dir='ltr'><strong>et</strong></span> <span class='ocrx_word' id='word_1_793' title='bbox 1151 4490 1390 4565; x_wconf 84' lang='lat' dir='ltr'><strong>intravit</strong></span> <span class='ocrx_word' id='word_1_794' title='bbox 1413 4491 1486 4565; x_wconf 2' lang='lat' dir='ltr'><strong>(in</strong></span> <span class='ocrx_word' id='word_1_795' title='bbox 1516 4492 1754 4565; x_wconf 89' lang='lat' dir='ltr'><strong>domum</strong></span> <span class='ocrx_word' id='word_1_796' title='bbox 1788 4494 1965 4559; x_wconf 81' lang='lat' dir='ltr'><strong>fortis,</strong></span> <span class='ocrx_word' id='word_1_797' title='bbox 1990 4501 2057 4547; x_wconf 90' lang='lat' dir='ltr'><strong>ut</strong></span> <span class='ocrx_word' id='word_1_798' title='bbox 2079 4509 2147 4549; x_wconf 91' lang='lat' dir='ltr'><strong>eo</strong></span> <span class='ocrx_word' id='word_1_799' title='bbox 2247 4500 2359 4545; x_wconf 82' lang='lat' dir='ltr'><strong>ctus</strong></span> <span class='ocrx_word' id='word_1_800' title='bbox 2391 4494 2523 4558; x_wconf 84' lang='lat' dir='ltr'><strong>ejus.</strong></span> <span class='ocrx_word' id='word_1_801' title='bbox 2559 4495 2843 4565; x_wconf 72' lang='lat' dir='ltr'><strong>Libanum</strong></span> <span class='ocrx_word' id='word_1_802' title='bbox 2878 4494 2985 4559; x_wconf 78' lang='lat' dir='ltr'><strong>(Ea:</strong></span> <span class='ocrx_word' id='word_1_803' title='bbox 3018 4495 3266 4556; x_wconf 77' lang='lat' dir='ltr'><strong>August.)</strong></span> <span class='ocrx_word' id='word_1_804' title='bbox 3296 4494 3548 4546; x_wconf 90' lang='lat' dir='ltr'><strong>solemus</strong></span> <span class='ocrx_word' id='word_1_805' title='bbox 3586 4487 3856 4565; x_wconf 83' lang='lat' dir='ltr'><strong>accipere</strong></span> 
     </span>
    </p>
   </div>
   <div class='ocr_carea' id='block_1_96' title="bbox 551 4557 3856 4630">
    <p class='ocr_par' dir='ltr' id='par_1_96' title="bbox 551 4557 3856 4630">
     <span class='ocr_line' id='line_1_96' title="bbox 551 4557 3856 4630; baseline 0.005 -20"><span class='ocrx_word' id='word_1_806' title='bbox 551 4557 801 4622; x_wconf 81' lang='lat' dir='ltr'><strong>alligato,</strong></span> <span class='ocrx_word' id='word_1_807' title='bbox 827 4572 966 4612; x_wconf 86' lang='lat' dir='ltr'><strong>vasa</strong></span> <span class='ocrx_word' id='word_1_808' title='bbox 988 4562 1114 4624; x_wconf 91' lang='lat' dir='ltr'><strong>ejus</strong></span> <span class='ocrx_word' id='word_1_809' title='bbox 1138 4562 1380 4626; x_wconf 91' lang='lat' dir='ltr'><strong>eriperet</strong></span> <span class='ocrx_word' id='word_1_810' title='bbox 1403 4563 1549 4626; x_wconf 87' lang='lat' dir='ltr'><strong>(Luc.</strong></span> <span class='ocrx_word' id='word_1_811' title='bbox 1577 4564 1702 4629; x_wconf 88' lang='lat'><strong>11.),</strong></span> <span class='ocrx_word' id='word_1_812' title='bbox 1736 4566 1860 4629; x_wconf 90' lang='lat' dir='ltr'><strong>ipse</strong></span> <span class='ocrx_word' id='word_1_813' title='bbox 1884 4557 2148 4621; x_wconf 89' lang='lat' dir='ltr'><strong>liberavit</strong></span> <span class='ocrx_word' id='word_1_814' title='bbox 2247 4557 2427 4620; x_wconf 86' lang='lat' dir='ltr'><strong>veluti</strong></span> <span class='ocrx_word' id='word_1_815' title='bbox 2442 4557 2618 4630; x_wconf 64' lang='lat' dir='ltr'><strong>hujus</strong></span> <span class='ocrx_word' id='word_1_816' title='bbox 2644 4567 2842 4619; x_wconf 68' lang='lat' dir='ltr'><strong>smculi</strong></span> <span class='ocrx_word' id='word_1_817' title='bbox 2865 4557 3233 4630; x_wconf 84' lang='lat' dir='ltr'><strong>dignitatem:</strong></span> <span class='ocrx_word' id='word_1_818' title='bbox 3262 4568 3530 4629; x_wconf 90' lang='lat' dir='ltr'><strong>quoniam</strong></span> <span class='ocrx_word' id='word_1_819' title='bbox 3556 4557 3741 4624; x_wconf 74' lang='lat' dir='ltr'><strong>mons</strong></span> <span class='ocrx_word' id='word_1_820' title='bbox 3770 4583 3856 4628; x_wconf 82' lang='lat' dir='ltr'><strong>est</strong></span> 
     </span>
    </p>
   </div>
   <div class='ocr_carea' id='block_1_97' title="bbox 550 4635 3856 4708">
    <p class='ocr_par' dir='ltr' id='par_1_97' title="bbox 550 4635 3856 4708">
     <span class='ocr_line' id='line_1_97' title="bbox 550 4635 3856 4708; baseline 0.005 -27"><span class='ocrx_word' id='word_1_821' title='bbox 550 4640 863 4695; x_wconf 91' lang='lat' dir='ltr'><strong>pauperem</strong></span> <span class='ocrx_word' id='word_1_822' title='bbox 878 4644 911 4683; x_wconf 89' lang='lat' dir='ltr'><strong>a</strong></span> <span class='ocrx_word' id='word_1_823' title='bbox 926 4637 1176 4708; x_wconf 87' lang='lat' dir='ltr'><strong>potente,</strong></span> <span class='ocrx_word' id='word_1_824' title='bbox 1207 4640 1252 4683; x_wconf 81' lang='lat' dir='ltr'><strong>et</strong></span> <span class='ocrx_word' id='word_1_825' title='bbox 1283 4639 1399 4708; x_wconf 88' lang='lat' dir='ltr'><strong>tam</strong></span> <span class='ocrx_word' id='word_1_826' title='bbox 1433 4635 1754 4689; x_wconf 90' lang='lat' dir='ltr'><strong>desolatum</strong></span> <span class='ocrx_word' id='word_1_827' title='bbox 1779 4642 1837 4690; x_wconf 92' lang='lat' dir='ltr'><strong>et</strong></span> <span class='ocrx_word' id='word_1_828' title='bbox 1868 4639 2148 4693; x_wconf 90' lang='lat' dir='ltr'><strong>miserum</strong></span> <span class='ocrx_word' id='word_1_829' title='bbox 2247 4640 2499 4690; x_wconf 87' lang='lat' dir='ltr'><strong>Libanus</strong></span> <span class='ocrx_word' id='word_1_830' title='bbox 2520 4639 2779 4690; x_wconf 85' lang='lat' dir='ltr'><strong>excelsas</strong></span> <span class='ocrx_word' id='word_1_831' title='bbox 2803 4640 3039 4690; x_wconf 91' lang='lat' dir='ltr'><strong>arbores</strong></span> <span class='ocrx_word' id='word_1_832' title='bbox 3061 4638 3303 4697; x_wconf 87' lang='lat' dir='ltr'><strong>habens,</strong></span> <span class='ocrx_word' id='word_1_833' title='bbox 3325 4642 3381 4689; x_wconf 91' lang='lat' dir='ltr'><strong>et</strong></span> <span class='ocrx_word' id='word_1_834' title='bbox 3401 4651 3613 4692; x_wconf 90' lang='lat' dir='ltr'><strong>nomen</strong></span> <span class='ocrx_word' id='word_1_835' title='bbox 3650 4644 3856 4708; x_wconf 87' lang='lat' dir='ltr'><strong>ipsum</strong></span> 
     </span>
    </p>
   </div>
   <div class='ocr_carea' id='block_1_98' title="bbox 549 4705 3856 4809">
    <p class='ocr_par' dir='ltr' id='par_1_98' title="bbox 549 4705 3856 4809">
     <span class='ocr_line' id='line_1_98' title="bbox 549 4705 3856 4809; baseline 0.007 -61"><span class='ocrx_word' id='word_1_836' title='bbox 549 4716 871 4809; x_wconf 28' lang='lat'><strong>13:13:22,.</strong></span> <span class='ocrx_word' id='word_1_837' title='bbox 885 4705 1258 4809; x_wconf 48' lang='lat' dir='ltr'><strong>sufferat</strong></span> <span class='ocrx_word' id='word_1_838' title='bbox 1283 4706 1520 4809; x_wconf 38' lang='lat' dir='ltr'><strong>aic‘ijutor.</strong></span> <span class='ocrx_word' id='word_1_839' title='bbox 1549 4710 1674 4809; x_wconf 61' lang='lat' dir='ltr'><strong>me</strong></span> <span class='ocrx_word' id='word_1_840' title='bbox 1705 4709 1993 4809; x_wconf 54' lang='lat' dir='ltr'><strong>enilm‘hoc</strong></span> <span class='ocrx_word' id='word_1_841' title='bbox 2023 4714 2146 4765; x_wconf 82' lang='lat' dir='ltr'><strong>efﬁ-</strong></span> <span class='ocrx_word' id='word_1_842' title='bbox 2164 4735 2222 4809; x_wconf 86' lang='lat' dir='ltr'><strong>D</strong></span> <span class='ocrx_word' id='word_1_843' title='bbox 2244 4714 2653 4809; x_wconf 52' lang='lat' dir='ltr'><strong>interpretatur</strong></span> <span class='ocrx_word' id='word_1_844' title='bbox 2688 4711 3036 4809; x_wconf 47' lang='lat' dir='ltr'><strong>Canididalio&#39;.</strong></span> <span class='ocrx_word' id='word_1_845' title='bbox 3057 4712 3127 4761; x_wconf 90' lang='lat' dir='ltr'><strong>Et</strong></span> <span class='ocrx_word' id='word_1_846' title='bbox 3162 4711 3299 4773; x_wconf 88' lang='lat' dir='ltr'><strong>quid</strong></span> <span class='ocrx_word' id='word_1_847' title='bbox 3333 4711 3543 4809; x_wconf 62' lang='lat' dir='ltr'><strong>mirum</strong></span> <span class='ocrx_word' id='word_1_848' title='bbox 3588 4705 3781 4784; x_wconf 72' lang='lat'><strong>365</strong></span> <span class='ocrx_word' id='word_1_849' title='bbox 3815 4723 3856 4772; x_wconf 83' lang='lat' dir='ltr'><strong>si</strong></span> 
     </span>
     <span class='ocr_line' id='line_1_99' title="bbox 612 4782 3835 4809; baseline 0 0"><span class='ocrx_word' id='word_1_850' title='bbox 612 4806 617 4809; x_wconf 41' lang='grc' dir='ltr'>λ</span> <span class='ocrx_word' id='word_1_851' title='bbox 785 4807 789 4809; x_wconf 70' lang='grc'>.</span> <span class='ocrx_word' id='word_1_852' title='bbox 872 4807 877 4809; x_wconf 86' lang='grc'>.</span> <span class='ocrx_word' id='word_1_853' title='bbox 1035 4790 1064 4809; x_wconf 85' lang='lat' dir='ltr'><strong>n</strong></span> <span class='ocrx_word' id='word_1_854' title='bbox 1168 4791 1297 4809; x_wconf 69' lang='lat' dir='ltr'><strong>nam</strong></span> <span class='ocrx_word' id='word_1_855' title='bbox 1357 4792 1589 4809; x_wconf 66' lang='lat' dir='ltr'><strong>nmnano</strong></span> <span class='ocrx_word' id='word_1_856' title='bbox 1624 4793 1691 4809; x_wconf 66' lang='lat' dir='ltr'><strong>ne</strong></span> <span class='ocrx_word' id='word_1_857' title='bbox 1727 4792 1795 4809; x_wconf 71' lang='lat' dir='ltr'><strong>uo</strong></span> <span class='ocrx_word' id='word_1_858' title='bbox 1834 4794 1859 4809; x_wconf 70' lang='grc' dir='ltr'>α</span> <span class='ocrx_word' id='word_1_859' title='bbox 1891 4783 2119 4809; x_wconf 63' lang='grc' dir='ltr'><strong>,ης-ἔθην.</strong></span> <span class='ocrx_word' id='word_1_860' title='bbox 2245 4798 2418 4809; x_wconf 51' lang='lat' dir='ltr'><strong>nun“...</strong></span> <span class='ocrx_word' id='word_1_861' title='bbox 2484 4785 2613 4809; x_wconf 68' lang='grc' dir='ltr'><strong>ηἰηιι</strong></span> <span class='ocrx_word' id='word_1_862' title='bbox 2641 4795 2798 4809; x_wconf 70' lang='lat' dir='ltr'><strong>nmnu</strong></span> <span class='ocrx_word' id='word_1_863' title='bbox 2829 4782 3011 4809; x_wconf 64' lang='lat' dir='ltr'><strong>iuni-nn</strong></span> <span class='ocrx_word' id='word_1_864' title='bbox 3039 4793 3200 4809; x_wconf 66' lang='lat' dir='ltr'><strong>onum</strong></span> <span class='ocrx_word' id='word_1_865' title='bbox 3224 4794 3392 4809; x_wconf 74' lang='lat' dir='ltr'><strong>nmnn</strong></span> <span class='ocrx_word' id='word_1_866' title='bbox 3432 4785 3707 4809; x_wconf 60' lang='grc' dir='ltr'><strong>ηηοςηξ........</strong></span> <span class='ocrx_word' id='word_1_867' title='bbox 3744 4792 3835 4809; x_wconf 29' lang='grc' dir='ltr'><strong>,ρ-γκ</strong></span> 
     </span>
    </p>
   </div>
   <div class='ocr_carea' id='block_1_99' title="bbox 551 4776 3856 4850">
    <p class='ocr_par' dir='ltr' id='par_1_99' title="bbox 551 4776 3856 4850">
     <span class='ocr_line' id='line_1_100' title="bbox 551 4776 3856 4850; baseline 0.006 -27"><span class='ocrx_word' id='word_1_868' title='bbox 551 4783 678 4850; x_wconf 78' lang='lat' dir='ltr'><strong>cere</strong></span> <span class='ocrx_word' id='word_1_869' title='bbox 692 4776 973 4850; x_wconf 73' lang='lat' dir='ltr'><strong>potuitve!</strong></span> <span class='ocrx_word' id='word_1_870' title='bbox 990 4776 1302 4841; x_wconf 90' lang='lat' dir='ltr'><strong>quisquam</strong></span> <span class='ocrx_word' id='word_1_871' title='bbox 1314 4780 1487 4831; x_wconf 91' lang='lat' dir='ltr'><strong>homo</strong></span> <span class='ocrx_word' id='word_1_872' title='bbox 1491 4782 1713 4844; x_wconf 89' lang='lat' dir='ltr'><strong>justus,</strong></span> <span class='ocrx_word' id='word_1_873' title='bbox 1727 4782 1818 4831; x_wconf 89' lang='lat' dir='ltr'><strong>vel</strong></span> <span class='ocrx_word' id='word_1_874' title='bbox 1832 4780 2038 4846; x_wconf 91' lang='lat' dir='ltr'><strong>aliquis</strong></span> <span class='ocrx_word' id='word_1_875' title='bbox 2049 4796 2146 4837; x_wconf 87' lang='lat' dir='ltr'><strong>an-</strong></span> <span class='ocrx_word' id='word_1_876' title='bbox 2164 4776 2222 4809; x_wconf 81' lang='grc' dir='ltr'><em>υ</em></span> <span class='ocrx_word' id='word_1_877' title='bbox 2244 4798 2418 4850; x_wconf 90' lang='lat' dir='ltr'><strong>super</strong></span> <span class='ocrx_word' id='word_1_878' title='bbox 2440 4784 2616 4847; x_wconf 90' lang='lat' dir='ltr'><strong>hujus</strong></span> <span class='ocrx_word' id='word_1_879' title='bbox 2641 4781 2844 4835; x_wconf 79' lang='lat' dir='ltr'><strong>saeculi</strong></span> <span class='ocrx_word' id='word_1_880' title='bbox 2859 4783 3205 4846; x_wconf 71' lang='lat' dir='ltr'><strong>praeclarum</strong></span> <span class='ocrx_word' id='word_1_881' title='bbox 3223 4794 3393 4833; x_wconf 91' lang='lat' dir='ltr'><strong>omne</strong></span> <span class='ocrx_word' id='word_1_882' title='bbox 3410 4776 3715 4850; x_wconf 66' lang='lat' dir='ltr'><strong>fastigium</strong></span> <span class='ocrx_word' id='word_1_883' title='bbox 3727 4776 3856 4843; x_wconf 60' lang='lat' dir='ltr'><strong>Tru-</strong></span> 
     </span>
    </p>
   </div>
   <div class='ocr_carea' id='block_1_100' title="bbox 550 4841 3856 4927">
    <p class='ocr_par' dir='ltr' id='par_1_100' title="bbox 550 4841 3856 4927">
     <span class='ocr_line' id='line_1_101' title="bbox 550 4841 3856 4927; baseline 0.005 -28"><span class='ocrx_word' id='word_1_884' title='bbox 550 4841 732 4927; x_wconf 44' lang='lat' dir='ltr'><strong>geltlsr</strong></span> <span class='ocrx_word' id='word_1_885' title='bbox 760 4845 885 4927; x_wconf 76' lang='lat' dir='ltr'><strong>Non</strong></span> <span class='ocrx_word' id='word_1_886' title='bbox 897 4852 1162 4927; x_wconf 84' lang='lat' dir='ltr'><strong>poterant</strong></span> <span class='ocrx_word' id='word_1_887' title='bbox 1180 4851 1356 4927; x_wconf 80' lang='lat' dir='ltr'><strong>etiam</strong></span> <span class='ocrx_word' id='word_1_888' title='bbox 1380 4841 1744 4927; x_wconf 70' lang='lat' dir='ltr'><strong>perliberum</strong></span> <span class='ocrx_word' id='word_1_889' title='bbox 1765 4841 2066 4927; x_wconf 67' lang='lat' dir='ltr'><strong>arbitrium</strong></span> <span class='ocrx_word' id='word_1_890' title='bbox 2079 4856 2144 4907; x_wconf 93' lang='lat' dir='ltr'><strong>li-</strong></span> <span class='ocrx_word' id='word_1_891' title='bbox 2246 4841 2373 4916; x_wconf 77' lang='lat' dir='ltr'><strong>ctus</strong></span> <span class='ocrx_word' id='word_1_892' title='bbox 2388 4841 2880 4921; x_wconf 67' lang='lat' dir='ltr'><strong>superextolletur</strong></span> <span class='ocrx_word' id='word_1_893' title='bbox 2883 4854 3108 4917; x_wconf 88' lang='lat' dir='ltr'><strong>Christi,</strong></span> <span class='ocrx_word' id='word_1_894' title='bbox 3121 4855 3291 4917; x_wconf 84' lang='lat' dir='ltr'><strong>cujus</strong></span> <span class='ocrx_word' id='word_1_895' title='bbox 3304 4855 3525 4908; x_wconf 85' lang='lat' dir='ltr'><strong>fructus</strong></span> <span class='ocrx_word' id='word_1_896' title='bbox 3537 4841 3856 4916; x_wconf 76' lang='lat' dir='ltr'><strong>dilectores</strong></span> 
     </span>
    </p>
   </div>
   <div class='ocr_carea' id='block_1_101' title="bbox 547 4915 3856 4999">
    <p class='ocr_par' dir='ltr' id='par_1_101' title="bbox 547 4915 3856 4999">
     <span class='ocr_line' id='line_1_102' title="bbox 547 4915 3856 4999; baseline 0.007 -33"><span class='ocrx_word' id='word_1_897' title='bbox 547 4915 753 4999; x_wconf 41' lang='lat' dir='ltr'><strong>berari‘,</strong></span> <span class='ocrx_word' id='word_1_898' title='bbox 768 4916 883 4999; x_wconf 74' lang='lat' dir='ltr'><strong>nisi</strong></span> <span class='ocrx_word' id='word_1_899' title='bbox 907 4922 1308 4976; x_wconf 83' lang='lat' dir='ltr'><strong>tantummodo</strong></span> <span class='ocrx_word' id='word_1_900' title='bbox 1322 4935 1425 4988; x_wconf 89' lang='lat' dir='ltr'><strong>per</strong></span> <span class='ocrx_word' id='word_1_901' title='bbox 1443 4922 1753 4975; x_wconf 88' lang='lat' dir='ltr'><strong>Christum.</strong></span> <span class='ocrx_word' id='word_1_902' title='bbox 1769 4925 1839 4977; x_wconf 87' lang='lat' dir='ltr'><strong>Et</strong></span> <span class='ocrx_word' id='word_1_903' title='bbox 1856 4928 2145 4989; x_wconf 89' lang='lat' dir='ltr'><strong>quomodo</strong></span> <span class='ocrx_word' id='word_1_904' title='bbox 2243 4915 2438 4987; x_wconf 81' lang='lat' dir='ltr'><strong>omnia</strong></span> <span class='ocrx_word' id='word_1_905' title='bbox 2449 4915 2745 4981; x_wconf 69' lang='lat' dir='ltr'><strong>saecularia</strong></span> <span class='ocrx_word' id='word_1_906' title='bbox 2756 4927 3059 4979; x_wconf 88' lang='lat' dir='ltr'><strong>cacumina</strong></span> <span class='ocrx_word' id='word_1_907' title='bbox 3081 4915 3512 4980; x_wconf 81' lang='lat' dir='ltr'><strong>contemserunt</strong></span> <span class='ocrx_word' id='word_1_908' title='bbox 3527 4932 3553 4980; x_wconf 84' lang='lat'><strong>?</strong></span> <span class='ocrx_word' id='word_1_909' title='bbox 3578 4931 3627 4981; x_wconf 90' lang='lat' dir='ltr'><strong>si</strong></span> <span class='ocrx_word' id='word_1_910' title='bbox 3644 4915 3856 4988; x_wconf 82' lang='lat' dir='ltr'><strong>autem</strong></span> 
     </span>
    </p>
   </div>
   <div class='ocr_carea' id='block_1_102' title="bbox 546 4986 3856 5064">
    <p class='ocr_par' dir='ltr' id='par_1_102' title="bbox 546 4986 3856 5064">
     <span class='ocr_line' id='line_1_103' title="bbox 546 4986 3856 5064; baseline 0.004 -16"><span class='ocrx_word' id='word_1_911' title='bbox 546 4986 813 5064; x_wconf 50' lang='lat'><strong>“1263313”</strong></span> <span class='ocrx_word' id='word_1_912' title='bbox 837 4991 863 5039; x_wconf 67' lang='grc'>9</span> <span class='ocrx_word' id='word_1_913' title='bbox 1326 4986 1344 4988; x_wconf 19' lang='grc' dir='ltr'>ἡ</span> <span class='ocrx_word' id='word_1_914' title='bbox 1872 4986 1892 4989; x_wconf 54' lang='lat'>_</span> <span class='ocrx_word' id='word_1_915' title='bbox 2242 4986 2303 5059; x_wconf 87' lang='lat' dir='ltr'><strong>in</strong></span> <span class='ocrx_word' id='word_1_916' title='bbox 2320 5008 2470 5057; x_wconf 93' lang='lat' dir='ltr'><strong>bono</strong></span> <span class='ocrx_word' id='word_1_917' title='bbox 2492 5000 2842 5064; x_wconf 85' lang='lat' dir='ltr'><strong>accipiamus</strong></span> <span class='ocrx_word' id='word_1_918' title='bbox 2867 5000 3170 5062; x_wconf 83' lang='lat' dir='ltr'><strong>Libanum,</strong></span> <span class='ocrx_word' id='word_1_919' title='bbox 3183 5005 3413 5064; x_wconf 87' lang='lat' dir='ltr'><strong>propter</strong></span> <span class='ocrx_word' id='word_1_920' title='bbox 3425 5001 3629 5054; x_wconf 90' lang='lat' dir='ltr'><strong>cedros</strong></span> <span class='ocrx_word' id='word_1_921' title='bbox 3642 4986 3856 5060; x_wconf 76' lang='lat' dir='ltr'><strong>Libani</strong></span> 
     </span>
    </p>
   </div>
   <div class='ocr_carea' id='block_1_103' title="bbox 609 5057 3856 5143">
    <p class='ocr_par' dir='ltr' id='par_1_103' title="bbox 609 5057 3856 5143">
     <span class='ocr_line' id='line_1_104' title="bbox 609 5057 3856 5143; baseline 0.006 -30"><span class='ocrx_word' id='word_1_922' title='bbox 609 5057 910 5143; x_wconf 67' lang='lat' dir='ltr'><strong>13._Parcet</strong></span> <span class='ocrx_word' id='word_1_923' title='bbox 925 5066 1161 5143; x_wconf 64' lang='lat' dir='ltr'><strong>pauperi</strong></span> <span class='ocrx_word' id='word_1_924' title='bbox 1183 5066 1446 5143; x_wconf 78' lang='lat' dir='ltr'><strong>et_inopi.</strong></span> <span class='ocrx_word' id='word_1_925' title='bbox 1475 5067 1697 5143; x_wconf 63' lang='lat' dir='ltr'><strong>Pauper</strong></span> <span class='ocrx_word' id='word_1_926' title='bbox 1728 5074 1837 5130; x_wconf 91' lang='lat' dir='ltr'><strong>est,</strong></span> <span class='ocrx_word' id='word_1_927' title='bbox 1872 5072 1972 5135; x_wconf 91' lang='lat' dir='ltr'><strong>qui</strong></span> <span class='ocrx_word' id='word_1_928' title='bbox 2004 5072 2148 5126; x_wconf 84' lang='lat' dir='ltr'><strong>nihil</strong></span> <span class='ocrx_word' id='word_1_929' title='bbox 2242 5057 2392 5143; x_wconf 72' lang='lat' dir='ltr'><strong>quas</strong></span> <span class='ocrx_word' id='word_1_930' title='bbox 2414 5057 2869 5140; x_wconf 62' lang='lat' dir='ltr'><strong>plantavimquis</strong></span> <span class='ocrx_word' id='word_1_931' title='bbox 2892 5071 3039 5143; x_wconf 87' lang='lat' dir='ltr'><strong>alius</strong></span> <span class='ocrx_word' id='word_1_932' title='bbox 3064 5057 3721 5143; x_wconf 41' lang='lat' dir='ltr'><strong>truc-tus‘intelligendus</strong></span> <span class='ocrx_word' id='word_1_933' title='bbox 3741 5057 3856 5143; x_wconf 64' lang='lat' dir='ltr'><strong>est,</strong></span> 
     </span>
    </p>
   </div>
   <div class='ocr_carea' id='block_1_104' title="bbox 544 5129 3856 5218">
    <p class='ocr_par' dir='ltr' id='par_1_104' title="bbox 544 5129 3856 5218">
     <span class='ocr_line' id='line_1_105' title="bbox 544 5129 3856 5218; baseline 0.005 -29"><span class='ocrx_word' id='word_1_934' title='bbox 544 5129 956 5218; x_wconf 36' lang='lat'><strong>{1963393998,</strong></span> <span class='ocrx_word' id='word_1_935' title='bbox 983 5139 1083 5218; x_wconf 79' lang='lat' dir='ltr'><strong>qui</strong></span> <span class='ocrx_word' id='word_1_936' title='bbox 1096 5137 1336 5218; x_wconf 76' lang='lat' dir='ltr'><strong>alterius</strong></span> <span class='ocrx_word' id='word_1_937' title='bbox 1360 5129 1715 5218; x_wconf 37' lang='lat' dir='ltr'><strong>ope‘mdiget.</strong></span> <span class='ocrx_word' id='word_1_938' title='bbox 1743 5129 1911 5193; x_wconf 76' lang='lat' dir='ltr'><strong>Hunc</strong></span> <span class='ocrx_word' id='word_1_939' title='bbox 1928 5156 2147 5210; x_wconf 87' lang='lat' dir='ltr'><strong>paupe-</strong></span> <span class='ocrx_word' id='word_1_940' title='bbox 2244 5129 2342 5216; x_wconf 65' lang='lat' dir='ltr'><strong>qui</strong></span> <span class='ocrx_word' id='word_1_941' title='bbox 2368 5129 2539 5211; x_wconf 76' lang='lat' dir='ltr'><strong>super</strong></span> <span class='ocrx_word' id='word_1_942' title='bbox 2559 5129 2844 5218; x_wconf 81' lang='lat' dir='ltr'><strong>Libanum</strong></span> <span class='ocrx_word' id='word_1_943' title='bbox 2857 5142 3165 5218; x_wconf 80' lang='lat' dir='ltr'><strong>extollitur,</strong></span> <span class='ocrx_word' id='word_1_944' title='bbox 3178 5143 3290 5218; x_wconf 80' lang='lat' dir='ltr'><strong>nisi</strong></span> <span class='ocrx_word' id='word_1_945' title='bbox 3305 5142 3376 5195; x_wconf 90' lang='lat' dir='ltr'><strong>de</strong></span> <span class='ocrx_word' id='word_1_946' title='bbox 3393 5129 3856 5218; x_wconf 12' lang='lat' dir='ltr'><strong>quErApostolus’</strong></span> 
     </span>
    </p>
   </div>
   <div class='ocr_carea' id='block_1_105' title="bbox 545 5207 3855 5289">
    <p class='ocr_par' dir='ltr' id='par_1_105' title="bbox 545 5207 3855 5289">
     <span class='ocr_line' id='line_1_106' title="bbox 545 5207 3855 5289; baseline 0.006 -35"><span class='ocrx_word' id='word_1_947' title='bbox 545 5214 671 5289; x_wconf 71' lang='lat' dir='ltr'><strong>rem</strong></span> <span class='ocrx_word' id='word_1_948' title='bbox 689 5207 1001 5289; x_wconf 73' lang='lat' dir='ltr'><strong>virtutibus</strong></span> <span class='ocrx_word' id='word_1_949' title='bbox 1030 5210 1089 5289; x_wconf 78' lang='lat' dir='ltr'><strong>et</strong></span> <span class='ocrx_word' id='word_1_950' title='bbox 1108 5209 1281 5289; x_wconf 76' lang='lat' dir='ltr'><strong>bonis</strong></span> <span class='ocrx_word' id='word_1_951' title='bbox 1305 5210 1585 5289; x_wconf 78' lang='lat' dir='ltr'><strong>operibus</strong></span> <span class='ocrx_word' id='word_1_952' title='bbox 1605 5225 1852 5289; x_wconf 84' lang='lat' dir='ltr'><strong>vacuum</strong></span> <span class='ocrx_word' id='word_1_953' title='bbox 1868 5207 2146 5269; x_wconf 13' lang='lat' dir='ltr'><strong>etideser-</strong></span> <span class='ocrx_word' id='word_1_954' title='bbox 2242 5207 2314 5274; x_wconf 83' lang='lat' dir='ltr'><strong>de</strong></span> <span class='ocrx_word' id='word_1_955' title='bbox 2337 5207 2571 5272; x_wconf 74' lang='lat' dir='ltr'><strong>caritate</strong></span> <span class='ocrx_word' id='word_1_956' title='bbox 2594 5216 2895 5268; x_wconf 89' lang='lat' dir='ltr'><strong>locuturus</strong></span> <span class='ocrx_word' id='word_1_957' title='bbox 2920 5215 3059 5266; x_wconf 91' lang='lat' dir='ltr'><strong>dicit</strong></span> <span class='ocrx_word' id='word_1_958' title='bbox 3083 5228 3095 5264; x_wconf 92' lang='lat'>:</span> <span class='ocrx_word' id='word_1_959' title='bbox 3133 5215 3351 5289; x_wconf 3' lang='lat' dir='ltr'><strong>Adhuc,</strong></span> <span class='ocrx_word' id='word_1_960' title='bbox 3369 5207 3855 5275; x_wconf 46' lang='lat' dir='ltr'><strong>excelle—ntiorem</strong></span> 
     </span>
    </p>
   </div>
   <div class='ocr_carea' id='block_1_106' title="bbox 544 5274 3856 5356">
    <p class='ocr_par' dir='ltr' id='par_1_106' title="bbox 544 5274 3856 5356">
     <span class='ocr_line' id='line_1_107' title="bbox 544 5274 3856 5356; baseline 0.007 -31"><span class='ocrx_word' id='word_1_961' title='bbox 544 5278 692 5356; x_wconf 74' lang='lat' dir='ltr'><strong>tum,</strong></span> <span class='ocrx_word' id='word_1_962' title='bbox 716 5287 833 5356; x_wconf 72' lang='lat' dir='ltr'><strong>non</strong></span> <span class='ocrx_word' id='word_1_963' title='bbox 850 5274 1147 5356; x_wconf 80' lang='lat' dir='ltr'><strong>damnabit</strong></span> <span class='ocrx_word' id='word_1_964' title='bbox 1167 5291 1270 5330; x_wconf 93' lang='lat' dir='ltr'><strong>rex</strong></span> <span class='ocrx_word' id='word_1_965' title='bbox 1303 5282 1433 5356; x_wconf 86' lang='lat' dir='ltr'><strong>pius</strong></span> <span class='ocrx_word' id='word_1_966' title='bbox 1462 5282 1635 5345; x_wconf 82' lang='lat' dir='ltr'><strong>juxta</strong></span> <span class='ocrx_word' id='word_1_967' title='bbox 1658 5286 1948 5350; x_wconf 84' lang='lat' dir='ltr'><strong>prOprium</strong></span> <span class='ocrx_word' id='word_1_968' title='bbox 1973 5291 2145 5341; x_wconf 86' lang='lat' dir='ltr'><strong>meri-</strong></span> <span class='ocrx_word' id='word_1_969' title='bbox 2242 5295 2401 5346; x_wconf 83' lang='lat' dir='ltr'><strong>viam</strong></span> <span class='ocrx_word' id='word_1_970' title='bbox 2414 5291 2583 5343; x_wconf 90' lang='lat' dir='ltr'><strong>vobis</strong></span> <span class='ocrx_word' id='word_1_971' title='bbox 2599 5289 2961 5339; x_wconf 81' lang='lat' dir='ltr'><strong>demonstro?</strong></span> <span class='ocrx_word' id='word_1_972' title='bbox 2971 5289 3090 5338; x_wconf 89' lang='lat' dir='ltr'><strong>Hoc</strong></span> <span class='ocrx_word' id='word_1_973' title='bbox 3103 5288 3257 5337; x_wconf 90' lang='lat' dir='ltr'><strong>enim</strong></span> <span class='ocrx_word' id='word_1_974' title='bbox 3275 5288 3398 5338; x_wconf 91' lang='lat' dir='ltr'><strong>etin</strong></span> <span class='ocrx_word' id='word_1_975' title='bbox 3409 5290 3594 5353; x_wconf 90' lang='lat' dir='ltr'><strong>primo</strong></span> <span class='ocrx_word' id='word_1_976' title='bbox 3605 5274 3856 5356; x_wconf 77' lang='lat' dir='ltr'><strong>ponitur</strong></span> 
     </span>
    </p>
   </div>
   <div class='ocr_carea' id='block_1_107' title="bbox 547 5344 3855 5432">
    <p class='ocr_par' dir='ltr' id='par_1_107' title="bbox 547 5344 3855 5432">
     <span class='ocr_line' id='line_1_108' title="bbox 547 5344 3855 5432; baseline 0.006 -34"><span class='ocrx_word' id='word_1_977' title='bbox 547 5348 690 5432; x_wconf 70' lang='lat' dir='ltr'><strong>tum,</strong></span> <span class='ocrx_word' id='word_1_978' title='bbox 704 5344 818 5432; x_wconf 14' lang='lat' dir='ltr'><strong>sed;</strong></span> <span class='ocrx_word' id='word_1_979' title='bbox 830 5352 1042 5432; x_wconf 70' lang='lat' dir='ltr'><strong>parcet,</strong></span> <span class='ocrx_word' id='word_1_980' title='bbox 1068 5348 1378 5402; x_wconf 87' lang='lat' dir='ltr'><strong>relaxando</strong></span> <span class='ocrx_word' id='word_1_981' title='bbox 1391 5344 1639 5432; x_wconf 70' lang='lat' dir='ltr'><strong>pmnam,</strong></span> <span class='ocrx_word' id='word_1_982' title='bbox 1659 5344 2008 5432; x_wconf 77' lang='lat' dir='ltr'><strong>dimittendo</strong></span> <span class='ocrx_word' id='word_1_983' title='bbox 2022 5363 2146 5413; x_wconf 92' lang='lat' dir='ltr'><strong>cul—</strong></span> <span class='ocrx_word' id='word_1_984' title='bbox 2243 5344 2549 5417; x_wconf 87' lang='lat' dir='ltr'><strong>munerum</strong></span> <span class='ocrx_word' id='word_1_985' title='bbox 2563 5362 2907 5424; x_wconf 87' lang='lat' dir='ltr'><strong>divinorum,</strong></span> <span class='ocrx_word' id='word_1_986' title='bbox 2936 5362 3030 5411; x_wconf 90' lang='lat' dir='ltr'><strong>ubi</strong></span> <span class='ocrx_word' id='word_1_987' title='bbox 3053 5360 3160 5410; x_wconf 85' lang='lat' dir='ltr'><strong>ait:</strong></span> <span class='ocrx_word' id='word_1_988' title='bbox 3195 5344 3443 5413; x_wconf 72' lang='lat' dir='ltr'><strong>Fructus</strong></span> <span class='ocrx_word' id='word_1_989' title='bbox 3463 5344 3663 5416; x_wconf 71' lang='lat' dir='ltr'><strong>autem</strong></span> <span class='ocrx_word' id='word_1_990' title='bbox 3680 5344 3855 5432; x_wconf 53' lang='lat' dir='ltr'><strong>spiri;</strong></span> 
     </span>
    </p>
   </div>
   <div class='ocr_carea' id='block_1_108' title="bbox 544 5418 3851 5505">
    <p class='ocr_par' dir='ltr' id='par_1_108' title="bbox 544 5418 3851 5505">
     <span class='ocr_line' id='line_1_109' title="bbox 544 5418 3851 5505; baseline 0.005 -30"><span class='ocrx_word' id='word_1_991' title='bbox 544 5418 782 5505; x_wconf 50' lang='lat' dir='ltr'><strong>Pagn-</strong></span> <span class='ocrx_word' id='word_1_992' title='bbox 797 5421 912 5505; x_wconf 56' lang='lat' dir='ltr'><strong>Sic:</strong></span> <span class='ocrx_word' id='word_1_993' title='bbox 930 5418 1671 5505; x_wconf 49' lang='lat' dir='ltr'><strong>fuimqspaupcrumsatvas</strong></span> <span class='ocrx_word' id='word_1_994' title='bbox 1690 5428 2143 5505; x_wconf 72' lang='lat' dir='ltr'><strong>faciet,Divitum</strong></span> <span class='ocrx_word' id='word_1_995' title='bbox 2245 5441 2340 5488; x_wconf 89' lang='lat' dir='ltr'><strong>tus</strong></span> <span class='ocrx_word' id='word_1_996' title='bbox 2371 5440 2463 5487; x_wconf 90' lang='lat' dir='ltr'><strong>est</strong></span> <span class='ocrx_word' id='word_1_997' title='bbox 2495 5434 2720 5486; x_wconf 89' lang='lat' dir='ltr'><strong>caritas.</strong></span> <span class='ocrx_word' id='word_1_998' title='bbox 2761 5418 2951 5496; x_wconf 85' lang='lat' dir='ltr'><strong>Atque</strong></span> <span class='ocrx_word' id='word_1_999' title='bbox 2983 5432 3121 5505; x_wconf 87' lang='lat' dir='ltr'><strong>inde</strong></span> <span class='ocrx_word' id='word_1_1000' title='bbox 3153 5440 3363 5483; x_wconf 65' lang='lat' dir='ltr'><strong>caetera</strong></span> <span class='ocrx_word' id='word_1_1001' title='bbox 3411 5418 3851 5499; x_wconf 72' lang='lat' dir='ltr'><strong>consequenter</strong></span> 
     </span>
    </p>
   </div>
   <div class='ocr_carea' id='block_1_109' title="bbox 544 5490 3855 5572">
    <p class='ocr_par' dir='ltr' id='par_1_109' title="bbox 544 5490 3855 5572">
     <span class='ocr_line' id='line_1_110' title="bbox 544 5490 3855 5572; baseline 0.005 -29"><span class='ocrx_word' id='word_1_1002' title='bbox 544 5490 851 5572; x_wconf 78' lang='lat' dir='ltr'><strong>animabus</strong></span> <span class='ocrx_word' id='word_1_1003' title='bbox 881 5490 1182 5543; x_wconf 55' lang='lat' dir='ltr'><strong>daemoniis</strong></span> <span class='ocrx_word' id='word_1_1004' title='bbox 1206 5496 1447 5572; x_wconf 82' lang='lat' dir='ltr'><strong>traditis.</strong></span> <span class='ocrx_word' id='word_1_1005' title='bbox 1477 5500 1843 5564; x_wconf 81' lang='lat' dir='ltr'><strong>thuomodo</strong></span> <span class='ocrx_word' id='word_1_1006' title='bbox 1862 5505 2055 5558; x_wconf 90' lang='lat' dir='ltr'><strong>salvas</strong></span> <span class='ocrx_word' id='word_1_1007' title='bbox 2072 5505 2149 5557; x_wconf 87' lang='lat' dir='ltr'><strong>fa-</strong></span> <span class='ocrx_word' id='word_1_1008' title='bbox 2245 5511 2650 5561; x_wconf 79' lang='lat' dir='ltr'><strong>contexuntur.</strong></span> <span class='ocrx_word' id='word_1_1009' title='bbox 2677 5508 2824 5569; x_wconf 90' lang='lat' dir='ltr'><strong>Apte</strong></span> <span class='ocrx_word' id='word_1_1010' title='bbox 2839 5490 3033 5556; x_wconf 77' lang='lat' dir='ltr'><strong>autem</strong></span> <span class='ocrx_word' id='word_1_1011' title='bbox 3057 5503 3356 5568; x_wconf 89' lang='lat' dir='ltr'><strong>adjuctum</strong></span> <span class='ocrx_word' id='word_1_1012' title='bbox 3368 5511 3474 5569; x_wconf 90' lang='lat' dir='ltr'><strong>est,</strong></span> <span class='ocrx_word' id='word_1_1013' title='bbox 3489 5507 3553 5555; x_wconf 83' lang='lat' dir='ltr'><strong>Et</strong></span> <span class='ocrx_word' id='word_1_1014' title='bbox 3576 5490 3855 5571; x_wconf 61' lang='lat' dir='ltr'><strong>[im-obuia</strong></span> 
     </span>
    </p>
   </div>
   <div class='ocr_carea' id='block_1_110' title="bbox 544 5566 3856 5647">
    <p class='ocr_par' dir='ltr' id='par_1_110' title="bbox 544 5566 3856 5647">
     <span class='ocr_line' id='line_1_111' title="bbox 544 5566 3856 5647; baseline 0.005 -27"><span class='ocrx_word' id='word_1_1015' title='bbox 544 5566 898 5647; x_wconf 60' lang='lat' dir='ltr'><strong>cietagimas</strong></span> <span class='ocrx_word' id='word_1_1016' title='bbox 924 5570 1309 5647; x_wconf 47' lang='lat' dir='ltr'><strong>pauperum?</strong></span> <span class='ocrx_word' id='word_1_1017' title='bbox 1430 5641 1464 5647; x_wconf 92' lang='lat'>__</span> <span class='ocrx_word' id='word_1_1018' title='bbox 1670 5645 1679 5647; x_wconf 81' lang='lat'><strong><em>_</em></strong></span> <span class='ocrx_word' id='word_1_1019' title='bbox 2245 5581 2308 5631; x_wconf 87' lang='lat' dir='ltr'><strong>de</strong></span> <span class='ocrx_word' id='word_1_1020' title='bbox 2331 5580 2541 5628; x_wconf 77' lang='lat' dir='ltr'><strong>civitate</strong></span> <span class='ocrx_word' id='word_1_1021' title='bbox 2559 5581 2697 5628; x_wconf 77' lang='lat' dir='ltr'><strong>sicut</strong></span> <span class='ocrx_word' id='word_1_1022' title='bbox 2719 5566 2928 5641; x_wconf 70' lang='lat' dir='ltr'><strong>faenum</strong></span> <span class='ocrx_word' id='word_1_1023' title='bbox 2950 5582 3113 5626; x_wconf 58' lang='lat' dir='ltr'><strong>terra.</strong></span> <span class='ocrx_word' id='word_1_1024' title='bbox 3132 5566 3351 5627; x_wconf 76' lang='lat' dir='ltr'><strong>Civitas</strong></span> <span class='ocrx_word' id='word_1_1025' title='bbox 3378 5580 3437 5628; x_wconf 89' lang='lat' dir='ltr'><strong>in</strong></span> <span class='ocrx_word' id='word_1_1026' title='bbox 3460 5566 3729 5633; x_wconf 73' lang='lat' dir='ltr'><strong>hoc&#39;loco</strong></span> <span class='ocrx_word' id='word_1_1027' title='bbox 3758 5584 3856 5635; x_wconf 88' lang='lat' dir='ltr'><strong>de-</strong></span> 
     </span>
    </p>
   </div>
   <div class='ocr_carea' id='block_1_111' title="bbox 588 5633 3856 5723">
    <p class='ocr_par' dir='ltr' id='par_1_111' title="bbox 588 5633 3856 5723">
     <span class='ocr_line' id='line_1_112' title="bbox 588 5633 3856 5723; baseline 0.004 -30"><span class='ocrx_word' id='word_1_1028' title='bbox 796 5636 1336 5723; x_wconf 49' lang='grc' dir='ltr'><strong>ξξιξὴξξςξέίξιίίιαίιαισ</strong></span> <span class='ocrx_word' id='word_1_1029' title='bbox 1347 5641 1568 5723; x_wconf 57' lang='lat' dir='ltr'><strong>redimet</strong></span> <span class='ocrx_word' id='word_1_1030' title='bbox 1580 5645 2150 5723; x_wconf 55' lang='lat' dir='ltr'><strong>animaieorumpuo-</strong></span> <span class='ocrx_word' id='word_1_1031' title='bbox 2245 5653 2510 5716; x_wconf 89' lang='lat' dir='ltr'><strong>signatur</strong></span> <span class='ocrx_word' id='word_1_1032' title='bbox 2527 5633 2728 5702; x_wconf 71' lang='lat' dir='ltr'><strong>saeculi</strong></span> <span class='ocrx_word' id='word_1_1033' title='bbox 2744 5650 2922 5723; x_wconf 87' lang='lat' dir='ltr'><strong>hujus</strong></span> <span class='ocrx_word' id='word_1_1034' title='bbox 2936 5650 3197 5723; x_wconf 70' lang='lat' dir='ltr'><strong>societas.</strong></span> <span class='ocrx_word' id='word_1_1035' title='bbox 3216 5648 3736 5723; x_wconf 64' lang='lat' dir='ltr'><strong>Exaltaturitaque</strong></span> <span class='ocrx_word' id='word_1_1036' title='bbox 3749 5633 3856 5706; x_wconf 58' lang='lat' dir='ltr'><strong>ut.</strong></span> 
     </span>
    </p>
   </div>
   <div class='ocr_carea' id='block_1_112' title="bbox 543 5716 3855 5795">
    <p class='ocr_par' dir='ltr' id='par_1_112' title="bbox 543 5716 3855 5795">
     <span class='ocr_line' id='line_1_113' title="bbox 543 5716 3855 5795; baseline 0.001 -21"><span class='ocrx_word' id='word_1_1037' title='bbox 543 5717 901 5795; x_wconf 44' lang='lat' dir='ltr'><strong>ETEEQ‘}?</strong></span> <span class='ocrx_word' id='word_1_1038' title='bbox 918 5721 1130 5795; x_wconf 60' lang='grc' dir='ltr'><strong>υξμιδξιε</strong></span> <span class='ocrx_word' id='word_1_1039' title='bbox 1153 5716 2147 5795; x_wconf 60' lang='lat' dir='ltr'><strong>nequeiniquitates354ainplius</strong></span> <span class='ocrx_word' id='word_1_1040' title='bbox 2246 5730 2375 5775; x_wconf 89' lang='lat' dir='ltr'><strong>ctus</strong></span> <span class='ocrx_word' id='word_1_1041' title='bbox 2399 5725 2610 5775; x_wconf 89' lang='lat' dir='ltr'><strong>Christi</strong></span> <span class='ocrx_word' id='word_1_1042' title='bbox 2645 5735 2816 5787; x_wconf 90' lang='lat' dir='ltr'><strong>super</strong></span> <span class='ocrx_word' id='word_1_1043' title='bbox 2837 5722 3142 5785; x_wconf 90' lang='lat' dir='ltr'><strong>Libanum,</strong></span> <span class='ocrx_word' id='word_1_1044' title='bbox 3158 5793 3165 5795; x_wconf 73' lang='lat'><strong><em>_</em></strong></span> <span class='ocrx_word' id='word_1_1045' title='bbox 3180 5721 3243 5795; x_wconf 85' lang='lat' dir='ltr'><strong>id</strong></span> <span class='ocrx_word' id='word_1_1046' title='bbox 3267 5729 3376 5784; x_wconf 85' lang='lat' dir='ltr'><strong>est,</strong></span> <span class='ocrx_word' id='word_1_1047' title='bbox 3409 5736 3583 5789; x_wconf 90' lang='lat' dir='ltr'><strong>super</strong></span> <span class='ocrx_word' id='word_1_1048' title='bbox 3605 5728 3855 5778; x_wconf 78' lang='lat' dir='ltr'><strong>arbores</strong></span> 
     </span>
    </p>
   </div>
   <div class='ocr_carea' id='block_1_113' title="bbox 544 5780 3853 5863">
    <p class='ocr_par' dir='ltr' id='par_1_113' title="bbox 544 5780 3853 5863">
     <span class='ocr_line' id='line_1_114' title="bbox 544 5780 3853 5863; baseline 0.006 -34"><span class='ocrx_word' id='word_1_1049' title='bbox 544 5780 913 5863; x_wconf 58' lang='lat' dir='ltr'><strong>exercebunt.</strong></span> <span class='ocrx_word' id='word_1_1050' title='bbox 947 5781 1081 5863; x_wconf 70' lang='lat' dir='ltr'><strong>Sive</strong></span> <span class='ocrx_word' id='word_1_1051' title='bbox 1102 5797 1169 5831; x_wconf 71' lang='lat' dir='ltr'><strong>ea:</strong></span> <span class='ocrx_word' id='word_1_1052' title='bbox 1190 5780 2014 5863; x_wconf 10' lang='lat' dir='ltr'><strong>usuris‘ctiniquitatcidiaboli:</strong></span> <span class='ocrx_word' id='word_1_1053' title='bbox 2039 5794 2147 5844; x_wconf 86' lang='lat' dir='ltr'><strong>Hic</strong></span> <span class='ocrx_word' id='word_1_1054' title='bbox 2246 5795 2568 5860; x_wconf 90' lang='lat' dir='ltr'><strong>diuturnas,</strong></span> <span class='ocrx_word' id='word_1_1055' title='bbox 2595 5801 2652 5847; x_wconf 89' lang='lat' dir='ltr'><strong>et</strong></span> <span class='ocrx_word' id='word_1_1056' title='bbox 2684 5780 2839 5859; x_wconf 69' lang='lat' dir='ltr'><strong>ligna</strong></span> <span class='ocrx_word' id='word_1_1057' title='bbox 2875 5780 3247 5858; x_wconf 83' lang='lat' dir='ltr'><strong>imputribilia</strong></span> <span class='ocrx_word' id='word_1_1058' title='bbox 3284 5780 3434 5858; x_wconf 84' lang='lat' dir='ltr'><strong>(quia</strong></span> <span class='ocrx_word' id='word_1_1059' title='bbox 3475 5780 3567 5847; x_wconf 77' lang='lat' dir='ltr'><strong>ille</strong></span> <span class='ocrx_word' id='word_1_1060' title='bbox 3617 5797 3853 5851; x_wconf 79' lang='lat' dir='ltr'><strong>fructus</strong></span> 
     </span>
    </p>
   </div>
   <div class='ocr_carea' id='block_1_114' title="bbox 544 5855 3853 5931">
    <p class='ocr_par' dir='ltr' id='par_1_114' title="bbox 544 5855 3853 5931">
     <span class='ocr_line' id='line_1_115' title="bbox 544 5855 3853 5931; baseline 0.003 -20"><span class='ocrx_word' id='word_1_1061' title='bbox 544 5855 696 5931; x_wconf 39' lang='lat'><strong>[391.111</strong></span> <span class='ocrx_word' id='word_1_1062' title='bbox 706 5855 997 5913; x_wconf 69' lang='lat' dir='ltr'><strong>PGSSimuS</strong></span> <span class='ocrx_word' id='word_1_1063' title='bbox 1007 5855 1318 5931; x_wconf 56' lang='lat' dir='ltr'><strong>faenerator</strong></span> <span class='ocrx_word' id='word_1_1064' title='bbox 1329 5859 1852 5931; x_wconf 81' lang='lat' dir='ltr'><strong>aliisluxuriam,aliis</strong></span> <span class='ocrx_word' id='word_1_1065' title='bbox 1863 5866 2144 5927; x_wconf 83' lang='lat' dir='ltr'><strong>avaritiam,</strong></span> <span class='ocrx_word' id='word_1_1066' title='bbox 2244 5871 2497 5919; x_wconf 66' lang='lat' dir='ltr'><strong>aeternus</strong></span> <span class='ocrx_word' id='word_1_1067' title='bbox 2524 5855 2628 5931; x_wconf 85' lang='lat' dir='ltr'><strong>est)</strong></span> <span class='ocrx_word' id='word_1_1068' title='bbox 2644 5855 2832 5917; x_wconf 52' lang='lat' dir='ltr'><strong>om&#39;nis</strong></span> <span class='ocrx_word' id='word_1_1069' title='bbox 2857 5855 3083 5916; x_wconf 70' lang='lat' dir='ltr'><strong>claritas</strong></span> <span class='ocrx_word' id='word_1_1070' title='bbox 3095 5855 3342 5916; x_wconf 79' lang='lat' dir='ltr'><strong>hominis</strong></span> <span class='ocrx_word' id='word_1_1071' title='bbox 3355 5867 3686 5921; x_wconf 86' lang='lat' dir='ltr'><strong>secundum</strong></span> <span class='ocrx_word' id='word_1_1072' title='bbox 3702 5876 3853 5922; x_wconf 84' lang='lat' dir='ltr'><strong>tem-</strong></span> 
     </span>
    </p>
   </div>
   <div class='ocr_carea' id='block_1_115' title="bbox 543 5916 3855 6008">
    <p class='ocr_par' dir='ltr' id='par_1_115' title="bbox 543 5916 3855 6008">
     <span class='ocr_line' id='line_1_116' title="bbox 543 5916 3855 6008; baseline 0.007 -36"><span class='ocrx_word' id='word_1_1073' title='bbox 543 5916 1503 6008; x_wconf 34' lang='lat' dir='ltr'><strong>alhiis‘verosuperbiam_cpmmodat</strong></span> <span class='ocrx_word' id='word_1_1074' title='bbox 1513 5932 1599 6008; x_wconf 49' lang='lat' dir='ltr'><strong>{in</strong></span> <span class='ocrx_word' id='word_1_1075' title='bbox 1611 5916 1822 5996; x_wconf 85' lang='lat' dir='ltr'><strong>quibus</strong></span> <span class='ocrx_word' id='word_1_1076' title='bbox 1837 5916 2146 6008; x_wconf 80' lang='lat' dir='ltr'><strong>postquam</strong></span> <span class='ocrx_word' id='word_1_1077' title='bbox 2242 5916 2496 6003; x_wconf 27' lang='lat' dir='ltr'><strong>pioralein</strong></span> <span class='ocrx_word' id='word_1_1078' title='bbox 2509 5916 2709 5993; x_wconf 54' lang='lat' dir='ltr'><strong>saeculi</strong></span> <span class='ocrx_word' id='word_1_1079' title='bbox 2721 5937 3125 5990; x_wconf 89' lang='lat' dir='ltr'><strong>celsitudinem</strong></span> <span class='ocrx_word' id='word_1_1080' title='bbox 3138 5938 3291 5990; x_wconf 83' lang='lat' dir='ltr'><strong>foeno</strong></span> <span class='ocrx_word' id='word_1_1081' title='bbox 3302 5916 3699 6006; x_wconf 47' lang='lat' dir='ltr'><strong>comparatur:</strong></span> <span class='ocrx_word' id='word_1_1082' title='bbox 3709 5916 3855 6008; x_wconf 52' lang='grc' dir='ltr'><strong>ξιξ-οι</strong></span> 
     </span>
    </p>
   </div>
   <div class='ocr_carea' id='block_1_116' title="bbox 543 5995 3850 6083">
    <p class='ocr_par' dir='ltr' id='par_1_116' title="bbox 543 5995 3850 6083">
     <span class='ocr_line' id='line_1_117' title="bbox 543 5995 3850 6083; baseline 0.009 -44"><span class='ocrx_word' id='word_1_1083' title='bbox 543 5995 874 6050; x_wconf 87' lang='lat' dir='ltr'><strong>peccatores</strong></span> <span class='ocrx_word' id='word_1_1084' title='bbox 885 5998 1181 6051; x_wconf 78' lang='lat' dir='ltr'><strong>exercitati</strong></span> <span class='ocrx_word' id='word_1_1085' title='bbox 1192 5999 1442 6061; x_wconf 86' lang='lat' dir='ltr'><strong>fuerunt,</strong></span> <span class='ocrx_word' id='word_1_1086' title='bbox 1455 6002 1707 6056; x_wconf 86' lang='lat' dir='ltr'><strong>animam</strong></span> <span class='ocrx_word' id='word_1_1087' title='bbox 1722 6017 1823 6068; x_wconf 92' lang='lat' dir='ltr'><strong>pro</strong></span> <span class='ocrx_word' id='word_1_1088' title='bbox 1837 5995 2019 6060; x_wconf 78' lang='lat' dir='ltr'><strong>usura</strong></span> <span class='ocrx_word' id='word_1_1089' title='bbox 2032 6007 2147 6061; x_wconf 90' lang='lat' dir='ltr'><strong>dia-</strong></span> <span class='ocrx_word' id='word_1_1090' title='bbox 2241 5995 2397 6065; x_wconf 70' lang='lat' dir='ltr'><strong>niam</strong></span> <span class='ocrx_word' id='word_1_1091' title='bbox 2412 6025 2448 6065; x_wconf 87' lang='lat' dir='ltr'><strong>a</strong></span> <span class='ocrx_word' id='word_1_1092' title='bbox 2467 6013 2831 6066; x_wconf 87' lang='lat' dir='ltr'><strong>credentibus</strong></span> <span class='ocrx_word' id='word_1_1093' title='bbox 2853 6018 2912 6067; x_wconf 92' lang='lat' dir='ltr'><strong>et</strong></span> <span class='ocrx_word' id='word_1_1094' title='bbox 2934 6013 3112 6068; x_wconf 88' lang='lat' dir='ltr'><strong>vitam</strong></span> <span class='ocrx_word' id='word_1_1095' title='bbox 3124 6020 3400 6070; x_wconf 63' lang='lat' dir='ltr'><strong>aeternam</strong></span> <span class='ocrx_word' id='word_1_1096' title='bbox 3417 5995 3535 6081; x_wconf 46' lang='lat' dir='ltr'><strong>j-am</strong></span> <span class='ocrx_word' id='word_1_1097' title='bbox 3552 5995 3850 6083; x_wconf 49' lang='lat' dir='ltr'><strong>speranti.</strong></span> 
     </span>
    </p>
   </div>
  </div>
