3884 6402
47 404 164 462 941

51 521 196 583 bus,
224 521 522 586 spernitur
543 521 786 574 felicitas
815 527 1523 591 temporalis,utlmpleatur
1537 531 1668 590 quod

55 593 357 657 scriptum
392 597 484 644 est
524 607 536 641 :
578 593 780 646 Omnis
814 608 946 648 caro
995 598 1220 650 faenum
1257 599 1403 656 (lsai.
1439 598 1569 662 40.),
1613 605 1670 651 et

51 664 260 714 omnis
283 662 467 728 gloria
489 665 619 728 ejus
643 670 706 716 ut
728 667 834 717 ﬂos
854 669 1012 720 foeni.
1039 672 1285 721 Faenum
1307 669 1474 733 aruit,
1493 675 1550 722 et
1562 672 1668 723 ﬂos

49 735 310 787 decidit:
339 737 582 788 verbum
595 741 790 788 autem
813 740 1044 790 Domini
1069 741 1338 793 manetin
1361 745 1668 794 aeternum.

56 809 128 858 Et
157 811 400 870 propter
421 807 548 858 haec
572 809 764 860 omnia
782 811 1059 862 beneficia

127 878 222 931 17.
262 879 346 927 Sit
377 893 577 927 nomen
609 879 722 943 ejus
753 880 1084 931 benedictum
1126 882 1190 930 in
1235 882 1446 945 sascula,
1494 883 1662 946 idest,

46 949 219 1000 fama
241 953 301 999 et
324 949 505 1013 gloria
537 951 788 1002 nominis
831 952 959 1015 ejus
980 957 1259 1016 quantum
1283 953 1356 1005 ad
1379 953 1661 1016 homines,

49 1019 316 1082 accipiat
345 1021 788 1085 incrementum,
815 1027 872 1073 et
898 1037 1124 1088 semper
1155 1025 1342 1088 magis
1379 1038 1448 1077 ac
1479 1027 1664 1090 magis

49 1090 394 1154 divulgetur
419 1096 477 1142 et
488 1105 615 1154 mag
625 1093 892 1145 nillcetur
901 1095 996 1146 hic
1009 1101 1066 1147 et
1081 1098 1140 1147 in
1153 1102 1453 1148 aeternum.
1468 1099 1665 1150 Merito

48 1166 258 1212 autem
272 1163 732 1214 benedicendum
743 1171 850 1229 est,
864 1167 1134 1228 quoniam
1148 1169 1322 1219 etiam
1335 1170 1474 1218 Ante
1483 1169 1664 1228 solem,

47 1232 113 1284 id
135 1236 390 1296 est,ante
413 1235 607 1284 omnia
621 1240 876 1299 tempora
887 1245 1166 1301 permanet
1187 1255 1379 1287 nomen
1394 1241 1524 1302 ejus.
1539 1242 1663 1292 Non

51 1303 205 1354 dicit
217 1317 413 1352 nomen
423 1342 435 1363 ,
449 1303 604 1356 illam
618 1319 818 1358 vocem
832 1320 962 1370 quae
979 1309 1202 1360 transit:
1219 1310 1321 1361 sed
1337 1312 1663 1362 substantia

46 1374 261 1426 divina
282 1375 377 1425 hic
399 1375 754 1438 intelligitur:
775 1390 906 1440 quae
923 1393 1019 1442 per
1039 1393 1253 1432 nomen
1268 1381 1623 1444 signiﬁcatur
1645 1397 1658 1434 :

45 1449 108 1496 et
132 1450 231 1496 est
245 1458 631 1510 consequens,
647 1451 710 1499 ut
721 1452 818 1510 qui
835 1451 1021 1501 Deum
1033 1451 1336 1513 benedicit,
1357 1453 1662 1504 benedica-

46 1522 199 1566 tura
218 1518 356 1568 Deo.
385 1518 546 1578 Quod
577 1523 814 1570 sanctus
854 1523 1013 1571 Isaac
1037 1522 1310 1584 ostendit,
1338 1523 1572 1585 quando
1596 1525 1656 1574 in

46 1587 247 1651 ﬁgura
263 1589 475 1640 Christi
499 1589 637 1640 Filio
661 1604 765 1641 suo
795 1592 1146 1644 benedicens
1163 1593 1337 1644 dixit:
1363 1596 1468 1655 Qui
1486 1597 1660 1646 bene-

43 1658 270 1710 dixerit
307 1659 428 1720 tibi,
462 1660 569 1712 erit
591 1665 648 1712 et
669 1660 760 1711 ille
785 1663 1126 1714 benedictus
1146 1667 1342 1726 (Genes.
1370 1665 1658 1728 27.).11inc

44 1729 310 1781 Abrahae
323 1730 550 1794 dicitur,
569 1734 633 1782 In
645 1733 861 1783 semine
887 1738 990 1784 tuo
1013 1735 1424 1786 benedicentur
1453 1749 1655 1788 omnes

41 1806 261 1865 gentes
303 1802 502 1865 (Genes.
550 1802 677 1866 ‘22.).
717 1805 878 1854 Unde
918 1818 1076 1856 nunc
1110 1811 1263 1857 recte
1299 1806 1543 1857 dicitur:
1583 1808 1654 1855 Et

41 1873 430 1922 benedicentur
452 1874 514 1922 in
527 1874 642 1938 ipso
653 1889 834 1924 omnes
859 1875 1026 1926 tribus
1045 1883 1210 1926 terrae.
1234 1879 1439 1928 Tribus
1455 1877 1654 1928 dicun-

48 1944 850 2010 turquasieurimﬁmproprie
878 1952 1080 2001 tamen.
1113 1951 1182 2000 Et
1200 1948 1482 2000 Dominus
1499 1951 1653 2000 Deus

45 2015 334 2081 populum
369 2029 542 2067 suum
556 2030 656 2081 per
689 2017 946 2070 diversas
969 2020 1154 2071 tribus
1177 2020 1357 2072 dividi
1385 2022 1656 2085 praecepit

43 2088 248 2150 (Nam.
272 2087 342 2140 34
367 2102 381 2150 ;
403 2087 566 2137 Josue
592 2088 677 2142 13.
715 2094 760 2138 et
791 2089 935 2153 14.):
977 2095 1034 2142 et
1073 2097 1308 2142 sanctus
1349 2093 1528 2143 Jacob
1565 2105 1651 2143 se-

43 2159 314 2210 cundum
339 2159 595 2210 diversas
623 2161 806 2212 tribus
839 2161 970 2212 tlliis
1003 2165 1126 2213 suis
1151 2163 1652 2225 benedixitwenes.

43 2229 180 2293 50.).
218 2231 478 2282 Diversae
497 2231 678 2282 tribus
700 2232 761 2283 in
786 2232 1040 2284 Ecclesia
1070 2236 1174 2286 Dei
1197 2234 1407 2286 electas
1429 2235 1653 2286 animas

40 2301 378 2353 secundum
391 2302 622 2354 diversa
633 2306 838 2355 merita
852 2304 1325 2370 designant,prop
1333 2311 1414 2358 ter
1426 2305 1582 2368 quod
1595 2310 1653 2357 et

36 2375 104 2424 in
129 2373 306 2425 domo
329 2375 510 2424 Patris
535 2379 865 2426 mansiones
896 2376 1100 2428 multae
1145 2383 1286 2428 sunt
1311 2378 1488 2438 (Joan.
1522 2376 1648 2439 14.).

41 2449 130 2497 Ac
154 2446 205 2496 si
221 2445 405 2497 dicat:
438 2448 561 2498 Non
595 2449 785 2498 solum
824 2449 949 2512 ipse
996 2449 1338 2501 benedictus
1377 2450 1499 2510 erit,
1549 2451 1650 2502 sed

38 2529 255 2569 omnes
290 2515 380 2567 sui
403 2528 504 2580 per
526 2529 680 2569 eum.
708 2519 869 2569 Unde
897 2520 1103 2571 merito
1131 2523 1323 2569 Omnes
1338 2527 1514 2583 gentes
1541 2537 1650 2572 ma-

39 2588 387 2652 gniﬁeabunt
410 2602 534 2637 eum
561 2603 571 2634 :
601 2590 725 2639 Non
758 2590 868 2654 ipsi
893 2590 1152 2642 faciendo
1178 2595 1243 2643 ut
1277 2603 1528 2654 magnus
1554 2593 1647 2657 sit,

44 2660 152 2722 qui
165 2671 270 2723 per
295 2671 356 2709 se
379 2671 627 2723 magnus
653 2664 764 2711 est:
783 2661 884 2712 sed
897 2660 1186 2712 laudando
1202 2667 1259 2713 et
1270 2675 1548 2725 magnum
1565 2664 1650 2715 fa-

41 2731 274 2784 ciendo.
298 2731 458 2782 Unde
483 2743 557 2782 ex
593 2736 754 2795 parte
774 2746 882 2784 sua
901 2735 1083 2784 Deum
1107 2735 1402 2786 benedixit
1417 2737 1646 2786 dicens:

112 2803 204 2857 18.
239 2803 548 2852 Benedictus
569 2804 838 2852 Dominus
858 2805 998 2854 Deus
1019 2807 1184 2854 Israel
1213 2809 1309 2870 qui
1325 2808 1456 2867 facit
1479 2809 1650 2857 mira-

43 2877 187 2926 bilia
208 2875 368 2929 solus.
397 2875 678 2936 Quoniam
711 2877 1058 2940 quicumque
1079 2877 1231 2942 facit,
1255 2891 1374 2931 non
1407 2880 1530 2943 ipse
1549 2892 1651 2944 per

46 2961 138 3007 se,
165 2947 266 2998 sed
282 2947 564 2998 Dominus
586 2959 686 3010 per
707 2949 898 3011 ipsum
933 2949 1086 3000 facit.

115 3019 202 3073 19.
227 3019 294 3068 Et
318 3017 647 3067 benedictum
681 3034 878 3068 nomen
910 3021 1204 3084 majestatis
1237 3020 1352 3085 ejus
1395 3021 1455 3070 in
1497 3027 1646 3070 eter-

47 3107 209 3144 num.
236 3090 480 3141 Nomine
502 3093 823 3153 majestatis
845 3091 1372 3156 intelligiturgloria
1382 3093 1648 3145 divinita-

46 3166 146 3217 tis.
171 3165 358 3224 Quare
380 3165 575 3212 autem
587 3175 720 3212 cum
735 3163 947 3213 diceret
959 3165 1114 3214 Deus
1127 3165 1317 3228 Israel,
1331 3178 1447 3215 non
1457 3166 1648 3228 potius

45 3235 203 3288 dixit
220 3235 372 3284 Deus
395 3233 986 3297 omniumhominum,
1002 3239 1102 3286 aut
1125 3237 1278 3286 Deus
1307 3237 1484 3287 totius
1501 3248 1650 3288 crea-

48 3307 244 3360 turae?
263 3306 405 3366 Quia
430 3304 677 3356 intendit
699 3305 777 3355 ibi
801 3306 990 3356 Deum
1019 3307 1424 3358 commendare
1449 3320 1648 3359 secun-

46 3379 466 3441 dumgratiam.
490 3377 636 3428 Nam
655 3377 978 3428 secundum
989 3379 1306 3441 potentiam
1331 3384 1648 3440 postmodum

45 3449 493 3511 commendavit,
513 3449 609 3499 ubi
631 3461 844 3499 nomen
863 3461 984 3500 suae
997 3450 1324 3512 majestatis
1349 3451 1646 3516 apposuit:

47 3528 284 3591 propter
303 3520 455 3586 quod
475 3525 534 3572 et
564 3522 828 3584 protinus
851 3520 1106 3572 addidit:
1131 3522 1200 3570 Et
1222 3523 1514 3586 replebitur
1538 3538 1652 3573 ma.

37 3599 230 3661 jestate
253 3595 555 3658 ejusomnis
579 3598 741 3644 terra.
761 3595 954 3655 Quain
971 3607 1031 3644 re
1049 3595 1370 3646 notandum
1387 3600 1495 3657 est,
1518 3596 1652 3658 quia

47 3681 184 3720 cum
208 3666 575 3729 omnipotens
587 3666 741 3714 Deus
765 3670 975 3715 cuncta
998 3664 1322 3730 repleatper
1335 3667 1651 3719 divinitatis

48 3753 177 3793 suae
201 3738 532 3804 potentiam,
547 3737 814 3800 quaedam
831 3741 1025 3788 tamen
1037 3733 1214 3804 366
1238 3739 1559 3802 specialiter
1572 3752 1654 3792 re-

47 3813 167 3878 plet
177 3823 281 3876 per
290 3822 414 3861 suae
424 3809 866 3860 inhabitationis
881 3809 1144 3872 gratiam.
1164 3809 1322 3860 Unde
1345 3809 1498 3862 sicut
1513 3823 1652 3874 pra:-

47 3885 340 3946 misimus,
365 3883 439 3934 ad
461 3881 984 3934 commendandam
1001 3881 1246 3944 gratiam
1272 3895 1439 3933 suam
1461 3883 1651 3934 dictus

46 3962 140 4011 est
165 3959 319 4008 Deus
333 3954 526 4018 Israel,
549 3955 824 4018 quoniam
846 3955 999 4006 hanc
1025 3957 1256 4020 gentem
1273 3954 1380 4006 sibi
1391 3955 1652 4018 speciali-

46 4037 138 4083 ter
159 4029 362 4092 elegit:
383 4027 455 4078 de
475 4039 593 4090 qua
613 4039 713 4090 per
741 4027 1083 4091 Prophetam
1100 4025 1277 4078 alium
1300 4027 1468 4078 dicit:
1489 4029 1652 4080 Etin—

46 4102 324 4154 habitabo
347 4104 405 4150 et
422 4098 792 4150 inambulabo
808 4099 867 4149 in
895 4099 1000 4159 eis,
1027 4103 1086 4150 et
1102 4111 1198 4149 ero
1223 4097 1452 4149 illorum
1475 4100 1650 4165 Deus,

49 4180 108 4226 et
137 4173 250 4237 ipsi
273 4175 446 4222 erunt
461 4170 606 4221 mihi
630 4169 878 4234 populus
899 4169 1077 4234 (Levii.
1093 4167 1218 4232 26.).
1245 4171 1502 4230 Quatuor
1515 4184 1651 4236 ergo

49 4242 483 4297 benedictiones
518 4242 576 4292 in
611 4240 704 4292 his
731 4245 978 4304 quatuor
999 4241 1260 4292 versibus
1283 4241 1495 4304 posuit.
1528 4243 1647 4294 Pri-

48 4329 208 4368 mam
238 4313 312 4366 de
333 4313 657 4366 aeternitate
670 4313 790 4365 Dei.
818 4312 1144 4363 Secundam
1168 4311 1237 4362 de
1254 4312 1652 4366 benedictione

52 4387 330 4440 Gentium
353 4387 414 4436 in
428 4387 574 4449 ipso.
602 4385 853 4436 Tertiam
865 4384 938 4436 de
959 4385 1142 4448 gratia
1165 4384 1654 4448 spiritualilsraeli

47 4459 277 4522 collata,
308 4457 370 4508 in
389 4469 506 4520 qua
521 4457 693 4508 etiam
707 4457 895 4508 solum
919 4458 1106 4508 Deum
1117 4456 1438 4507 mirabilem
1451 4457 1654 4521 praedi-

48 4532 226 4593 cavit,
249 4529 384 4594 quia
403 4530 465 4580 in
482 4527 593 4580 hoc
613 4527 735 4580 solo
747 4540 916 4592 opere
927 4529 1130 4592 gratiae
1153 4529 1324 4590 longe
1344 4527 1654 4582 mirabilior

53 4613 235 4665 quam
257 4603 319 4652 in
341 4601 569 4652 caeteris
585 4601 853 4664 operibus
879 4600 1087 4652 extitit.
1117 4601 1389 4662 Quartam
1414 4599 1656 4663 gloriam

1081 416 1155 466 IN
1189 413 1507 466 PSALMOS
1540 413 1747 467 LXXV
1767 415 2345 474 COMMENTARIUS.

3251 425 3358 482 942

1768 533 2050 581 conﬁtentis
2071 541 2142 582 est
2163 536 2467 601 praedicatio,
2493 537 2547 583 in
2568 537 2759 601 cantico
2782 539 2990 588 affectio.
3019 542 3187 601 Asaph
3208 542 3360 590 inter-

1771 601 1990 654 pretatur
2018 610 2290 664 synagoga,
2317 599 2782 664 sivecongregatio.
2799 603 2902 664 Vox
2923 607 2996 648 est
3023 602 3078 648 in
3105 599 3198 650 hoc
3221 605 3354 664 psal-

1769 670 1850 729 mo
1879 671 2162 729 sﬂvnsgogze,
2181 661 2778 729 _(leﬁcientibus‘hyrnnis
2802 661 3354 729 Davldtnonﬂlii—Dei,

1767 720 1853 787 sed
1879 719 1982 780 ﬁlii
1997 721 2160 787 ‘Jesse.
2179 725 2293 770 Ideo
2323 719 2634 786 addidit/itii
2656 722 2812 787 Jesse,
2831 739 2892 772 ne
2909 719 2968 772 in
2980 726 3073 773 hoc
3105 727 3212 775 loco
3227 719 3358 776 sicui

1769 782 1822 828 in
1847 784 2036 830 emtoris
2061 786 2284 846 psalmis,
2315 800 2402 844 per
2424 782 2576 832 David
2611 782 2973 846 intelligeretur
3002 789 3252 837 Christus:
3269 793 3353 838 sed

1767 857 1856 902 per
1883 847 2030 891 David
2051 849 2354 905 acciperetur
2365 849 2580 894 carnalis
2593 851 2830 896 Judaicus
2843 853 3078 910 populus,
3096 853 3179 898 cui
3205 867 3356 911 praee-

1767 911 1840 952 rat
1863 921 1949 975 re;
1972 915 2020 975 et
2050 912 2292 975 propheta
2319 911 2490 957 David.
2515 911 2686 975 Hujus
2725 914 2899 975 David,
2930 915 2980 959 id
3013 921 3102 973 est,
3135 914 3354 962 carnalis

1766 970 1940 1034 populi
1971 971 2143 1018 laudes
2159 972 2458 1034 defecerunt,
2498 974 2847 1020 deﬁcientibus
2885 970 3242 1034 temporalibus
3275 991 3354 1024 re-

1765 1031 1878 1080 bus.
1896 1045 1982 1089 per
1998 1047 2123 1090 quas
2139 1035 2326 1080 solebat
2341 1049 2370 1080 a
2393 1031 2584 1080 carnali
2602 1037 2788 1092 populo
2806 1031 3001 1082 laudari
3026 1040 3172 1084 Deus.
3190 1040 3353 1091 Quare

1764 1098 1927 1161 autem
1950 1094 2053 1141 illa:
2071 1097 2371 1157 defecerunt,
2399 1097 2495 1142 nisi
2525 1103 2578 1161 nt
2599 1097 2712 1161 alia)
2735 1103 3076 1156 quaererentur
3099 1101 3350 1161 meliores,

1763 1157 2111 1221 qua3_deticere
2135 1171 2234 1204 non
2258 1164 2481 1216 possunt.
2503 1160 2700 1204 Materia
2723 1165 2795 1205 est
2816 1161 2922 1217 ipsa
2946 1162 3112 1208 ﬁdelis
3137 1157 3351 1221 synagoQ

1762 1229 1841 1274 ga.
1869 1218 1924 1263 In
1948 1219 2119 1283 prima
2132 1224 2267 1277 parte
2285 1221 2388 1277 jam
2416 1225 2649 1278 tanquam
2675 1223 2965 1269 conﬁrmata
2989 1223 3139 1270 Deum
3161 1218 3348 1283 laud—at,

1763 1291 1876 1346 qua:
1899 1287 2023 1346 ante
2039 1281 2272 1328 dubitans
2296 1296 2421 1340 pene
2443 1288 2710 1346 erraverat.
2745 1285 2798 1346 In
2829 1285 3048 1346 secunda
3079 1293 3214 1344 parte
3237 1281 3353 1346 (qua

1763 1341 1964 1410 dicitur,
1985 1341 2329 1410 Convertetur
2349 1342 2584 1410 populus
2607 1357 2754 1410 meus
2781 1343 2884 1410 hic)
2902 1341 3167 1410 conversio
3188 1341 3252 1410 ab
3267 1341 3348 1410 eo,

1761 1403 2224 1470 quoddubitaveral
2251 1403 2642 1470 commendatur.
2658 1408 2714 1470 In
2731 1403 2876 1454 tertia
2894 1405 3026 1467 (quae
3040 1408 3237 1470 incipit,
3266 1403 3352 1456 Vc;

1760 1469 2069 1512 rumta-men
2085 1472 2304 1528 propter
2325 1467 2486 1528 dolos)
2506 1469 2792 1514 ostenditha
2802 1482 2862 1515 ne
2874 1467 3246 1527 prosperitateni
3261 1471 3353 1517 fal-

1763 1527 1936 1589 lacem,
1985 1533 2133 1587 atque
2171 1527 2414 1576 ainatores
2459 1527 2569 1587 ejus
2601 1531 2662 1575 ad
2705 1538 2913 1577 mortem
2962 1533 3252 1581 trahentem.
3294 1534 3350 1579 In

1759 1593 1936 1646 quarta
1958 1590 2089 1648 (qua:
2103 1590 2294 1650 incipit,
2314 1591 2606 1654 quidcnim
2617 1590 2760 1638 mihi
2783 1597 2852 1640 est
2869 1591 2928 1638 in
2947 1591 3117 1653 cado?)
3134 1594 3351 1640 ostendit

1759 1664 1809 1696 se
1835 1665 2005 1698 verum
2028 1653 2207 1699 habere
2224 1656 2550 1711 intellectum,
2578 1654 2776 1710 necjam
2797 1656 3084 1713 temporalia
3105 1669 3347 1714 quaerere,

1759 1714 1844 1758 sed
1871 1716 2033 1760 solum
2059 1717 2228 1765 Deum.
2265 1718 2477 1762 lntentio
2521 1721 2595 1762 est
2638 1730 2948 1774 compescere
2985 1718 3258 1774 simplices,
3287 1731 3349 1764 ne

1757 1775 1816 1820 de
1841 1779 2164 1834 prosperitate
2201 1779 2467 1836 bonorum,
2495 1783 2581 1824 aut
2619 1779 2920 1824 adversitale
2948 1780 3194 1824 malorum
3217 1793 3350 1826 mur-

1753 1840 2207 1886 murentadversus
2233 1842 2570 1898 Deum,quem
2595 1844 2788 1886 constat
2820 1841 2874 1886 in
2904 1841 3140 1888 omnibus
3160 1843 3349 1888 bonum

1681 1898 1733 1972 B
1759 1912 1884 1962 esse,
1919 1908 1964 1948 et
1987 1901 2200 1959 justum,
2233 1902 2346 1948 Ideo
2370 1903 2475 1950 ait:

2142 2002 2535 2068 PSALMUS
2597 2003 2865 2068 LXXII.

1813 2127 1863 2182 1.
1884 2129 2059 2188 Quam
2083 2129 2253 2178 bonus
2285 2128 2456 2178 Israel
2495 2129 2654 2180 Deus.
2691 2129 2829 2180 Mire
2846 2128 3081 2191 quidem
3105 2134 3164 2181 et
3205 2130 3348 2183 inef-

1751 2198 1993 2250 fabiliter
2015 2201 2200 2250 bonus
2224 2205 2330 2250 est.
2363 2199 2473 2250 Sed
2499 2205 2692 2251 tamen
2709 2211 2938 2251 summa
2966 2201 3093 2263 ejus
3119 2202 3346 2254 bonitas

1747 2283 1866 2321 non
1901 2271 2176 2322 omnibus
2207 2273 2348 2322 nota
2371 2275 2480 2328 est,
2524 2271 2636 2320 nisi
2662 2271 3078 2332 tantummodo,
3106 2271 3214 2320 illis
3245 2273 3344 2336 qui

1749 2349 1884 2390 recto
1907 2349 2034 2390 sunt
2055 2341 2227 2402 corde,
2241 2341 2300 2392 id
2338 2345 2444 2400 est,
2461 2342 2676 2404 quinec
2688 2339 3046 2393 extolluntur
3057 2343 3343 2406 prosperis

1748 2425 1852 2463 nec
1867 2414 2204 2475 franguntur
2217 2413 2497 2464 adversis:
2521 2409 2761 2479 367et
2773 2413 2835 2462 in
2852 2415 3284 2476 utroquebonum
3295 2422 3345 2463 et

1747 2489 1969 2535 rectum
1981 2483 2312 2547 intelligunt
2324 2485 2522 2534 Deum.
2535 2484 2750 2534 Deinde
2766 2483 3340 2548 incipitdubitationem

1749 2569 1916 2606 suam
1929 2567 2102 2618 quam
2115 2555 2274 2618 prius
2285 2554 2486 2606 habuit
2499 2555 2574 2606 ad
2589 2555 2830 2606 aliorum
2847 2554 3341 2607 conﬁrmationem

1748 2627 2054 2685 declarare,
2077 2639 2208 2676 cum
2235 2625 2432 2676 subdit
2455 2640 2468 2674 :

1812 2703 1854 2746 ‘2.
1881 2699 1988 2746 Mei
2015 2703 2196 2746 autem
2218 2712 2353 2761 pene
2387 2697 2520 2746 moti
2560 2702 2687 2745 sunt
2721 2696 2891 2760 pedes,
2929 2695 2987 2747 id
3021 2701 3130 2762 est,
3165 2700 3342 2752 animi

1747 2769 2080 2821 affectiones
2103 2782 2248 2832 pene
2277 2773 2452 2820 motas
2475 2772 2614 2818 sunt
2641 2779 2676 2818 a
2698 2768 2834 2818 Deo.
2859 2769 3000 2818 Pene
3023 2769 3181 2832 effusi
3215 2777 3344 2821 sunt

1747 2855 1955 2906 gressus
1979 2840 2102 2900 mei,
2128 2840 2187 2891 id
2213 2845 2322 2902 est,
2339 2853 2510 2903 opera
2532 2851 2680 2890 mea.
2697 2840 2945 2890 Gressus
2967 2842 3150 2892 nostri
3165 2842 3343 2894 ell‘un-

1749 2911 1982 2971 duntur,
2016 2911 2248 2974 quando
2265 2923 2366 2976 pro
2388 2910 2632 2960 diversis
2649 2909 2955 2960 etterrenis
2979 2911 3154 2962 rebus
3178 2925 3344 2976 appe-

1750 2982 1936 3034 tendis
1961 2994 2279 3044 operamur.
2319 2980 2557 3043 Quando
2591 2982 2781 3030 autem
2814 2992 2916 3044 pro
2943 2979 3080 3032 solis
3105 2983 3339 3035 aeternis

1745 3053 2116 3115 laboramus.j
2125 3065 2217 3103 am
2228 3065 2345 3104 non
2361 3050 2738 3102 ell’unduntur
2748 3051 2917 3102 bonae
2929 3052 3169 3103 actionis
3185 3067 3343 3116 gres-

1750 3138 1868 3185 sus,
1891 3123 1992 3173 sed
2021 3123 2092 3173 ad
2112 3135 2292 3172 unum
2313 3120 2503 3184 potius
2529 3121 2789 3183 tendunt,
2817 3119 3034 3172 scilicet
3049 3122 3121 3173 ad
3133 3125 3334 3178 Deum.

1750 3194 1885 3244 Moti
1911 3196 2045 3244 sunt
2069 3191 2172 3253 (Ea:
2189 3191 2508 3254 Augustino)
2537 3191 2732 3255 pedes,
2759 3191 2833 3241 ad
2857 3192 3165 3244 errandum
3189 3206 3204 3247 :
3229 3195 3344 3247 fusi

1677 3265 1726 3342 ρ
1747 3277 2005 3342 gressus,
2033 3262 2394 3342 adlapsnm‘:
2416 3275 2536 3342 npn
2558 3261 2794 3312 omnino
2821 3267 3028 3342 tamen,
3055 3265 3155 3315 sed
3179 3279 3341 3330 pene.

1749 3340 1833 3389 Ac
1867 3335 1916 3387 si
1948 3334 2201 3399 apertius
2225 3333 2376 3384 dicat
2407 3345 2420 3386 :
2452 3335 2600 3384 Pene
2625 3334 2838 3385 recessi
2861 3336 3044 3398 aDeo,
3071 3342 3128 3386 et
3151 3350 3347 3390 secun-

1749 3408 1889 3459 dum
1912 3407 2281 3467 voluntatem,
2309 3409 2365 3456 et
2389 3403 2712 3456 secundum
2747 3411 2958 3456 actum.
2997 3405 3132 3458 Ideo
3163 3407 3302 3460 dicit
3329 3425 3342 3460 :

1752 3481 1906 3539 Pene,
1933 3477 2067 3542 quia
2089 3477 2344 3540 resipuit.
2380 3478 2524 3528 Nam
2551 3475 2600 3526 si
2637 3489 2755 3527 non
2784 3476 3144 3544 resipuisset,
3169 3490 3204 3530 a
3224 3480 3344 3532 Deo

1748 3551 1980 3616 penitus
2002 3549 2358 3601 recessisset.
2385 3548 2496 3600 Sed
2511 3559 2687 3612 quare
2710 3547 2822 3598 hoc
2843 3551 2868 3598 ?

1811 3622 1861 3676 3.
1888 3622 2031 3680 Quia
2045 3621 2208 3670 zelavi
2243 3635 2402 3684 super
2425 3620 2662 3684 iniquos,
2688 3634 2873 3683 pacem
2895 3629 3234 3684 peccatorum
3263 3625 3346 3674 vi-

1749 3693 1896 3743 deus.
1916 3692 2044 3742 Vidi
2068 3692 2196 3742 illos
2218 3703 2418 3755 pacem
2463 3691 2696 3753 habere,
2731 3691 2948 3743 divitiis
2985 3695 3208 3759 ﬂorere,
3249 3695 3347 3760 qui

1747 3766 1934 3816 Deum
1946 3763 2411 3814 contemnebant.
2427 3763 2547 3825 Ego
2565 3774 2719 3824 vero,
2734 3766 2834 3825 qui
2852 3764 3038 3816 cultor
3051 3765 3153 3816 Dei
3169 3779 3345 3830 eram,

1750 3837 1819 3888 iis
1851 3835 2122 3887 omnibus
2153 3833 2434 3884 carebam.
2458 3833 2763 3896 Propterea
2785 3833 3039 3884 zelabam
3077 3849 3251 3900 super
3279 3836 3347 3888 il-

1748 3907 1852 3959 los.
1884 3907 2016 3958 Ideo
2064 3905 2423 3968 indignabar,
2463 3902 2592 3954 ideo
2629 3903 2978 3956 invidebam.
3008 3907 3118 3958 Sed
3135 3907 3347 3970 jamvi—

1750 3980 1876 4044 deo,
1903 3989 2081 4041 quare
2104 3977 2252 4028 hanc
2275 3976 2525 4026 habeant
2548 3985 2763 4038 pacem.
2793 3976 2978 4036 Quare
3005 3978 3032 4026 ‘I

1813 4051 1864 4105 4,
1893 4051 2033 4108 Quia
2057 4064 2168 4097 non
2193 4053 2262 4096 est
2286 4051 2546 4110 respectus
2579 4045 2742 4094 morti
2775 4060 2979 4097 eorum.
3007 4049 3134 4098 Non
3166 4054 3256 4100 est
3287 4049 3347 4100 in

1750 4122 1835 4174 eis
1860 4123 2158 4185 respectus
2184 4118 2396 4170 divinae
2419 4115 2846 4178 misericordiae,
2861 4121 2926 4167 ut
2939 4116 3253 4170 liberentur
3273 4119 3346 4170 ab

1753 4197 1970 4246 aeterna
1990 4196 2190 4243 morte.
2207 4189 2340 4240 Ideo
2360 4189 2468 4240 hac
2478 4186 2778 4250 temporali
2795 4199 2934 4250 pace
2947 4187 3040 4240 hic
3056 4188 3344 4254 fruuntur,

1752 4269 2043 4327 quatenus
2065 4263 2124 4313 in
2140 4263 2328 4312 futuro
2343 4258 2712 4310 damnatione
2725 4263 3000 4322 perpetua
3016 4262 3346 4324 puniantur,

1751 4335 1820 4384 Et
1842 4337 2255 4399 ﬁrmamentum
2278 4332 2338 4380 in
2370 4331 2533 4396 plaga
2583 4344 2787 4390 eorum,
2814 4330 3094 4382 subaudis
3122 4347 3236 4381 non
3259 4339 3345 4382 est.

1753 4407 1986 4470 Plagam
2011 4417 2210 4456 eorum
2235 4403 2376 4455 dicit
2393 4401 2638 4466 culpam,
2665 4401 2726 4452 in
2759 4413 2874 4464 qua
2897 4415 3015 4453 non
3045 4407 3136 4454 est
3156 4403 3349 4454 firma-

1752 4481 2034 4540 mentum,
2061 4477 2118 4527 id
2142 4480 2250 4540 est,
2269 4473 2504 4538 aliquod
2514 4472 2888 4538 poenitentiae,
2914 4472 3002 4525 vel
3019 4473 3220 4526 salutis
3235 4487 3350 4526 me-

1755 4550 2165 4602 dicamentum.

1820 4619 1870 4673 5.
1899 4621 1960 4668 In
1997 4617 2176 4668 labore
2200 4617 2493 4666 hominum
2518 4631 2629 4665 non
2651 4619 2794 4674 sunt,
2821 4619 2866 4663 et
2888 4629 3009 4665 cum
3037 4615 3350 4667 hominibus

49 4686 180 4762 iu?"
204 4671 764 4762 Ῑὲἒδθδίδίίξιίῧξίὲθὲ
786 4671 1276 4762 ἳῖιῗίῗίῗδὲἳῗῗῗέἒ
1292 4671 1656 4762 δῗὲῗίξῗῧὲῗί
1676 4687 1734 4762 D
1758 4671 1870 4740 πολι
1893 4687 2414 4762 παθειίαθιιηίανσέἀ
2441 4693 2548 4752 es"
2568 4671 2968 4762 noalaborant
2993 4687 3350 4762 Siculosque

54 4745 212 4796 linis.
255 4746 378 4794 llac
425 4742 578 4794 enim
614 4742 920 4806 majestate
963 4741 1276 4807 replebitur
1315 4743 1461 4793 omis
1489 4748 1654 4808 terra,

53 4815 376 4880 replebitur
395 4817 519 4866 tota
543 4813 812 4866 Ecclesia.
831 4816 902 4865 Et
924 4827 998 4865 ex
1023 4815 1108 4864 his
1131 4813 1404 4866 omnibus
1427 4815 1655 4867 benedi-

51 4894 185 4940 ctus
214 4886 290 4938 sit
317 4887 494 4938 Deus.
523 4885 644 4936 Fiat
668 4886 808 4938 Fiat.
839 4887 985 4948 Quia
1007 4885 1178 4938 valde
1202 4884 1507 4945 desiderat,
1531 4886 1660 4940 ideo

51 4959 396 5024 ingeminat.

337 5029 702 5094 TITULUS
737 5029 1061 5095 PSALMI
1101 5027 1373 5094 LXXII.

116 5143 259 5190 Sicut
277 5140 589 5200 perclavem,
610 5139 689 5186 vel
713 5139 896 5186 ostium
923 5137 1244 5198 ingredimur
1261 5139 1318 5184 in
1343 5139 1568 5200 domum,
1588 5139 1659 5186 ita

51 5219 142 5265 per
165 5216 369 5251 sensum
386 5203 642 5249 titulorum
663 5202 1048 5265 intelligentiam
1062 5202 1654 5265 intramuspsalmorum.

49 5261 254 5315 Titulus
278 5266 435 5322 hujus
457 5265 635 5324 psalmi
663 5269 735 5310 est
757 5277 770 5314 :
791 5262 1104 5324 Defecerunt
1127 5261 1328 5324 hymni
1357 5262 1535 5312 David
1552 5261 1657 5324 ﬁlii

53 5329 196 5378 Jesse
222 5327 258 5386 ',
285 5325 749 5389 PsalmusAsaph.
779 5327 966 5386 Hymni
1001 5331 1120 5372 sunt
1143 5332 1320 5372 cantus
1341 5327 1656 5373 continentes

54 5393 259 5440 laudem
285 5391 388 5438 Dei.
427 5389 478 5439 Si
511 5391 574 5437 sit
595 5390 721 5448 laus,
747 5395 794 5436 et
825 5402 928 5435 non
957 5390 1022 5435 sit
1057 5389 1160 5448 Dei,
1187 5401 1289 5434 non
1323 5395 1396 5434 est
1415 5391 1650 5448 hymnus.

57 5459 105 5502 Si
125 5456 190 5502 sit
209 5455 338 5510 laus,
362 5459 411 5500 et
433 5453 536 5514 Dei,
556 5457 603 5498 et
647 5465 747 5498 non
771 5457 1014 5508 cantetur,
1035 5464 1135 5496 non
1157 5455 1229 5496 est
1248 5451 1488 5510 hymnus.
1508 5452 1659 5510 Opor-

61 5524 125 5566 tet
152 5530 269 5577 ergo
287 5521 358 5577 ut,
395 5515 516 5562 sisit
537 5516 779 5574 hymnus,
805 5514 979 5577 habeat
1008 5514 1257 5577 haetria:
1287 5519 1334 5560 et
1358 5514 1577 5575 laudem,
1609 5518 1654 5560 et

62 5581 168 5642 Dei,
193 5573 241 5642 et
261 5573 532 5642 canticum.
551 5573 832 5642 _Cumﬁergo
862 5576 1006 5642 dixit,
1034 5573 1365 5642 Defecerunt,
1396 5573 1655 5642 molestam

62 5637 166 5691 rem
189 5641 392 5688 videtur
412 5639 670 5688 nuntiare.
688 5641 806 5685 Nam
839 5638 928 5697 qui
953 5643 1116 5684 cantat
1141 5637 1476 5699 laudem,non
1489 5639 1655 5685 solum

63 5705 250 5764 laudat,
264 5705 349 5750 sed
371 5702 522 5750 etiam
547 5701 773 5748 hilariter
801 5699 1100 5755 laudat.0ui
1125 5704 1290 5746 cantat
1315 5701 1533 5758 laudem,
1552 5713 1654 5748 non

64 5769 231 5818 solum
260 5765 452 5830 laudat,
475 5764 562 5812 sed
583 5764 730 5811 etiam
755 5769 887 5810 amat
917 5776 1051 5826 eum,
1066 5775 1214 5822 quem
1231 5767 1415 5812 cantat.
1428 5766 1486 5812 In
1509 5764 1655 5811 laude

1755 4763 2039 4823 homines,
2069 4772 2257 4822 neque
2279 4759 2628 4824 aliliguntur.
2653 4760 2781 4809 Non
2802 4763 2940 4810 sunt
2954 4759 3106 4810 enim
3131 4772 3202 4811 ex
3219 4758 3350 4810 ﬁliis

1759 4834 1881 4896 Dei,
1929 4845 2076 4896 quos
2117 4830 2370 4895 ﬂagellat
2413 4831 2742 4882 misericors
2785 4836 2966 4896 pater,
3013 4835 3080 4882 ut
3117 4830 3355 4894 recipiat

1757 4907 1937 4970 (Prov.
1965 4905 2054 4966 3.).
2089 4903 2401 4965 Nunquam
2425 4907 2622 4954 autem
2665 4902 2759 4953 hic
2808 4903 3170 4966 omnipotens
3197 4903 3352 4954 Deus

1757 4975 1946 5040 magis
1968 4973 2138 5026 irasci
2161 4977 2354 5037 potest
2375 4973 2660 5036 peccatori
2685 4973 2925 5038 homini,
2944 4986 3116 5038 quam
3139 4985 3270 5024 cum
3292 4973 3352 5025 in

1757 5048 1867 5101 hac
1891 5047 2008 5099 vita
2030 5044 2324 5110 permittat
2355 5056 2490 5095 eum
2515 5045 2857 5109 prosperari.

1820 5119 1868 5173 6.
1895 5119 2017 5168 Ideo
2037 5117 2208 5166 tenuit
2232 5130 2316 5164 eos
2340 5115 2611 5180 superbia.
2638 5116 2782 5175 Quia
2814 5115 2966 5167 enim
2989 5113 3214 5178 ﬂagella
3235 5127 3354 5166 non

1760 5190 2039 5252 sentiunt,
2059 5192 2359 5253 propterea
2381 5185 2525 5237 elate
2543 5185 2760 5237 vivunt.
2783 5187 2923 5237 Nam
2938 5185 2986 5236 si
3002 5184 3352 5249 ﬂagellaren-

1757 5268 1869 5323 tur,
1903 5261 2166 5312 fortassis
2204 5257 2662 5309 humiliarentur.
2695 5257 2840 5320 Ergo
2869 5256 3136 5321 superbia
3171 5257 3356 5308 tenuit

1757 5348 1877 5398 eos,
1905 5331 2176 5396 alligavit,
2195 5329 2479 5390 astrinxit,
2505 5326 2764 5378 subdidit
2782 5331 3052 5398 tanquam
3076 5328 3354 5392 captivos.

1757 5396 2037 5470 tanquam
2065 5415 2286 5455 servos.
2312 5403 2397 5452 Ex
2415 5399 2522 5450 hac
2537 5397 2934 5458 retentatione,
2950 5396 3155 5470 Qpertt',
3171 5398 3228 5449 id
3244 5405 3353 5462 est,

1756 5490 1828 5530 ex
1848 5467 1968 5529 toto
1987 5474 2138 5540 pleni
2152 5471 2598 5535 suntiniquitate,
2613 5472 2895 5540 quantum
2908 5467 2984 5540 ad,
2996 5469 3351 5540 proximum:

1755 5556 1802 5598 et
1819 5537 2090 5614 impietate
2111 5562 2230 5606 sua,
2263 5546 2542 5608 quantum
2565 5539 2640 5614 ad
2662 5539 2874 5614 Deum:
2905 5541 2950 5591 Ο
2973 5537 3232 5590 infelices
3254 5539 3354 5614 illi,

1755 5611 1910 5683 quos
1922 5624 2197 5682 tanquam
2222 5617 2442 5668 vinctos
2457 5611 2724 5691 superbia
2737 5613 2912 5691 tenet,
2933 5613 3207 5674 tanquam
3223 5611 3354 5691 sub-

1753 5682 1976 5744 mersos
2027 5689 2304 5754 iniquitas
2351 5683 2546 5750 operit.
2595 5683 2734 5744 Quae
2773 5682 2929 5734 unde
2986 5682 3354 5746 processerit,

1757 5762 2084 5816 ostenditur
2105 5773 2240 5814 cum
2275 5756 2665 5814 subinfertur:

123 5883 142 5903 ¹
174 5882 237 5930 In
259 5879 482 5940 Vulgata
496 5877 726 5940 Edillons
746 5877 854 5924 haec
879 5875 1032 5940 verba
1053 5876 1308 5940 Psalmum
1332 5877 1480 5926 LXXI
1499 5875 1766 5939 claudunt,
1784 5888 2036 5936 versuque
2057 5879 2116 5928 20
2145 5876 2488 5940 continentur;
2516 5875 2623 5921 tum
2647 5870 2825 5920 titulus
2856 5868 3040 5918 Psalmi
3062 5867 3232 5918 LXXII
3253 5867 3360 5918 haec

65 5950 255 5997 tantum
289 5937 442 5992 habet
462 5937 714 5990 Psalmus
745 5939 954 6003 Asaph.
1205 5939 1344 5991 EDIT.
