3884 6398
530 452 640 511 943

1585 423 1850 479 RUFINO
1891 415 2349 473 PRESBYTERO
2381 407 2771 466 ASGRIPTUS

3731 388 3836 445 944

599 561 653 617 7.
688 554 903 613 Prodiit
935 545 1096 615 quasi
1118 558 1185 594 ea:
1207 540 1367 606 adipe
1390 538 1656 603 iniquitas
1679 547 1884 617 eorum.
1926 530 1989 582 Id
2006 533 2134 617 ‘est,
2159 530 2439 604 Acatores
2461 524 2618 617 sunt,
2644 522 2703 571 et
2725 513 3091 569 abundantes
3113 507 3344 563 divitias
3365 506 3428 558 in
3449 499 3650 556 seculo
3681 498 3839 552 obti-

534 601 621 687 ex.
638 601 1194 697 copiadiviiiarum,‘
1182 627 1255 666 ex
1274 601 1500 697 tumore
1514 606 1820 697 superbiai,
1838 615 1912 655 ex
1928 601 2128 683 volun-

533 673 1239 757 tgtevetfdeliectationeﬁx
1254 695 1367 748 quo
1382 679 1826 757 notandumest,
1852 673 1988 757 quia
2009 683 2128 757 non

533 743 992 829 Xb'LBA'sExh'per
1014 758 1233 823 origine
1254 743 1512 829 procedit
1532 749 1825 829 iniquitas.
1858 746 2003 829 Nam
2023 743 2128 794 ali-

532 817 762 911 quam—dp
769 817 851 891 ex
866 817 1213 911 necessitate
1226 817 1533 911 diariv‘atur,
1548 817 1856 911 aliquanti?
1868 829 1942 911 ex
1952 817 2132 911 agun-

775 886 931 962 éunt
954 902 1189 969 quidam
1220 898 1330 969 (Ea:
1360 892 1685 969 Augustino)
1708 888 1843 941 mali
1867 886 2036 969 quasi
2058 898 2132 969 ex

893 959 1091 1048 exiles,
1110 959 1326 1048 exigui,
1345 977 1622 1048 pauperes
1639 966 1698 1048 et
1723 964 1978 1048 egentes,
2002 959 2133 1008 tabe

534 1031 785 1123 Esaiae};
795 1031 1169 1123 necessitatis
1182 1031 1389 1123 aﬂ'ecti.
1401 1040 1628 1123 gauper
1643 1034 1859 1123 turtqu
1871 1031 1976 1123 iaci
2058 1041 2133 1079 ex

534 1101 1036 1190 macie—processit
1054 1113 1367 1190 iniquitas.
1401 1109 1590 1190 Dives.
1605 1104 1921 1190 abundans
1949 1101 2135 1182 aliena

737 1172 978 1265 (fidite;
993 1187 1154 1265 adipe
1165 1172 1838 1265 ini-quitas'prodiit;
1860 1172 2003 1265 dieis
2014 1182 2136 1265 lrna-

699 1244 885 1332 Quare
907 1264 1016 1315 hoc
1039 1244 1870 1332 fdeistitHumiliteraﬂnlictus,
1897 1249 1962 1332 et
1975 1244 2135 1332 aliie-

689 1313 1000 1402 r‘éé'ﬁohdet
1024 1346 1036 1380 :
1063 1328 1302 1402 Egestas
1328 1319 1621 1402 compulit.
1740 1317 1898 1402 dicas
1931 1313 2093 1366 diviti
2120 1327 2133 1362 :

536 1387 746 1475 (Sua—re
756 1387 866 1460 hoc
892 1401 1031 1455 facis
1044 1404 1070 1475 :t
1112 1387 1220 1447 Vix
1244 1394 1516 1457 dignatur
1550 1389 1767 1469 audire,
1804 1387 1974 1437 etiam
1998 1396 2137 1434 con-

533 1459 747 1535 Eamnit
787 1482 861 1529 te.
895 1469 1066 1525 Aliud
1103 1472 1194 1519 est
1224 1477 1361 1528 ergo
1398 1475 1472 1514 ex
1501 1459 1847 1535 necessitate
1881 1466 2134 1535 peccare,

532 1530 698 1608 aiiud
706 1530 780 1604 ex
794 1540 1175 1600 abundantia.
1194 1539 1337 1588 Ecce
1352 1536 1413 1587 hi
1427 1548 1460 1586 a
1478 1530 2105 1608 superbiainggerunnt
2122 1542 2134 1577 :

538 1598 1101 1691 Ede—pervenerunt?
1124 1609 1480 1691 Transierunt
1504 1604 1735 1691 (inquit)
1746 1599 1921 1669 368
1937 1602 1997 1649 in
2014 1598 2140 1663 affe-

534 1676 898 1755 etiamet-3,
922 1687 983 1739 id
1005 1689 1110 1747 est,
1133 1692 1323 1745 usque
1335 1680 1411 1732 ad
1425 1690 1630 1743 pravas
1647 1676 1975 1729 voluntates
1998 1682 2141 1723 suas

540 1762 938 1831 adimplendas
948 1799 959 1812 .

603 1844 655 1901 8.
686 1824 756 1897 fit
774 1844 884 1895 hoc
909 1838 1065 1905 quod
1085 1838 1197 1905 ipsi
1217 1831 1590 1893 transierunt,
1612 1840 1729 1905 non
1753 1824 2140 1905 ἱωριιῳωθάξ-

540 1896 658 1972 tate
682 1896 955 1972 iecerunt,
980 1911 1084 1964 sed
1107 1896 1276 1974 quasi
1298 1918 1370 1957 ex
1398 1913 1559 1954 mora
1579 1905 1637 1951 et
1659 1899 1813 1974 lima,
1838 1897 1971 1974 quia
1993 1896 2140 1974 cogi:-

1305 1953 1369 2027 ei;
1393 1953 1408 2023 :77
1424 1979 1470 2022 et
1484 1976 1685 2050 postea
1731 1953 1891 2018 locuti
1915 1953 2137 2050 sunt‘vad
2162 1953 2217 2029 Β

541 2039 687 2113 alios
717 2039 1010 2109 docendos
1033 2050 1340 2116 nequitiam
1364 2056 1547 2116 suam.
1578 2044 1648 2094 Et
1669 2041 1779 2116 hoc
1798 2052 1915 2116 non
1932 2039 1994 2116 in
2008 2039 2144 2116 aps-

543 2112 791 2192 condito,
819 2125 923 2179 sed
942 2126 1004 2176 in
1016 2112 1343 2175 manifesto.
1355 2115 1520 2168 Unde
1533 2118 1593 2165 et
1614 2112 1837 2192 subdit:
1858 2112 2145 2192 Iniguita-

666 2181 732 2253 in
743 2181 941 2252 eaeeae
966 2198 1127 2247 locuti
1145 2197 1289 2243 sunt.
1312 2192 1444 2241 Non
1467 2198 1600 2238 cum
1622 2181 1979 2256 timore,_sed
2012 2195 2147 2256 cum

542 2254 801 2338 audacia,
829 2269 982 2323 clare
1002 2273 1061 2320 et
1075 2270 1290 2331 aperte,
1312 2258 1685 2338 audientibus
1711 2254 2001 2338 omnibus.
2033 2255 2150 2338 Nec

545 2324 969 2400 solumncontra
1001 2324 1285 2391 homines
1306 2331 1530 2384 tumide
1566 2332 1624 2380 et
1669 2338 1936 2392 perverse
1973 2324 2150 2377 locuti

545 2423 685 2473 sunt
704 2416 944 2478 malum,
970 2411 1073 2464 sed
1099 2409 1274 2462 etiam
1296 2406 1358 2457 in
1381 2406 1585 2455 Deum.

609 2507 660 2563 9.
685 2505 989 2558 Posuerunt
1011 2499 1167 2552 enim
1189 2497 1253 2545 in
1265 2499 1456 2544 caelum
1471 2506 1527 2540 os
1541 2502 1724 2563 suum,
1742 2486 2150 2563 blaspheman-

543 2558 639 2634 tes
664 2580 865 2641 Deum,
905 2572 1047 2639 ipsis
1084 2566 1416 2641 cmlestibus
1448 2560 1837 2641 detrahentes.
1865 2558 2151 2641 {ft-lingua

771 2629 1025 2697 transivit
1046 2642 1108 2691 in
1132 2645 1293 2689 terra.
1317 2636 1481 2688 Prius
1510 2633 1572 2683 in
1600 2632 1828 2691 caelum,
1852 2629 2059 2680 deinde
2090 2629 2151 2679 in

547 2725 763 2775 terram
792 2718 1053 2782 linguam
1094 2707 1552 2782 transtulerunt:
1585 2704 1723 2782 quia
1758 2702 1917 2782 prius
1937 2704 2152 2782 contra

553 2771 866 2854 EhriStum,
878 2771 1087 2853 postea
1100 2793 1236 2835 vero
1257 2772 1785 2854 contraEcclesiam
1799 2771 1950 2854 locut
1960 2773 1982 2854 in
1994 2774 2147 2854 sunt.

549 2863 661 2917 Vel
690 2846 949 2927 linguam
973 2867 1171 2927 eorum
1193 2854 1254 2903 in
1279 2856 1432 2927 terra
1458 2846 1720 2927 transire,
1743 2848 1835 2927 est
1858 2847 2152 2924 contemto

551 2914 1041 2988 cmle’stiuDomino
1063 2925 1285 2990 seipsos
1302 2922 1363 2973 in
1384 2921 1495 2972 hac
1518 2919 1639 2971 vita
1654 2916 1907 2978 laudare,
1932 2914 2155 2979 magni-

551 3007 742 3066 ﬁcare,
771 3004 923 3055 sicut
942 2998 1078 3052 alibi
1109 2998 1407 3049 dixerunt:
1434 2993 1715 3066 Linguam
1739 2992 2002 3066 nostram
2034 2999 2155 3038 ma-

553 3059 1141 3143 gniﬁcabimus,labia
1156 3070 1357 3143 nostra
1363 3075 1415 3143 _a
1429 3062 1597 3116 nobis
1616 3064 1778 3143 sunt.
1797 3059 1935 3143 quis
1960 3063 2155 3110 noster

553 3132 836 3202 Dominus
858 3148 951 3197 est
970 3132 1146 3208 '(Psat.
1180 3139 1289 3201 11.)
1307 3140 1333 3187 ?
1363 3138 1432 3188 Et
1454 3135 1669 3208 verein
1694 3132 1803 3183 hoc
1826 3132 2024 3195 lingua
2059 3142 2156 3208 eo-

555 3233 687 3273 rum
709 3216 939 3271 transiit
960 3206 1023 3267 in
1047 3219 1215 3274 terra,
1240 3209 1375 3274 quia
1392 3206 1711 3270 loquacitas
1734 3216 1950 3266 eorum;
1970 3206 2157 3254 metas

556 3289 934 3345 humanitatis
967 3292 1024 3338 et
1044 3284 1289 3336 modum
1314 3279 1566 3333 excessit
1589 3278 1652 3328 in
1674 3281 1896 3341 natura,
1936 3287 2070 3325 cum
2095 3287 2157 3325 se

2222 599 2603 722 nuigrglttideo
2614 673 2720 725 ego
2733 669 2964 722 quoque
2970 657 3214 719 junctus
3229 650 3342 702 illis
3355 651 3489 725 ante
3500 643 3837 725 conversio-

2223 716 2377 801 Ile-In,
2408 716 2811 788 similiter'diaci
2837 716 3025 790 z-Erpo
3051 727 3169 775 sine
3202 736 3367 800 causa
3397 716 3717 801 justi/team.
3750 730 3838 763 cor

2225 786 2427 871 aelii;
2452 812 2518 859 ut
2540 803 2793 856 mundus
2812 786 3006 871 essem
3023 799 3085 849 in
3097 792 3440 871 cogitatione
3459 803 3477 841 :
3501 794 3549 870 et
3565 786 3679 837 lavi
3698 786 3837 863 inter

2228 856 2534 931 innocentes
2552 889 2753 926 manus
2771 886 2931 933 meas,
2950 869 3118 931 idest,
3157 856 3331 933 369
3349 875 3481 914 cum
3506 856 3840 933 innocenti-

2227 954 2339 1005 bus
2362 950 2616 1003 actiones
2631 957 2793 997 meas
2808 925 3202 999 mundavi,'et'
3202 925 3322 988 ιιᾌό
3329 935 3454 985 sine
3471 940 3689 1005 caussa
3711 925 3837 1005 feci.

2229 1025 2337 1078 Ubi
2359 998 2695 1075 est—merces
2712 1029 2871 1082 ραι-ω
2893 1010 3302 1064 conscientiae?
3320 998 3841 1082 ubipraamiumin:

2230 1073 2491 1148 nocentis
2522 1073 2884 1143 vitm‘fBene
2914 1085 3064 1146 vivo,
3104 1087 3162 1134 et
3192 1091 3331 1144 egeo
3358 1092 3371 1127 :
3406 1074 3500 1127 ille
3526 1074 3759 1138 peccat,
3791 1073 3843 1119 et

2232 1165 2509 1291 ὃῠᾶῐῗόὲξ.
2521 1230 2607 1294 fui
2629 1226 2927 1292 ﬂagettatus
2956 1227 3064 1273 tota
3089 1221 3193 1272 die.
3226 1223 3393 1294 Aine
3420 1228 3539 1294 non
3561 1212 3843 1265 recedunt

2232 1288 2460 1371 ﬂagella
2481 1288 2603 1354 Dei.
2629 1288 2792 1351 'Be'ne
2821 1296 3027 1371 servio,
3054 1296 3110 1345 et
3131 1291 3387 1371 ﬂagellor
3416 1303 3429 1338 :
3457 1288 3553 1371 ille
3576 1297 3704 1371 non
3734 1296 3848 1334 ser-

2232 1360 2408 1441 vittet
2423 1372 2747 1437 requiescit.
2776 1367 3098 1441 Periculosa
3115 1368 3254 1441 sunt
3267 1364 3391 1441 haec
3407 1360 3605 1420 verba,
3618 1362 3681 1441 et
3697 1366 3845 1432 pene

2234 1426 2593 1512 blasphema.
2624 1444 2749 1493 Non
2791 1439 2939 1490 dixit
2966 1452 2979 1488 :
3021 1435 3275 1512 Nesciit-it
3299 1436 3489 1512 Deus:
3521 1426 3846 1512 sed‘quasi

2236 1496 2506 1584 qutiens
2529 1514 2763 1567 hmsitat
2775 1517 2831 1563 et
2849 1514 3033 1584 nutat.
3057 1510 3179 1584 Non
3197 1506 3303 1569 (Eae
3323 1496 3847 1584 augustino)'dixi‘t.

2237 1569 2363 1643 fieri
2388 1569 2480 1641 est
2503 1585 2745 1638 scientia
2768 1587 2828 1633 1n
2852 1580 3103 1632 excelso.
3129 1578 3251 1627 Hoc
3274 1579 3379 1635 est,
3399 1569 3553 1636 quod
3575 1571 3660 1621 ait
3670 1569 3847 1643 paulo

2237 1642 2370 1716 ante
2395 1675 2409 1712 :
2436 1659 2545 1712 Mei
2569 1663 2764 1708 autem
2782 1665 2926 1717 pene
2941 1651 3082 1701 moti
3104 1650 3238 1699 sunt
3260 1646 3453 1711 pedes.
3483 1645 3613 1694 Non
3627 1642 3850 1717 eonﬂr-

2237 1712 2377 1798 iiii,
2393 1732 2490 1784 sed
2504 1731 2632 1794 ipsa
2643 1712 2921 1778 dubitatio
2943 1720 3377 1798 periculosaest.
3395 1719 3498 1767 Per
3517 1712 3850 1798 periculurn

2238 1784 2433 1858 amen
2460 1784 2669 1853 transit
2700 1797 2774 1849 ad
2810 1784 3132 1855 sanitatem,
3166 1790 3320 1842 unde
3349 1794 3408 1840 et
3442 1786 3763 1858 subditur:
3789 1784 3849 1831 Et

2237 1857 2516 1940 castigatio
2537 1887 2659 1921 mea
2670 1871 2730 1919 in
2740 1866 3046 1940 matutinis,
3062 1864 3120 1914 id
3137 1868 3243 1923 est,
3265 1862 3387 1912 sine
3398 1857 3691 1937 dilatione.
3710 1857 3850 1906 Cas-

2242 1928 2457 2013 tigatur
2488 1948 2684 1997 autem
2717 1951 2851 2013 cum
2889 1939 2960 1989 ab
2993 1928 3848 2013 errore__sanatur.“1mpiorum

2244 1997 2505 2072 differtur
2530 2012 2851 2077 castigatio,
2874 2020 3003 2060 mea
3025 2020 3144 2057 non
3161 2004 3435 2077 diﬂ‘ertur.
3455 2000 3559 2052 Illa
3575 2010 3734 2061 sera,
3764 1997 3848 2077 vel

2244 2070 2405 2144 nulla
2428 2092 2517 2141 est
2541 2070 2709 2138 :mea
2721 2086 2783 2135 in
2805 2070 3124 2134 matutinis.
3147 2076 3297 2129 Audi
3308 2076 3431 2139 jam
3455 2084 3663 2123 vocem
3680 2070 3849 2120 casti-

2244 2163 2380 2228 gati.
2423 2158 2701 2222 Reprimit
2722 2154 2879 2206 enim
2918 2164 2979 2203 se
3007 2152 3080 2201 ab
3115 2161 3210 2228 eo,
3223 2146 3381 2228 quod
3400 2146 3647 2208 dixerat,
3676 2148 3849 2204 atque

2246 2221 2499 2287 Errorem
2515 2221 2695 2281 suum
2718 2234 3139 2289 recognoscens
3163 2221 3242 2271 ait
3267 2234 3281 2267 :

2543 2299 2782 2351 dicebam
2805 2310 2818 2346 :
2845 2283 3068 2346 Narabo
3103 2293 3195 2351 sic,
3241 2304 3349 2340 ecce
3391 2287 3680 2359 nationem
3717 2283 3853 2346 ﬁlio-

2248 2355 2376 2426 rum
2400 2382 2619 2425 tuorum
2654 2368 2953 2434 reprobavi.
2991 2368 3111 2416 Hoc
3136 2368 3200 2415 ut
3223 2361 3447 2426 planius
3471 2355 3852 2434 intelligatur,

2250 2461 2397 2513 opus
2409 2451 2517 2511 est,
2534 2448 2599 2496 ut
2614 2427 3009 2513 distinguatur
3022 2437 3104 2487 sic
3123 2451 3134 2487 :
3152 2435 3427 2513 Dicebam
3439 2429 3757 2509 cogitando
3776 2427 3854 2477 in-

2252 2502 2339 2572 tra
2360 2532 2473 2571 me.
2497 2502 2554 2569 Si
2576 2502 2821 2567 narrabo
2841 2513 2940 2573 sic,
2967 2510 3118 2559 sicut
3140 2505 3402 2558 videlicet
3423 2502 3698 2565 superius
3722 2512 3853 2551 nar-

2250 2594 2374 2644 ravi
2398 2610 2409 2639 :
2434 2590 2528 2643 vel
2552 2588 2701 2638 sicut
2721 2585 3098 2635 narraverunt
3119 2578 3219 2641 illi,
3242 2579 3339 2641 qui
3365 2575 3677 2626 dixerunt:
3706 2573 3854 2631 Quo-

2251 2662 2423 2715 modo
2449 2661 2557 2712 scit
2581 2660 2735 2709 Deus
2751 2660 2774 2706 ?
2809 2660 2918 2706 etc.
2964 2652 3094 2701 Ecce
3116 2649 3483 2701 manifestum
3507 2648 3598 2695 est
3635 2647 3701 2694 et
3738 2654 3853 2693 cer—

2251 2740 2399 2798 tum,
2425 2732 2599 2796 quod,
2621 2729 2899 2779 nationem
2921 2724 3183 2798 ﬁtiorum,
3203 2721 3263 2798 id
3283 2725 3391 2781 est,
3412 2720 3711 2781 justorum
3737 2720 3853 2762 tuo-

2251 2793 2692 2869 rum'reprobavi.
2718 2798 2892 2852 Aliud
2911 2797 3014 2860 (Ea:
3038 2796 3168 2857 eod.)
3195 2793 3472 2869 dicturus.
3492 2799 3648 2869 sum,
3677 2798 3855 2849 quam

2254 2878 2394 2941 dixi,
2439 2859 2749 2931 Abraham,
2794 2859 2970 2941 quam
3014 2870 3195 2941 Isaac,
3242 2859 3854 2941 quamjacobpquam

2255 2930 2529 3003 dixerunt
2551 2958 2651 3010 pro
2658 2930 2866 3007 phetzia.
2885 2939 2970 2991 Illi
2994 2938 3149 2990 enim
3173 2947 3376 3010 omnes
3401 2932 3698 2992 dixerunt,
3724 2930 3856 3009 quia

2256 3026 2420 3075 curat
2450 3003 2609 3071 Deus
2643 3003 2736 3069 res
2759 3016 3063 3066 humanas.
3091 3014 3207 3073 Ego
3244 3009 3503 3059 dicturus
3539 3015 3689 3061 sum,
3725 3003 3856 3065 quia

2256 3109 2377 3148 non
2398 3096 2579 3146 curat.
2605 3092 2695 3142 An
2718 3090 2901 3151 major
2929 3087 2990 3136 in
3011 3096 3104 3135 me
3128 3081 3447 3147 prudentia,
3472 3077 3599 3129 sive
3620 3075 3853 3127 intelle-

2258 3173 2406 3230 ctus,
2432 3176 2604 3229 quam
2629 3162 2689 3212 in
2714 3159 2825 3210 illis
2844 3161 2871 3207 ?
2894 3154 3275 3208 Saluberrima
3290 3153 3596 3203 auctoritas
3614 3160 3856 3201 revoca-

2257 3241 2342 3293 vit
2364 3222 2742 3301 cogitationes
2758 3231 2922 3282 abim
2929 3230 3152 3293 pietate.
3174 3228 3254 3301 Ne
3274 3225 3616 3301 ergojustos
3638 3222 3757 3300 Dei.
3774 3232 3855 3271 re-

2257 3292 2540 3377 probaret,
2562 3307 2696 3368 imo,
2722 3309 2789 3355 ut
2811 3313 2994 3353 unum
3018 3311 3152 3350 cum
3167 3297 3251 3349 eis
3277 3295 3579 3377 salubriter
3601 3292 3826 3377 sentire
3846 3305 3856 3339 :

558 3363 852 3415 lntantum
874 3356 1236 3418 extollerent,
1261 3357 1328 3403 ut
1360 3354 1546 3403 Deum
1581 3360 1710 3400 esse
1736 3329 1910 3411 supra
1934 3359 1997 3397 se
2021 3357 2157 3397 con-
2185 3329 2234 3405 C
2257 3329 2540 3394 Prw-dre“
2562 3329 2696 3368 “uu’
2727 3329 2789 3355 “¹’
2815 3329 2994 3353 unum
3013 3329 3152 3380 -υω
3167 3329 3251 3349 ’³³³
3277 3329 3578 3391 ”“⁸“””“ἶ”ἶ
3601 3329 3856 3343 “mm”

559 3440 568 3448 _
655 3447 658 3448 ν
924 3432 990 3448 m
1029 3428 1150 3448 ___,-
1186 3426 1476 3448 “unum”
1511 3424 1837 3448 unum",
1880 3422 2052 3448 “mm
2082 3417 2151 3448 μη
2249 3391 2629 3448 Jamerrorem
2647 3387 2822 3448 suum
2840 3376 3116 3448 tenaciter
3138 3382 3256 3448 non
3273 3365 3544 3419 deﬂ‘endtt
3565 3401 3578 3414 .
3598 3364 3709 3448 sed
3732 3373 3859 3448 quae

555 3437 898 3487 temnerent.
924 3432 996 3483 Et
1024 3428 1159 3492 quia
1186 3426 1481 3477 intantum
1510 3424 1861 3492 erraverunt,
1879 3422 2052 3480 atque
2081 3417 2158 3468 ad

552 3510 780 3559 tantam
800 3490 1082 3555 malitiam
1097 3510 1172 3549 ex
1186 3506 1345 3561 pace,
1367 3499 1425 3545 et
1441 3490 1821 3557 prosperitate
1834 3501 1941 3540 sua
1952 3494 2159 3553 perve-

554 3580 789 3639 nerunt,
817 3584 1020 3626 eorum
1049 3567 1340 3639 damnatio
1370 3564 1482 3617 fuit
1510 3562 1637 3616 aliis
1661 3561 1887 3614 occasio
1920 3573 2157 3615 conver-

558 3648 757 3701 sionis.
778 3638 1059 3709 'Proptera
1083 3638 1281 3691 subdit
1310 3653 1321 3685 :

619 3727 706 3783 10.
743 3725 862 3776 Ideo
881 3726 1216 3774 convertetur
1233 3715 1470 3783 populus
1493 3728 1643 3763 meus
1667 3712 1773 3764 hic.
1800 3712 1908 3764 Hic
1928 3711 2154 3776 (inquit)

554 3801 615 3851 in
638 3801 798 3851 tanta
830 3805 1028 3848 eorum
1053 3792 1330 3850 caecitate,
1354 3788 1415 3839 in
1438 3790 1601 3838 tanta
1623 3784 1958 3851 perditione,
1978 3795 2156 3847 quam

554 3871 938 3931 incurrerunt,
956 3865 1055 3930 qui
1067 3863 1297 3916 divitias
1322 3862 1683 3931 amaverunt.
1713 3855 1965 3931 POpulus
1991 3866 2156 3906 meus

554 3943 666 3996 hoc
681 3954 754 3995 ex
772 3928 993 3992 ratione
1010 3934 1393 3996 considerato,
1412 3943 1482 3982 ex
1503 3929 1622 3981 zelo
1646 3933 1704 3980 et
1731 3928 1964 3990 invidia,
1983 3937 2158 3989 quam

557 4015 720 4080 prius
754 4011 892 4064 inde
926 4007 1146 4080 habuit,
1174 4006 1560 4080 convertetur,
1598 4013 1672 4051 ne
1711 3998 1883 4079 simili
1920 3998 2160 4080 damna-

557 4070 730 4147 tione,
745 4094 879 4136 cum
894 4070 1247 4133 amatoribus
1263 4075 1597 4147 divitiarum
1606 4070 1903 4147 puniatur.
1927 4070 2159 4147 Conver-

558 4141 952 4219 teturiinquit)
985 4150 1219 4217 populus
1247 4161 1398 4219 meus
1424 4143 1626 4219 _hic‘,_id
1658 4146 1764 4219 est,
1798 4141 2160 4219 considerata

557 4211 876 4295 perditione
905 4211 1492 4295 pravorum.Vel_hic,
1512 4214 1571 4266 id
1592 4217 1700 4295 est,
1718 4213 1913 4295 in‘hoc
1942 4211 2156 4295 seculo,

557 4284 703 4352 dum
726 4284 958 4361 tempus
978 4298 1067 4347 est
1080 4290 1430 4356 acceptabile
1453 4284 1841 4361 convertendi,
1852 4289 1917 4361 et
1932 4285 2052 4361 di_es
2066 4295 2160 4361 sa-

556 4371 698 4424 lutis
731 4368 799 4436 (2.
829 4356 950 4419 Cor.
975 4366 1065 4429 6.).
1096 4367 1182 4417 De
1205 4363 1417 4436 quibus
1430 4358 1701 4436 protinus
1718 4357 1892 4436 addit
1913 4357 2025 4436 :_E_t
2050 4356 2159 4405 dies

554 4443 704 4509 pleni
734 4428 1085 4509 invenientur
1125 4436 1203 4509 in
1221 4435 1313 4493 eis,
1340 4432 1558 4509 scilicet
1579 4429 1732 4509 pleni
1754 4428 2160 4509 adindulgen-

558 4500 723 4575 tiam,
746 4512 821 4564 ad
854 4506 1307 4562 misericordiam
1330 4508 1387 4555 et
1416 4503 1487 4554 ad
1510 4502 1773 4567 gratiam.
1800 4500 1980 4575 venit
2005 4500 2156 4550 enim

560 4572 857 4650 plenitudo
882 4580 1176 4645 temporis,
1192 4579 1251 4629 in
1273 4589 1386 4650 quo
1403 4575 1573 4650 misit,
1592 4576 1748 4650 Deus
1771 4572 2158 4650 Filiumsuum

561 4644 621 4707 in
645 4654 812 4707 terris
844 4644 1041 4717 (σαιαῐ.
1080 4650 1174 4713 4.).
1211 4648 1314 4700 Vel
1347 4648 1411 4699 in
1442 4646 1555 4712 his,
1590 4646 1690 4710 qui
1725 4644 1819 4695 hic
1849 4645 2163 4717 _ad_Deurn

2258 3435 2500 3515 nesciat,
2526 3447 2819 3501 humiliter
2842 3444 2998 3496 dicit.
3022 3444 3149 3493 Non
3165 3440 3320 3515 enim
3342 3449 3548 3503 parvus
3562 3435 3858 3515 profectus

2260 3512 2517 3578 scientia}
2551 3526 2659 3583 est,
2689 3520 2784 3571 vel
2831 3528 3000 3568 suam
3020 3513 3405 3578 ignorantiam
3426 3522 3543 3583 non
3568 3512 3854 3583 ignorare.

2258 3599 2421 3650 Unde
2439 3580 2674 3659 quidam
2697 3592 2808 3642 ait:
2842 3590 2966 3639 Hoc
2994 3598 3177 3638 unum
3200 3584 3339 3648 scio,
3364 3580 3519 3647 quod
3540 3580 3770 3633 nescio.
3796 3580 3857 3630 Et

2257 3668 2367 3721 hoc
2401 3672 2492 3718 est
2515 3664 2669 3728 quod
2710 3660 2945 3713 subdit:

2323 3738 2410 3793 16.
2446 3721 2869 3792 Existimabam,
2918 3734 2977 3779 ut
3018 3740 3382 3792 cognoscerem
3424 3724 3557 3774 hoc:
3605 3721 3770 3772 labor
3795 3729 3855 3773 est

2259 3816 2384 3862 ante
2408 3823 2510 3858 me.
2537 3807 2817 3858 Putabam
2830 3815 2925 3854 me
2941 3803 3086 3853 scire
3095 3799 3414 3855 veritatem,
3427 3806 3604 3860 quare
3614 3795 3859 3847 ﬂoreant

2259 3882 2434 3936 mali:
2473 3891 2651 3943 quare
2675 3877 2907 3929 doleant
2928 3874 3102 3932 boni;
3133 3876 3190 3923 et
3212 3872 3336 3934 jam
3371 3879 3714 3931 conversus,
3741 3869 3857 3931 jam

2260 3955 2583 4017 castigatus
2606 3948 2936 4014 recognovi,
2962 3948 3097 4010 quia
3137 3945 3247 3996 hoc
3270 3943 3428 3994 labor
3459 3944 3548 4017 est
3572 3945 3714 4017 ante
3749 3953 3856 3991 me.

2261 4012 2510 4090 Quidést
2525 4029 2648 4074 ante
2660 4012 2781 4073 me?
2792 4021 2932 4073 dum
2944 4018 3097 4082 apud
3112 4030 3202 4090 me
3213 4026 3436 4090 maneo,
3450 4014 3589 4090 dum
3601 4012 3664 4062 in
3678 4025 3857 4064 sensu

2261 4084 2473 4154 carnali
2496 4096 2760 4162 persiste,
2778 4093 2917 4144 dum
2935 4091 3059 4143 sola
3069 4086 3316 4141 visibilia
3332 4084 3583 4162 attendo,
3598 4096 3727 4162 non
3737 4098 3860 4162 pos-

2262 4186 2394 4225 sum
2418 4156 2578 4222 l‘acile
2604 4167 2675 4219 de
2699 4156 2941 4218 terrenis
2963 4163 3136 4215 rebus
3165 4170 3302 4213 vera
3324 4157 3552 4210 sentire.
3589 4156 3856 4216 Quandiu

2260 4245 2367 4297 erit
2389 4243 2499 4294 iste
2519 4241 2681 4292 labor
2700 4240 2727 4289 ?

2324 4314 2411 4370 17.
2443 4314 2617 4363 Donec
2639 4312 2839 4359 intrem
2854 4308 2915 4356 in
2928 4303 3311 4356 sanctuarium
3325 4301 3438 4352 Dei.
3453 4301 3646 4351 Donec
3662 4304 3857 4351 mente

2264 4393 2551 4439 transeam
2562 4383 2633 4435 ad
2647 4379 3003 4447 spiritualem
3012 4375 3466 4447 intelligentiam;
3479 4376 3525 4420 et
3534 4370 3857 4447 intelligam,

2261 4457 2320 4509 id
2345 4462 2457 4521 est,
2500 4441 2861 4507 intellectum
2896 4461 3094 4502 meum
3116 4448 3308 4511 ﬁgam,
3341 4446 3404 4494 in
3425 4441 3740 4521 nouissimus
3779 4458 3860 4492 eo-

2261 4545 2408 4581 rum.
2434 4514 2579 4592 Ergo
2595 4526 2668 4578 ad
2690 4523 3017 4577 habendam
3033 4532 3226 4573 rerum
3242 4514 3638 4592 temporalium
3660 4527 3859 4567 veram

2264 4590 2562 4654 scientiam
2586 4599 2702 4652 duo
2744 4602 2882 4650 sunt
2908 4596 3075 4647 nobis
3096 4593 3442 4645 necessaria.
3475 4590 3752 4651 Primum,
3803 4592 3861 4639 ut

2262 4679 2480 4727 aeterna
2491 4674 2642 4724 bono
2651 4670 2842 4723 animo
2860 4666 3301 4734 perpendamus.
3323 4660 3555 4723 Deinde,
3573 4662 3637 4734 ut
3654 4670 3860 4711 eorum

565 4703 1275 4811 ssererteéieriefsiate
1287 4720 1414 4811 iis?
1424 4703 1796 4811 3917????)
1812 4715 1965 4811 ἓξῖἓῖ
1992 4714 2164 4811 iiii?
2183 4703 2241 4778 D
2263 4703 2948 4811 ἔᾶἓῗῗαέἒέἴιὲἴῗὲἕέἅὶ
2959 4703 3862 4800 ἕόῑιτῐῐέοὶὲίῖεἶυὲἷ⁷ᾱιὶ6ἰὶιτῖ

564 4796 780 4860 tudine,
812 4795 965 4861 pleni
995 4795 1330 4847 aeternitate.
1365 4794 1513 4845 Vere
1543 4791 1623 4842 ibi
1650 4790 1780 4861 dies
1813 4786 2157 4861 plenisunt,

563 4867 663 4918 ubi
686 4858 840 4919 lucet
863 4865 951 4918 sol
964 4865 1225 4930 justitim,
1240 4864 1337 4917 ubi
1361 4864 1558 4915 divina
1576 4860 1841 4926 splendet
1859 4858 2087 4910 claritas
2103 4861 2162 4909 et

563 4943 781 4991 aeterna
820 4929 976 5003 (Sap.
1003 4936 1068 5001 5;
1101 4937 1231 4988 Mat.
1277 4936 1380 4999 4.).
1417 4933 1635 4987 Deinde
1681 4935 1887 5003 narrat
1914 4929 2162 4994 qualiter

558 5010 811 5074 primum
826 5002 1184 5072 erraverunt,
1220 5013 1280 5061 et
1302 5006 1593 5071 quomodo
1623 5002 1996 5069 postmodum
2019 5013 2159 5055 con-

559 5082 710 5134 versi
733 5086 886 5133 sunt.
919 5081 1014 5134 Ait
1034 5080 1192 5133 enim
1218 5094 1231 5129 :

624 5161 710 5216 11.
746 5162 814 5211 Et
835 5161 1113 5223 dixerunt,
1142 5156 1406 5213 videlicet
1429 5154 1733 5221 cogitando
1755 5155 1907 5207 intra
1933 5168 1996 5208 se
2026 5159 2161 5208 ante

559 5233 997 5286 conversionem
1018 5250 1033 5289 ς
1056 5231 1333 5291 Quomodo
1348 5230 1448 5277 scit
1471 5229 1610 5277 Deus
1634 5227 1732 5279 21d
1746 5232 1851 5289 est,
1868 5227 2158 5291 quomodo

557 5317 874 5371 possumus
899 5303 1062 5362 scire,
1094 5301 1247 5366 quod
1276 5302 1400 5364 ipse
1428 5301 1589 5363 sciat,
1616 5300 1770 5363 quod
1794 5301 1930 5351 boni
1954 5299 2036 5350 ita
2061 5300 2160 5350 tri-

557 5376 831 5429 bulantur
862 5378 921 5427 et
941 5371 1079 5425 mali
1108 5377 1520 5439 prosperantur
1538 5375 1564 5422 ‘t
1587 5377 1632 5421 et
1672 5372 1721 5420 si
1751 5377 1823 5422 est
1844 5372 2069 5422 scientia
2097 5371 2160 5419 in

557 5448 754 5498 excelso
775 5452 799 5497 Ρ
830 5446 888 5498 Si
916 5449 1025 5508 est,
1056 5444 1212 5507 quod
1242 5445 1362 5508 ipse
1387 5444 1548 5510 sciat,
1574 5444 1862 5507 quomodo
1895 5443 2111 5508 patitur
2134 5445 2160 5492 ‘I

556 5517 931 5584 Aposiopesis
952 5520 1061 5581 est,
1080 5514 1139 5566 id
1156 5518 1264 5574 est,
1281 5516 1539 5579 defectio,
1569 5516 1671 5567 ubi
1696 5516 1928 5567 additur
1953 5520 2017 5566 ut
2034 5525 2161 5567 ora-

558 5591 636 5643 tio
659 5590 826 5656 plene
849 5587 1223 5652 intelligatur.
1244 5588 1396 5640 Talis
1425 5594 1547 5641 erat
1572 5601 1728 5641 error
1750 5600 1964 5639 eorum.
1986 5589 2158 5638 Puta-

561 5663 702 5714 bant
716 5662 869 5714 enim
892 5662 1078 5713 Deum
1100 5673 1192 5713 res
1215 5659 1634 5724 humanas,aut
1659 5660 1902 5723 nescire,
1926 5662 2026 5711 aut
2040 5671 2159 5710 non

562 5745 781 5798 curare,
814 5745 950 5784 cum
983 5732 1393 5785 tribularentur
1426 5733 1579 5796 boni,
1615 5735 1672 5785 et
1706 5734 1978 5784 ﬂorerent
2000 5729 2153 5783 mali.

560 5804 725 5856 Unde
745 5809 804 5856 et
825 5804 1249 5868 subsequenter
1281 5802 1513 5855 dicunt:

585 5960 598 5972 .
622 5889 712 5945 12.
734 5892 863 5972 Ecce
873 5893 1305 5972 ipsi-peceatores
1320 5897 1394 5972 et
1393 5890 1731 5972 abundantes
1752 5893 1815 5943 in
1841 5893 2033 5972 seculo,
2061 5892 2158 5942 ob-

556 5963 839 6014 tinuerunt
850 5963 1089 6018 divitias.
1105 5966 1224 6029 Ego
1236 5964 1337 6029 qui
1352 5964 1473 6017 Deo
1485 5964 1695 6029 servio,
1712 5976 1850 6030 egeo
1872 5978 1887 6018 :
1903 5964 2015 6030 ipsi
2022 5977 2154 6030 pec-

2260 4803 2373 4883 que
2401 4817 2666 4882 perfecto,
2700 4803 2866 4864 facile
2895 4810 3179 4883 colligitur
3201 4809 3335 4872 quia
3357 4806 3713 4883 vanitas-est
3736 4803 3863 4864 (Ec-

2259 4873 2372 4941 cies.
2400 4873 2489 4951 1.).
2535 4873 2810 4951 quicquid
2842 4873 3230 4948 temper-aliter
3267 4881 3514 4951 amatur.
3543 4873 3697 4951 Nihil
3716 4886 3862 4951 san-

2260 4946 2825 5022 ctuarium—Dei,—nisi
2849 4946 3110 5008 divinum
3129 4951 3414 5017 judicium
3428 4946 3859 5022 valetin‘telligi,

2259 5046 2372 5098 quo
2391 5018 2719 5096 quiratione
2729 5027 3029 5088 intrat,ind
3037 5026 3322 5098 ubitanter
3332 5018 3706 5098 intelligendo
3718 5031 3859 5071 con-

2260 5089 2489 5164 siderat,
2512 5102 2648 5165 quia
2675 5100 3039 5164 omnipotens
3058 5096 3327 5160 etjustus
3344 5095 3498 5145 Deus
3518 5089 3591 5142 ad
3609 5090 3719 5142 hoc
3735 5102 3860 5153 per-

2259 5176 2438 5228 mittit
2458 5176 2660 5225 ﬂorere
2676 5171 2856 5223 malos
2872 5171 2934 5221 in
2948 5172 3057 5221 hoc
3077 5168 3290 5227 seculo,
3315 5168 3378 5217 ut
3392 5165 3704 5230 puniantur
3726 5174 3861 5225 gra-

2259 5250 2391 5301 vius
2414 5247 2475 5298 in
2492 5246 2705 5297 futuro.
2723 5244 2812 5295 Ad
2826 5242 2937 5294 hoc
2952 5243 3136 5293 bonos
3161 5239 3281 5292 vult
3299 5238 3407 5289 trib
3416 5236 3553 5288 ulari
3570 5241 3855 5298 tempora-

2259 5318 2404 5379 liter,
2420 5322 2709 5382 quatenus
2725 5315 2969 5380 purgati,
2989 5310 3359 5376 postmodum
3373 5307 3662 5382 gaudeant
3683 5310 3853 5357 teter-

2257 5380 2478 5442 naliter.
2490 5391 2520 5441 J
2527 5401 2621 5440 am
2633 5400 2766 5439 vero
2781 5390 3052 5449 tanquam
3066 5385 3166 5436 Dei
3178 5380 3569 5433 sanctuarium
3579 5381 3854 5438 ingressus,

2257 5467 2431 5525 atque
2443 5462 2521 5512 ibi
2538 5458 2910 5524 spiritualiter
2924 5456 3207 5513 eruditus,
3223 5467 3342 5505 non
3358 5451 3547 5525 solum
3570 5449 3642 5525 de
3657 5450 3853 5501 novis-

2259 5522 2439 5595 simis,
2466 5522 2596 5596 (μιξὲ
2612 5532 2911 5583 sentienda
2933 5533 3088 5592 sunt,
3106 5527 3370 5592 agnoscit
3397 5543 3409 5574 :
3426 5522 3529 5576 sed
3548 5523 3720 5596 etiam
3732 5535 3851 5586 pro-

2258 5610 2383 5671 pter
2414 5593 2588 5673 370
2639 5603 2794 5668 quod
2818 5602 2952 5653 data
2976 5606 3114 5652 sunt
3135 5599 3303 5652 malis
3326 5600 3495 5662 bona,
3521 5593 3845 5658 intelligens

2258 5678 2534 5738 insinuat,
2565 5689 2697 5729 cum
2720 5673 3024 5738 subjungit
3052 5692 3064 5721 :

2323 5746 2408 5803 18.
2450 5750 2829 5799 Verumtamen
2870 5750 3091 5809 propter
3135 5744 3280 5794 dolos
3318 5739 3546 5808 posuisti
3579 5738 3672 5800 eis,
3711 5738 3843 5788 sub-

2257 5820 2443 5884 audis,
2475 5821 2719 5884 divitias,
2744 5820 2805 5870 in
2827 5808 3042 5882 quibus
3085 5816 3401 5877 conﬁdunt,
3430 5824 3572 5876 quas
3594 5808 3841 5884 fallaciis

2256 5883 2520 5958 dolisque
2545 5883 2738 5958 adepti
2759 5894 2913 5942 sunt.
2939 5891 3066 5943 Non
3086 5888 3197 5941 hoc
3220 5888 3300 5941 ita
3322 5883 3839 5958 accipiendumest,

2255 5968 2324 6019 ut
2343 5953 2707 6032 omnipotens
2727 5964 2883 6017 Deus
2902 5962 3021 6028 (qui
3036 5962 3237 6027 justus
3258 5961 3367 6025 est,
3391 5962 3451 6012 et
3480 5957 3692 6019 bonus)
3720 5953 3839 6008 haec
