3884 6394
25 395 137 453 945
238 446 241 451 ,

1038 398 1115 451 IN
1147 396 1474 451 PSALMOS
1504 393 1715 451 LXXV
1746 396 2331 452 COMMENTARIUS.

3225 393 3333 453 946

29 510 377 589 temporalia
395 511 550 589 bona
569 512 738 589 malis
760 517 990 589 propter
1020 513 1181 589 dolos
1212 513 1511 589 ponat,_ut
1530 524 1636 589 po-
1656 513 1713 589 Α
1737 512 2209 589 demonstrantur
2232 511 2403 589 valde
2428 509 2609 589 utilia.
2624 508 2812 589 Primo
2835 507 3030 589 fervor
3042 507 3332 589 caritatis:

21 583 222 635 nendo
246 584 375 636 haac
399 584 482 634 sic
502 597 601 636 eos
618 585 881 650 decipere
897 585 1187 637 intendat:
1212 584 1311 636 sed
1338 584 1397 635 in
1420 583 1511 634 his
1534 584 1635 634 bo-

23 656 138 717 nis,
167 667 303 718 qum
344 656 490 706 bene
524 655 649 719 ipse
680 657 775 720 qui
812 658 1004 707 bonus
1042 662 1149 717 est,
1177 655 1343 705 malis
1369 654 1635 717 ponendo

26 726 251 786 tribuit,
285 726 413 790 ipsa
447 740 647 778 eorum
683 728 956 779 voluntas
998 740 1192 791 prona,
1233 730 1291 777 et
1328 738 1634 790 perversus

25 811 178 849 usus
198 798 421 861 seipsos
439 804 831 862 corrumpunt.
853 802 997 851 Nam
1013 799 1265 862 acceptis
1288 809 1322 848 a
1348 799 1498 848 bono
1516 800 1634 849 Deo

28 870 278 920 terrenis
302 870 489 930 bonis,
516 871 671 922 unde
695 872 965 922 meliores
993 873 1136 921 bene
1161 869 1554 934 dispensando
1577 873 1634 921 et

22 940 477 992 misericorditer
496 942 792 1004 largiendo
816 954 943 993 esse
967 942 1310 1000 debuerunt,
1340 941 1473 991 inde
1502 953 1635 1004 pro-

26 1012 149 1074 prio
165 1011 305 1063 vitio
330 1024 454 1063 suis
470 1013 799 1077 cupiditatis
818 1018 876 1065 et
891 1014 1179 1077 superbiai
1195 1012 1462 1074 corrupti,
1482 1010 1633 1062 falla-

25 1083 167 1144 cias,
206 1082 390 1144 dolos,
420 1084 688 1147 invidias,
724 1090 781 1136 et
812 1090 1020 1136 caetera
1056 1084 1205 1135 mala
1229 1086 1629 1135 exercuerunt.

33 1154 422 1203 Verumtamen
440 1156 661 1219 (inquit)
685 1162 904 1220 propter
920 1156 1063 1204 dolos
1082 1155 1310 1219 posuisti
1326 1155 1417 1205 eis.
1443 1157 1629 1215 Quan-

25 1237 210 1288 quam
246 1226 434 1276 dicam
470 1227 528 1279 in
564 1228 901 1278 novissimis
926 1240 1143 1287 eorum,
1171 1231 1363 1278 tamen
1400 1225 1494 1276 hic
1510 1226 1633 1287 jam

26 1296 468 1359 quodammodo
504 1299 675 1362 punis
705 1312 803 1350 eos
844 1298 1068 1349 occulto
1102 1297 1337 1361 judicio.
1376 1296 1537 1349 Unde
1576 1300 1634 1347 et

28 1366 259 1418 subdit:
284 1368 523 1431 Dejecisti
546 1384 630 1417 eos
646 1370 779 1419 dum
794 1370 1174 1419 allevarentur.
1203 1370 1331 1419 Non
1352 1367 1506 1429 dicit,
1534 1368 1632 1417 De-

20 1439 222 1501 jecisti
250 1451 369 1501 eos,
396 1440 533 1502 quia
553 1441 684 1491 elati
711 1444 873 1491 sunt:
896 1441 995 1490 sed
1019 1441 1080 1491 in
1106 1452 1172 1491 eo
1198 1439 1341 1503 ipso,
1360 1452 1471 1502 quo
1497 1443 1632 1490 sunt

27 1510 186 1571 elati,
214 1516 353 1562 sunt
377 1511 463 1576 dej
474 1512 601 1563 ecti.
627 1514 717 1563 Sic
742 1513 893 1563 enim
919 1512 1121 1569 efferri,
1136 1513 1257 1574 jam
1282 1510 1481 1561 cadere
1509 1514 1627 1560 est:

26 1587 87 1633 et
107 1588 328 1645 quanto
347 1584 534 1648 magis
551 1580 892 1638 exaltantu‘r.
919 1586 976 1634 et
992 1584 1335 1647 superbiunt
1352 1582 1628 1644 exterius,

26 1656 196 1704 tanto
219 1655 408 1718 magis
433 1660 803 1707 excaecantur
818 1655 1080 1705 interius.
1117 1656 1238 1715 Quo
1273 1652 1404 1715 plus
1428 1664 1633 1703 ascen-

26 1726 201 1783 dunt,
219 1738 286 1776 eo
312 1727 561 1791 amplius
586 1726 1076 1789 quemadmodum
1101 1724 1292 1776 fumus
1307 1730 1629 1772 evanescunt.

26 1796 198 1849 Unde
221 1802 280 1848 et
313 1798 651 1849 admirando
675 1797 940 1863 adjungit
963 1814 973 1845 :

96 1866 184 1920 19.
222 1869 493 1926 Quomodo
517 1870 648 1932 facti
663 1875 789 1918 sunt
814 1870 874 1917 in
899 1867 1275 1917 desolationem
1299 1869 1324 1917 .9
1348 1864 1458 1918 Ubi
1477 1864 1633 1915 enim

1734 585 1939 636 deinde
1974 585 2332 637 mortificatio
2369 583 2600 637 carnis:
2644 581 3017 646 postmodum
3064 581 3333 646 perfectio

1730 656 2090 707 humilitatis.
2116 659 2180 707 In
2204 669 2374 708 versu
2390 667 2526 706 vero
2551 650 2651 716 qui
2676 652 2959 716 sequitur,
2980 650 3115 713 duo,
3141 651 3199 703 id
3223 656 3330 714 est,

1733 727 2076 791 obedientia,
2120 731 2177 779 et
2219 722 2655 790 perseverantia,
2701 720 3196 781 commendantur.
3237 722 3335 774 Ait

1733 810 1887 849 enim
1915 815 1926 848 ε

1793 868 1879 923 “23.
1915 870 1978 919 Ut
1993 869 2306 933 jumentum
2329 868 2504 931 factus
2517 881 2640 916 sum
2666 865 2817 931 apud
2840 868 2902 923 te,
2929 866 2977 911 et
3013 877 3105 926 ego
3127 877 3335 926 semper

1733 944 1919 991 tecum.
1939 942 2121 992 leix
2134 942 2342 1000 anima,
2362 951 2494 1002 quas
2515 942 2705 1003 potest
2717 948 2848 989 esse
2856 936 3187 999 iumentum
3207 934 3331 996 Dei,

1729 1016 1795 1062 ut
1811 1025 1911 1075 pro
1929 1014 2056 1075 ejus
2080 1025 2276 1063 amore
2291 1014 2611 1072 mansueta,
2631 1014 2686 1060 et
2701 1008 2856 1059 mitis
2876 1006 3068 1075 omnia
3085 1004 3333 1056 libenter

1732 1074 1891 1145 ferat,
1911 1074 2104 1134 omnia
2123 1083 2401 1147 patienter
2414 1081 2698 1132 sustineat
2723 1078 2789 1142 (1.
2812 1079 2931 1129 Cor.
2946 1074 3056 1140 13.)
3070 1091 3083 1128 :
3110 1080 3170 1129 et
3184 1076 3338 1129 sicut

1730 1154 1876 1205 bene
1893 1155 2086 1217 ccepit,
2102 1154 2183 1205 ita
2200 1166 2426 1216 semper
2449 1151 2725 1215 proﬁciat,
2743 1150 2801 1199 in
2816 1148 3110 1213 proposito
3130 1151 3334 1199 sancto

1732 1237 1958 1289 semper
1972 1239 2105 1276 cum
2119 1228 2234 1277 Deo
2245 1228 2575 1289 permaneat
2585 1222 2682 1284 ita,
2696 1222 2760 1273 ut
2775 1220 2847 1272 ab
2865 1235 2921 1268 eo
2934 1221 3092 1268 nullis
3107 1220 3333 1267 tentatio-

1731 1296 1905 1347 nibus
1923 1301 2235 1361 separetur,
2250 1295 2425 1347 nullis
2441 1292 2894 1347 adversitatibus
2904 1294 3163 1338 moveatur
3181 1303 3193 1339 :
3208 1304 3337 1350 qua-

1733 1371 1902 1418 tenus
1948 1367 2227 1419 veraciter
2256 1367 2440 1431 possit
2477 1366 2683 1425 dicere,
2708 1367 2753 1412 et
2790 1376 2882 1425 ego
2909 1375 3115 1424 semper
3144 1364 3336 1431 tecum.

1730 1438 1882 1488 Talis
1910 1444 2032 1489 erat
2054 1429 2285 1500 Paulus,
2311 1450 2443 1488 cum
2476 1449 2538 1488 se
2560 1434 2872 1487 afﬁrmaret
2894 1431 3071 1483 nullis
3098 1429 3336 1482 tribula-

1728 1510 2001 1571 tionibus,
2020 1510 2199 1561 nullis
2213 1508 2517 1573 angustiis,
2533 1506 2695 1559 nulla
2709 1505 2943 1557 demum
2955 1508 3218 1555 creatura
3246 1514 3335 1554 se-

1730 1582 1914 1645 parari
1938 1594 2106 1645 posse
2128 1594 2161 1632 a
2185 1582 2418 1633 caritate
2433 1579 2555 1640 Dei,
2581 1589 2715 1641 quae
2743 1576 2913 1628 estin
2934 1574 3165 1645 Christo
3188 1575 3337 1645 .Iesu

1732 1642 1899 1713 (Rom.
1926 1642 2015 1714 8.).
2044 1654 2112 1702 Et
2144 1664 2218 1703 ne
2243 1652 2354 1702 hoc
2394 1650 2515 1701 suis
2545 1649 2762 1700 viribus
2798 1644 3083 1697 ascribere
3106 1642 3337 1695 videre-

1731 1727 1840 1784 tur,
1868 1724 2109 1786 gratiam
2141 1723 2243 1774 Dei
2272 1720 2639 1773 commendat
2664 1718 2860 1769 dicens
2887 1734 2898 1764 :

1792 1784 1892 1845 ‘24.?
1923 1794 2159 1842 Tenuiin
2184 1808 2416 1842 manum
2454 1792 2729 1840 dexteram
2754 1802 2949 1846 meam,
2979 1790 3025 1835 et
3058 1787 3120 1834 in
3142 1784 3340 1835 volun-S

1736 1867 1839 1911 tate
1856 1868 1949 1912 tua
1968 1865 2240 1913 deduxisti
2265 1879 2367 1923 me,
2384 1866 2428 1911 et
2448 1876 2573 1911 cum
2595 1860 2773 1923 gloria
2797 1856 3070 1921 suscepisti
3090 1870 3193 1906 me.
3218 1856 3340 1906 Ma-

31 1924 326 2001 superbia,
343 1941 421 1991 ibi
439 1924 733 1992 desolatio.
754 1942 900 1992 Nam
916 1940 1053 1991 dum
1072 1951 1234 1989 mens
1249 1936 1542 1989 extollitur
1559 1936 1630 1986 ab
1661 1924 1714 1998 B
1736 1947 1880 1985 num
1906 1947 2074 1987 suam
2091 1936 2229 1987 dicit
2250 1947 2424 1999 opera
2440 1945 2563 1984 sua.
2581 1934 2906 1991 Dexteram,
2932 1931 3161 2001 propter
3180 1930 3343 2001 aeter-

31 2010 193 2060 omni
211 2010 445 2075 virtute,
468 2014 540 2062 ab
565 2012 720 2063 omni
744 2012 935 2062 fructu
958 2010 1093 2061 boni
1118 2008 1306 2073 operis
1332 2010 1632 2057 vacuatur.

32 2084 249 2144 Magna
264 2095 496 2146 quoque
519 2083 798 2135 desolatio
824 2087 930 2143 est,
950 2082 1048 2133 ubi
1073 2084 1228 2133 Deus
1249 2092 1365 2131 non
1390 2084 1480 2130 est
1508 2090 1638 2141 pro-

31 2158 162 2216 pter
176 2154 331 2216 quod
348 2160 407 2206 et
426 2153 610 2204 Subito
632 2155 949 2216 defecerunt.
972 2154 1172 2205 Subito
1189 2152 1537 2203 amittuntur
1554 2152 1641 2197 ho-

29 2237 209 2275 nores
236 2241 249 2275 :
276 2226 387 2277 cito
425 2227 710 2277 amittitur
734 2225 1019 2290 potentia:
1060 2224 1250 2275 subito
1285 2222 1442 2274 venit
1475 2221 1638 2270 dam-

30 2308 200 2357 num,
224 2297 499 2360 quicquid
513 2298 899 2361 temporaliter
914 2295 1262 2359 possidetur,
1289 2293 1482 2344 subito
1498 2304 1637 2343 eva-

32 2372 260 2419 cuatur.
302 2369 440 2419 Inde
480 2369 551 2421 de
581 2369 834 2432 quodam
866 2368 1156 2419 invenitur
1190 2366 1245 2415 in
1287 2363 1594 2427 Evangelio
1622 2377 1634 2412 :

33 2440 240 2503 Stulte,
266 2440 373 2491 hac
398 2445 565 2492 nocte
589 2442 783 2492 anima
814 2445 912 2490 tua
937 2438 1169 2490 tolletur
1198 2450 1232 2488 a
1255 2442 1310 2487 te
1337 2437 1476 2499 (Luc.
1503 2434 1634 2497 ‘21.).

34 2515 104 2563 Et
128 2516 434 2576 postquam
459 2513 809 2576 defecerunt,
834 2511 1117 2560 Perierunt
1137 2513 1353 2573 propter
1375 2508 1637 2570 iniquita-

34 2590 140 2632 lem
156 2599 335 2635 suam.
356 2580 476 2635 Hoc
488 2586 607 2648 jam
627 2597 781 2649 saepe
797 2582 1055 2645 contigit,
1081 2586 1139 2632 et
1155 2579 1409 2643 quotidie
1424 2578 1639 2649 contiu-

33 2656 138 2718 git.
166 2656 321 2706 Talis
347 2660 437 2706 est
476 2656 693 2707 fructus
718 2648 1081 2706 divitiarum.
1112 2655 1249 2702 Haec
1284 2654 1422 2700 sunt
1444 2648 1639 2699 novis-

35 2729 207 2786 sima,
226 2739 360 2790 qua;
376 2727 659 2791 intelligit,
687 2726 787 2789 qui
802 2726 862 2776 in
886 2725 989 2775 Dei
1006 2722 1398 2774 sanctuarium
1414 2722 1634 2769 intravit.

36 2802 273 2861 Propter
297 2798 662 2862 iniquitatem
687 2810 852 2849 suam
878 2799 1138 2861 pereunt,
1166 2794 1263 2857 qui
1288 2798 1514 2862 terrena
1537 2804 1639 2842 cu-

35 2871 286 2935 pierunt,
308 2861 416 2933 qui
430 2871 491 2921 in
507 2870 777 2935 superbia
798 2871 1171 2931 evanuerunt,
1187 2865 1283 2929 qui
1300 2865 1359 2915 in
1376 2861 1640 2927 volupta-

26 2943 197 2992 tibus
228 2943 351 2994 suis
391 2946 668 3006 tanquam
706 2953 931 3005 semper
958 2938 1183 2994 victuri.
1217 2935 1454 2988 radicati
1482 2939 1637 2986 sunt.

39 3014 147 3066 Ubi
174 3013 355 3078 gloria
368 3014 595 3065 illorum
623 3017 650 3064 ‘?
674 3014 773 3065 ubi
788 3012 1074 3078 potentia?
1100 3009 1199 3061 ubi
1223 3020 1356 3072 pax,
1382 3007 1478 3059 ubi
1496 3006 1641 3057 divi-

39 3085 257 3136 tiarum
282 3085 632 3136 abundantia
649 3087 676 3135 εἴ

106 3155 195 3211 20.
232 3156 380 3206 Velut
403 3158 680 3206 somnium
704 3154 1060 3219 surgentium.
1088 3152 1179 3205 Sic
1202 3149 1396 3201 omnia
1418 3147 1635 3200 defece-

40 3233 197 3279 runt.
226 3230 341 3279 Fac
366 3227 658 3279 hominem
678 3227 782 3290 (Εω
804 3226 1049 3289 August.)
1074 3224 1132 3275 in
1152 3221 1372 3273 somnis
1402 3232 1465 3271 se
1488 3219 1640 3271 inve-

1738 2018 1874 2057 nam
1891 2008 2093 2059 vitam.
2122 2009 2248 2059 Non
2272 1996 2424 2057 enim
2447 2016 2549 2068 pro
2574 2000 2816 2054 terrenis
2839 1998 3202 2065 operabatur,
3233 1996 3337 2049 sed

1737 2090 1839 2141 pro
1868 2078 2121 2130 aeternis.
2151 2079 2334 2129 Juxta
2358 2075 2512 2140 quod
2536 2074 2815 2137 scriptum
2843 2074 2933 2122 est
2959 2084 2972 2120 :
3001 2068 3237 2141 Nesciet
3254 2068 3339 2141 si-

1736 2138 1918 2201 nistra
1956 2154 2071 2211 tua,
2108 2149 2246 2212 quid
2278 2138 2449 2198 faciat
2484 2145 2720 2196 dextera
2744 2146 2843 2193 tua
2867 2141 3076 2212 (Matth.
3104 2138 3193 2202 6.).
3224 2139 3341 2212 Nec

1736 2220 1845 2272 hoc
1870 2210 2112 2272 faciebat
2127 2210 2347 2271 viribus
2369 2217 2513 2280 suis,
2532 2214 2635 2267 sed
2653 2214 2884 2265 tenebat
2905 2214 2964 2263 et
2975 2210 3340 2280 gubernabat

1733 2292 1829 2343 ille
1854 2292 1951 2354 qui
1968 2292 2070 2342 ait:
2091 2291 2220 2342 Sine
2245 2302 2336 2341 me
2359 2277 2508 2339 nihil
2526 2283 2770 2350 potestis
2794 2284 2976 2335 facere
3009 2277 3334 2354 (Joan.15._).

1736 2350 1993 2425 Quadam
2007 2362 2099 2414 hic
2111 2360 2486 2413 similitudine
2504 2356 2778 2420 loquitur.
2792 2354 2949 2425 Sicut
2965 2350 3337 2425 enimaliquis

1736 2423 1894 2500 puer,
1928 2435 2017 2485 vel
2057 2434 2322 2485 infirmus
2355 2445 2453 2496 per
2485 2443 2547 2481 se
2568 2429 2649 2500 ire
2680 2440 2801 2500 non
2820 2424 2993 2488 valet,
3015 2423 3134 2500 nisi
3159 2434 3339 2500 manu

1737 2497 2025 2559 teneatur:
2042 2506 2123 2556 sic
2142 2510 2300 2557 tanta
2315 2509 2405 2555 est
2427 2499 2785 2553 imbecillitas
2802 2501 3019 2557 nostra,
3042 2498 3110 2546 ut
3122 2497 3175 2542 in
3189 2497 3340 2542 bono-

1737 2591 1836 2641 per
1860 2591 1922 2628 se
1946 2577 2220 2641 proficere
2243 2575 2480 2626 minime
2498 2571 2699 2632 valeat,
2724 2568 2837 2620 nisi
2860 2579 3000 2641 eam-
3008 2565 3213 2641 divina
3229 2563 3340 2616 vir-

1737 2635 1831 2700 tus
1857 2635 2082 2712 semper
2098 2651 2291 2699 teneat
2312 2649 2371 2697 et
2397 2644 2602 2696 trahat.
2621 2642 2711 2692 Me
2734 2650 2964 2703 quoque
2985 2635 3336 2712 (inquitlpo-

1738 2721 1913 2771 situm
1927 2706 2296 2771 in'voluntate
2310 2722 2410 2769 tua
2420 2713 2728 2780 implenda,
2741 2716 3120 2780 utnunquam
3132 2706 3339 2780 faciam

1738 2791 1852 2842 nisi
1875 2791 2029 2854 quod
2056 2796 2119 2843 tu
2141 2789 2407 2848 volueris,
2432 2777 2731 2843 deduxisti
2753 2782 2824 2833 de
2845 2781 3055 2854 virtute
3077 2777 3340 2854 invntu-

1742 2849 1979 2913 temz-et
2014 2861 2270 2924 tandem,
2303 2874 2426 2909 cum
2468 2857 2646 2922 gloria
2684 2852 2960 2917 suscepisti
2999 2865 3101 2910 me,
3128 2849 3194 2924 id
3229 2853 3339 2924 est,

1740 2933 2019 2997 suscipies
2043 2946 2154 2985 me.
2186 2919 2368 2984 Fcelix
2399 2919 2489 2982 est
2521 2928 2616 2980 illa
2639 2925 2851 2997 anima,
2884 2933 3019 2997 qua)
3048 2919 3340 2997 voluntati

1737 3004 1840 3056 Dei
1873 2990 2097 3069 semper
2133 3006 2222 3056 est
2262 3002 2513 3063 subdita,
2550 3004 2611 3051 ut
2643 2996 2787 3069 illud
2816 2990 3172 3069 v_elit,_quod
3213 2990 3340 3069 vult

1737 3077 1898 3128 Deus
1923 3088 1935 3124 :
1962 3061 2021 3126 et
2038 3074 2178 3126 illud
2199 3074 2483 3138 reprobet,
2503 3061 2665 3135 'quod
2686 3065 2953 3138 reprobat
2974 3064 3131 3114 Deus
3156 3061 3339 3138 :etse

1740 3149 1918 3198 totam
1934 3146 2013 3197 ita
2034 3146 2158 3197 sine
2174 3130 2292 3196 ulla
2313 3130 2761 3195 contradictione
2781 3134 2998 3187 divinae
3017 3130 3339 3184 committat

1738 3218 2041 3281 voluntati,
2068 3221 2134 3267 ut
2149 3214 2423 3280 quicquid
2440 3210 2702 3269 voluerit,
2724 3212 3006 3281 tanquam
3027 3202 3340 3281 dejumento

38 3301 168 3351 nire
193 3300 516 3352 thesauros.
536 3272 757 3363 Pauper
780 3272 1126 3369 dormierat:
1153 3272 1213 3345 in
1236 3292 1455 3343 somnis
1475 3291 1641 3341 dives
1671 3292 1721 3369 ρ
1744 3302 1847 3340 suo
1870 3272 2039 3369 faciat
2063 3272 2218 3369 :quo
2241 3272 2504 3366 voluerit,
2535 3283 2728 3369 ducat.
2762 3280 3057 3369 Ducturiirs
3079 3278 3168 3326 est
3189 3272 3345 3369 enim

39 3377 151 3434 est,
172 3372 275 3423 sed
293 3372 474 3422 donec
485 3343 730 3433 evigilat.
749 3369 1072 3433 Evigilavit,
1088 3343 1643 3417 inveniteerumnam
1672 3343 1721 3369 υ
1744 3363 1899 3413 Deus
1919 3358 2099 3434 talem
2112 3343 2381 3434 animam
2413 3357 2473 3407 in
2494 3343 2746 3434 gloriam
2769 3361 2953 3401 suam.
2984 3348 3137 3434 lec‘
3160 3343 3348 3434 gloria

42 3456 234 3506 suam,
261 3454 435 3506 quam
460 3442 755 3493 dimiserat
788 3440 1091 3491 dormiens.
1120 3440 1190 3489 Et
1225 3436 1323 3487 isti
1351 3434 1644 3506 miseriam

45 3503 237 3577 suam,
251 3503 423 3577 quam
439 3514 548 3564 sibi
563 3512 1051 3577 comparaverant,
1074 3508 1372 3559 invenient
1386 3517 1517 3556 cum
1540 3503 1647 3555 evi-

43 3586 374 3649 gilaverint.
400 3585 574 3646 Quasi
605 3585 758 3635 enim
790 3582 963 3634 modo
987 3581 1280 3632 dormiunt
1303 3579 1363 3629 in
1390 3580 1644 3642 peccato,

43 3648 185 3707 dum
202 3656 508 3719 tranquille
524 3656 745 3719 vivunt,
763 3655 906 3706 dum
922 3657 1218 3703 venturam
1235 3648 1525 3701 miseriam
1542 3662 1645 3695 non

40 3728 366 3780 attendunt.
383 3727 807 3791 Compellentur
821 3726 1205 3790 postmortem
1221 3721 1508 3786 evigilare,
1532 3733 1645 3768 cum

42 3801 115 3850 de
140 3799 349 3862 seipsis
366 3799 643 3863 incipient
657 3798 937 3848 rationem
962 3795 1215 3847 reddere.
1247 3794 1311 3842 Et
1329 3796 1465 3843 tunc
1488 3802 1648 3863 vera:-

40 3872 183 3922 citer
206 3870 475 3922 deficient
488 3861 547 3921 et
562 3870 844 3934 peribunt,
865 3866 1099 3930 quando
1114 3865 1191 3915 im
1201 3863 1460 3926 plebitur,
1490 3861 1646 3925 quod

41 3942 402 3994 subinfertur
427 3960 437 3990 :
466 3942 712 4001 Domine,
740 3942 800 3989 in
825 3939 1033 3988 civitate
1067 3943 1163 3985 tua
1186 3935 1484 3996 imaginem
1509 3935 1648 3998 ipso-

41 4030 171 4063 rum
194 4014 268 4062 ad
292 4013 537 4062 nihilum
552 4012 771 4075 rediges.
801 4013 1003 4062 Nonne
1020 4007 1177 4070 digni
1199 4010 1338 4056 sunt
1359 4005 1487 4057 haec
1510 4004 1647 4068 pati,

39 4090 107 4137 ut
123 4088 282 4136 Deus
298 4084 356 4135 in
381 4086 607 4136 civitate
625 4096 731 4135 sua
754 4082 1034 4147 imagines
1066 4080 1319 4143 ipsorum
1337 4079 1397 4125 ad
1424 4078 1648 4123 nihilum

40 4157 288 4221 redigat,
303 4156 440 4219 quia
455 4160 513 4207 et
528 4156 635 4219 ipsi
650 4156 708 4205 in
719 4154 951 4205 civitate
970 4164 1078 4203 sua
1094 4156 1320 4201 terrena
1338 4147 1651 4221 imaginem

40 4229 147 4281 Dei
170 4218 245 4278 ad
261 4218 505 4278 nihilum
532 4218 918 4289 redegerunt?
937 4223 1037 4274 Vel
1062 4218 1393 4272 transitoria
1416 4218 1566 4289 bona
1593 4220 1652 4289 et

42 4306 339 4351 terrenam
376 4297 618 4362 gloriam
656 4287 764 4347 dici
793 4307 991 4346 eorum
1016 4292 1349 4356 imaginem,
1375 4288 1513 4351 quia
1541 4287 1650 4362 etsi

40 4384 161 4423 non
186 4370 348 4431 dant,
373 4359 563 4421 tamen
588 4368 935 4433 promittunt
959 4362 1394 4416 beatitudinem.
1421 4362 1559 4421 Quae
1592 4359 1648 4410 in

42 4444 283 4496 civitate
308 4442 411 4493 Dei
436 4442 509 4494 ad
534 4440 781 4492 nihilum
804 4438 1159 4501 rediguntur,
1186 4433 1396 4498 quiain
1422 4433 1653 4482 sancto-

41 4529 177 4568 rum
196 4514 490 4574 cordibus,
515 4513 614 4575 qui
632 4516 770 4563 sunt
785 4511 884 4562 Dei
901 4510 1125 4569 civitas,
1147 4509 1266 4558 tota
1281 4505 1413 4575 hate
1429 4508 1654 4575 terrena

43 4588 229 4651 gloria
257 4590 316 4638 et
365 4572 583 4637 divitias
618 4597 718 4649 pro
750 4581 928 4634 nihilo
970 4582 1339 4651 reputantur._
1378 4572 1542 4651 37|_
1580 4575 1654 4651 βε

43 4644 220 4723 quasi
241 4656 375 4721 quis
398 4644 640 4707 diceret?
670 4655 714 4705 Ο
741 4659 804 4705 tu
828 4652 1047 4717 Asaph,
1065 4649 1218 4702 unde
1243 4645 1547 4723 tibi,_quod
1576 4644 1657 4695 ita

1747 3432 1964 3482 sanctis
1977 3434 2334 3495 praeparatur
2352 3428 2412 3479 in
2425 3414 2584 3486 caelo,
2606 3434 2737 3487 qua
2758 3433 2897 3473 vere
2920 3418 3067 3471 mira
3084 3419 3143 3470 et
3157 3414 3348 3467 ineffa-

1744 3502 1875 3554 bilis
1900 3506 2006 3554 est.
2030 3502 2195 3554 Unde
2223 3500 2517 3551 admirans
2540 3496 2620 3548 ait
2647 3509 2660 3546 :

1807 3573 1895 3627 25.
1921 3574 2064 3632 Quid
2085 3575 2233 3622 enim
2255 3572 2401 3621 mihi
2422 3575 2496 3619 est
2517 3569 2580 3618 in
2603 3565 2722 3617 caelo
2747 3568 2771 3616 ?
2799 3563 2867 3615 Et
2899 3559 3071 3626 ccepit
3094 3558 3347 3632 cogitare

1747 3628 2293 3707 fcelicitatemipsam
2313 3640 2625 3697 caelestem,
2652 3640 2711 3687 et
2732 3644 3074 3707 arguere-se,
3088 3628 3234 3707 quia
3249 3634 3349 3678 ter-

1744 3727 1887 3766 rena
1915 3700 2340 3777 desideraverit,
2366 3712 2564 3763 dicens
2590 3723 2603 3759 :
2630 3708 2699 3757 Et
2727 3709 2831 3756 ate
2859 3702 2995 3777 quid
3016 3700 3349 3777 voluisuper

1747 3791 1945 3835 terram
1972 3790 1996 3837 .9
2028 3771 2394 3847 Comparavit
2442 3782 2549 3844 (Ea:
2602 3780 2854 3841 August,
2900 3771 3195 3847 voluntati
3219 3781 3347 3847 sum

1748 3862 2013 3921 terrenae,
2048 3840 2370 3921 praemium,
2407 3840 2559 3916 quod
2595 3850 2941 3921 accepturus
2964 3846 3062 3921 est
3094 3840 3346 3921 caeleste:

1750 3926 1924 3996 372
1957 3909 2129 3987 Vidit,
2157 3925 2295 3990 quid
2322 3909 2400 3975 ibi
2421 3909 2752 3996 servaretur
2779 3915 2908 3996 sibi,
2925 3910 3266 3996 etc-agitans
3288 3909 3349 3996 et

1749 3984 2004 4053 {esti-laus
2015 4000 2076 4050 in
2091 3984 2435 4059 cogitatione
2451 3990 2754 4056 cujusdam
2776 3986 2856 4039 rei
2878 3984 3346 4059 ineii‘abilis,_quam

1748 4084 1855 4124 nec
1880 4071 2083 4123 oculus
2099 4053 2261 4131 vidit,
2280 4080 2386 4119 nec
2402 4053 2554 4116 auris
2579 4059 2818 4131 audivit,
2844 4069 2957 4131 nec
2973 4055 3037 4131 in
3058 4065 3155 4131 cor
3177 4053 3347 4131 hami:

1749 4122 1845 4195 nisi
1865 4122 2126 4195 ascendit
2148 4139 2191 4205 (1
2203 4175 2215 4188 .
2239 4122 2359 4189 Cor.
2375 4135 2469 4199 2.):
2490 4147 2611 4186 non
2627 4130 2795 4205 dixit,
2816 4125 2963 4205 Illud
2980 4122 3345 4205 etAillu‘dniihi

1751 4192 1841 4268 est
1862 4192 1925 4267 in
1943 4192 2090 4268 res
2114 4192 2127 4265 ξ
2150 4192 2268 4264 ‘sed
2305 4192 2441 4274 quid
2476 4205 2619 4255 mihi
2643 4209 2715 4253 est
2757 4192 2820 4251 in
2843 4198 2960 4249 casto
2983 4198 3008 4247 ς
3027 4194 3176 4274 Quid
3206 4192 3348 4274 mea

1751 4264 1843 4340 est
1863 4264 2210 4351 2{Qua—ritum
2244 4264 2334 4334 est
2350 4284 2376 4333 ?
2401 4278 2577 4343 Quale
2589 4280 2691 4351 est
2701 4275 2820 4351 ?_Et
2841 4282 2975 4323 cum
2996 4270 3236 4351 tantum
3252 4264 3348 4351 sit,

1751 4338 1901 4424 quod
1923 4338 2106 4411 habeo
2131 4358 2191 4409 in
2210 4355 2369 4418 caelo,
2390 4338 2486 4403 a'te
2502 4348 2637 4415 quid
2656 4345 2803 4396 volui
2821 4357 2982 4424 super
2998 4340 3236 4424 terram?
3250 4338 3349 4385 Cur

1750 4411 2012 4493 unquam
2028 4433 2255 4482 terrena
2273 4411 2465 4480 volui?
2484 4411 2597 4474 Cur
2610 4428 2863 4493 unquam
2877 4411 3159 4493 transitoria
3171 4422 3351 4489 concu-

1754 4482 1871 4567 pivi
1898 4504 1925 4551 ‘2
1959 4502 2165 4553 Servas
2185 4497 2406 4564 (inquit)
2431 4493 2573 4546 mihi
2612 4489 2761 4567 tuin
2799 4484 2939 4567 caelo
2974 4482 3349 4567 divitias-im;-

1756 4546 2053 4634 Edim};
2076 4546 2364 4634 iéiﬁéﬁﬁf:
2378 4546 2452 4618 flet
2474 4576 2580 4629 ego
2603 4558 2763 4613 volui
2785 4570 2821 4609 a
2846 4558 2902 4634 te
2925 4554 2986 4606 in
3008 4557 3166 4634 terra,
3193 4546 3349 4634 quod

1756 4621 1992 4695 habent,
2013 4621 2070 4694 et
2105 4621 2283 4705 impii,
2326 4621 2547 4690 scilicet
2583 4643 2790 4686 aurum
2829 4631 2890 4705 et
2910 4627 3234 4705 argentum.

40 4691 641 4794 ibﬁiﬁ‘suiiﬁi
668 4691 1504 4786 tantusr‘ei‘umutemporalium
1528 4728 1655 4768 con-
1675 4714 1733 4788 D
1756 4691 1898 4794 dum
1910 4691 2519 4794 cini-estia‘admiratur
2539 4707 2650 4758 iste
2675 4700 2890 4785 Asaph,
2915 4701 2973 4750 et
2999 4691 3352 4794 terrgn'aafie:

45 4802 307 4867 temptus
337 4804 360 4848 ἰ’
383 4801 461 4851 ait
492 4814 503 4850 :

106 4860 198 4927 21..
224 4872 365 4932 Quia
386 4871 793 4935 inflammatum
811 4871 880 4917 est
895 4882 986 4916 cor
1001 4880 1200 4915 meum.
1222 4864 1366 4914 Nam
1382 4860 1654 4925 quoniam

39 4947 178 5010 igne
206 4944 394 4995 sancti
414 4943 661 5007 Spiritus
681 4943 1010 4991 sanctorum
1032 4937 1205 4989 corda
1227 4946 1480 5010 accensa
1496 4936 1667 5010 sunt,’

40 5002 190 5068 nihil
207 5015 321 5065 nisi
335 5002 653 5079 spiritualia
669 5012 995 5063 desiderare
1007 5012 1269 5072 possunt.
1288 5006 1435 5079 Hinc
1448 5002 1656 5055 Paulus

42 5089 345 5150 admonet,
366 5077 609 5138 dicens:
655 5083 865 5147 Spiritu
911 5082 1220 5143 ferventes,
1261 5077 1505 5128 Domino
1537 5087 1658 5150 ser-

43 5160 282 5212 vientes
315 5145 485 5224 (Rom.
515 5156 639 5219 19.).
668 5145 735 5207 Et
757 5155 1031 5217 quoniam
1062 5152 1162 5203 Dei
1185 5162 1346 5224 amor
1369 5145 1655 5224 carnalem

45 5217 342 5283 consumit
360 5217 738 5294 voluptatem,
757 5230 907 5277 recte
927 5222 1229 5289 subjungit
1252 5239 1262 5269 :
1291 5221 1357 5294 Et
1379 5233 1529 5268 renes
1552 5217 1658 5266 mei

45 5303 374 5353 commutati
395 5292 542 5358 sunt,
563 5302 620 5353 id
645 5304 753 5363 est,
776 5298 1034 5350 carnales
1059 5292 1470 5348 delectationes
1498 5302 1657 5342 com-

46 5378 300 5429 mutata
325 5378 382 5425 et
406 5372 632 5425 ablatae.

111 5446 202 5500 ‘22.
232 5446 302 5494 Et
317 5460 409 5510 ego
434 5446 507 5493 ad
530 5443 775 5493 nihilum
791 5441 1037 5490 redactus
1059 5451 1200 5495 sum,
1224 5436 1525 5510 abnegans
1546 5443 1660 5510 me-

48 5504 370 5581 metipsum
399 5519 495 5567 :Et
524 5515 737 5576 nescivi,
761 5513 817 5563 id
843 5516 951 5575 est,
976 5522 1076 5574 pro
1092 5508 1384 5560 nesciente
1408 5509 1471 5581 et_
1483 5504 1660 5581 stulto

50 5603 145 5641 me
164 5574 365 5640 habui.
395 5588 541 5639 Hinc
558 5574 795 5637 Paulus:
813 5585 864 5634 Si
887 5582 1019 5646 quis
1036 5581 1264 5633 videtur
1281 5590 1410 5629 esse
1424 5574 1660 5637 aliquid,

50 5675 184 5713 cum
223 5659 369 5712 nihil
402 5660 515 5710 sit:
552 5660 675 5720 ipse
710 5669 771 5707 se
807 5654 1029 5705 seducit
1060 5652 1249 5717 (Galat.
1286 5650 1376 5713 6.).
1415 5647 1661 5699 Divinus

51 5733 268 5797 quippe
302 5744 482 5793 amor,
519 5742 652 5780 curn
690 5726 936 5792 perfecte
973 5727 1223 5775 mentem
1261 5725 1523 5797 occupat,
1558 5729 1664 5797 vo:-

53 5787 332 5869 luptuosa
363 5787 649 5854 desideria
672 5787 937 5864 protinus
970 5796 1235 5869 devastat
1260 5808 1284 5869 :_
1306 5797 1364 5869 et
1392 5787 1664 5869 qiiicquid

53 5864 284 5928 carnale
309 5875 552 5938 invenit,
570 5877 759 5924 totum
790 5866 1070 5921 adnihilat
1087 5871 1143 5916 et
1168 5864 1393 5938 occidit.
1420 5864 1578 5911 Fortis
1595 5866 1666 5907 est

54 5947 310 6004 dilectio.
343 5948 407 5998 ut
435 5934 593 5996 mors
618 5944 794 6004 (Cant.
822 5940 913 6003 8.).
939 5938 1071 5990 Tria
1093 5936 1260 5990 nobis
1282 5935 1343 5987 in
1365 5934 1475 5986 hoc
1494 5944 1669 5984 versu

1759 4764 1944 4852 spicit,
1963 4764 2114 4836 inter
2127 4787 2420 4852 utrunque
2436 4789 2676 4852 versans
2687 4764 2963 4830 animum,
2976 4764 3352 4852 semetipsum

1757 4838 2089 4924 paenitendo
2102 4838 2353 4918 graviter
2363 4850 2584 4924 afﬂigit,
2599 4853 2900 4924 totumque
2914 4838 3353 4924 Sacen-tempus

1755 4910 2141 4990 interioribus,
2165 4926 2237 4978 ad
2273 4910 2749 4987 superio'rarapit.
2776 4914 2947 4990 Unde
2960 4916 3019 4990 et
3041 4910 3203 4961 dicit:
3243 4989 3246 4990 ν

1817 5000 1905 5054 26.
1932 4984 2139 5062 ΟεῙεσὶί
2159 5010 2285 5045 caro
2308 4984 2447 5050 mea,
2481 4996 2526 5039 et
2563 5005 2653 5062 cor
2680 5001 2880 5062 meum.
2903 4984 3118 5062 Totum
3145 4990 3207 5061 se
3233 4984 3352 5062 spi-

1755 5050 2019 5125 ritualem
2038 5068 2337 5129 sanctique
2359 5062 2593 5127 spiritus
2613 5060 2747 5124 igne
2758 5059 3098 5129 ﬂagrantem
3106 5050 3353 5129 insinuat,

1758 5120 2098 5196 dumcarnis
2116 5120 2498 5200 concupiscen
2505 5132 2613 5183 tias
2625 5120 2683 5182 et
2693 5120 3354 5200 pristinascogitationes

1758 5195 1817 5268 in
1830 5229 1888 5266 se
1905 5212 2184 5266 defecisse
2202 5195 2562 5273 pronunciat._
2574 5204 2715 5273 Caro
2738 5201 2938 5273 nostra
2953 5195 3162 5273 deﬁcit,
3177 5202 3360 5273 quani-

1758 5264 1851 5339 de
1862 5264 1943 5337 sic
1958 5264 2062 5348 per
2090 5264 2335 5345 rigorem
2365 5271 2686 5348 disciplina:
2696 5267 3123 5348 constringitur,
3150 5264 3354 5348 utjam

1759 5332 1989 5423 spiritui
2007 5332 2271 5406 reluctari
2287 5360 2406 5400 non
2429 5332 2630 5423 possit.
2651 5342 2757 5393 Cor
2778 5338 2952 5422 etiam
2970 5340 3231 5418 nostrum
3254 5332 3357 5423 de-

1758 5408 1968 5481 iectum
1986 5426 2217 5491 patitur,
2234 5431 2365 5473 cum
2376 5408 2645 5469 veluntas
2657 5408 3197 5491 propriaomnisque
3209 5415 3361 5491 prmi:-

1762 5474 2270 5565 ’siiiifp—uaiiiiérits
2294 5492 2603 5547 resecatur,
2624 5474 2683 5565 et
2700 5474 2989 5565 sic‘factus
3012 5482 3105 5565 esi
3116 5474 3351 5565 (inquii)

1763 5546 2105 5624 Bali’iéiciis'
2126 5546 2237 5616 imei
2262 5571 2579 5629 possessor,
2611 5557 2752 5608 dum
2787 5548 3174 5629 temporaliter
3190 5546 3355 5629 vivo.

1765 5618 2279 5708 postmodum
2298 5638 2352 5687 et
2376 5643 2504 5708 pars
2528 5618 2828 5708 mea-Deus
2851 5624 2911 5674 in
2927 5622 3231 5708 aeternam:
3244 5618 3356 5708 £10-

1767 5689 2157 5767 Eii'rié's'i‘s'hec
2177 5689 2611 5767 seculo-eligunt
2628 5699 2735 5751 sibi
2758 5702 2950 5767 partes
2977 5708 2989 5743 :
3011 5690 3106 5767 alii
3130 5689 3355 5767 divitias,

2179 5757 2608 5833 valiiimilit‘iam,
2633 5771 2728 5824 alii
2754 5757 3205 5843 (negotiationem
3232 5775 3242 5806 :
3266 5757 3358 5843 di:-

1767 5830 2167 5910 i‘éi-s'iﬁ'iiéési
2189 5830 2295 5902 sibi
2313 5850 2552 5913 eligunt.
2580 5830 2731 5917 Inter
2746 5830 2861 5893 hos
2878 5837 3088 5917 clamat
3111 5830 3357 5917 populus

1768 5907 1865 5981 Dei
1884 5907 1902 5979 7:
1922 5930 2062 5978 Pars
2084 5940 2206 5974 mea
2226 5907 2528 5979 Deusfnon
2543 5916 2617 5969 ad
2640 5922 2889 5980 tempus,
2903 5907 3005 5962 sed
3020 5907 3083 5956 in
3096 5910 3359 5953 aeternum
