3884 6402
534 386 637 453 947

530 510 685 562 Talis
714 509 1026 563 baareditas
1048 509 1201 559 bona.
1223 511 1313 560 est
1344 512 1404 560 et
1426 521 1575 581 vera,
1600 519 1733 572 qum
1757 508 2125 581 ingreternum
2151 509 2207 581 Α

532 594 862 647 permanere
884 583 1089 645 potest.
1115 583 1183 631 Et
1207 593 1385 643 quare
1406 580 1793 643 elegistihanc
1822 579 2125 630 haeredita-

533 658 647 705 tem
684 654 819 703 tibi?

591 722 677 777 97.
716 724 853 781 Quia
886 738 1010 785 ecce,
1054 721 1110 773 id
1144 727 1249 781 est,
1279 722 1654 773 manifestum
1687 727 1815 773 est:
1860 721 1958 785 qui
1992 721 2130 769 clon-

528 800 659 857 gant
679 809 728 841 se
752 810 786 841 α
810 800 872 852 te,
900 793 1167 856 peribunt,
1192 793 1249 844 id
1273 796 1379 853 est,
1400 794 1830 843 damnabuntur
1853 798 1910 843 et
1927 804 2130 843 verum

525 876 653 915 esse
684 864 944 927 perdent,
983 867 1039 914 et
1072 876 1203 915 vere
1242 864 1537 927 peribunt:
1576 864 1710 926 quia
1736 869 1798 913 tu
1824 863 2127 925 perdidisti,

523 934 578 984 id
598 940 703 993 est,
724 935 928 998 perdes
950 951 961 984 :
992 934 1084 985 vel
1104 935 1164 985 in
1181 947 1299 998 prae
1312 935 1568 985 ﬁnitione
1586 939 1687 984 tua
1702 934 1998 998 perdidisti
2023 948 2131 982 om-

524 1019 611 1053 nes
635 1006 731 1068 qui
753 1005 1103 1067 fornicamur
1142 1006 1235 1054 abs
1260 1011 1321 1055 te.
1349 1006 1550 1057 Omnis
1574 1006 1773 1057 illicita
1799 1006 1926 1068 conj
1937 1005 2129 1057 unctio

520 1075 631 1126 dici
646 1083 839 1139 potest
856 1078 1163 1128 fornicatio.
1188 1078 1353 1128 Unde
1371 1078 1649 1140 scriptum
1668 1082 1756 1127 est
1774 1092 1785 1126 :
1806 1077 1979 1127 Israel
1999 1091 2129 1128 cum

519 1147 630 1226 diis
654 1150 913 1226 gentium
931 1148 1242 1226 fornicatus
1266 1154 1356 1226 est
1374 1149 1568 1226 (Judic.
1585 1149 1681 1226 8.);
1698 1151 1765 1197 Et
1787 1149 1938 1226 bene
1961 1149 2130 1226 dixit,

516 1218 621 1266 Abs
645 1226 717 1269 te:
758 1220 894 1281 quia
918 1221 1011 1283 qui
1040 1224 1255 1283 peccat,
1282 1220 1453 1282 longe
1477 1224 1564 1269 est
1586 1233 1620 1269 a
1644 1221 1764 1269 Deo
1782 1221 1845 1279 (l.
1877 1221 2005 1269 Par.
2036 1218 2125 1285 5.):

519 1291 759 1351 Quando
789 1291 961 1342 homo
988 1291 1185 1353 incipit
1209 1291 1450 1341 deficere
1472 1292 1544 1341 ab
1567 1302 1760 1340 amore
1785 1290 1905 1353 Dei,
1932 1291 2129 1356 incipit

520 1372 553 1410 a
576 1363 694 1413 Deo
720 1361 989 1426 elongari.
1027 1362 1189 1421 Quod
1216 1362 1264 1410 si
1288 1362 1463 1411 rebus
1490 1360 1907 1424 temporalibus
1933 1361 2127 1416 illicito

516 1444 711 1483 amore
728 1434 1117 1496 conjungitur,
1143 1434 1267 1496 jam
1291 1432 1490 1495 utique
1520 1431 1849 1482 fornicatur.
1870 1435 2127 1493 Proprium

522 1503 676 1553 enim
703 1505 910 1565 virum,
930 1504 985 1554 id
1005 1508 1113 1566 est,
1134 1508 1431 1554 auctorem
1450 1516 1622 1553 suum
1639 1504 1834 1553 anima
1851 1503 2123 1572 deseruit,

517 1574 640 1623 etei
666 1575 762 1637 qui
796 1588 913 1626 non
938 1580 1060 1626 erat
1091 1588 1253 1637 suus,
1284 1587 1348 1625 se
1370 1574 1582 1625 lascivo
1606 1586 1801 1625 amore
1823 1575 2125 1638 copulavit.

519 1644 754 1707 Propter
782 1646 892 1697 hoc
931 1647 1055 1709 jure
1078 1646 1319 1696 incurrit
1352 1644 1691 1709 perditionis
1718 1656 1969 1709 poenam,
1995 1647 2130 1709 quia

519 1720 723 1776 sponte
759 1716 1014 1768 deseruit
1040 1717 1287 1767 salutem
1312 1729 1497 1768 suam.
1539 1716 1623 1767 Illi
1646 1729 1781 1779 ergo
1804 1716 1940 1779 quia
1970 1720 2128 1769 dese-

517 1792 756 1837 ruerunt
786 1790 990 1849 Deum,
1026 1788 1341 1852 perierunt.
1366 1788 1449 1838 Tu
1476 1800 1614 1839 vero
1650 1787 1787 1848 quid
1807 1790 1833 1837 ?

585 1855 672 1945 ?8.
695 1859 839 1945 MLihi
876 1864 1058 1907 autem
1085 1860 1363 1945 adhaerere
1385 1860 1490 1907 Deo
1527 1859 1729 1945 bonum
1761 1862 1850 1908 est.
1879 1860 2001 1945 Iioc
2037 1862 2124 1945 est
2148 1872 2200 1945 B

520 1930 706 1979 totum
731 1929 950 1979 bonum
969 1941 1182 1990 meum,
1210 1931 1327 2001 Deo
1344 1942 1474 1980 meo
1492 1930 1785 1980 adhaerere
1802 1930 2127 2001 voluntate,

515 1999 646 2057 ﬁde,
682 1999 938 2050 caritate.
971 2001 1043 2049 Et
1086 2000 1347 2062 quandiu
1393 2003 1450 2050 in
1490 2000 1949 2064 peregrinatione
1972 1999 2124 2063 sum,

516 2085 712 2133 ponere
735 2069 865 2121 volo
882 2071 946 2118 in
973 2071 1205 2119 Domino
1226 2072 1331 2120 Deo
1348 2087 1495 2133 spem
1516 2087 1710 2122 meam.
1730 2072 1873 2132 Quia.
1898 2076 2124 2122 nondum

516 2140 815 2193 adhzerere
846 2155 1084 2204 possum
1117 2144 1235 2193 Deo
1258 2157 1386 2194 meo
1404 2156 1503 2207 per
1522 2144 1769 2207 speciem
1788 2144 2018 2195 interim
2038 2145 2127 2197 vel

517 2212 823 2264 adhaerebo
862 2214 911 2264 ei
956 2225 1054 2276 per
1089 2226 1270 2278 spem.
1313 2217 1378 2265 Et
1417 2216 1658 2266 merito:
1706 2216 1842 2277 quia
1879 2216 1983 2278 (Ea:
2011 2217 2123 2265 Au-

516 2283 673 2345 gust.)
711 2283 835 2347 ipse
875 2285 1155 2335 Dominus
1187 2298 1372 2349 meus,
1408 2285 1505 2348 qui
1545 2298 1637 2336 me
1666 2287 1841 2349 regit:
1882 2290 1938 2337 et
1974 2288 2127 2338 Deus

516 2367 703 2419 meus,
744 2355 845 2418 qui
886 2368 980 2407 me
1017 2358 1253 2408 creavit.
1294 2360 1416 2408 Hoc
1455 2358 1675 2408 bonum
1714 2363 1806 2409 est
1830 2358 1991 2422 mihi,
2015 2359 2125 2411 hoc

515 2424 699 2483 dulce.
724 2425 834 2477 hoc
859 2440 1039 2479 suave
1065 2432 1155 2479 est
1177 2429 1334 2479 mihi.
1361 2430 1429 2479 Et
1453 2428 1593 2491 quid
1618 2429 1711 2479 hic
1736 2430 1880 2492 agis,
1900 2442 2123 2493 ponens

513 2495 574 2547 in
598 2499 717 2547 Deo
740 2508 891 2560 spem
923 2502 1121 2550 tuam?
1150 2500 1311 2561 Quod
1341 2500 1765 2563 eritnegotium
1794 2506 1981 2558 tuum,
2007 2498 2121 2551 nisi

517 2570 579 2617 ut
599 2567 819 2629 laudes,
843 2581 1017 2632 quem
1058 2570 1269 2633 diligis,
1299 2573 1356 2622 et
1380 2570 1552 2621 facias
1584 2575 1777 2621 tecum
1814 2579 2121 2621 coamatores

516 2638 639 2699 ejus
654 2641 679 2687 ?
705 2640 773 2688 Et
792 2639 900 2689 hoc
916 2645 1007 2691 est
1022 2641 1174 2703 quod
1196 2641 1483 2703 sequitur:
1512 2642 1573 2690 Ut
1592 2657 1663 2690 an
1673 2643 1919 2691 nuntiem
1938 2659 2121 2692 omnes

515 2706 851 2758 laudationes
867 2715 1007 2773 tuas,
1032 2711 1090 2761 id
1113 2716 1224 2774 est,
1249 2716 1313 2762 ut
1341 2712 1647 2775 praedicem
1672 2714 1945 2777 quicquid
1975 2727 2123 2777 pras-

516 2778 826 2830 dicandum
861 2786 952 2831 est
974 2781 1043 2831 de
1065 2785 1138 2833 te.
1182 2783 1249 2830 In
1283 2784 1459 2847 portis
1497 2784 1621 2847 ﬁliae
1644 2784 1801 2841 Sion,
1838 2785 1894 2836 id
1919 2791 2027 2843 est,
2059 2786 2120 2836 in

516 2849 715 2900 auditu
739 2850 987 2902 ﬁliorum
1003 2854 1294 2905 Ecclesiae.
1324 2851 1498 2921 373
1527 2856 1709 2906 Aures
1739 2856 1893 2906 enim
1919 2862 2116 2920 portae,

517 2924 673 2983 sunt,
701 2934 801 2985 per
816 2934 962 2984 quas
979 2924 1168 2975 cordis
1180 2925 1453 2976 interiora
1471 2931 1804 2977 sanctorum
1818 2933 2119 2990 penetrant

516 2991 965 3064 praedicationes.
996 2996 1099 3046 Vel
1124 3000 1305 3058 portae
1330 3001 1468 3047 sunt
1493 2998 1733 3048 virtutes
1756 2999 1987 3061 animm,
2021 3013 2120 3064 per

519 3073 667 3135 quas
696 3063 811 3114 itur
832 3065 905 3115 ad
941 3066 1238 3118 ccelestem
1260 3068 1603 3120 Jerusalem.
1621 3069 1845 3121 Laudes
1866 3084 2001 3135 ergo
2017 3063 2117 3124 Dei

512 3134 900 3196 praedicantur
922 3136 980 3187 in
1011 3139 1189 3202 portis
1213 3139 1443 3202 quando
1468 3153 1640 3192 voces
1657 3134 1957 3194 doctorum
1981 3149 2120 3196 sunt

508 3204 572 3255 in
590 3207 882 3268 apertione
902 3209 1198 3260 virtutum.
1217 3211 1280 3261 1n
1304 3216 1467 3275 porta
1485 3213 1770 3276 praedicat,
1797 3217 1968 3278 cujus
1997 3228 2120 3267 ser-

510 3287 743 3328 monem
766 3279 886 3329 vita
910 3281 1296 3333 commendat.

770 3357 1135 3423 TlTULUS
1194 3359 1517 3424 PSALMI
1579 3361 1861 3426 LXXIII

571 3446 928 3526 Psa‘lml’h‘njus
954 3450 1129 3496 titulus
1153 3455 1225 3524 est
1252 3466 1275 3526 ε¹
1295 3449 1592 3526 Intellectus
1612 3452 1818 3526 Asaph,
1843 3455 1892 3501 id
1919 3459 2007 3526 est,
2041 3457 2126 3526 inf

510 3506 738 3578 tellectus
760 3511 872 3578 iste,
904 3524 1055 3578 quem
1074 3513 1281 3569 pariunt
1304 3514 1450 3560 nobis
1480 3528 1622 3561 voces
1653 3506 2024 3578 liujus'psalmi,
2054 3524 2125 3565 est

510 3571 697 3637 Asaph,
725 3571 775 3616 id
795 3578 894 3637 est,
919 3574 1219 3637 Synagogaa,
1249 3588 1349 3621 non
1376 3578 1650 3623 secundum
1680 3571 1841 3624 ramos
1869 3571 2120 3637 praecisos,

509 3631 595 3676 sed
622 3633 902 3679 secundum
929 3636 1343 3702 confirmatosin
1368 3639 1461 3685 hoc
1494 3641 1686 3697 psalmo
1715 3631 1937 3699 loquitur
1962 3631 2119 3702 Syria;

508 3705 637 3768 goga
661 3708 901 3768 conversa
925 3698 1393 3768 omnibusJudzeis,
1430 3702 1534 3747 sive
1568 3704 1620 3768 in
1655 3708 1907 3768 pra-senti,
1934 3698 2041 3752 sive
2067 3708 2119 3752 in

510 3756 813 3828 (metuendi
842 3762 1226 3828 convertendis:
1262 3756 1546 3828 proponens
1574 3756 1957 3824 intelligendum
1984 3769 2117 3828 quod

509 3816 765 3889 intelligit,
785 3821 974 3889 scilicet
989 3826 1043 3889 u_t
1059 3816 1309 3889 Christum
1329 3816 1546 3889 credant,
1566 3816 1779 3886 venisse,
1799 3816 2121 3887 quemadmo-

511 3878 630 3924 dum
660 3881 767 3939 ipsa
788 3884 973 3953 cretlit._
999 3885 1174 3953 Et_hoc
1199 3887 1321 3953 facit
1352 3902 1437 3945 per
1463 3878 1591 3937 hanc
1626 3878 1899 3953 materiam,
1926 3895 2119 3941 scilicet

512 3945 838 4015 proponendo
858 3946 1199 4015 eisduplicem
1229 3950 1517 4015 Judasorum
1544 3945 1929 4010 dispersioncm.
1958 3971 2117 4015 quam

512 4005 766 4069 Prophetis
792 4007 919 4054 dicta
951 4008 1112 4056 fuerat
1134 4016 1242 4069 post
1267 4014 1537 4060 adventum
1564 4005 1746 4062 Christi
1788 4005 1987 4064 futura:
2012 4021 2116 4065 Me—

510 4066 601 4137 rito
626 4080 742 4138 ergo
770 4083 858 4127 per
886 4071 1014 4138 hanc
1033 4066 1291 4121 materiam
1317 4088 1400 4121 eos
1430 4078 1671 4138 hortatur,
1700 4082 1753 4123 ut
1776 4091 1888 4126 cum
1915 4082 2113 4127 videant

507 4127 651 4199 signa
682 4130 775 4199 ista
818 4134 1062 4199 completa
1086 4148 1210 4199 esse,
1238 4138 1493 4184 Christum
1519 4127 1718 4185 credant
1750 4143 1850 4199 jam
1892 4146 2108 4191 venisse.

510 4190 563 4261 Et
586 4192 755 4264 modo_
773 4195 914 4264 prius
932 4190 1148 4264 exponit
1180 4190 1385 4245 localem
1419 4190 1815 4258 dispersioncm:
1856 4213 1963 4264 post
1990 4209 2114 4253 inte-

508 4252 709 4311 riorem,
732 4252 1018 4303 Judteoruni
1041 4260 1231 4306 scilicet
1256 4252 1545 4320 praesentem
1571 4252 1871 4316 cascitatem.‘
1888 4252 2001 4315 Vox?
2024 4252 2113 4329 Sy-

507 4326 733 4375 nagogw'
930 4349 1330 4455 PSALMUS
1387 4391 1693 4457 LXXIII.

568 4472 618 4527 1.
661 4474 724 4523 Ut
747 4475 899 4538 quid,
928 4478 1081 4537 Deus,
1106 4481 1357 4543 reputisti
1382 4482 1441 4531 in
1467 4485 1649 4544 ﬁnem,
1668 4485 1842 4535 iratus
1862 4494 1932 4536 est
1946 4489 2101 4551 furor

507 4549 630 4592 tuus
657 4560 819 4619 super
864 4563 977 4597 oves
1021 4566 1232 4613 pascuae
1272 4557 1403 4604 tute?
1442 4557 1567 4606 Non
1598 4549 1977 4619 reprehendit,
2007 4563 2105 4613 sed

507 4616 728 4693 quierit.
756 4620 837 4667 Ac
856 4619 1079 4693 sidicat
1104 4640 1114 4670 ε
1145 4624 1189 4674 Ο
1212 4626 1383 4687 Deus,
1404 4627 1503 4689 qui
1520 4641 1606 4690 eo,
1626 4616 1750 4691 ipso
1769 4632 1923 4693 quod
1948 4616 2104 4685 Deus

1591 392 1859 448 RUFINO
1891 391 2352 444 PRESBYTERO
2386 391 2771 444 ASCRIPTUS

3729 384 3829 441 948

2229 506 2413 569 priam
2459 505 2858 558 haereditatem
2893 504 2965 555 ab
3006 503 3167 565 initio
3204 500 3533 567 possedisti,
3578 501 3639 551 id
3665 506 3774 561 est,
3799 514 3831 552 a

2231 583 2486 641 tempore
2521 578 2975 653 Patriarcharum
3008 588 3154 638 quos
3191 574 3461 653 primitus
3484 572 3742 653 .elegisti.

2231 652 2484 712 tempore
2504 648 2959 699 Patriarcharum
2974 647 3225 711 possessi
3243 650 3396 708 sunt,
3412 644 3680 696 videlicet
3695 644 3828 707 quia

2228 724 2393 771 erant
2417 721 2475 770 in
2498 719 2711 770 lumbis
2737 732 2955 771 eorum.
2983 720 3069 770 Ab
3096 718 3237 781 ipsis
3266 716 3519 780 possedit
3543 716 3826 767 Dominus

2228 791 2504 853 populum
2530 790 2925 853 Israeliticum,
2951 803 2984 840 a
3000 790 3210 852 quibus
3235 794 3291 839 et
3307 801 3517 838 nomen
3537 788 3755 837 sumsit
3778 792 3828 837 et

2229 861 2523 923 originem.
2551 863 2785 926 Semper
2820 862 2974 914 enim
3011 860 3324 911 custodivit
3356 872 3507 921 eum,
3547 859 3733 909 donec
3759 859 3826 908 ab

2228 933 2312 981 eis
2336 934 2731 994 exacerbatus,
2752 946 2849 983 eos
2875 938 3104 996 propter
3128 936 3429 996 peccatum
3452 944 3623 981 suum
3655 930 3831 992 afﬂigi

2229 1004 2504 1065 permisit.
2537 1006 2846 1055 Memorare
2870 1003 3024 1066 quod
3050 1016 3156 1054 nos
3184 1002 3627 1065 congregaveris
3651 1008 3829 1064 atque

2230 1074 2584 1135 possederis:
2639 1080 2696 1125 et
2728 1076 2837 1126 hoc
2863 1076 2938 1125 sit
2970 1087 3146 1125 causa
3178 1079 3295 1125 tuae
3320 1073 3736 1124 miserationis.
3763 1076 3830 1125 Et

2227 1143 2352 1193 ideo
2374 1146 2545 1195 etiam
2561 1158 2777 1196 memor
2794 1150 2937 1208 esto,
2956 1146 3091 1208 quia
3105 1150 3167 1195 tu
3183 1146 3454 1193 redemisti
3476 1145 3692 1207 virgam
3720 1147 3832 1193 ha:-

2228 1216 2469 1263 redilatis
2496 1222 2613 1265 tuae.
2644 1218 2789 1277 Quid
2807 1231 2903 1280 per
2921 1218 3161 1279 virgam,
3184 1217 3298 1266 nisi
3316 1220 3624 1279 sceptrum,
3646 1216 3831 1280 impe-

2228 1285 2376 1335 rium
2403 1291 2458 1336 et
2481 1286 2930 1339 dominationem
2948 1291 2974 1337 ?
2990 1288 3137 1347 Quid
3149 1300 3280 1339 vero
3298 1300 3397 1351 per
3408 1288 3829 1351 haereditatem,

2227 1357 2336 1407 nisi
2361 1358 2609 1409 eundem
2631 1359 2905 1422 populum
2930 1359 3301 1423 intelligimus
3320 1363 3346 1410 ?
3377 1358 3833 1422 Redemitigitur

2228 1430 2511 1480 Dominus
2538 1430 2758 1491 virgam
2783 1431 3143 1482 heereditatis
3167 1443 3308 1492 suae,
3335 1430 3470 1493 quia
3488 1430 3828 1481 Judeeorum

2230 1497 2406 1565 374
2457 1515 2698 1564 regnum
2752 1502 2822 1553 de
2879 1503 3191 1553 Pharaonis
3248 1502 3516 1553 servitute
3558 1500 3831 1553 liberavit

2230 1571 2424 1633 (Exod.
2454 1569 2577 1633 12.).
2618 1572 2720 1622 Vel
2764 1573 2892 1635 ipsa
2925 1573 3237 1624 haereditas
3270 1586 3369 1637 per
3404 1572 3831 1622 intransitivam

2227 1642 2663 1704 grammaticam
2695 1643 2905 1694 dicitur
2929 1644 3111 1706 virga,
3130 1657 3263 1707 qum
3284 1656 3382 1707 per
3400 1644 3622 1704 virgam
3652 1644 3833 1705 Moysi

2229 1717 2320 1761 est
2337 1713 2601 1775 figurata.
2632 1714 2815 1764 Primo
2841 1715 2991 1765 enim
3017 1715 3248 1777 quando
3266 1714 3446 1765 voluit
3463 1716 3625 1765 Deus
3652 1714 3834 1777 possi-

2227 1782 2359 1832 dere
2386 1783 2540 1833 illam
2572 1784 2987 1845 lnereditatem,
3012 1785 3263 1837 liberans
3288 1798 3414 1837 eam
3449 1785 3521 1836 de
3561 1787 3829 1848 Egypte.

2227 1854 2459 1916 signum
2494 1855 2652 1906 dedit
2695 1858 2894 1920 Moysi.
2932 1858 3167 1909 Dixerat
3190 1858 3342 1909 enim
3368 1858 3630 1920 Moyses:
3666 1857 3829 1916 Quod

2229 1926 2460 1987 signum
2474 1926 2622 1977 dabo
2639 1927 2739 1989 eis,
2760 1934 2823 1979 ut
2840 1929 3243 1989 credantmihi,
3258 1929 3392 1992 quia
3406 1934 3468 1979 tu
3483 1940 3576 1979 me
3587 1928 3829 1980 misisti?

2229 1997 2289 2046 Et
2336 1998 2611 2047 Dominus
2648 1999 2721 2049 ad
2752 1999 2945 2050 illum:
2980 2001 3127 2062 Quid
3160 2001 3217 2051 in
3240 2013 3417 2051 manu
3444 2004 3543 2050 tua
3579 2004 3782 2063 portas
3810 2004 3829 2047 ?

2227 2069 2482 2131 Virgam,
2509 2071 2605 2122 ait.
2634 2073 2847 2135 Projice
2873 2074 3097 2136 (inquit)
3122 2073 3277 2123 illam
3302 2074 3361 2123 in
3386 2078 3616 2124 terram.
3648 2074 3717 2122 Et
3744 2072 3827 2121 di-

2226 2140 2383 2190 misit
2402 2141 2643 2205 virgam,
2668 2146 2724 2193 et
2742 2157 2978 2206 Serpens
3002 2145 3187 2195 factus
3206 2147 3308 2203 est,
3331 2148 3387 2194 et
3409 2143 3646 2205 expavit
3671 2144 3829 2205 Moy-

2227 2224 2341 2272 ses,
2367 2216 2424 2262 et
2451 2213 2593 2275 fugit
2616 2214 2688 2263 ab
2714 2227 2797 2264 eo.
2824 2217 2890 2265 Et
2911 2217 2991 2266 ait
3016 2216 3091 2266 illi
3113 2215 3417 2265 Dominus:
3446 2214 3828 2277 Apprehende

2225 2282 2468 2333 caudam
2501 2284 2647 2346 ejus.
2671 2286 2741 2335 Et
2762 2287 3158 2350 apprehendit,
3185 2291 3244 2337 et
3260 2298 3488 2337 reversa
3508 2289 3600 2335 est
3616 2285 3680 2334 in
3712 2288 3829 2335 sta-

2226 2357 2348 2404 tum
2392 2368 2566 2405 suum
2600 2356 2793 2417 (Exod.
2834 2358 2924 2419 4.).
2964 2358 3111 2419 Quid
3148 2358 3481 2421 signiﬁcat?
3512 2356 3772 2406 Primum
3796 2370 3826 2407 a

2226 2430 2489 2487 serpente
2530 2439 2705 2477 mors.
2746 2428 2889 2488 Ergo
2926 2429 3030 2489 (Ea:
3059 2429 3217 2491 Aug.)
3247 2429 3405 2491 virga
3437 2427 3499 2478 in
3534 2435 3821 2489 serpente.

2224 2494 2493 2547 Christus
2511 2497 2569 2546 in
2586 2502 2789 2549 morte.
2806 2499 2937 2549 Ideo
2956 2514 3087 2550 cum
3099 2513 3133 2551 a
3145 2500 3503 2560 serpentibus
3515 2498 3577 2549 in
3588 2497 3819 2550 deserto

2221 2566 2622 2619 morderentur
2651 2575 2707 2620 et
2733 2576 3093 2635 necarentur,
3120 2571 3392 2634 praecepit
3414 2572 3565 2621 Deus
3590 2582 3820 2633 serpen-

2222 2642 2337 2688 tem
2372 2652 2589 2690 aareum
2613 2641 2869 2703 exaltari,
2897 2656 3067 2704 quem
3092 2644 3385 2693 intuentes
3427 2641 3603 2692 morsi
3632 2653 3669 2692 a
3702 2654 3818 2691 ser-

2219 2709 2486 2771 pentibus
2506 2712 2861 2763 sanabantur
2873 2714 3058 2776 (Num.
3073 2713 3200 2776 21.).
3217 2713 3359 2775 Quid
3373 2719 3444 2761 est
3458 2714 3709 2760 intuendo
3721 2727 3819 2759 ser~

2218 2785 2471 2844 pentem,
2498 2783 2690 2833 sanari
2714 2796 2749 2834 a
2772 2788 3068 2848 serpente?
3092 2783 3382 2836 Credendo
3407 2784 3464 2834 in
3497 2788 3819 2844 mortuum,

2220 2852 2411 2903 sanari
2445 2859 2693 2904 amorte.
2723 2856 2791 2906 Et
2816 2860 3009 2907 tamen
3033 2856 3263 2920 expavit
3288 2856 3532 2919 Moyses,
3565 2860 3625 2905 et
3650 2854 3816 2916 fugit.

2220 2923 2480 2973 Mortuus
2493 2930 2581 2975 est
2597 2925 2877 2990 Christus,
2891 2930 3324 2993 etexpaverunt
3337 2925 3630 2990 Discipuli,
3644 2931 3819 2989 atque

2217 2995 2289 3044 ab
2314 2993 2408 3044 illa
2432 3009 2531 3059 spe
2564 2996 2625 3047 in
2647 3010 2763 3060 qua
2787 2998 3032 3057 fuerant,
3062 3001 3444 3050 recesserunt.
3472 3000 3695 3049 Tamen
3717 3010 3813 3061 ap-

2218 3065 2644 3129 prehenderunt
2656 3070 2919 3133 caudam,
2936 3071 3071 3133 quia
3086 3071 3457 3135 postmodum
3470 3071 3812 3118 crediderunt.

2218 3138 2337 3186 Hoc
2351 3138 2635 3198 signiﬁcat
2647 3145 2704 3191 et
2717 3140 2861 3191 illud
2880 3158 2889 3188 :
2906 3140 3368 3193 Posterioramea
3378 3141 3601 3193 videbis
3622 3141 3816 3204 (Exod.

2217 3206 2343 3269 33.).
2374 3209 2442 3257 Et
2468 3222 2704 3273 serpens
2728 3212 2896 3263 rediit
2918 3217 2977 3263 in
3004 3214 3242 3277 virgam,
3274 3214 3406 3276 quia
3438 3211 3705 3263 Christus
3745 3225 3816 3263 re-

2142 3282 2190 3353 c
2220 3280 2467 3331 surrexit
2488 3280 2558 3353 de
2602 3288 2784 3333 morte
2809 3284 2881 3334 ad
2911 3285 3092 3336 vitam
3120 3286 3296 3345 (Rom.
3333 3284 3424 3347 6.).
3449 3287 3515 3335 In
3538 3284 3654 3335 ﬁne
3678 3297 3815 3347 quo-

2230 3362 2342 3411 que
2364 3352 2561 3403 saeculi
2578 3357 2873 3416 tamquam
2887 3357 3067 3408 cauda
3079 3357 3334 3408 redimus
3344 3356 3416 3407 ad
3434 3369 3672 3408 manum
3697 3357 3817 3415 Dei,

2226 3423 2398 3483 atque
2422 3424 2550 3486 ejus
2586 3438 2826 3488 regnum
2850 3427 3168 3479 stabilitum
3199 3428 3491 3491 efﬁcimur,
3529 3433 3818 3490 quatenus

2218 3492 2340 3554 jam
2354 3494 2413 3544 in
2433 3495 2931 3559 nobisimpleatur,
2947 3499 3230 3549 Redemisti
3247 3500 3460 3562 virgam
3491 3498 3818 3547 hereditatis

2224 3568 2343 3615 tuae.
2370 3565 2477 3615 Sed
2506 3567 2640 3628 quia
2661 3581 2955 3633 synagoga
2984 3570 3112 3622 haec
3134 3571 3408 3635 loquitur,
3428 3584 3501 3623 ex
3517 3572 3713 3623 verbis
3730 3584 3822 3622 se-

2223 3638 2538 3697 quentibus
2563 3637 2993 3705 determinatur,
3030 3655 3163 3692 cum
3188 3642 3393 3693 dicitur
3416 3644 3569 3691 Mons
3596 3642 3731 3691 Sion
3760 3644 3813 3690 in

2222 3722 2329 3770 quo
2355 3707 2606 3757 habitasti
2632 3712 2685 3758 in
2715 3726 2789 3762 ϐο.
2819 3714 2978 3763 Hanc
3002 3713 3127 3764 dico
3151 3714 3546 3766 haereditatem
3568 3726 3704 3778 quae
3727 3719 3817 3765 est

2219 3790 2389 3829 mons
2420 3781 2573 3830 Sion.
2606 3782 2688 3831 Ibi
2713 3783 2870 3833 enim
2893 3789 3015 3836 erat
3038 3786 3234 3836 civitas
3252 3799 3451 3837 eorum
3473 3786 3814 3849 Jerusalem,

2220 3850 2295 3900 ibi
2321 3855 2489 3913 caput
2508 3853 2683 3915 regni,
2708 3853 2783 3904 ibi
2802 3855 3076 3916 templum
3101 3861 3158 3908 et
3176 3857 3535 3918 sacriﬁcium,
3554 3857 3613 3907 in
3626 3870 3741 3920 quo
3760 3862 3819 3907 et

2220 3923 2399 3973 Deum
2427 3923 2563 3975 dicit
2590 3924 2904 3977 habitasse.
2941 3929 3009 3977 Et
3034 3933 3099 3979 ut
3132 3928 3258 3991 ejus
3282 3928 3696 3979 habitationem
3720 3941 3816 3979 ex-

2216 3995 2475 4058 pressius
2487 3997 3210 4063 commendaret.protinus
3233 4000 3458 4062 adjecit,
3484 4000 3542 4050 in
3563 4012 3649 4050 eo.
3668 4002 3811 4051 Nam

2216 4078 2345 4115 cum
2372 4066 2431 4116 in
2460 4067 2731 4117 omnibus
2749 4069 2969 4120 habitet
2993 4075 3056 4121 ut
3081 4072 3255 4134 Deus,
3282 4070 3340 4121 in
3362 4083 3429 4122 eo
3464 4075 3657 4121 tamen
3683 4084 3811 4134 spe-

2215 4137 2435 4187 cialius.
2464 4140 2527 4188 In
2543 4140 2811 4190 omnibus
2823 4154 2921 4203 per
2936 4142 3339 4204 potentiam,in
3351 4155 3417 4193 eo
3438 4142 3811 4205 pergratiam.

2214 4209 2349 4257 Post
2374 4209 2723 4271 postulatam
2748 4211 2818 4263 de
2838 4224 2899 4261 se
2928 4224 2961 4261 a
2980 4213 3092 4263 Deo
3109 4212 3574 4269 misericordiam,
3600 4213 3810 4264 deinde

2212 4280 2281 4329 de
2294 4278 2559 4330 hostibus
2573 4294 2605 4330 a
2616 4282 2830 4344 quibus
2843 4283 3195 4349 devastatur,
3209 4284 3786 4349 postulatvindictam
3798 4325 3811 4349 ,

2213 4362 2346 4400 cum
2378 4351 2505 4412 subj
2515 4354 2710 4415 ungit:

2271 4419 2321 4474 3.
2357 4422 2494 4471 chti
2522 4439 2723 4473 manus
2765 4431 2884 4475 tuus
2917 4426 2974 4474 in
3010 4426 3287 4489 superbias
3310 4443 3495 4477 eorum
3532 4429 3593 4477 in
3614 4428 3809 4490 finem:

2204 4491 2267 4565 Id
2294 4497 2402 4555 est,
2438 4507 2640 4547 exerce
2664 4497 2931 4548 virtutem
2949 4502 3004 4548 et
3021 4499 3332 4561 potentiam
3350 4505 3506 4551 tuam
3518 4500 3588 4551 ad
3609 4515 3811 4565 super-

2207 4563 2335 4613 bias
2348 4578 2542 4616 eorum
2564 4568 2792 4629 penitus
2807 4569 3208 4621 destruendas.
3223 4572 3516 4632 Quomodo
3528 4585 3632 4623 nos
3654 4563 3812 4633 repel-

2207 4635 2366 4685 lebas
2384 4637 2438 4687 in
2455 4638 2650 4697 ﬁnem,
2671 4641 2754 4690 sic
2770 4652 2971 4691 eorum
2990 4643 3287 4705 superbias
3299 4644 3552 4706 opprime
3566 4644 3622 4693 in
3637 4646 3809 4694 ﬁnem.

505 4690 829 4778 {figi}???
850 4690 1257 4778 ‘Qﬁpo‘iitione.
1275 4698 1567 4778 gubernas
1603 4690 1815 4778 omnia,
1855 4703 1954 4765 qui
1982 4718 2101 4757 non
2135 4700 2191 4774 D
2215 4707 2281 4756 Et
2306 4708 2452 4760 bene
2476 4690 2693 4761 elevata
2722 4718 2813 4761 est
2838 4690 3309 4777 manus‘ejuwsniu
3338 4690 3597 4778 superbia
3621 4731 3811 4764 eorum

508 4756 744 4830 modum
768 4759 824 4809 in
849 4759 1039 4823 aliquo
1062 4756 1311 4830 excedis,
1350 4770 1449 4820 sed
1474 4775 1684 4823 cuncta
1712 4756 1847 4822 cum
1874 4756 2106 4828 summa

505 4826 847 4910 discretione
890 4832 1148 4910 disponis
1195 4826 1344 4903 (sap.
1403 4840 1454 4894 8.
1500 4842 1551 4895 9.
1599 4849 1644 4891 et
1694 4843 1799 4907 1‘2),
1857 4849 1919 4896 ut
1966 4826 2104 4910 quid

506 4898 777 4979 populum
806 4905 970 4979 tuum
990 4908 1231 4968 reputisti
1257 4898 1317 4959 iri.
1339 4913 1536 4974 ﬁnem:
1562 4898 1965 4979 utnumquam
1983 4898 2109 4969 am:

504 4970 653 5032 ptius
676 4970 918 5045 reducas
941 4976 1002 5027 in
1026 4970 1347 5032 Jerusalem
1364 4986 1388 5032 Ρ
1418 4984 1593 5045 Quasi
1618 4984 1771 5038 dicat
1788 4970 1957 5039 {Non
1983 4991 2107 5043 sine

502 5052 677 5121 causa
702 5042 809 5121 hoc
828 5047 1026 5107 fecisti.
1047 5062 1151 5101 nec
1187 5042 1600 5117 qualicumque
1620 5057 1787 5108 modo
1807 5058 1990 5112 iratus
2014 5042 2105 5121 es,

503 5112 603 5162 sed
626 5113 683 5196 in
728 5119 976 5196 tantum,
1014 5122 1168 5196 quod
1199 5112 1283 5172 ira
1324 5127 1422 5173 tua
1459 5112 1695 5178 devenit
1732 5130 1789 5180 in
1835 5112 2102 5196 furorem,

499 5190 779 5246 quantum
802 5188 1103 5265 ad__visum
1134 5193 1461 5265 hominum.
1495 5199 1683 5249 Iratus
1706 5212 1785 5259 es,
1814 5203 1960 5265 dico,
1986 5188 2105 5257 non

502 5268 675 5319 super
701 5260 1013 5340 quoslibet,
1049 5263 1149 5315 sed
1182 5279 1342 5340 super
1376 5282 1490 5316 oves
1529 5285 1737 5332 pascuae
1777 5279 1893 5334 tuae,
1931 5260 2100 5340 idest,

503 5330 937 5406 superJadaaos,
952 5346 1099 5395 quos
1115 5334 1274 5386 velut
1287 5337 1472 5389 bonus
1492 5330 1686 5403 pastor
1700 5356 1797 5406 per
1809 5330 2102 5399 desertum

501 5397 739 5471 duxisti,
783 5408 839 5453 et
864 5416 1012 5464 quos
1039 5418 1249 5457 manna
1281 5397 1507 5471 pavistii
1548 5426 1614 5462 ac
1639 5397 1923 5467 deindein
1956 5397 2103 5469 terra

496 5467 648 5549 lacte
682 5473 741 5549 et
776 5472 944 5549 melle
982 5481 1255 5549 manante
1282 5467 1579 5535 'collocasti
1625 5486 1823 5547 (Exod.
1862 5467 2002 5549 '13.);

506 5538 643 5617 quid
666 5540 779 5617 {Eae
801 5543 1053 5608 August.)
1089 5547 1197 5599 hoc
1230 5549 1431 5613 fecisti,
1453 5554 1563 5603 nisi
1594 5538 1727 5617 quia
1750 5538 1987 5609 terrenis
2010 5538 2100 5610 in;

506 5607 966 5696 haerebamustet
984 5622 1036 5668 te
1048 5607 1705 5696 non‘cognosc'ebamtis?
1726 5607 2099 5696 Neirascaris,

504 5690 722 5759 quaeso,
750 5684 1005 5748 Domine,
1034 5691 1135 5741 sed
1160 5691 1242 5742 fac
1266 5695 1420 5755 quod
1446 5698 1734 5759 sequitur:

562 5749 613 5830 ‘2:
650 5753 855 5833 {lieran
877 5765 979 5833 esto
1014 5749 1447 5833 congregaiionis
1472 5749 1588 5828 tuae,
1626 5784 1796 5831 quam
1825 5772 2100 5833 possedisti

500 5819 566 5867 ob
591 5821 771 5901 mitto.
798 5826 994 5901 Reduc
1021 5832 1095 5883 ad
1116 5819 1485 5897 memoriam,
1510 5819 1664 5900 quod
1680 5851 1787 5892 nos
1809 5819 1883 5892 ex
1907 5819 2101 5895 multis

504 5892 773 5951 gentibus
789 5899 847 5947 et
868 5896 1010 5951 locis
1024 5901 1085 5952 in
1100 5916 1281 5956 unum
1300 5892 1614 5973 congregas
1624 5911 1680 5972 ti,
1697 5916 1872 5975 atque
1890 5917 1955 5964 ut
1971 5892 2101 5978 pro;

2212 4778 2267 4849 in
2306 4781 2491 4842 ﬁnem,
2519 4782 2657 4844 quia
2681 4783 2872 4833 divina
2898 4784 3109 4835 virtute
3139 4792 3427 4849 operante,
3455 4787 3575 4849 jam
3600 4792 3809 4849 gentes

2208 4848 2527 4903 humiliatze
2549 4853 2840 4905 Christum
2853 4848 3263 4919 cognoverunt,
3275 4870 3405 4920 quae
3420 4848 3576 4920 prius
3589 4848 3808 4918 superbe

2208 4922 2483 4984 populum
2521 4925 2647 4987 ejus
2679 4931 3071 4978 vastaverunt.
3111 4929 3178 4978 Et
3204 4930 3348 4980 bene
3372 4929 3469 4993 ait,
3500 4930 3565 4977 In
3601 4931 3805 4991 ﬁnem:

2207 4994 2341 5053 quia
2354 4994 2485 5045 ﬁnis
2502 4996 2668 5058 Legis
2685 4996 2966 5056 Christus,
2981 4998 3078 5062 adj
3090 5000 3348 5051 ustitiam
3362 5001 3517 5052 omni
3529 5001 3801 5061 credenti,

2207 5075 2379 5125 quam
2408 5066 2553 5116 bene
2598 5066 2709 5117 illis
2748 5073 2924 5132 optat.
2959 5069 3290 5122 Admiratur
3326 5077 3519 5123 autem
3556 5073 3803 5123 Romani

2206 5134 2478 5199 principis
2495 5136 2550 5186 in
2570 5138 2695 5199 ejus
2710 5138 3105 5191 devastatione
3123 5142 3556 5204 malignitatem,
3575 5143 3766 5194 dicens
3786 5160 3797 5192 :

2203 5206 2422 5263 Quanta
2436 5208 2767 5271 malignatus
2790 5216 2860 5258 est
2884 5212 3145 5260 inimicus
3182 5214 3239 5261 in
3263 5218 3483 5264 sancto?
3507 5213 3564 5264 id
3580 5220 3669 5265 est
3695 5216 3797 5275 (Et:

2203 5276 2476 5340 August),
2502 5279 2563 5329 in
2592 5282 2818 5345 templo,
2858 5282 2919 5332 in
2947 5285 3282 5348 sacerdotio,
3315 5285 3376 5335 in
3396 5285 3506 5336 illis
3528 5287 3799 5336 omnibus

2205 5351 2597 5401 sacramentis.
2619 5354 2687 5402 Et
2706 5365 2900 5403 revera
2915 5353 3199 5406 inimicus.
3214 5359 3334 5407 Rex
3351 5358 3499 5407 enim
3513 5360 3598 5405 ille
3610 5364 3802 5406 etexer-

2203 5419 2354 5469 citus
2374 5434 2514 5471 suus
2545 5424 2640 5484 qui
2664 5423 2770 5473 hoc
2795 5424 3057 5486 faciebat,
3086 5427 3225 5477 deos
3254 5428 3429 5479 falsos
3453 5428 3693 5489 colebat,
3722 5431 3796 5479 si-

2202 5492 2457 5564 mulacra
2472 5492 2765 5553 adorabat,
2785 5495 3150 5548 dzemonibus
3172 5500 3475 5550 serviebat.
3492 5501 3602 5564 Ipsi
3618 5501 3796 5551 multa

2202 5563 2353 5612 mala
2369 5568 2583 5626 operati
2614 5566 2821 5617 suntin
2834 5568 3049 5618 sanctis
3064 5569 3180 5620 Dei.
3196 5573 3251 5617 Et
3264 5572 3355 5618 hoc
3373 5578 3443 5619 est
3459 5563 3592 5631 quod
3607 5588 3662 5619 su
3674 5575 3794 5619 bdit:

2265 5633 2314 5685 4.
2352 5634 2416 5681 Et
2442 5634 2663 5696 gloriati
2686 5643 2811 5685 sunt
2838 5638 2934 5701 qui
2965 5638 3196 5688 oderunt
3218 5647 3262 5688 te
3288 5641 3347 5689 in
3376 5643 3542 5691 medio
3567 5642 3798 5691 solemzio

2201 5704 2325 5751 tatis
2354 5710 2453 5753 tute
2478 5706 2534 5756 id
2558 5713 2665 5771 est,
2688 5708 2747 5757 in
2773 5710 3062 5759 communi
3085 5711 3439 5767 Judzeorum.
3467 5714 3564 5776 qui
3586 5727 3657 5765 ex
3678 5728 3795 5763 om-

2198 5776 2372 5847 nibus
2402 5778 2661 5839 partibus
2686 5786 3075 5832 convenerant
3098 5781 3171 5832 ad
3196 5783 3344 5834 diem
3371 5783 3575 5835 festum
3606 5787 3792 5847 (Exod.

2199 5844 2325 5909 ‘23.).
2344 5849 2653 5911 Diligenter
2669 5851 2776 5902 hoc
2791 5852 3113 5904 notandum
3134 5859 3223 5905 est
3242 5854 3508 5918 (Emeod).
3529 5844 3651 5905 Dicit
3665 5863 3793 5906 enim

2205 5920 2337 5969 tunc
2349 5930 2611 5971 eversam
2628 5934 2759 5973 esse
2772 5923 3113 5987 Jerusalem,
3133 5937 3265 5977 cum
3282 5924 3594 5995 ipsa375
3626 5930 3799 5982 solen-
