3884 6370
78 340 204 396 949

1125 350 1201 401 ΙΝ
1237 351 1564 405 PSALMOS
1598 352 1805 405 LXXV
1838 352 2421 411 COMMENTARIUS.

3315 360 3422 423 950

81 457 582 544 ageretur,
600 459 667 544 in
681 471 797 544 qua
808 462 1148 544 solennitate
1162 465 1469 544 Dominum
1483 467 1720 544 cruciﬂ-
1743 472 1800 544 Α
1820 469 2104 544 {acishoc
2114 487 2179 544 in.
2185 473 2369 534 ﬁnem,
2382 473 2474 526 vel
2489 475 2563 527 ad
2579 487 2750 539 quem
2765 475 2940 529 finem
2958 475 3146 529 tendis
3161 488 3262 541 per
3275 476 3423 529 hoc?

84 535 323 611 xerunt
349 531 562 611 (Malui.
736 534 1075 611 congregati
1120 538 1450 611 saevierunt.
1473 541 1722 603 Congre-
1743 530 1800 544 *⁸
1821 541 2030 603 Tangit
2052 542 2144 593 hic
2168 530 2467 597 historiam
2491 546 2561 597 de
2576 530 2755 598 manu
2772 547 2975 611 Moysi,
2995 559 3126 610 quae
3144 530 3423 611 quamdiu

84 602 220 673 gati
247 602 566 666 perierunt.
602 606 671 656 Et
702 605 953 657 ostendit
991 608 1281 669 quomodo
1314 608 1539 673 gloriati
1564 602 1720 663 sunt.

154 671 212 725 5.
252 674 564 723 Posuerunt
586 676 765 739 signa,
800 690 916 728 non
941 680 1164 730 Domini
1194 680 1304 741 (Ea:
1320 671 1598 745 “August.),
1618 683 1721 735 sed

84 760 201 793 sua
218 746 410 808 signa,
438 746 647 798 vexilla
676 761 795 805 sua,
822 749 1045 813 aquilas
1070 763 1223 811 suas,
1251 752 1530 804 dracones
1559 767 1717 817 suos,

88 822 343 868 statuas
358 830 495 869 suas
517 834 526 865 :
547 823 649 871 aut
664 820 808 871 forte
822 821 986 885 signa
1000 834 1131 884 qua:
1149 823 1456 876 audierunt
1468 837 1501 875 a
1520 828 1718 876 vatibus

91 887 448 940 daemonum
469 903 726 941 suorum.
753 892 821 940 Et
842 908 952 941 non
968 895 1472 955 cognoveruntsicut
1489 896 1549 944 in
1567 898 1719 945 exitu

84 974 270 1022 super
288 976 588 1013 summum.
604 965 730 1014 Non
743 970 1135 1027 cognoverunt
1148 982 1254 1014 esse
1266 982 1424 1031 super
1439 984 1716 1020 summum

88 1031 158 1106 id
198 1035 317 1095 est,
354 1034 507 1106 apud
539 1048 835 1087 summum
857 1039 1064 1095 Deum,
1090 1038 1241 1089 sicut
1264 1038 1323 1089 in
1340 1039 1499 1091 exitu
1522 1041 1713 1106 ﬂebat,

94 1101 161 1152 id
188 1107 308 1167 est,
333 1104 484 1156 sicut
506 1117 540 1157 a
562 1106 763 1158 divina
777 1107 1151 1171 dispositione
1176 1110 1386 1161 exibat.
1414 1112 1535 1163 Nisi
1558 1101 1714 1165 enim

91 1178 373 1236 potestas
396 1188 436 1242 _a
470 1190 701 1229 summo
736 1180 853 1229 Deo
884 1180 1084 1238 exiret,
1111 1180 1237 1232 haec
1266 1181 1480 1233 malitia
1513 1197 1714 1236 eorum

90 1256 384 1297 exercere
406 1261 526 1299 non
546 1250 849 1312 potuisset.
869 1250 1028 1303 Sicut
1050 1265 1184 1313 ergo
1206 1252 1401 1304 exibat
1423 1266 1457 1304 a
1480 1268 1710 1307 summo

90 1316 250 1378 Deo,
280 1318 365 1390 sic
388 1319 561 1371 flebat
575 1322 647 1371 ab
664 1322 919 1373 exercitu
942 1322 1055 1373 illo.
1076 1326 1221 1374 Nam
1243 1325 1431 1376 omnis
1454 1332 1711 1390 potestas

88 1400 222 1438 non
250 1390 329 1462 ab
355 1389 606 1449 homine,
634 1393 733 1444 sed
768 1407 800 1443 a
822 1395 936 1445 Deo
962 1396 1134 1457 (Rom.
1162 1394 1291 1457 13.).
1318 1389 1475 1447 Deus
1499 1399 1712 1462 quippe

88 1462 191 1509 est
232 1458 405 1512 dator
445 1463 704 1514 omnium
738 1468 1109 1527 potestatum,
1137 1465 1235 1517 sed
1274 1480 1393 1517 non
1429 1458 1711 1521 est‘dat-or

89 1531 366 1602 omnium
380 1532 762 1586 voluntatum.
778 1536 913 1587 Ideo
931 1536 1118 1587 omnis
1132 1542 1390 1600 potestas
1397 1540 1416 1602 j
1427 1544 1574 1591 usta.
1596 1543 1711 1592 Vo-

89 1598 299 1653 luntas
310 1609 505 1655 autem
527 1604 822 1670 aliajusta,
844 1608 955 1658 alia
978 1598 1210 1672 injusta.
1233 1611 1286 1660 Si
1311 1598 1484 1672 igitur
1500 1618 1710 1671 potestas

88 1672 271 1735 bona,
287 1687 466 1738 quare
478 1678 627 1729 actio
645 1678 827 1730 mala?
843 1680 1100 1732 Affectus
1129 1686 1262 1732 tuus
1286 1684 1501 1743 imponit
1524 1698 1707 1733 nomen

90 1745 260 1816 operi
288 1750 403 1797 tuo.
431 1750 555 1809 Qua
580 1754 810 1813 propter
842 1752 996 1814 quod
1016 1753 1216 1815 justus
1242 1754 1394 1803 Deus
1413 1754 1572 1816 juste
1588 1754 1710 1805 ﬁeri

89 1814 349 1889 volebat,
368 1820 499 1881 quia
516 1819 625 1881 ipsi
638 1821 854 1883 injuste
875 1814 1160 1884 volebant,
1181 1823 1398 1875 malum
1414 1814 1536 1876 erat
1551 1825 1707 1889 quod

1820 612 1926 663 fuit
1959 612 2020 663 in
2055 614 2187 665 sinu
2221 628 2347 675 suo,
2380 618 2598 668 munda
2628 618 2758 669 fuit:
2797 630 2931 669 cum
2969 618 3251 670 abstraxit
3274 631 3419 671 eam.

1818 680 2039 734 invenit
2080 684 2381 749 leprosam.
2435 689 2652 740 Deinde
2682 690 2744 740 in
2782 688 2915 741 sinu
2961 689 3200 753 remisit,
3243 693 3301 741 et
3340 689 3423 741 sic

1816 754 2061 825 priorem
2084 758 2431 809 munditiam
2452 761 2668 825 recepit
2698 760 2896 824 (Exod.
2928 759 3000 824 4.)
3024 775 3035 807 :
3062 760 3123 811 in
3144 759 3253 810 hoc
3279 773 3422 823 pras-

1816 824 2076 888 ﬂgurans
2091 829 2121 878 J
2131 828 2398 881 udaicum
2416 833 2711 895 populum,
2732 832 2829 894 qui
2847 831 3123 895 quamdiu
3136 832 3195 882 in
3217 831 3349 882 sinu
3363 836 3421 884 et

1815 897 2078 948 custodia
2100 900 2320 951 Domini
2346 901 2471 964 fuit,
2500 902 2756 953 mundus
2783 903 3000 954 extitit:
3023 901 3255 965 quando
3280 914 3418 953 vero

1814 978 2085 1029 egressus
2110 975 2218 1034 est,
2244 972 2582 1023 immundus
2606 978 2664 1025 et
2687 974 2891 1036 plenus
2907 974 3157 1037 peccatis
3179 973 3416 1024 effectus

1814 1042 1919 1089 est.
1946 1041 2157 1092 Iterum
2178 1043 2239 1093 in
2261 1042 2375 1094 tlne
2394 1044 2596 1095 mundi
2626 1044 2699 1095 ad
2724 1045 3085 1096 Dominicum
3110 1044 3304 1095 sinum
3326 1055 3416 1093 re-

1813 1107 1973 1168 dibit,
1998 1114 2249 1174 atquein
2266 1114 2509 1178 pristina
2524 1117 2769 1167 sanitate
2792 1115 3167 1179 permanebit.
3199 1115 3262 1163 Ut
3280 1114 3416 1178 quid

1815 1180 1926 1242 (ait)
1958 1184 2152 1232 avertis
2180 1184 2458 1235 dexteram
2476 1201 2703 1236 manum
2722 1192 2875 1236 tuam
2896 1203 2931 1235 α
2954 1187 3082 1235 sinu
3107 1191 3215 1246 tuo,
3241 1190 3306 1236 ut
3330 1185 3415 1236 fo-

1811 1250 1890 1302 ris
1915 1252 2025 1314 {Ean
2047 1255 2300 1319 August.)
2325 1258 2625 1310 immunda
2653 1260 2991 1309 remaneat?
3022 1269 3223 1308 revoca
3264 1268 3412 1314 eam,

1811 1335 2031 1386 quaeso,
2058 1327 2130 1377 ad
2156 1327 2351 1379 sinum
2379 1334 2559 1381 tuum.
2603 1329 2819 1381 Redeat
2842 1328 2917 1380 ad
2941 1327 3191 1379 colorem
3215 1339 3408 1385 suum,

1809 1403 2089 1457 agnoscat
2101 1399 2453 1452 Salvatorem
2467 1414 2657 1452 suum.
2679 1401 2983 1463 Quaerebat
2994 1397 3216 1461 utquid,
3231 1402 3287 1449 et
3291 1398 3410 1461 jam

1806 1463 2121 1519 intellexit:
2161 1470 2311 1522 sicut
2334 1471 2691 1524 intitulatum
2714 1474 2821 1535 est,
2839 1470 3172 1523 intellectus
3194 1467 3409 1532 Asaph.

1809 1537 1879 1586 Et
1903 1537 2031 1589 ideo
2057 1541 2283 1592 subdit:

1870 1606 1954 1661 12.
1998 1611 2135 1660 Deus
2159 1618 2340 1662 autem
2370 1629 2467 1663 rem
2495 1618 2674 1663 noster
2710 1617 2834 1662 ante
2857 1611 3066 1671 saecula,
3098 1611 3196 1674 qui
3232 1614 3322 1662 est
3350 1610 3412 1661 in

1806 1678 2084 1744 principio
2113 1684 2385 1741 Verbum,
2409 1698 2509 1748 per
2524 1684 2679 1748 quod
2698 1684 2844 1735 facta
2861 1686 2997 1734 sunt
3011 1683 3206 1733 omnia
3222 1682 3404 1744 (Joan.

1814 1748 1914 1812 1.):
1956 1752 2079 1816 ipse
2116 1768 2215 1805 rex
2253 1756 2426 1806 homo
2452 1756 2658 1816 factus,
2694 1758 2943 1817 operatus
2981 1758 3051 1803 est
3087 1753 3313 1802 salutem
3347 1752 3409 1800 in

1810 1822 1985 1871 medio
2018 1829 2185 1875 terrae.
2207 1827 2293 1877 Ad
2318 1827 2425 1877 hoc
2442 1828 2595 1878 enim
2614 1826 2684 1877 ad
2706 1830 2936 1888 tempus
2957 1824 3159 1875 avertit
3174 1835 3412 1874 manum

88 1886 242 1960 facie
252 1888 408 1940 bant.
433 1891 640 1943 Exibat
662 1904 797 1956 ergo
815 1905 849 1943 a
877 1907 1107 1945 summo
1132 1895 1287 1958 quod
1312 1883 1587 1960 fecerunt,
1604 1898 1707 1950 sed
1735 1883 1790 1957 B
1814 1904 1981 1944 suam
2005 1907 2039 1946 a
2058 1896 2187 1947 sinu
2219 1910 2345 1959 suo,
2370 1898 2427 1948 id
2446 1902 2551 1957 est,
2571 1900 2804 1959 gentem
2823 1883 3125 1946 .iudaicam
3141 1907 3175 1945 a
3192 1899 3414 1958 protec-

84 1957 203 2020 ipsi
222 1972 345 2010 non
361 1969 776 2025 cognoverunt.
809 1966 1158 2029 Exsequitur
1180 1966 1371 2018 adhuc
1392 1957 1709 2033 malignita-

94 2033 221 2080 tem
255 2043 478 2096 eorum,
514 2034 713 2085 dicens
741 2052 751 2082 :

160 2099 216 2153 6.
248 2102 418 2159 Quasi
442 2104 502 2153 in
527 2106 664 2154 silva
688 2106 965 2168 tignorum
988 2106 1259 2156 securibus
1299 2109 1614 2159 exciderunt
1628 2111 1713 2174 ja.

91 2185 252 2241 nua:
274 2173 389 2237 ejus
413 2175 473 2224 in
494 2177 753 2241 idipsum.
791 2179 912 2228 Hoc
937 2182 1122 2229 totum
1149 2181 1472 2232 secundum
1490 2173 1711 2233 literam

92 2239 322 2321 factum
347 2251 454 2321 est.
487 2239 646 2321 Sicut
669 2248 821 2321 enim
846 2248 906 2299 in
932 2249 1078 2300 silva
1101 2248 1342 2313 lignaria
1363 2252 1712 2303 exciduntur

90 2314 302 2388 ligna:
351 2316 434 2367 ita
461 2318 646 2369 viliter
675 2320 798 2370 sine
834 2321 992 2370 omni
1030 2323 1353 2373 reverentia
1390 2325 1709 2388 temporali.

88 2387 311 2449 januas
336 2389 677 2442 exciderunt
717 2391 1031 2454 securibus,
1071 2405 1272 2443 omnes
1306 2394 1610 2446 tendentes
1648 2397 1708 2448 in

91 2458 388 2520 idipsum:
431 2462 567 2523 quia
605 2475 721 2513 uno
758 2463 928 2513 corde
966 2467 1023 2513 et
1059 2476 1177 2514 una
1216 2464 1509 2518 voluntate
1533 2467 1707 2520 simul

94 2540 305 2580 omnes
345 2532 769 2585 conveniebant
806 2534 865 2584 in
893 2534 1129 2585 malum.
1169 2535 1233 2583 In
1266 2538 1439 2585 securi
1470 2544 1515 2586 et
1557 2540 1705 2589 ascia

96 2599 404 2662 dejecerunt
446 2618 584 2653 eam.
625 2605 852 2656 Securis
887 2605 960 2656 ad
997 2605 1404 2670 excidendum,
1434 2610 1608 2661 Ascia
1630 2612 1704 2662 ad

1812 1964 1968 2015 tione
2004 1980 2109 2018 sua
2128 1983 2138 2013 :
2163 1968 2236 2019 ad
2248 1969 2355 2019 hoc
2382 1969 2613 2021 caecitas
2627 1982 2698 2018 ex
2712 1973 2869 2031 parte
2881 1967 3121 2028 contigit
3134 1966 3194 2017 in
3218 1964 3411 2016 Israel.

1814 2036 1878 2085 ut
1903 2034 2198 2097 plenitudo
2222 2040 2489 2090 Gentium
2511 2039 2747 2091 intraret
2772 2038 2947 2101 (Rom.
2967 2035 3093 2099 11.),
3120 2040 3186 2085 ut
3209 2035 3290 2085 sic
3314 2048 3413 2086 rex

1812 2106 1969 2157 Deus
1985 2114 2317 2170 operaretur
2330 2110 2574 2161 salutem
2588 2109 2646 2160 in
2664 2108 2853 2160 medio
2878 2112 3059 2166 terrae,
3072 2105 3131 2156 id
3147 2109 3252 2164 est,
3269 2107 3321 2153 in
3334 2119 3412 2154 me

1811 2176 1904 2227 dio
1930 2179 2215 2231 Gentium.
2234 2181 2337 2233 Vel
2361 2182 2420 2232 in
2442 2181 2633 2232 medio
2658 2183 2824 2232 terrm
2842 2178 2897 2228 id
2920 2176 3413 2240 est,inassumpta

1812 2261 2009 2301 carne:
2038 2251 2128 2303 vel
2144 2253 2205 2302 in
2221 2253 2450 2304 civitate
2463 2251 2807 2311 Jerusalem,
2821 2247 3023 2311 quaain
3034 2246 3225 2299 medio
3242 2250 3410 2299 terrae

1811 2321 1920 2371 sita
1952 2326 2060 2381 est,
2093 2324 2190 2373 ubi
2214 2324 2493 2374 Dominus
2516 2334 2616 2385 pro
2658 2319 2834 2371 totius
2864 2318 3067 2369 mundi
3101 2317 3287 2369 salute
3319 2321 3412 2370 est

1809 2392 2141 2445 crucifixus.
2160 2394 2376 2445 Deinde
2388 2390 2897 2454 ostenditqualiter
2914 2388 3160 2441 salutem
3176 2395 3410 2449 operatus

1808 2463 1899 2522 sit,
1927 2465 2307 2517 convertendo
2335 2478 2397 2517 se
2420 2465 2491 2516 ad
2523 2465 2715 2529 ipsum
2741 2462 3102 2525 operatorem
3125 2462 3329 2522 Deum,
3350 2464 3411 2512 et

1804 2534 2051 2586 dicendo
2077 2550 2090 2586 :

1867 2548 2051 2586 cendo
2077 2550 2090 2586 :

1866 2605 1950 2660 13.
1991 2608 2065 2655 Tu
2108 2607 2444 2670 conﬁrmasti
2477 2608 2538 2655 in
2572 2605 2765 2653 virtute
2814 2608 2908 2652 tua
2934 2617 3102 2651 mare.
3130 2603 3233 2651 Per
3254 2613 3411 2653 mare

92 2672 632 2727 comminuendum.
662 2678 788 2727 Non
804 2676 958 2728 enim
978 2681 1203 2728 tantum
1219 2679 1575 2743 exciderunt,
1600 2681 1703 2732 sed
1804 2676 2095 2740 significat
2127 2679 2356 2741 Gentes,
2385 2681 2615 2742 propter
2635 2675 2921 2726 vitiorum
2944 2672 3319 2733 affluentiam,
3353 2677 3411 2724 et

91 2742 271 2793 etiam
297 2744 646 2808 dejecerunt.
1797 2759 2028 2799 morum
2042 2749 2503 2801 amaritudinem.
2522 2747 2784 2798 Christus
2802 2748 2995 2796 autem
3009 2745 3098 2796 est
3112 2744 3212 2793 Dei
3230 2745 3406 2803 virtus,

158 2814 213 2867 7.
250 2816 612 2867 Incenderunt
653 2819 771 2881 igni
808 2821 1187 2869 sanctuarium
1234 2826 1407 2881 tuum,
1451 2822 1508 2870 in
1557 2828 1699 2873 terra
1798 2819 1854 2869 et
1897 2819 1998 2870 Dei
2037 2821 2334 2883 sapientia.
2385 2821 2450 2870 In
2481 2819 2690 2871 virtute
2726 2817 2836 2868 hac
2876 2816 3238 2867 conﬁrmata:
3272 2819 3411 2865 sunt

89 2885 403 2950 polluerunt
419 2890 821 2939 tabernaculum
834 2892 1076 2940 nominis
1092 2892 1187 2942 tui.
1210 2892 1390 2943 Etiam
1408 2892 1598 2956 ipsum
1617 2898 1699 2947 ta-
1795 2890 2011 2942 Gentes
2026 2905 2125 2954 per
2135 2892 2326 2948 fidem,
2348 2904 2529 2955 spem.
2556 2895 2614 2941 et
2633 2890 2947 2940 caritatem.
2977 2887 3040 2938 Id
3060 2891 3287 2938 tantum
3304 2898 3409 2936 au-

92 2958 492 3019 bernaculum,
519 2961 674 3023 quod
691 2961 876 3012 fuerat
892 2967 1091 3013 sancto
1116 2963 1335 3013 nomini
1362 2966 1455 3015 tuo
1475 2965 1697 3018 dedica-
1795 2965 1912 3012 tem
1939 2963 2301 3014 confirmavit
2334 2964 2486 3013 Deus
2511 2962 2621 3013 hoc
2657 2972 2838 3019 mare,
2860 2960 2922 3011 ut
2939 2959 3150 3010 faceret
3174 2962 3404 3018 terram,

91 3031 235 3091 tum,
262 3029 454 3093 ipsum
472 3031 1265 3097 polluerunt.Aras,mensas,
1287 3034 1479 3098 libros,
1500 3042 1692 3088 vestes
1792 3031 1943 3098 sicut
1977 3032 2109 3084 alibi
2148 3034 2377 3085 dieitur:
2419 3033 2525 3094 Olli
2563 3032 2848 3084 οοῐινθΓιίῐ
2892 3042 3046 3081 mare
3088 3029 3147 3080 in
3185 3027 3403 3098 aridam

84 3104 145 3151 et
176 3101 389 3153 similia
414 3093 1169 3168 projecerunt,pedibusque
1186 3093 1687 3161 conculcaverunt.
1796 3093 1961 3157 (Ρεαιο
1990 3102 2117 3165 65-)·
2146 3106 2214 3155 Et
2248 3117 2359 3167 quo
2395 3093 2591 3155 Ordine
2622 3103 2837 3154 factum
2875 3102 2969 3161 Sit,
2998 3103 3282 3163 sequutus
3305 3097 3404 3149 Μ’

147 3170 196 3225 8.
236 3172 507 3223 Dixerunt
545 3176 607 3224 in
643 3176 799 3225 corde
831 3191 946 3236 suo,
985 3177 1142 3240 quod
1184 3178 1382 3240 utique
1409 3178 1536 3240 plus
1580 3184 1688 3242 est,
1782 3171 1984 3235 junxit
2008 3190 2020 3226 :
2045 3175 2625 3238 Contribulasticapita
2644 3174 2949 3222 draconum
2966 3172 3028 3220 in
3046 3171 3222 3234 aquis,
3247 3171 3406 3219 Com-

86 3257 289 3320 quam,
307 3246 685 3320 sidixissent.
716 3247 777 3297 in
800 3260 894 3298 ore
928 3261 1033 3300 suo
1080 3250 1224 3299 Nam
1249 3249 1304 3298 in
1329 3249 1438 3300 hoc
1461 3251 1610 3312 quod
1635 3253 1694 3304 in
1720 3245 1768 3320 ρ
1800 3246 2056 3320 minuisti
2082 3246 2223 3320 vitia
2248 3252 2304 3298 et
2331 3250 2583 3320 peccata,
2611 3256 2802 3320 quina
2821 3244 3404 3320 draconibussugge-

85 3316 269 3369 corde
311 3318 530 3371 dixisse
553 3319 943 3383 perhibentur,
970 3320 1252 3384 voluntas,
1278 3311 1520 3372 allectus
1533 3326 1590 3373 et
1609 3323 1697 3375 in-
1729 3311 1768 3320 ν
1795 3321 2020 3381 runtur,
2045 3317 2100 3368 id
2114 3321 2220 3379 est,
2247 3317 2566 3382 amalignis
2584 3316 2901 3380 spiritibus.
2921 3315 3021 3379 qui
3034 3311 3399 3384 sanctisinsi:

89 3390 268 3441 tentio
293 3389 616 3441 denotatur.
632 3391 913 3441 Dixerunt
941 3396 1135 3442 autem
1164 3405 1279 3443 non
1321 3397 1563 3455 quatuor
1603 3397 1705 3445 aut

88 3462 362 3525 quinque,
404 3462 505 3512 sed
547 3465 665 3512 tota
697 3462 944 3523 cognatio
986 3477 1199 3521 eorum,
1232 3476 1338 3515 nec
1374 3464 1563 3515 divisa
1603 3478 1703 3529 per

90 3532 301 3597 partes,
350 3533 453 3585 sed
483 3532 675 3583 simul.
703 3534 848 3594 Quid
874 3534 1146 3585 dixerunt
1173 3537 1199 3584 ‘2
1239 3535 1506 3592 Quiescere
1528 3538 1702 3599 facia-

89 3618 207 3653 mus
246 3619 426 3653 omnes
450 3606 560 3653 dies
590 3604 757 3666 festos
785 3606 882 3654 Dei
917 3621 951 3653 α
984 3613 1143 3656 terra.
1184 3608 1269 3656 Ita
1301 3607 1699 3672 dispergamus

90 3676 299 3737 omnia,
327 3675 482 3739 quod
514 3689 841 3739 numquam
861 3675 1107 3740 amplius
1122 3677 1347 3739 possint
1370 3681 1696 3739 convenire,

88 3754 186 3798 aut
211 3748 424 3798 festum
450 3747 636 3798 facere
660 3748 717 3797 in
740 3751 909 3799 terra.
929 3749 1054 3798 Huc
1072 3760 1257 3811 usque
1274 3750 1573 3801 ostensum
1587 3756 1693 3803 est:

89 3825 305 3882 quanta
320 3819 672 3879 malignatus
687 3823 777 3869 est
795 3819 1066 3870 inimicus
1078 3820 1137 3869 in
1150 3824 1368 3871 sancto.
1384 3822 1697 3875 Ostensum

89 3896 177 3942 est
202 3894 420 3953 quanta
440 3891 512 3941 ab
528 3890 794 3941 hostibus
817 3889 976 3941 illata
997 3891 1112 3941 sint
1132 3889 1299 3941 mala.
1324 3892 1543 3944 Deinde
1564 3895 1699 3948 insi-

87 3966 227 4013 nuat
251 3975 385 4025 quae
421 3962 495 4014 ab
519 3962 647 4027 ipso
671 3963 791 4013 Deo
818 3963 1116 4013 subtracta
1152 3962 1268 4013 sint
1289 3962 1371 4014 eis
1394 3963 1691 4029 beneﬁcia,

91 4035 291 4085 dicens
312 4049 321 4080 :

150 4105 198 4160 9.
242 4106 410 4169 Signa
432 4110 639 4171 _nostra
670 4119 783 4154 non
809 4105 1068 4154 sitiemus.
1097 4104 1322 4156 NOStI‘EB
1358 4104 1586 4170 (inquit)
1610 4108 1692 4159 ci-

90 4177 284 4229 vitatis
308 4176 760 4227 destructionem
779 4176 1048 4226 vidimus.
1065 4175 1304 4239 Signum
1321 4180 1511 4227 tamen
1527 4190 1561 4228 a
1574 4180 1691 4232 Deo

90 4248 312 4300 nullum
342 4248 690 4311 accepimus,
721 4247 873 4300 sicut
917 4248 1051 4299 olim
1100 4247 1333 4299 Gedeon
1368 4248 1571 4311 Nudis.
1613 4250 1688 4315 7.)

92 4320 399 4383 caaterique
425 4325 615 4383 patres
646 4319 844 4369 nostri.
879 4319 1005 4368 Jam
1032 4335 1142 4367 non
1181 4325 1249 4367 est
1270 4320 1552 4383 propheta.
1583 4322 1691 4382 Qui

94 4392 239 4443 bona
272 4391 498 4443 malave
523 4391 875 4455 pronuntiet.
913 4391 980 4440 Et
1019 4407 1115 4439 nos
1143 4406 1255 4439 non
1278 4397 1546 4453 cognoscet
1569 4407 1685 4442 am-

93 4464 248 4526 plius,
274 4463 329 4514 id
348 4468 457 4524 est,
476 4463 712 4514 omnino
735 4462 917 4514 nostri
941 4462 1154 4513 oblitus
1181 4463 1456 4513 estDeus.
1488 4464 1687 4515 Tantis

93 4548 226 4597 ergo
268 4535 514 4586 amictus
560 4534 748 4598 malis,
806 4535 1052 4586 Domino
1103 4533 1508 4597 ingemiscens,
1570 4535 1687 4586 ait:

152 4607 237 4661 10.
271 4607 572 4671 Usquequo,
598 4608 754 4669 Deus,
783 4605 1177 4671 improperavit
1202 4605 1476 4665 inimicus,
1508 4606 1693 4655 irritat

94 4679 429 4727 aduersarius
454 4693 648 4727 nomen
676 4684 830 4727 tuum
862 4679 923 4726 in
945 4678 1150 4740 ﬁnem?
1181 4678 1479 4740 Usquequo,
1506 4690 1691 4741 usque

93 4750 159 4800 ad
180 4762 350 4813 quem
367 4750 541 4801 ﬁnem
560 4751 637 4800 im
646 4763 744 4813 pro
754 4752 910 4810 perat
929 4754 986 4800 et
1011 4748 1196 4800 irritat
1209 4748 1478 4799 inimicus
1495 4749 1691 4801 adver-

95 4822 277 4873 sarius
298 4826 320 4869 ?
345 4825 437 4874 An
458 4823 533 4873 ad
556 4823 666 4874 hoc
691 4822 891 4884 irritat,
917 4826 984 4873 ut
1006 4821 1186 4872 iratus
1209 4821 1499 4884 corripias,
1518 4822 1691 4873 corri-

94 4894 250 4957 piens
262 4897 610 4957 cognoscas?
635 4897 701 4945 Et
717 4907 784 4945 eo
802 4906 1007 4957 usque,
1026 4890 1137 4959 37
1151 4890 1204 4960 6
1224 4894 1406 4945 donec
1423 4894 1614 4946 veniat
1629 4895 1690 4946 in

96 4968 148 5015 te
168 4964 380 5016 ﬁnem?
404 4966 683 5018 Attendat
698 4966 826 5018 haec
849 4966 1025 5016 verba
1040 4966 1305 5029 quisquis
1331 4978 1431 5029 pro
1458 4970 1689 5029 peccato

96 5048 200 5087 suo
224 5036 515 5100 afﬂigitur,
534 5038 799 5101 quisquis
822 5048 856 5086 a
873 5038 989 5087 Deo
1017 5040 1291 5098 tanquam
1307 5038 1451 5088 irato
1474 5036 1691 5088 deseri-

98 5111 201 5158 tur.
242 5109 363 5159 Non
392 5108 677 5173 desperet,
712 5109 922 5173 gemat.
946 5107 1238 5159 miseriam
1264 5120 1430 5160 suam
1465 5108 1690 5160 medico

98 5178 372 5231 ostendat.
402 5179 489 5230 Ad
526 5179 633 5230 hoc
660 5180 814 5230 enim
840 5178 980 5242 ferit,
1005 5183 1071 5230 ut
1098 5184 1324 5244 parcat:
1352 5180 1421 5231 ad
1446 5180 1556 5232 hoc
1578 5181 1691 5232 ira-

98 5252 286 5309 scitur.
320 5264 393 5303 ne
431 5252 729 5303 irascatur.
774 5251 938 5303 Unde
966 5251 1077 5303 iste
1109 5251 1307 5317 Asaph
1330 5252 1519 5304 adhuc
1555 5254 1686 5304 sub-

94 5323 317 5386 jungit:

165 5392 245 5446 11.
288 5393 349 5441 Ut
374 5394 508 5456 quid
530 5395 722 5443 avertis
746 5408 979 5442 manum
997 5397 1168 5452 tuam,
1192 5393 1252 5445 id
1268 5398 1376 5457 est,
1401 5394 1685 5455 Judaeam,

101 5476 197 5525 per
223 5476 454 5515 manum
485 5466 662 5528 Moysi
700 5464 1091 5527 designatam;
1124 5470 1168 5513 et
1201 5465 1477 5515 dexteram
1515 5471 1685 5527 tuam,

102 5534 328 5593 scilicet,
358 5536 694 5598 praedictam
718 5535 1002 5598 Judaeam,
1021 5536 1113 5587 cui
1136 5538 1322 5601 magis
1338 5538 1520 5589 favere
1537 5537 1687 5589 sole-

102 5606 198 5656 bas
232 5619 403 5669 quam
429 5610 547 5658 Gen
558 5608 616 5672 ti,
646 5620 771 5658 eam
788 5607 1081 5657 educendo
1099 5609 1257 5672 prius
1276 5623 1374 5672 per
1394 5622 1551 5660 mare
1571 5610 1689 5659 Ru-

102 5678 261 5728 brum
288 5678 469 5741 (Eacod
493 5678 618 5742 12.),
637 5691 813 5741 quam
836 5679 1009 5730 etiam
1026 5693 1237 5731 manna
1258 5680 1459 5745 pavisti
1483 5680 1685 5741 (Exod.

107 5750 199 5811 16.)
226 5770 237 5798 :
276 5754 337 5799 ut
370 5749 507 5813 quid
541 5750 755 5801 avertis
780 5749 842 5797 de
878 5752 1052 5798 medio
1085 5752 1213 5799 sinu.
1256 5757 1364 5810 tuo,
1404 5751 1459 5801 id
1485 5756 1591 5807 est,
1617 5750 1687 5802 de

106 5820 389 5871 communi
407 5827 735 5871 sanctorum
754 5821 1059 5884 consortio,
1073 5822 1169 5884 qui
1186 5822 1312 5872 ideo
1334 5821 1603 5872 dicuntur
1616 5822 1687 5871 si-

107 5904 216 5942 nus
230 5892 328 5957 tui,
345 5892 483 5955 quia
498 5890 893 5956 spiritualibus
918 5893 1291 5943 sacramentis
1306 5897 1445 5943 sunt
1467 5890 1683 5955 repleti.

1801 3388 2033 3440 diantur
2056 3389 2378 3440 animabus.
2404 3381 2599 3454 Ipsum
2620 3400 2850 3452 quoque
2875 3386 3187 3451 principem
3211 3381 3398 3435 diabol

1800 3461 1940 3525 lum,
1967 3464 2139 3523 atque
2164 3461 2464 3513 universas
2483 3462 2609 3524 ejus
2628 3458 2962 3511 altitudines
2976 3463 3031 3507 et
3047 3466 3286 3519 pompas
3310 3467 3402 3518 pa-

1799 3532 1937 3581 riter
1947 3532 2403 3596 omnipotentem
2415 3534 2599 3584 Deum
2611 3531 2970 3583 destruxisse
2983 3525 3253 3589 ostendit,
3267 3537 3400 3576 cum

1801 3603 1927 3665 subj
1938 3603 2105 3666 ungit
2131 3619 2143 3653 :

1864 3672 1944 3726 14.
1991 3674 2065 3721 Tu
2088 3673 2398 3739 confregisti
2412 3675 2593 3740 capita
2623 3672 2893 3724 draconis.
2915 3667 3111 3740 Capita
3132 3666 3400 3740 draconis

1798 3745 1904 3796 dici
1923 3750 2167 3808 possunt
2182 3737 2376 3809 pravae
2399 3737 2815 3811 suggestiones,
2836 3753 2968 3806 quae
2990 3737 3258 3811 adiabolo
3270 3750 3400 3802 pro-

1797 3817 2026 3868 cedunt.
2052 3816 2229 3868 Multa
2245 3818 2432 3881 capita
2453 3809 2627 3868 habet
2649 3817 2761 3867 iste
2784 3812 3051 3865 inimicus
3072 3809 3259 3860 draco.
3283 3811 3398 3881 Qa-

1797 3889 1914 3953 pita
1938 3890 2064 3951 ejus
2090 3892 2226 3939 sunt
2240 3880 2368 3940 octo
2387 3888 2719 3953 principalia
2732 3884 2884 3937 vitia.
2908 3882 3017 3932 Sed
3034 3880 3282 3953 primum
3299 3880 3399 3930 ho-

1794 3974 1923 4012 rum
1947 3965 2117 4023 caput
2135 3965 2222 4011 est
2241 3952 2523 4024 superbiae
2541 3960 2762 4016 vitium,
2791 3955 2861 4006 de
2879 3965 2993 4024 quo
3011 3952 3398 4024 oriunturcm-

1795 4037 1934 4083 tera.
1961 4021 2104 4082 Nam
2128 4021 2353 4082 initium
2367 4031 2554 4082 omnis
2573 4027 2787 4094 peccati
2804 4021 3071 4090 superbia
3083 4022 3243 4085 (Eccl.
3263 4021 3392 4083 10.).

1794 4104 1941 4155 Hinc
1955 4108 2308 4168 praeceptum
2333 4107 2423 4155 est
2441 4102 2491 4169 3
2504 4100 2552 4168 7
2567 4099 2615 4168 7
2634 4106 2699 4175 ut
2714 4110 2912 4175 semen
2934 4099 3066 4175 Evaa
3083 4097 3258 4175 caput
3271 4105 3392 4175 ser:

1792 4166 2212 4239 pentisdebeat
2268 4166 2588 4226 observare
2613 4173 2762 4235 (Gen.
2803 4167 2894 4232 3.).
2944 4166 3253 4239 Admonita
3297 4166 3392 4216 est

1791 4237 1952 4297 enim
1989 4248 2239 4298 Ecclesia
2273 4245 2486 4311 peccati
2516 4244 2744 4295 initium
2785 4240 3059 4293 devitare.
3088 4237 3391 4311 Confracta

1792 4320 1930 4368 sunt
1955 4330 2090 4381 ergo
2114 4307 2300 4382 capita
2323 4316 2605 4377 draconis,
2629 4315 2923 4366 destructa
2948 4311 3086 4362 sunt
3110 4307 3389 4361 diabolica

1789 4389 1946 4439 vitia.
1974 4392 2107 4440 Nam
2136 4391 2231 4441 ubi
2256 4394 2462 4453 regnat
2483 4391 2658 4450 Deus,
2681 4398 2799 4436 non
2823 4386 3011 4449 potest
3030 4392 3271 4453 regnare
3289 4393 3389 4431 su-

1791 4460 2006 4524 perbia,
2034 4473 2152 4511 non
2184 4451 2340 4512 vana»
2355 4461 2553 4523 gloria,
2584 4471 2703 4509 non
2734 4455 2965 4513 invidia,
2992 4465 3109 4524 non
3135 4451 3242 4524 ira,
3270 4464 3388 4503 non

1790 4522 2049 4592 tristitia,
2107 4544 2226 4582 non
2268 4522 2479 4592 acedia,
2526 4543 2642 4581 non
2675 4526 2892 4579 ventris
2929 4522 3236 4587 ingluvies,
3269 4534 3387 4574 non

1794 4602 2036 4653 luxuria.
2075 4602 2233 4654 Talia
2266 4607 2404 4654 sunt
2433 4602 2619 4667 capita
2638 4600 2815 4664 hujus
2852 4594 3070 4649 versuti
3100 4593 3388 4667 draconis,

1717 4654 1774 4727 D
1798 4686 1929 4738 quae
1958 4675 2019 4723 in
2050 4673 2260 4726 virtute
2298 4687 2405 4726 sua
2429 4654 2836 4738 confregit-rex
2865 4667 3183 4738 noster.iEt
3213 4665 3295 4717 sic
3320 4654 3389 4717 ea

1788 4737 2200 4808 cOnfringendo
2220 4750 2584 4810 operatusest
2616 4737 2858 4797 salutem
2882 4742 2941 4790 in
2972 4737 3164 4810 medio
3188 4742 3376 4799 terrae,

1790 4829 1923 4881 quae
1940 4817 2098 4880 prius
2112 4809 2378 4882 corrupta
2388 4822 2527 4880 erat,
2542 4821 2599 4868 et
2609 4815 2943 4880 elanguerat
2954 4809 3150 4861 talium
3164 4811 3382 4882 hostium

1789 4880 2105 4941 invasione.
2143 4891 2212 4940 Et
2236 4880 2372 4952 quid
2395 4889 2576 4940 deillo
2601 4889 2747 4948 fecit,
2773 4884 2942 4948 cujus
2967 4880 3387 4952 capitaconfre-

1790 4961 1874 5025 git
1896 4962 1922 5009 ‘I
1970 4960 2172 5009 Dedisti
2195 4951 2317 5008 eum
2340 4975 2508 5009 escam
2534 4957 2747 5025 populis
2769 4955 3111 5025 Ethiopum.
3144 4951 3259 5016 Ipsi
3283 4963 3388 5025 vo-

1790 5022 1994 5082 cantur
2017 5031 2091 5081 ad
2120 5031 2316 5094 finem,
2342 5032 2438 5093 qui
2462 5022 2616 5093 nigri
2628 5028 2877 5079 fuerunt.
2913 5024 3245 5086 Diciturque
3269 5022 3388 5074 eis:

1789 5102 2005 5153 Fuistis
2027 5101 2337 5165 aliquando
2363 5103 2633 5160 tenebrae,
2657 5111 2815 5149 nunc
2839 5102 3036 5148 autem
3060 5095 3163 5146 lux
3183 5094 3383 5165 inrDo-

1786 5176 1943 5226 mino
1981 5163 2196 5238 (Εριιὲε.
2239 5172 2329 5236 5,).
2361 5175 2445 5224 De
2474 5169 2563 5221 his
2587 5169 2742 5220 enim
2782 5168 2845 5220 tlt
2876 5166 3148 5238 Ecclesia,
3173 5164 3265 5216 cui
3283 5163 3387 5238 dif

1790 5247 1936 5297 citur
1953 5259 1965 5295 :
1982 5234 2128 5306 Qum
2150 5248 2237 5294 est
2252 5234 2361 5294 ista
2374 5253 2503 5304 quae
2519 5238 2781 5291 ascendit
2802 5238 3063 5290 dealbata
3080 5237 3254 5299 (Cant.
3274 5234 3389 5299 6.)?

1790 5319 1965 5381 Nigra
2002 5330 2133 5367 sum
2180 5314 2405 5379 (inquit)
2449 5312 2550 5362 sed
2582 5311 2849 5373 formosa,
2895 5310 3029 5362 tilia:
3062 5308 3382 5381 Jerusalem

1790 5379 1974 5452 (Cant.
2000 5388 2199 5450 l.).Isti
2237 5383 2715 5445 suntEtbiopum
2742 5380 2956 5446 populi,
2976 5381 3188 5452 quibus
3214 5379 3384 5452 draco

1789 5449 1900 5514 iste
1925 5462 1985 5511 in
2013 5470 2202 5511 escam
2235 5457 2406 5507 datus
2432 5458 2537 5507 est.
2565 5455 2685 5503 Hoc
2724 5452 3010 5515 significat
3033 5451 3248 5503 vitulus
3270 5449 3383 5514 ille,

1790 5546 1963 5598 quem
1993 5528 2250 5582 adoravit
2272 5526 2520 5593 populus
2542 5524 2808 5582 infidelis,
2840 5534 3016 5598 quem
3044 5522 3388 5598 comminuit

1792 5593 2040 5669 Moyses,
2083 5602 2443 5663 missumque
2466 5598 2527 5649 in
2570 5607 2721 5669 aqua
2757 5594 2979 5669 populo
3003 5593 3193 5669 bibere
3228 5593 3387 5669 dedit

1792 5664 1984 5741 (Etr'od.
2014 5674 2138 5736 23.).
2170 5672 2316 5735 Quid
2338 5675 2427 5723 est
2455 5670 2579 5727 hoc,
2607 5667 2720 5741 nisi
2750 5666 2885 5741 quia
2902 5664 3241 5741 adoratores
3254 5664 3386 5741 ld_ia-

1789 5732 1904 5799 boli
1920 5732 2130 5809 corpus
2160 5732 2291 5794 facti
2310 5747 2447 5794 sunt
2463 5740 2672 5793 Christi
2688 5742 2715 5789 ‘2
2733 5739 2878 5789 IIinc
2897 5736 2998 5799 (Ea:
3022 5732 3267 5809 August.)
3291 5734 3385 5809 _Pe-

1788 5823 1874 5869 tro
1893 5804 2115 5868 dictum
2141 5820 2231 5867 est
2253 5815 2323 5866 de
2339 5812 2617 5866 Gentibus
2645 5827 2655 5859 :
2678 5812 2858 5884 Macta
2873 5812 2930 5859 et
2946 5804 3228 5884 manduca
3245 5804 3381 5884 (Act.

1789 5888 1916 5950 10.),
1942 5887 1999 5938 id
2025 5891 2135 5951 est,
2169 5886 2367 5938 occide
2391 5885 2543 5950 quod
2570 5887 2725 5946 sunt,
2751 5886 2807 5932 et
2832 5880 2917 5931 fac
2941 5877 3091 5941 quod
3122 5888 3201 5926 es.
3228 5877 3310 5926 Ac
3335 5877 3383 5923 si
