3884 6402
442 4192 449 4196 ’
538 4203 805 4244 auroram
847 4194 932 4244 sol
962 4194 1288 4255 inardescit,
1320 4197 1400 4248 ita
1428 4205 1485 4251 et

524 376 626 436 951

1578 377 1848 432 RUFINO
1880 376 2345 429 PRESBYTERO
2378 374 2764 428 ASCRIPTUS

3718 371 3823 429 952

528 492 786 546 dicatur:
831 492 1165 566 Comminus
1196 495 1260 566 et
1271 492 1434 566 bibe.
1449 492 1780 566 _Oportebat
1811 490 2031 566 utique,
2054 492 2121 541 ut
2142 494 2199 566 Α
2227 563 2236 566 _
2281 487 2367 544 18.
2403 490 2613 539 Memor
2650 492 2754 539 esto
2785 489 2998 566 _hujus,_
3042 487 3311 566 videlicet
3335 487 3824 566 congregationis

524 576 734 629 corpus
757 564 909 628 quod
933 569 1054 617 erat
1076 563 1305 626 diaboli,
1336 563 1621 615 credendo
1647 563 1914 615 transiret
1930 563 1989 613 in
2005 574 2121 613 cor-
2142 559 2199 566 “““
2221 563 2359 623 tum,
2384 574 2484 625 pro
2502 573 2617 624 qua
2641 560 2799 612 oravi
2813 560 3094 625 superius.
3120 559 3284 611 Ponit
3300 560 3470 611 etiam
3494 560 3819 612 cmcitatem

525 648 635 699 pus
661 637 901 687 Christi:
941 640 998 687 et
1028 635 1111 685 sic
1147 635 1320 686 draco
1358 634 1862 696 comminueretur,
1889 633 2121 684 amissis

527 708 800 758 membris
829 706 969 758 suis.
997 707 1119 757 Hoc
1142 707 1316 758 etiam
1338 706 1649 770 ﬁguratum
1671 711 1761 757 est
1776 707 1835 756 in
1860 710 2124 769 serpente

529 779 728 841 Moysi.
770 780 912 828 Nam
949 777 1207 829 fecerunt
1230 777 1382 842 magi
1420 778 1699 841 similiter,
1736 779 2123 842 projectisque

526 848 720 912 virgis,
741 849 1127 901 exhibuerunt
1149 848 1443 900 dracones.
1463 848 1571 900 Sed
1601 849 1772 901 draco
1796 850 1977 913 Moysi
2003 862 2126 901 om-

528 919 685 970 nium
718 929 1022 982 magorum
1046 919 1242 983 virgas
1265 920 1564 970 absorbuit
1592 919 1782 982 (Exod.
1809 920 1877 983 7.)
1910 918 2125 971 Intelli-

526 994 695 1052 gatur
717 1002 853 1055 ergo
879 1003 1088 1055 corpus
1123 990 1335 1043 diaboli
1357 1003 1392 1041 a
1421 991 1789 1042 credentibus
1812 991 2120 1043 absorberi.

527 1064 597 1113 Ει
633 1061 856 1113 dicatur
877 1067 1051 1124 recte,
1082 1062 1286 1111 Dedisti
1323 1076 1447 1111 eum
1469 1077 1641 1110 escam
1662 1063 1879 1126 populis
1915 1063 2125 1112 {Ethio-

526 1146 677 1195 pum.
707 1131 807 1182 Vel
825 1134 932 1183 hoc
948 1132 1150 1184 modo:
1176 1132 1398 1183 Dedisti
1414 1144 1633 1196 escam,
1658 1133 1791 1195 quia
1805 1133 1976 1185 modo
2002 1146 2127 1184 om-

527 1215 629 1254 nes
650 1203 921 1255 mordent
946 1215 1097 1264 eum,
1126 1203 1545 1267 redarguendo,
1576 1204 1921 1268 accusando,
1946 1205 2126 1257 male-

526 1273 787 1326 dicendo.
811 1276 881 1327 Et
900 1286 1015 1339 quo
1039 1273 1238 1328 ordine
1252 1274 1363 1326 hoc
1378 1274 1598 1328 factum
1614 1275 1708 1338 sit,
1728 1281 2011 1340 sequutus
2026 1288 2123 1327 os-

531 1345 715 1397 tendit
738 1362 749 1394 :

593 1416 678 1471 15.
715 1417 791 1467 Tu
823 1416 1083 1481 dirupisti
1118 1416 1290 1479 fontes
1320 1422 1367 1465 et
1405 1421 1678 1481 torrentes,
1719 1419 1782 1469 ut
1824 1421 2127 1471 manarent

534 1487 640 1551 (Ea:
652 1488 694 1538 A
704 1489 899 1551 ugust.)
915 1488 1165 1551 liquores
1183 1488 1481 1552 sapientia
1497 1493 1552 1539 et
1574 1489 1725 1552 ﬁdei,
1741 1493 1807 1541 ut
1822 1489 2128 1553 irrigarent

532 1558 840 1610 falsitatem
865 1560 1151 1623 Gentium,
1169 1563 1235 1610 ut
1259 1572 1365 1611 sua
1386 1559 1689 1611 dulcedine
1717 1566 1892 1624 atque
1926 1562 2130 1625 irriga-

531 1629 686 1681 tione
722 1634 959 1681 caeteros
981 1635 1402 1683 converterent.
1429 1633 1496 1683 Et
1519 1632 1839 1684 notandum
1876 1633 2028 1697 quod
2066 1633 2127 1683 in

530 1700 656 1752 aliis
676 1700 742 1752 ﬁt
763 1702 1008 1754 verbum
1027 1701 1128 1752 Dei
1145 1702 1291 1765 fons,
1324 1703 1382 1753 in
1407 1702 1534 1754 aliis
1554 1709 1792 1755 torrens.
1820 1705 2125 1757 Torrentes

530 1772 757 1834 proprie
781 1772 1053 1824 dicuntur
1073 1773 1247 1834 ﬂuvii,
1273 1774 1374 1837 qui
1415 1779 1618 1826 testate
1642 1775 1921 1839 deﬂuunt,
1957 1775 2126 1838 aquis

2223 632 2370 696 ejus,
2408 638 2701 695 tamquam
2722 632 3047 695 intelligens
3072 636 3129 683 et
3148 644 3404 696 gemens,
3429 644 3564 682 cum
3588 631 3817 683 subdit:

2220 704 2883 768 Inimicusimproperavit
2896 704 3148 754 Domino.
3172 703 3424 767 Populus
3449 704 3606 754 enim
3629 702 3821 754 Judai-

2224 788 2328 826 cus
2350 775 2650 839 iniquitate
2668 781 2728 827 et
2743 775 3039 826 inimicitia
3060 776 3267 839 plenus
3288 775 3434 826 dixit
3458 775 3711 837 Christo,
3731 776 3819 825 Sa-

2224 849 2546 898 maritanus
2571 860 2653 909 es,
2675 851 2731 898 et
2767 847 3116 899 daemonium
3136 847 3318 897 habes
3345 846 3523 909 (Joan.
3545 846 3618 910 8.)
3642 852 3697 897 et
3710 846 3819 897 alia

2224 918 2404 969 multa
2427 919 2730 982 opprobria
2750 918 2831 969 illi
2858 918 3070 969 intulit.
3096 918 3258 970 Unde
3294 917 3483 968 adhuc
3507 917 3816 969 subditur:

2224 990 2295 1038 Et
2321 990 2553 1053 populus
2584 989 2848 1053 insipiens
2882 989 3129 1038 incitavit
3150 1004 3348 1038 nomen
3373 994 3545 1049 tuum,
3568 988 3631 1039 id
3651 992 3767 1049 est,
3790 1000 3822 1038 a

2224 1063 2301 1112 te.
2320 1062 2466 1112 Vere
2486 1061 2931 1125 insipiens,vere
2956 1060 3188 1123 stultus,
3214 1073 3346 1112 vere
3379 1061 3540 1113 duras
3573 1060 3824 1111 cervicis

2226 1132 2404 1196 (Εωοά
2423 1130 2550 1197 23.),
2590 1133 2690 1195 qui
2715 1137 2799 1184 tot
2831 1133 3108 1184 miracula
3130 1132 3291 1195 vidit,
3318 1136 3375 1182 et
3394 1145 3512 1183 non
3537 1131 3822 1183 credidit:

2224 1203 2463 1268 insuper
2485 1217 2656 1267 quem
2696 1205 2934 1255 adorare
2965 1204 3255 1268 debuerat,
3286 1204 3507 1254 occidit.
3532 1203 3662 1263 ,Sed
3688 1203 3827 1265 quia

2226 1275 2460 1339 quidam
2485 1289 2559 1328 ex
2581 1276 2692 1327 illis
2709 1276 2808 1338 qui
2823 1276 3115 1327 Christum
3130 1277 3292 1326 erant
3308 1274 3572 1336 occisuri,
3588 1279 3649 1325 et
3663 1279 3828 1337 post-

2225 1347 2465 1399 modum
2500 1347 2573 1398 ad
2597 1347 3017 1399 confessionem
3044 1350 3102 1398 et
3133 1346 3531 1410 paenitentiam
3563 1345 3639 1397 de
3667 1349 3826 1397 tanto

2226 1423 2457 1482 peccato
2481 1418 2714 1470 fuerunt
2740 1418 2993 1482 redituri,
3020 1416 3275 1480 postulat
3309 1429 3410 1481 pro
3435 1418 3534 1479 eis,
3557 1420 3617 1468 et
3654 1416 3822 1467 dicit:

2289 1489 2375 1543 19.
2409 1490 2491 1539 Ne
2515 1492 2699 1538 tradas
2722 1490 2894 1539 bestiis
2917 1490 3167 1538 animam
3190 1490 3522 1551 conﬁtentem
3549 1487 3662 1537 tibi.
3690 1488 3823 1549 Qui-

2226 1561 2336 1611 bDS
2375 1561 2576 1613 bestiis
2600 1562 2708 1624 (Ex
2737 1562 2891 1624 eod.),
2933 1561 3044 1612 nisi
3074 1573 3323 1623 quorum
3356 1560 3541 1624 capita
3575 1560 3827 1610 contrita

2206 1637 2367 1683 -sunt
2385 1632 2443 1683 in
2466 1632 2674 1695 aquis?
2706 1636 2853 1686 Nam
2873 1633 3063 1684 dictus
3088 1637 3178 1683 est
3202 1631 3398 1690 bestia,
3424 1630 3533 1691 leo,
3562 1642 3824 1695 serpens,

2227 1703 2414 1765 draco,
2441 1704 2565 1768 ipse
2599 1705 2879 1757 diabolus.
2912 1704 3041 1756 Noli
3072 1702 3340 1767 malignis
3363 1702 3664 1766 spiritibus
3691 1702 3827 1752 dare

2224 1776 2476 1827 animam
2496 1775 2860 1827 conﬁtentem
2887 1777 3006 1827 tibi.
3037 1777 3287 1826 Locutus
3317 1777 3405 1826 est
3426 1774 3581 1826 enim
3622 1775 3827 1823 Petrus

533 1841 2126 1933 ἐξεθὲξίῖτξξὲιὲυὶλὶίξιξιξςξιξξιξιῖξεριξττυξξι·ηνίάθεὲιρ;
2152 1858 2208 1933 Β
2233 1846 2954 1933 ιενδθιίιίενξιιιοιιῑαηῆξρεί
2990 1846 3338 1933 (recursans
3376 1846 3693 1933 mser;
3722 1845 3825 1933 ΩΨ

535 1912 749 1963 minem
766 1910 996 1965 ﬁdelem
1010 1919 1510 1978 perseveraturum
1526 1928 1711 1978 usque
1725 1917 1785 1967 in
1800 1917 1994 1982 ﬁnem,
2010 1929 2127 1968 non

533 1983 864 2036 relicturum
903 1986 1089 2037 Deum
1112 1987 1173 2037 in
1215 1986 1373 2037 omni
1406 1988 1741 2050 tentatione,
1774 1993 2132 2053 cunctasque

534 2054 830 2107 molestias
846 2057 1251 2109 sustinentem.
1267 2058 1372 2109 Hic
1385 2059 1538 2109 unde
1552 2060 1721 2122 viget,
1734 2060 1850 2111 nisi
1865 2060 1999 2124 quia
2014 2073 2132 2112 ver-

535 2127 676 2177 bum
699 2126 800 2177 Dei
824 2126 1035 2179 i'actum
1063 2133 1153 2179 est
1173 2129 1231 2179 in
1249 2142 1314 2181 eo
1340 2129 1469 2180 fons
1489 2142 1660 2194 aquae
1680 2130 1938 2182 salientis
1959 2131 2020 2181 in
2043 2131 2130 2183 vi-

537 2198 653 2249 tam
669 2199 945 2249 mternam
966 2198 1142 2262 (Joan.
1162 2200 1252 2258 4.).
1268 2205 1294 2251 ?
1308 2200 1472 2253 Alius
1487 2203 1704 2267 accepit
1718 2204 1975 2267 verbum,
1992 2215 2132 2267 pree-

534 2267 705 2331 dicat,
722 2280 840 2320 non
857 2273 1006 2321 tacet
1020 2273 1078 2321 et
1092 2270 1281 2322 currit.
1311 2271 1521 2334 Aliqua
1536 2273 1797 2326 fortassis
1816 2277 2129 2328 tentatione

536 2339 824 2403 tangitur:
848 2353 966 2391 non
990 2345 1182 2405 potest
1210 2340 1355 2393 ferre
1376 2347 1607 2407 aestum,
1632 2346 1841 2410 deﬁcit,
1873 2348 2131 2399 exsicca-

535 2415 644 2463 tur.
670 2413 866 2463 Estus
891 2423 1025 2475 ergo
1058 2413 1262 2476 probat
1285 2413 1472 2465 fontes
1496 2418 1552 2465 et
1580 2418 1879 2469 torrentes.
1909 2420 2131 2471 Tamen

537 2494 609 2534 ex
623 2487 870 2545 utroque
883 2483 1100 2547 rigetur
1116 2487 1282 2546 terra,
1300 2484 1372 2536 ab
1387 2497 1457 2536 eo
1474 2487 1572 2548 qui
1584 2492 1852 2550 operatus
1869 2494 1959 2540 est
1974 2491 2131 2541 salu-

536 2556 655 2604 tem
676 2553 740 2604 in
762 2553 951 2605 medio
979 2557 1164 2607 terra.
1205 2555 1282 2605 Tu
1304 2555 1512 2605 siccasti
1533 2557 1725 2620 ﬂuvios
1747 2560 1952 2610 Elhan.
1981 2560 2129 2614 Alibi

536 2623 751 2688 rumpit
771 2625 928 2677 Deus
952 2623 1157 2696 fontes,
1174 2629 1240 2676 ut
1262 2632 1526 2678 currant:
1546 2627 1681 2679 alibi
1707 2630 1884 2682 siccat
1899 2632 2127 2696 ﬂuvios,

537 2698 604 2746 ut
627 2707 746 2746 non
774 2696 988 2745 ﬂuant:
1016 2695 1119 2745 sed
1140 2696 1332 2758 ﬂuvios
1357 2698 1579 2762 (inquit)
1605 2700 1809 2764 Ethan,
1848 2703 2005 2764 quod
2041 2695 2132 2754 in?-

539 2768 883 2828 terpretatur
896 2764 1160 2816 robustus.
1179 2768 1353 2828 Quasi
1372 2768 1596 2822 robusti
1625 2774 1780 2834 sunt,
1806 2775 1905 2837 qui
1931 2773 2002 2825 de
2021 2774 2133 2825 vir-

539 2839 663 2888 tute
680 2847 788 2887 sua
802 2842 1182 2900 praesumunt.
1201 2838 1496 2890 Siccentur
1510 2841 1749 2893 ﬁumina
1764 2855 1963 2895 eorum
1980 2858 1993 2895 :
2012 2858 2132 2898 non

539 2906 838 2972 proﬁciant
853 2907 1129 2961 doctrinae
1144 2910 1407 2973 gentium
1426 2927 1436 2959 :
1455 2923 1575 2963 non
1587 2917 1740 2963 artes
1762 2913 2131 2979 philosopho-

537 2991 696 3031 rum:
723 2985 946 3033 arescat
960 2980 1149 3032 omnis
1162 2981 1350 3032 inanis
1365 2986 1423 3033 et
1443 2987 1674 3035 tumens
1687 2984 1929 3038 dotrina.
1948 2989 2131 3038 Inun-

539 3050 750 3103 dentur
784 3049 937 3103 dulci
977 3053 1034 3102 et
1074 3052 1238 3105 suavi
1273 3052 1446 3116 fonte,
1492 3055 1805 3119 Evangelio
1848 3059 2123 3110 veritatis.

603 3121 690 3176 16.
735 3121 877 3171 Tuus
893 3126 978 3197 est
1016 3122 1145 3197 dies,
1191 3128 1369 3197 et_tua
1392 3130 1463 3174 est
1490 3141 1619 3176 nox.
1649 3128 1790 3189 Quis
1807 3127 1983 3197 378
2020 3131 2129 3182 hoc

2233 1920 2562 1983 compuncti
2600 1918 2767 1971 corde
2796 1918 3097 1971 dixerunt:
3126 1918 3271 1980 Quid
3307 1917 3583 1968 faciemus
3604 1919 3634 1966 ?
3662 1919 3825 1979 Agite

2231 1990 2453 2053 (inquit)
2477 1990 2893 2055 paenitentiam,
2920 1995 2976 2042 et
2990 1990 3310 2055 baptizatur
3337 1988 3749 2052 unusquisque
3773 1988 3825 2037 in

2233 2062 2466 2113 nomine
2488 2062 2699 2113 Christi
2717 2079 2728 2109 :
2756 2065 2813 2113 et
2828 2062 3192 2113 dimittentur
3203 2060 3368 2113 vobis
3384 2064 3619 2125 peccata
3634 2062 3827 2110 vestra

2233 2134 2364 2195 (Act.
2410 2133 2501 2197 2.).
2540 2134 2774 2185 Dicatur
2806 2147 2983 2198 ergo:
3022 2134 3102 2183 Ne
3137 2133 3322 2182 tradas
3354 2132 3526 2181 bestiis
3569 2130 3825 2181 animam

2231 2206 2567 2267 confitentem
2600 2204 2711 2255 tibi.
2747 2206 2890 2254 Nam
2915 2203 3167 2265 serpenti
3199 2203 3278 2254 illi
3300 2203 3362 2254 in
3380 2201 3650 2267 paradiso
3678 2201 3823 2263 (Gen.

2232 2276 2321 2341 3.).
2338 2288 2615 2328 concessa
2631 2280 2719 2326 est
2738 2274 2790 2341 3
2801 2273 2850 2342 7
2862 2272 2914 2342 9
2931 2275 3217 2339 peccatrix
3232 2279 3398 2336 terra,
3410 2285 3526 2325 non
3537 2271 3829 2323 conﬁtens

2230 2350 2440 2399 anima.
2462 2347 2530 2396 Et
2549 2348 2768 2397 animas
2790 2362 3096 2411 pauperum
3116 2351 3352 2405 tuorum,
3369 2345 3428 2396 id
3447 2348 3554 2404 est,
3580 2349 3830 2395 contem-

2232 2426 2424 2473 torum
2456 2419 2677 2479 mundi,
2710 2433 2777 2467 ne
2806 2418 3135 2468 obliviscaris
3164 2418 3226 2468 in
3253 2419 3434 2479 ﬁnem.
3468 2415 3639 2468 Modo
3672 2416 3827 2466 enim

2232 2492 2400 2557 quasi
2433 2490 2627 2542 oblitae
2650 2504 2685 2542 a
2708 2495 2763 2541 te
2794 2490 3079 2553 videntur,
3105 2490 3246 2541 dum
3269 2489 3549 2548 esuriunt,
3575 2486 3726 2538 dum
3752 2487 3826 2537 si-

2233 2566 2403 2627 tiunt,
2430 2564 2571 2615 dum
2607 2561 3060 2613 consolationem
3083 2566 3363 2613 terrenam
3393 2563 3506 2611 ate
3529 2571 3649 2610 non
3677 2558 3827 2609 acci-

2231 2636 2416 2700 piunt,
2459 2634 2601 2685 dum
2627 2633 2989 2697 tribulantur,
3016 2634 3155 2684 dum
3178 2632 3601 2697 despiciuntur:
3628 2629 3736 2680 sed
3765 2629 3823 2679 in

2231 2708 2408 2759 ﬁnem
2437 2718 2558 2758 non
2593 2705 2969 2767 Oblivisceris,
3000 2704 3232 2768 quando
3258 2701 3607 2756 mternaliter
3628 2712 3827 2752 remu-

2231 2779 2608 2830 nerabuntur.

2293 2850 2379 2904 20.
2405 2849 2616 2913 Respice
2658 2848 2719 2896 in
2769 2851 3140 2897 testamentum
3196 2851 3368 2896 tuum.
3415 2844 3625 2905 Redde,
3668 2840 3826 2906 quod

2232 2918 2819 2986 promisisti.Tabulas
2833 2924 3117 2982 tenemus,
3132 2919 3290 2972 hmre
3298 2919 3534 2970 ditatem
3553 2919 3826 2979 expecta-

2231 3005 2384 3045 mus.
2410 2995 2480 3044 Et
2500 3004 2738 3044 necesse
2768 2996 2857 3043 est
2879 2996 2945 3042 ut
2966 2991 3256 3055 respicias,
3295 2989 3438 3049 Quia
3463 2987 3648 3053 repleti
3673 2992 3823 3047 sunt,

2232 3065 2328 3129 qui
2351 3062 2751 3112 obscuratisunt
2775 3067 2925 3112 terra:
2940 3062 3187 3112 domibus
3206 3060 3584 3125 iniquitatum.
3600 3060 3825 3110 Domus

2228 3141 2445 3188 nostra;
2476 3135 2584 3198 (Eae
2604 3135 2786 3199 Aug.),
2827 3135 3000 3186 corda
3031 3136 3246 3186 nostra.
3281 3133 3362 3183 Ibi
3388 3131 3630 3184 libenter
3660 3129 3827 3181 habi-

539 3193 1239 3279 ἱεῐξᾳιζξξν-ςῃιὶᾳηίρξθὶίθοῑι
1252 3195 1381 3247 11ωο
1398 3197 1636 3279 omnia?
1658 3200 1770 3279 Sed
1793 3193 2009 3279 ahquid
2025 3202 2135 3265 (Eat:
2158 3203 2209 3279 ρ
2236 3213 2361 3261 tant
2383 3193 2537 3259 beati
2559 3193 2787 3279 mundo,
2800 3206 2986 3279 corde.
3009 3205 3248 3279 Respice
3273 3216 3405 3270 ergo
3428 3204 3486 3279 in
3504 3207 3824 3279 testamenf

539 3264 677 3325 eod.)
690 3263 1003 3339 intelligere
1015 3265 1312 3339 debemus,
1326 3268 1481 3332 quod
1492 3270 1775 3333 pertineat
1783 3272 1856 3324 ad
1869 3263 2132 3339 salutem,

535 3347 710 3407 quam
722 3338 993 3407 operatus
1007 3337 1169 3390 estin
1179 3338 1365 3390 medio
1378 3343 1563 3392 terrai.
1583 3342 1689 3405 Qui
1706 3347 1845 3394 sunt
1856 3344 1997 3407 dies,
2020 3337 2139 3397 nisi

541 3406 897 3481 spirituales?
910 3407 1019 3470 Qui
1028 3414 1144 3458 sunt
1156 3423 1275 3474 nox,
1289 3412 1389 3459 nisi
1403 3414 1645 3461 carnales.
1660 3416 1764 3462 Non
1776 3419 1916 3477 potui
1933 3406 2134 3481 (inquit)

548 3477 714 3530 vobis
725 3477 881 3541 loqui
900 3483 1196 3543 tamquam
1211 3483 1564 3543 spiritualibus
1581 3487 1667 3532 sed
1688 3477 1945 3547 tamquam.
1956 3477 2136 3537 carus;

542 3549 714 3600 libus.
731 3551 969 3610 Quando
984 3551 1307 3615 spirituales
1320 3556 1443 3615 spiri
1453 3556 1605 3602 tualia
1616 3557 2024 3621 loquuntur,dies
2037 3562 2139 3609 diei

545 3621 770 3694 eructat
797 3622 1035 3673 verbum
1059 3623 1222 3685 (Psat.
1252 3623 1378 3688 18.).
1407 3625 1550 3677 Cum
1573 3639 1704 3679 vero
1729 3634 1787 3680 et
1808 3630 1918 3694 ipsi
1939 3644 2138 3683 carna-

542 3690 628 3743 les
653 3703 773 3742 non
806 3696 996 3743 tacent
1021 3694 1213 3759 ﬁdem,
1244 3709 1362 3748 nox
1386 3698 1539 3749 nocti
1570 3699 1785 3753 indicat
1815 3690 2133 3755 scientiam.

542 3762 688 3840 _Ergo
712 3766 841 3840 tuus
868 3769 941 3840 est
973 3763 1110 3840 dies,
1125 3772 1170 3815 et
1203 3771 1297 3840 tua
1322 3775 1394 3818 est
1416 3785 1544 3819 nom.
1573 3772 1676 3823 Tui
1710 3780 1847 3826 sunt
1870 3776 2134 3840 spiritua-

544 3832 645 3890 les.
663 3832 746 3885 tui
772 3839 912 3885 sunt
927 3836 1200 3890 carnales.
1219 3839 1352 3892 Illos
1376 3840 1631 3895 illustras
1648 3832 2135 3899 incommutabilis

543 3906 841 3980 sapientiae
870 3908 1139 3980 veritate:
1175 3910 1319 3963 istos
1356 3916 1688 3980 consolaris,
1725 3919 1917 3970 carnis
1950 3919 2137 3970 mani-

538 3977 864 4056 testatione.
894 3979 972 4056 Tu
1002 3979 1362 4056 fabricatuses
1387 4001 1651 4037 auroram
1674 3977 1719 4037 et
1741 3990 1920 4054 solem,
1944 3991 2000 4042 id
2027 3995 2134 4056 est,

542 4053 601 4100 tu
622 4049 803 4127 fecisti
817 4050 1061 4113 gratiam
1071 4055 1135 4127 et
1150 4053 1508 4118 sapientiam.
1527 4061 1823 4121 Quomodo
1837 4049 1990 4113 enim
2005 4049 2138 4127 post

541 4122 767 4172 noctem
793 4132 1017 4198 aurora,
1036 4123 1121 4198 sic
1133 4130 1266 4198 post
1293 4126 1516 4198 culpam
1535 4132 1736 4193 gratia.
1754 4133 1824 4183 Et
1839 4134 1987 4185 sicut
2006 4122 2137 4198 post

1520 4214 1622 4265 per
1644 4203 1909 4256 eﬁ‘ectum
1934 4208 2136 4270 gratias

539 4264 642 4340 Dei
668 4264 972 4340 sapientiae
987 4265 1045 4316 in
1084 4267 1354 4319 cordibus
1378 4264 1689 4325 electorum
1716 4288 1816 4340 per
1840 4264 2134 4331 caritatem

540 4334 825 4410 fervescit.
846 4337 916 4387 Et
930 4336 1080 4410 sicut
1103 4350 1219 4389 non
1243 4344 1332 4392 est
1359 4340 1481 4392 dies
1506 4344 1619 4395 nisi
1642 4334 1740 4410 per
1765 4347 2136 4403 llluminatio-

541 4416 679 4480 nem
707 4404 889 4480 solis:
922 4407 1004 4480 sic
1039 4420 1160 4461 non
1182 4413 1274 4462 est
1296 4412 1516 4480 justus,
1541 4404 1660 4469 nisi
1677 4418 1754 4470 sit
1777 4418 2135 4476 illuminatus

538 4475 669 4529 luce
691 4475 1023 4529 divinitatis.

602 4546 811 4620 147.77Tu
865 4549 1036 4611 fecisti
1091 4566 1274 4603 omnes
1328 4556 1585 4608 terminos
1628 4564 1793 4612 terrae.
1844 4564 2135 4620 Terminat

540 4618 697 4670 enim
706 4619 862 4671 Deus
877 4622 1120 4696 gratiam
1137 4637 1323 4696 suam,
1337 4638 1513 4690 quam
1526 4630 1625 4683 dat
1640 4633 1911 4688 Ecclesiae
1924 4649 2048 4690 suae
2058 4618 2132 4690 ad
2159 4621 2217 4696 Β

538 4701 873 4771 mensuram
899 4692 1071 4771 (Rom.
1104 4694 1222 4759 12.).
1251 4699 1380 4749 Non
1400 4700 1552 4752 enim
1587 4704 1810 4767 proﬁcit
1832 4707 1891 4759 in
1920 4710 2133 4763 virtute

539 4763 597 4843 et
616 4763 968 4843 gratia'unus
980 4766 1225 4843 quisque
1239 4774 1523 4833 quantum
1536 4763 1711 4840 cupit,
1730 4777 1830 4829 sed
1847 4786 2131 4842 quantum

538 4829 822 4917 placettei
850 4829 1300 4917 dividereterraa
1338 4854 1479 4905 suaa,
1515 4829 1629 4909 qui‘
1651 4829 2130 4917 terminosponit.

536 4902 1275 4991 Eglognquitapostolus)
1300 4902 1502 4991 omnes
1532 4902 1838 4991 tamquam
1860 4902 2132 4991 metes—se,

537 4973 637 5058 sed
652 4976 1055 5058 unusquisque
1065 4973 1353 5058 proprium
1364 4986 1540 5040 habet
1551 4973 1769 5043 donum
1781 4973 1960 5047 aDeo':
1983 4973 2134 5051 alius

537 5044 724 5132 et
745 5046 894 5132 alius
919 5049 1003 5132 sic
1040 5049 1109 5132 (1:
1147 5044 1267 5105 Cor.
1305 5056 1373 5117 7.)
1398 5059 1665 5132 ({Estatem
1697 5068 1743 5112 et
1776 5044 1960 5115 vertu

535 5119 698 5200 main
706 5132 796 5200 ea,
803 5119 857 5169 id
872 5124 980 5200 est,
993 5126 1257 5200 maturos
1270 5129 1551 5200 moribus:
1567 5134 1772 5196 quiain
1783 5119 1992 5191 aestate
1999 5119 2136 5195 sunt

534 5189 749 5271 maturi
771 5189 1010 5271 fructus,
1035 5196 1091 5245 et
1121 5195 1409 5271 ﬂorentes,
1429 5189 1643 5256 scilicet
1675 5189 1985 5271 primordia
2000 5189 2131 5265 "6i;

536 5263 729 5335 tutum
753 5262 1103 5335 emittentes,
1119 5267 1255 5330 quia
1269 5268 1329 5320 in
1345 5283 1481 5322 vere
1497 5262 1814 5331 nascuntur
1834 5262 2022 5335 ﬂores.
2034 5262 2039 5264 ’
2053 5262 2132 5335 ἧι

532 5329 817 5410 plasmasti
843 5348 925 5410 ea:
960 5329 1300 5410 neutraliter
1335 5339 1553 5394 dictum
1587 5353 1699 5400 est:
1730 5329 1805 5402 ac
1834 5329 2131 5410 sidicere:

532 5403 628 5483 tur
659 5415 682 5483 ί
702 5403 771 5453 Et
787 5403 1079 5483 perfectos
1099 5409 1156 5483 et
1170 5410 1426 5464 novellos
1442 5425 1643 5467 omnes
1661 5422 1723 5469 tu
1736 5420 1918 5474 fecisti
1927 5403 2130 5480 ilia—es

649 5472 769 5557 das,
784 5478 1012 5557 terram,
1031 5481 1089 5557 et
1106 5482 1169 5531 tu
1195 5492 1323 5557 eam
1344 5485 1636 5557 terminas,
1662 5494 1719 5541 et
1736 5472 2129 5555 quasialia};

529 5546 1033 5634 gt‘qmupjnodovis,
1054 5554 1115 5632 tu
1143 5563 1271 5604 eam
1295 5546 1639 5634 fructiﬁcare
1658 5546 1814 5615 facis.
1841 5546 1965 5617 Non
1979 5546 2127 5634 ergo

526 5613 862 5699 glorientur,
901 5621 1067 5699 quasi
1104 5635 1223 5699 non
1259 5630 1617 5693 acceperint:
1646 5638 1701 5683 tu
1736 5613 2124 5699 ῥιάέῄέἇὲιῖῗαῖ

527 5684 1170 5766 Magna-commendatio
1186 5699 1387 5760 gratim
1396 5684 1505 5752 Dei
1519 5707 1607 5753 est
1622 5704 1683 5756 in
1699 5684 2127 5765 E‘cclesiarCh'ri-I-

526 5758 617 5805 sti.
646 5758 864 5813 Deinde
887 5766 944 5814 et
978 5777 1080 5828 pro
1105 5758 1229 5818 suis
1253 5768 1399 5834 orat,
1421 5771 1649 5825 dicens:

595 5897 613 5918 ·
645 5891 904 5949 Rescribi
926 5909 1002 5952 ex
1033 5900 1364 5967 Augustino
1386 5906 1604 5973 malim,
1629 5910 1900 5974 deﬁciunt.

2234 3284 2361 3332 tum
2385 3282 2570 3340 tuum,
2595 3281 2661 3330 ut
2693 3278 2948 3341 reliquiis
2984 3277 3163 3329 salva
3186 3276 3345 3338 ﬁant,
3370 3275 3505 3340 quia
3538 3272 3709 3325 multi
3729 3272 3827 3336 qui

2234 3350 2544 3403 attendunt
2565 3349 2639 3401 ad
2663 3351 2890 3411 terram,
2908 3348 3200 3400 obscurati
3212 3352 3351 3399 sunt
3368 3352 3427 3398 et
3441 3344 3637 3410 repleti
3659 3348 3825 3395 terra.

2233 3421 2470 3474 Intravit
2491 3422 2553 3474 in
2581 3421 2779 3472 oculos
2817 3433 3017 3472 eorum
3050 3420 3259 3485 pulvis,
3287 3424 3345 3471 et
3373 3415 3686 3470 excaacavit
3708 3428 3825 3466 eos.

2236 3496 2306 3546 Et
2326 3494 2540 3546 factum
2552 3497 2661 3551 est,
2686 3492 2840 3556 quod
2864 3492 2997 3543 alibi
3019 3492 3249 3543 dicitur:
3268 3492 3662 3543 Obscurentur
3677 3486 3826 3539 oculi

2235 3578 2456 3629 eorum,
2506 3577 2581 3616 ne
2616 3564 2851 3616 videant
2880 3564 3041 3624 (Psal.
3078 3561 3206 3625 68.).
3251 3564 3437 3624 Quare
3475 3560 3584 3612 hoc
3617 3562 3642 3609 ε’
3682 3557 3827 3620 Quia

2233 3636 2434 3702 repleti
2478 3639 2616 3687 sunt
2644 3635 2891 3684 domibus
2920 3635 3296 3699 iniquitatum,
3323 3633 3383 3684 id
3412 3636 3522 3696 est,
3555 3629 3824 3682 cordibus

2233 3708 2419 3773 malis,
2444 3707 2525 3759 illi
2549 3707 2649 3771 qui
2677 3708 2966 3759 obscurati
2990 3711 3146 3766 sunt,
3171 3703 3519 3757 adhaerendo
3542 3708 3736 3756 terrae.
3757 3702 3827 3752 Et

2230 3781 2358 3833 ideo
2383 3781 2533 3832 dico:
2564 3780 2821 3843 Respice,

2293 3851 2380 3907 21.
2427 3854 2503 3903 Ne
2537 3842 2814 3900 avertatur
2835 3849 3061 3901 humilis
3096 3849 3271 3912 factus
3301 3846 3572 3909 confusus.
3608 3844 3689 3896 De
3729 3842 3823 3894 illo

2234 3924 2341 3977 hoc
2378 3924 2535 3985 dicit,
2571 3924 2642 3975 de
2674 3935 2789 3987 quo
2820 3922 2989 3987 paulo
3013 3926 3145 3973 ante
3168 3920 3272 3971 ait:
3302 3921 3385 3971 Ne
3408 3917 3601 3970 tradas
3624 3915 3824 3968 bestiis

2231 3996 2486 4049 animam
2510 3995 2878 4046 conﬁtentem
2907 3994 3026 4046 tibi.
3054 3992 3312 4044 Postulat
3340 3995 3404 4042 ut
3434 3990 3545 4053 ille,
3583 3989 3679 4052 qui
3706 4000 3825 4051 pec-

2233 4071 2360 4120 cata
2382 4080 2488 4119 sua
2503 4066 2807 4130 conﬁtens,
2828 4065 3063 4117 humilis
3078 4064 3262 4116 factus
3279 4065 3385 4126 est,
3398 4075 3516 4114 non
3535 4064 3824 4113 avertatur

2232 4154 2265 4191 a
2287 4138 2676 4191 misericordia
2699 4137 2819 4195 Dei,
2845 4149 2878 4188 a
2893 4140 3158 4201 respectu
3175 4148 3298 4187 suae
3318 4133 3664 4186 clementia:
3693 4132 3824 4197 quia

2234 4211 2283 4264 si
2303 4215 2677 4275 averteretur,
2705 4209 3168 4272 confunderetur,
3194 4211 3252 4260 et
3266 4207 3466 4259 bestiis
3491 4204 3819 4257 traderetur.

2233 4282 2451 4335 Deinde
2477 4281 2546 4332 de
2568 4293 2818 4346 paupere
2841 4280 2955 4345 illo,
2975 4281 3046 4332 de
3070 4292 3184 4345 quo
3203 4279 3419 4331 ibidem
3444 4276 3717 4341 subdidit,
3729 4276 3823 4327 hic

2232 4355 2407 4406 etiam
2442 4353 2794 4405 mentionem
2828 4353 2981 4416 facit,
3015 4352 3310 4403 subdens:
3341 4351 3558 4415 Pauper
3589 4354 3635 4399 et
3668 4350 3823 4412 inops

2234 4425 2537 4476 laudabunt
2560 4439 2759 4474 nomen
2778 4429 2951 4475 tuum.
2980 4427 3199 4488 Pauper
3221 4423 3321 4475 Dei
3343 4428 3453 4486 est,
3477 4421 3574 4486 qui
3601 4420 3745 4472 nihil
3765 4421 3823 4471 in

2232 4499 2342 4552 hoc
2382 4497 2599 4549 mundo
2631 4498 2862 4562 appetit,
2903 4498 3002 4561 qui
3036 4496 3108 4548 de
3143 4497 3331 4560 seipso
3367 4507 3485 4547 non
3508 4492 3821 4557 praesumit,

2237 4570 2335 4635 qui
2355 4570 2508 4621 bona
2540 4567 2792 4621 catlestia
2823 4568 3090 4620 ardenter
3122 4567 3491 4631 concupiscit.
3517 4568 3689 4630 Inops
3719 4566 3821 4623 est,

2238 4642 2333 4707 qui
2345 4640 2501 4692 omni
2513 4653 2620 4705 ope
2631 4640 2886 4695 humana
2897 4640 3231 4703 destitutus,
3249 4651 3367 4690 non
3381 4635 3823 4702 quaaritaliunde

2230 4726 2419 4779 opem,
2450 4712 2565 4764 nisi
2601 4724 2636 4763 a
2676 4714 2796 4764 Deo
2836 4713 2976 4771 solo,
3015 4712 3073 4762 in
3109 4723 3224 4774 quo
3260 4713 3437 4761 totam
3462 4720 3622 4773 spem
3656 4718 3822 4758 suam

2231 4784 2548 4839 constituit.
2581 4783 2744 4836 Tales
2766 4783 2988 4848 (inquit)
3018 4795 3293 4847 pauperes
3317 4786 3374 4833 et
3405 4780 3605 4844 inopes
3629 4778 3823 4830 lauda-

2231 4857 2382 4910 bunt
2403 4869 2615 4908 nomen
2640 4860 2827 4907 tuum.
2854 4855 3020 4907 Tales
3044 4856 3199 4906 enim
3229 4853 3419 4905 idonei
3444 4856 3582 4903 sunt
3603 4849 3676 4902 ad
3701 4850 3822 4902 lau-

2231 4928 2490 4983 dandum
2516 4930 2719 4990 Deum,
2744 4941 2891 4992 quos
2917 4927 3201 4990 cupiditas
3218 4938 3333 4977 non
3360 4926 3650 4989 angustat,
3676 4934 3821 4986 quos

2232 5002 2440 5054 caritas
2465 5000 2684 5063 dilatat,
2720 5008 2868 5065 quos
2898 5000 3017 5051 vita
3040 4999 3424 5050 commendat.
3460 4998 3529 5047 Et
3552 4995 3700 5046 sicut
3723 5005 3818 5058 pro

2232 5072 2640 5125 conﬁtentibus
2652 5071 2962 5135 postulavit
2980 5071 3225 5132 veniam,
3253 5069 3332 5120 ita
3344 5080 3499 5120 nunc
3520 5080 3620 5132 pro
3639 5079 3819 5131 perse

2230 5143 2564 5197 verantibus
2588 5142 2649 5194 in
2674 5148 2906 5207 peccato
2939 5144 3122 5194 Deum
3154 5143 3369 5192 excitat
3393 5139 3466 5190 ad
3491 5138 3813 5190 vindictam.

2230 5215 2395 5270 Unde
2407 5228 2523 5266 non
2535 5218 2655 5266 tam
2668 5215 2900 5276 orando,
2916 5226 3089 5277 quam
3105 5212 3495 5278 prophetando
3507 5211 3628 5273 subj
3637 5211 3812 5275 ungit:

2292 5285 2378 5340 22.
2405 5286 2671 5351 Exsurge,
2698 5288 2856 5347 Deus,
2886 5287 3083 5352 judico.
3118 5300 3343 5335 causam
3366 5290 3536 5334 tuam.
3575 5284 3814 5333 Causam

2230 5370 2404 5422 quam
2414 5371 2522 5412 nos
2535 5360 2900 5423 suscepimus
2913 5357 3345 5417 defendendam,
3359 5356 3446 5406 fac
3456 5356 3537 5406 eis
3548 5367 3813 5419 apparere

2225 5430 2465 5493 justam,
2500 5430 2714 5482 scilicet
2747 5431 2882 5494 quia
2913 5429 2997 5481 sic
3022 5430 3273 5493 oportuit
3296 5428 3413 5492 pati
3441 5426 3729 5478 Christum
3759 5430 3815 5478 et

2226 5512 2526 5566 resurgere
2551 5503 2861 5564 amortuis,
2890 5507 2945 5554 et
2968 5502 3050 5553 sic
3072 5502 3283 5552 intrare
3307 5501 3366 5550 in
3382 5498 3620 5562 gloriam
3649 5509 3812 5549 suam

2228 5573 2371 5635 (Luc.
2416 5572 2542 5636 24.).
2575 5575 2822 5637 Exsurge
2845 5578 2909 5626 ut
2937 5573 3178 5638 judices.
3216 5571 3336 5622 Nisi
3371 5570 3524 5621 enim
3546 5570 3701 5633 prius
3726 5582 3812 5620 re-

2227 5656 2432 5709 surgas
2448 5658 2483 5697 a
2497 5645 3010 5709 mortuis,minime
3025 5643 3329 5708 judicabis.
3358 5644 3501 5694 Nam
3522 5642 3628 5703 (Ea:
3656 5642 3808 5704 Aug.)

2223 5727 2343 5767 non
2365 5722 2643 5768 venturus
2660 5722 2812 5769 esset
2822 5716 2895 5768 ad
2906 5716 3209 5779 judicium,
3226 5713 3336 5764 nisi
3349 5712 3486 5776 quia
3502 5713 3747 5764 surrexit
3771 5724 3801 5763 a

2224 5788 2487 5844 mortuis.
2526 5789 2789 5843 Christus
2811 5789 3092 5843 venturus
3116 5784 3629 5850 prmnuntiabatur,
3656 5783 3803 5835 venit
