  <div class='ocr_page' id='page_1' title='image "/cluster/home/n/w/nwhite01/storage/ocr_20150623/21/umn.319510024773153/478.png"; bbox 0 0 3884 6394; ppageno 0'>
   <div class='ocr_carea' id='block_1_1' title="bbox 63 393 177 451">
    <p class='ocr_par' dir='ltr' id='par_1_1' title="bbox 63 393 177 451">
     <span class='ocr_line' id='line_1_1' title="bbox 63 393 177 451; baseline 0.009 -1"><span class='ocrx_word' id='word_1_1' title='bbox 63 393 177 451; x_wconf 82' lang='grc'>953</span> 
     </span>
    </p>
   </div>
   <div class='ocr_carea' id='block_1_2' title="bbox 1053 393 2385 453">
    <p class='ocr_par' dir='ltr' id='par_1_2' title="bbox 1053 393 2385 453">
     <span class='ocr_line' id='line_1_2' title="bbox 1053 393 2385 453; baseline 0.004 -5"><span class='ocrx_word' id='word_1_2' title='bbox 1053 396 1127 448; x_wconf 84' lang='grc' dir='ltr'>ΙΝ</span> <span class='ocrx_word' id='word_1_3' title='bbox 1177 393 1497 447; x_wconf 80' lang='lat' dir='ltr'>PSALMOS</span> <span class='ocrx_word' id='word_1_4' title='bbox 1542 393 1751 447; x_wconf 81' lang='lat' dir='ltr'>LXXV</span> <span class='ocrx_word' id='word_1_5' title='bbox 1802 395 2385 453; x_wconf 79' lang='lat' dir='ltr'>COMMENTARIUS.</span> 
     </span>
    </p>
   </div>
   <div class='ocr_carea' id='block_1_3' title="bbox 3256 395 3364 452">
    <p class='ocr_par' dir='ltr' id='par_1_3' title="bbox 3256 395 3364 452">
     <span class='ocr_line' id='line_1_3' title="bbox 3256 395 3364 452; baseline 0.009 -1"><span class='ocrx_word' id='word_1_6' title='bbox 3256 395 3364 452; x_wconf 66' lang='grc'>954</span> 
     </span>
    </p>
   </div>
   <div class='ocr_carea' id='block_1_4' title="bbox 62 508 3367 587">
    <p class='ocr_par' dir='ltr' id='par_1_4' title="bbox 62 508 3367 587">
     <span class='ocr_line' id='line_1_4' title="bbox 62 508 3367 587; baseline 0.001 -26"><span class='ocrx_word' id='word_1_7' title='bbox 62 509 224 587; x_wconf 77' lang='lat' dir='ltr'>sicut</span> <span class='ocrx_word' id='word_1_8' title='bbox 244 509 536 587; x_wconf 82' lang='lat' dir='ltr'>Scriptura</span> <span class='ocrx_word' id='word_1_9' title='bbox 548 509 839 587; x_wconf 71' lang='lat' dir='ltr'>prtedix_it.</span> <span class='ocrx_word' id='word_1_10' title='bbox 866 509 1671 587; x_wconf 68' lang='lat' dir='ltr'>Implevitjustitiam,_p_mdi-</span> <span class='ocrx_word' id='word_1_11' title='bbox 1694 512 1749 587; x_wconf 70' lang='grc' dir='ltr'><strong>Α</strong></span> <span class='ocrx_word' id='word_1_12' title='bbox 1772 513 1953 563; x_wconf 89' lang='lat' dir='ltr'>morte</span> <span class='ocrx_word' id='word_1_13' title='bbox 1960 512 2304 587; x_wconf 77' lang='lat' dir='ltr'>destruitur,</span> <span class='ocrx_word' id='word_1_14' title='bbox 2326 513 2477 579; x_wconf 89' lang='lat' dir='ltr'>quod</span> <span class='ocrx_word' id='word_1_15' title='bbox 2489 517 2757 579; x_wconf 76' lang='lat' dir='ltr'>peccator</span> <span class='ocrx_word' id='word_1_16' title='bbox 2778 511 2850 564; x_wconf 90' lang='lat' dir='ltr'>ad</span> <span class='ocrx_word' id='word_1_17' title='bbox 2870 509 3114 587; x_wconf 79' lang='lat' dir='ltr'>gratiam</span> <span class='ocrx_word' id='word_1_18' title='bbox 3130 508 3367 587; x_wconf 65' lang='lat' dir='ltr'>damna-</span> 
     </span>
    </p>
   </div>
   <div class='ocr_carea' id='block_1_5' title="bbox 64 582 1673 635">
    <p class='ocr_par' dir='ltr' id='par_1_5' title="bbox 64 582 1673 635">
     <span class='ocr_line' id='line_1_5' title="bbox 64 582 1673 635; baseline -0.002 0"><span class='ocrx_word' id='word_1_19' title='bbox 64 582 226 635; x_wconf 96' lang='lat' dir='ltr'>cavit</span> <span class='ocrx_word' id='word_1_20' title='bbox 241 583 418 634; x_wconf 89' lang='lat' dir='ltr'>vitam</span> <span class='ocrx_word' id='word_1_21' title='bbox 433 587 731 634; x_wconf 76' lang='lat' dir='ltr'>aeternam.</span> <span class='ocrx_word' id='word_1_22' title='bbox 751 585 819 633; x_wconf 87' lang='lat' dir='ltr'>Et</span> <span class='ocrx_word' id='word_1_23' title='bbox 832 586 1025 633; x_wconf 90' lang='lat' dir='ltr'>tamen</span> <span class='ocrx_word' id='word_1_24' title='bbox 1039 586 1369 633; x_wconf 89' lang='lat' dir='ltr'>contemtus</span> <span class='ocrx_word' id='word_1_25' title='bbox 1382 584 1472 633; x_wconf 90' lang='lat' dir='ltr'>est</span> <span class='ocrx_word' id='word_1_26' title='bbox 1492 582 1551 632; x_wconf 92' lang='lat' dir='ltr'>in</span> <span class='ocrx_word' id='word_1_27' title='bbox 1566 586 1673 633; x_wconf 88' lang='lat' dir='ltr'>ter-</span> 
     </span>
    </p>
   </div>
   <div class='ocr_carea' id='block_1_6' title="bbox 70 654 1670 718">
    <p class='ocr_par' dir='ltr' id='par_1_6' title="bbox 70 654 1670 718">
     <span class='ocr_line' id='line_1_6' title="bbox 70 654 1670 718; baseline 0.001 -13"><span class='ocrx_word' id='word_1_28' title='bbox 70 656 173 714; x_wconf 86' lang='lat' dir='ltr'>ris,</span> <span class='ocrx_word' id='word_1_29' title='bbox 203 659 258 706; x_wconf 90' lang='lat' dir='ltr'>et</span> <span class='ocrx_word' id='word_1_30' title='bbox 281 654 472 705; x_wconf 88' lang='lat' dir='ltr'>adhuc</span> <span class='ocrx_word' id='word_1_31' title='bbox 496 654 883 705; x_wconf 89' lang='lat' dir='ltr'>contemnitur</span> <span class='ocrx_word' id='word_1_32' title='bbox 897 655 957 705; x_wconf 89' lang='lat' dir='ltr'>in</span> <span class='ocrx_word' id='word_1_33' title='bbox 978 654 1153 706; x_wconf 77' lang='lat' dir='ltr'>caelis.</span> <span class='ocrx_word' id='word_1_34' title='bbox 1182 657 1302 704; x_wconf 86' lang='lat' dir='ltr'>IIoc</span> <span class='ocrx_word' id='word_1_35' title='bbox 1326 659 1417 705; x_wconf 89' lang='lat' dir='ltr'>est</span> <span class='ocrx_word' id='word_1_36' title='bbox 1445 658 1670 718; x_wconf 79' lang='lat' dir='ltr'>propter</span> 
     </span>
    </p>
   </div>
   <div class='ocr_carea' id='block_1_7' title="bbox 72 725 1669 789">
    <p class='ocr_par' dir='ltr' id='par_1_7' title="bbox 72 725 1669 789">
     <span class='ocr_line' id='line_1_7' title="bbox 72 725 1669 789; baseline 0 -14"><span class='ocrx_word' id='word_1_37' title='bbox 72 726 231 788; x_wconf 88' lang='lat' dir='ltr'>quod</span> <span class='ocrx_word' id='word_1_38' title='bbox 257 727 536 777; x_wconf 88' lang='lat' dir='ltr'>venturus</span> <span class='ocrx_word' id='word_1_39' title='bbox 567 728 657 775; x_wconf 90' lang='lat' dir='ltr'>est</span> <span class='ocrx_word' id='word_1_40' title='bbox 680 725 752 776; x_wconf 86' lang='lat' dir='ltr'>ad</span> <span class='ocrx_word' id='word_1_41' title='bbox 779 725 1058 787; x_wconf 84' lang='lat' dir='ltr'>judicium</span> <span class='ocrx_word' id='word_1_42' title='bbox 1092 726 1455 788; x_wconf 86' lang='lat' dir='ltr'>omnipotens</span> <span class='ocrx_word' id='word_1_43' title='bbox 1493 726 1669 789; x_wconf 89' lang='lat' dir='ltr'>Deus,</span> 
     </span>
    </p>
   </div>
   <div class='ocr_carea' id='block_1_8' title="bbox 68 795 1670 860">
    <p class='ocr_par' dir='ltr' id='par_1_8' title="bbox 68 795 1670 860">
     <span class='ocr_line' id='line_1_8' title="bbox 68 795 1670 860; baseline -0.001 -14"><span class='ocrx_word' id='word_1_44' title='bbox 68 796 268 859; x_wconf 86' lang='lat' dir='ltr'>ibique</span> <span class='ocrx_word' id='word_1_45' title='bbox 286 808 553 846; x_wconf 86' lang='lat' dir='ltr'>caussam</span> <span class='ocrx_word' id='word_1_46' title='bbox 569 808 735 846; x_wconf 77' lang='lat' dir='ltr'>suam</span> <span class='ocrx_word' id='word_1_47' title='bbox 749 795 1250 847; x_wconf 71' lang='lat' dir='ltr'>demonstraturus</span> <span class='ocrx_word' id='word_1_48' title='bbox 1266 804 1313 843; x_wconf 86' lang='lat' dir='ltr'>et</span> <span class='ocrx_word' id='word_1_49' title='bbox 1324 798 1670 860; x_wconf 88' lang='lat' dir='ltr'>judicaturus,</span> 
     </span>
    </p>
   </div>
   <div class='ocr_carea' id='block_1_9' title="bbox 72 866 1670 930">
    <p class='ocr_par' dir='ltr' id='par_1_9' title="bbox 72 866 1670 930">
     <span class='ocr_line' id='line_1_9' title="bbox 72 866 1670 930; baseline 0.001 -13"><span class='ocrx_word' id='word_1_50' title='bbox 72 866 344 918; x_wconf 86' lang='lat' dir='ltr'>ostendet</span> <span class='ocrx_word' id='word_1_51' title='bbox 375 878 552 929; x_wconf 90' lang='lat' dir='ltr'>quam</span> <span class='ocrx_word' id='word_1_52' title='bbox 574 868 796 929; x_wconf 88' lang='lat' dir='ltr'>justam</span> <span class='ocrx_word' id='word_1_53' title='bbox 809 879 1078 918; x_wconf 86' lang='lat' dir='ltr'>caussam</span> <span class='ocrx_word' id='word_1_54' title='bbox 1090 866 1313 928; x_wconf 90' lang='lat' dir='ltr'>habuit,</span> <span class='ocrx_word' id='word_1_55' title='bbox 1330 879 1500 929; x_wconf 90' lang='lat' dir='ltr'>quam</span> <span class='ocrx_word' id='word_1_56' title='bbox 1514 867 1670 930; x_wconf 84' lang='lat' dir='ltr'>inju-</span> 
     </span>
    </p>
   </div>
   <div class='ocr_carea' id='block_1_10' title="bbox 70 938 1669 1002">
    <p class='ocr_par' dir='ltr' id='par_1_10' title="bbox 70 938 1669 1002">
     <span class='ocr_line' id='line_1_10' title="bbox 70 938 1669 1002; baseline 0.001 -14"><span class='ocrx_word' id='word_1_57' title='bbox 70 941 229 988; x_wconf 85' lang='lat' dir='ltr'>stam</span> <span class='ocrx_word' id='word_1_58' title='bbox 258 950 486 1001; x_wconf 78' lang='lat' dir='ltr'>pmnam</span> <span class='ocrx_word' id='word_1_59' title='bbox 512 938 793 989; x_wconf 81' lang='lat' dir='ltr'>sustinuit</span> <span class='ocrx_word' id='word_1_60' title='bbox 816 952 828 987; x_wconf 87' lang='lat'>:</span> <span class='ocrx_word' id='word_1_61' title='bbox 857 943 915 989; x_wconf 92' lang='lat' dir='ltr'>et</span> <span class='ocrx_word' id='word_1_62' title='bbox 932 938 992 988; x_wconf 92' lang='lat' dir='ltr'>in</span> <span class='ocrx_word' id='word_1_63' title='bbox 1014 938 1225 1001; x_wconf 89' lang='lat' dir='ltr'>quibus</span> <span class='ocrx_word' id='word_1_64' title='bbox 1250 938 1478 1002; x_wconf 83' lang='lat' dir='ltr'>culpam</span> <span class='ocrx_word' id='word_1_65' title='bbox 1504 939 1669 990; x_wconf 89' lang='lat' dir='ltr'>inve-</span> 
     </span>
    </p>
   </div>
   <div class='ocr_carea' id='block_1_11' title="bbox 70 1009 1664 1073">
    <p class='ocr_par' dir='ltr' id='par_1_11' title="bbox 70 1009 1664 1073">
     <span class='ocr_line' id='line_1_11' title="bbox 70 1009 1664 1073; baseline -0.001 -12"><span class='ocrx_word' id='word_1_66' title='bbox 70 1009 217 1073; x_wconf 89' lang='lat' dir='ltr'>niet,</span> <span class='ocrx_word' id='word_1_67' title='bbox 247 1009 504 1060; x_wconf 88' lang='lat' dir='ltr'>districte</span> <span class='ocrx_word' id='word_1_68' title='bbox 523 1009 822 1073; x_wconf 87' lang='lat' dir='ltr'>judicabit.</span> <span class='ocrx_word' id='word_1_69' title='bbox 848 1010 1010 1061; x_wconf 86' lang='lat' dir='ltr'>Unde</span> <span class='ocrx_word' id='word_1_70' title='bbox 1028 1013 1087 1060; x_wconf 90' lang='lat' dir='ltr'>et</span> <span class='ocrx_word' id='word_1_71' title='bbox 1124 1010 1506 1073; x_wconf 90' lang='lat' dir='ltr'>subjunctum</span> <span class='ocrx_word' id='word_1_72' title='bbox 1536 1014 1626 1061; x_wconf 88' lang='lat' dir='ltr'>est</span> <span class='ocrx_word' id='word_1_73' title='bbox 1652 1026 1664 1059; x_wconf 93' lang='lat'>:</span> 
     </span>
    </p>
   </div>
   <div class='ocr_carea' id='block_1_12' title="bbox 70 1080 1670 1146">
    <p class='ocr_par' dir='ltr' id='par_1_12' title="bbox 70 1080 1670 1146">
     <span class='ocr_line' id='line_1_12' title="bbox 70 1080 1670 1146; baseline -0.001 -16"><span class='ocrx_word' id='word_1_74' title='bbox 70 1082 284 1130; x_wconf 82' lang='lat' dir='ltr'>Memor</span> <span class='ocrx_word' id='word_1_75' title='bbox 311 1085 414 1130; x_wconf 85' lang='lat' dir='ltr'>esto</span> <span class='ocrx_word' id='word_1_76' title='bbox 450 1082 909 1145; x_wconf 81' lang='lat' dir='ltr'>improperiorum</span> <span class='ocrx_word' id='word_1_77' title='bbox 950 1086 1189 1142; x_wconf 78' lang='lat' dir='ltr'>tuorum,</span> <span class='ocrx_word' id='word_1_78' title='bbox 1235 1097 1420 1131; x_wconf 79' lang='lat' dir='ltr'>eorum</span> <span class='ocrx_word' id='word_1_79' title='bbox 1449 1097 1567 1146; x_wconf 71' lang='lat' dir='ltr'>quas</span> <span class='ocrx_word' id='word_1_80' title='bbox 1603 1080 1670 1130; x_wconf 88' lang='lat' dir='ltr'>ab</span> 
     </span>
    </p>
   </div>
   <div class='ocr_carea' id='block_1_13' title="bbox 69 1152 1669 1217">
    <p class='ocr_par' dir='ltr' id='par_1_13' title="bbox 69 1152 1669 1217">
     <span class='ocr_line' id='line_1_13' title="bbox 69 1152 1669 1217; baseline 0.001 -14"><span class='ocrx_word' id='word_1_81' title='bbox 69 1153 363 1217; x_wconf 83' lang='lat' dir='ltr'>insipiente</span> <span class='ocrx_word' id='word_1_82' title='bbox 396 1158 526 1201; x_wconf 84' lang='lat' dir='ltr'>sunt</span> <span class='ocrx_word' id='word_1_83' title='bbox 550 1158 658 1201; x_wconf 80' lang='lat' dir='ltr'>tota</span> <span class='ocrx_word' id='word_1_84' title='bbox 692 1152 795 1203; x_wconf 86' lang='lat' dir='ltr'>die.</span> <span class='ocrx_word' id='word_1_85' title='bbox 829 1152 1116 1216; x_wconf 90' lang='lat' dir='ltr'>Insipiens</span> <span class='ocrx_word' id='word_1_86' title='bbox 1142 1159 1229 1204; x_wconf 87' lang='lat' dir='ltr'>est</span> <span class='ocrx_word' id='word_1_87' title='bbox 1265 1154 1521 1217; x_wconf 87' lang='lat' dir='ltr'>quidam,</span> <span class='ocrx_word' id='word_1_88' title='bbox 1553 1165 1669 1204; x_wconf 89' lang='lat' dir='ltr'>non</span> 
     </span>
    </p>
   </div>
   <div class='ocr_carea' id='block_1_14' title="bbox 71 1224 1671 1288">
    <p class='ocr_par' dir='ltr' id='par_1_14' title="bbox 71 1224 1671 1288">
     <span class='ocr_line' id='line_1_14' title="bbox 71 1224 1671 1288; baseline 0.001 -13"><span class='ocrx_word' id='word_1_89' title='bbox 71 1224 482 1288; x_wconf 85' lang='lat' dir='ltr'>cognovit,aut</span> <span class='ocrx_word' id='word_1_90' title='bbox 501 1237 880 1287; x_wconf 81' lang='lat' dir='ltr'>cognoscens,</span> <span class='ocrx_word' id='word_1_91' title='bbox 899 1237 1164 1288; x_wconf 84' lang='lat' dir='ltr'>perverse</span> <span class='ocrx_word' id='word_1_92' title='bbox 1188 1226 1348 1277; x_wconf 84' lang='lat' dir='ltr'>vivit.</span> <span class='ocrx_word' id='word_1_93' title='bbox 1368 1226 1537 1276; x_wconf 89' lang='lat' dir='ltr'>Tales</span> <span class='ocrx_word' id='word_1_94' title='bbox 1562 1225 1671 1276; x_wconf 90' lang='lat' dir='ltr'>im-</span> 
     </span>
    </p>
   </div>
   <div class='ocr_carea' id='block_1_15' title="bbox 70 1296 1670 1360">
    <p class='ocr_par' dir='ltr' id='par_1_15' title="bbox 70 1296 1670 1360">
     <span class='ocr_line' id='line_1_15' title="bbox 70 1296 1670 1360; baseline 0 -14"><span class='ocrx_word' id='word_1_95' title='bbox 70 1299 381 1359; x_wconf 89' lang='lat' dir='ltr'>properant</span> <span class='ocrx_word' id='word_1_96' title='bbox 399 1297 644 1347; x_wconf 90' lang='lat' dir='ltr'>Domino</span> <span class='ocrx_word' id='word_1_97' title='bbox 658 1296 775 1346; x_wconf 92' lang='lat' dir='ltr'>Deo</span> <span class='ocrx_word' id='word_1_98' title='bbox 800 1301 858 1347; x_wconf 93' lang='lat' dir='ltr'>et</span> <span class='ocrx_word' id='word_1_99' title='bbox 872 1297 1146 1347; x_wconf 87' lang='lat' dir='ltr'>membris</span> <span class='ocrx_word' id='word_1_100' title='bbox 1171 1298 1312 1360; x_wconf 90' lang='lat' dir='ltr'>ejus,</span> <span class='ocrx_word' id='word_1_101' title='bbox 1331 1297 1500 1348; x_wconf 90' lang='lat' dir='ltr'>modo</span> <span class='ocrx_word' id='word_1_102' title='bbox 1517 1297 1670 1347; x_wconf 88' lang='lat' dir='ltr'>blas-</span> 
     </span>
    </p>
   </div>
   <div class='ocr_carea' id='block_1_16' title="bbox 73 1367 1669 1432">
    <p class='ocr_par' dir='ltr' id='par_1_16' title="bbox 73 1367 1669 1432">
     <span class='ocr_line' id='line_1_16' title="bbox 73 1367 1669 1432; baseline 0.001 -15"><span class='ocrx_word' id='word_1_103' title='bbox 73 1367 423 1430; x_wconf 86' lang='lat' dir='ltr'>phemando,</span> <span class='ocrx_word' id='word_1_104' title='bbox 446 1367 619 1418; x_wconf 90' lang='lat' dir='ltr'>modo</span> <span class='ocrx_word' id='word_1_105' title='bbox 643 1367 973 1428; x_wconf 91' lang='lat' dir='ltr'>deridendo,</span> <span class='ocrx_word' id='word_1_106' title='bbox 997 1368 1167 1419; x_wconf 90' lang='lat' dir='ltr'>modo</span> <span class='ocrx_word' id='word_1_107' title='bbox 1184 1368 1479 1432; x_wconf 90' lang='lat' dir='ltr'>minando,</span> <span class='ocrx_word' id='word_1_108' title='bbox 1496 1369 1669 1419; x_wconf 91' lang='lat' dir='ltr'>modo</span> 
     </span>
    </p>
   </div>
   <div class='ocr_carea' id='block_1_17' title="bbox 68 1437 1664 1506">
    <p class='ocr_par' dir='ltr' id='par_1_17' title="bbox 68 1437 1664 1506">
     <span class='ocr_line' id='line_1_17' title="bbox 68 1437 1664 1506; baseline 0.003 -17"><span class='ocrx_word' id='word_1_109' title='bbox 68 1437 380 1489; x_wconf 85' lang='lat' dir='ltr'>adulando.</span> <span class='ocrx_word' id='word_1_110' title='bbox 408 1440 477 1488; x_wconf 89' lang='lat' dir='ltr'>Et</span> <span class='ocrx_word' id='word_1_111' title='bbox 492 1438 690 1489; x_wconf 88' lang='lat' dir='ltr'>talium</span> <span class='ocrx_word' id='word_1_112' title='bbox 704 1450 920 1489; x_wconf 88' lang='lat' dir='ltr'>memor</span> <span class='ocrx_word' id='word_1_113' title='bbox 932 1438 1040 1489; x_wconf 91' lang='lat' dir='ltr'>erit</span> <span class='ocrx_word' id='word_1_114' title='bbox 1057 1441 1212 1490; x_wconf 89' lang='lat' dir='ltr'>Deus</span> <span class='ocrx_word' id='word_1_115' title='bbox 1226 1440 1466 1504; x_wconf 90' lang='lat' dir='ltr'>judicio,</span> <span class='ocrx_word' id='word_1_116' title='bbox 1490 1437 1664 1506; x_wconf 86' lang='lat'>380</span> 
     </span>
    </p>
   </div>
   <div class='ocr_carea' id='block_1_18' title="bbox 73 1508 1672 1573">
    <p class='ocr_par' dir='ltr' id='par_1_18' title="bbox 73 1508 1672 1573">
     <span class='ocr_line' id='line_1_18' title="bbox 73 1508 1672 1573; baseline 0.001 -14"><span class='ocrx_word' id='word_1_117' title='bbox 73 1514 144 1560; x_wconf 89' lang='lat' dir='ltr'>ut</span> <span class='ocrx_word' id='word_1_118' title='bbox 160 1508 381 1570; x_wconf 87' lang='lat' dir='ltr'>judicet</span> <span class='ocrx_word' id='word_1_119' title='bbox 398 1513 456 1560; x_wconf 92' lang='lat' dir='ltr'>et</span> <span class='ocrx_word' id='word_1_120' title='bbox 481 1509 718 1560; x_wconf 87' lang='lat' dir='ltr'>damnet</span> <span class='ocrx_word' id='word_1_121' title='bbox 743 1526 754 1557; x_wconf 89' lang='lat'>:</span> <span class='ocrx_word' id='word_1_122' title='bbox 780 1522 900 1559; x_wconf 88' lang='lat' dir='ltr'>non</span> <span class='ocrx_word' id='word_1_123' title='bbox 916 1510 1175 1560; x_wconf 91' lang='lat' dir='ltr'>omnium</span> <span class='ocrx_word' id='word_1_124' title='bbox 1213 1515 1425 1573; x_wconf 89' lang='lat' dir='ltr'>tamen,</span> <span class='ocrx_word' id='word_1_125' title='bbox 1440 1512 1558 1562; x_wconf 88' lang='lat' dir='ltr'>nisi</span> <span class='ocrx_word' id='word_1_126' title='bbox 1582 1524 1672 1562; x_wconf 34' lang='lat' dir='ltr'>eos</span> 
     </span>
    </p>
   </div>
   <div class='ocr_carea' id='block_1_19' title="bbox 74 1579 1671 1645">
    <p class='ocr_par' dir='ltr' id='par_1_19' title="bbox 74 1579 1671 1645">
     <span class='ocr_line' id='line_1_19' title="bbox 74 1579 1671 1645; baseline 0.001 -14"><span class='ocrx_word' id='word_1_127' title='bbox 74 1592 211 1631; x_wconf 90' lang='lat' dir='ltr'>rum</span> <span class='ocrx_word' id='word_1_128' title='bbox 238 1583 486 1643; x_wconf 89' lang='lat' dir='ltr'>tantum,</span> <span class='ocrx_word' id='word_1_129' title='bbox 520 1580 618 1642; x_wconf 85' lang='lat' dir='ltr'>qui</span> <span class='ocrx_word' id='word_1_130' title='bbox 644 1580 704 1630; x_wconf 91' lang='lat' dir='ltr'>in</span> <span class='ocrx_word' id='word_1_131' title='bbox 736 1579 845 1630; x_wconf 91' lang='lat' dir='ltr'>hoc</span> <span class='ocrx_word' id='word_1_132' title='bbox 868 1585 1103 1644; x_wconf 90' lang='lat' dir='ltr'>peccato</span> <span class='ocrx_word' id='word_1_133' title='bbox 1131 1585 1268 1632; x_wconf 89' lang='lat' dir='ltr'>sunt</span> <span class='ocrx_word' id='word_1_134' title='bbox 1291 1586 1412 1632; x_wconf 86' lang='lat' dir='ltr'>tota</span> <span class='ocrx_word' id='word_1_135' title='bbox 1453 1582 1562 1645; x_wconf 88' lang='lat' dir='ltr'>die,</span> <span class='ocrx_word' id='word_1_136' title='bbox 1611 1582 1671 1633; x_wconf 88' lang='lat' dir='ltr'>id</span> 
     </span>
    </p>
   </div>
   <div class='ocr_carea' id='block_1_20' title="bbox 73 1650 1668 1718">
    <p class='ocr_par' dir='ltr' id='par_1_20' title="bbox 73 1650 1668 1718">
     <span class='ocr_line' id='line_1_20' title="bbox 73 1650 1668 1718; baseline 0.001 -15"><span class='ocrx_word' id='word_1_137' title='bbox 73 1655 183 1715; x_wconf 88' lang='lat' dir='ltr'>est,</span> <span class='ocrx_word' id='word_1_138' title='bbox 213 1650 465 1703; x_wconf 88' lang='lat' dir='ltr'>assidue.</span> <span class='ocrx_word' id='word_1_139' title='bbox 495 1654 706 1704; x_wconf 84' lang='lat' dir='ltr'>Eorum</span> <span class='ocrx_word' id='word_1_140' title='bbox 747 1650 898 1701; x_wconf 90' lang='lat' dir='ltr'>enim</span> <span class='ocrx_word' id='word_1_141' title='bbox 926 1653 1077 1703; x_wconf 88' lang='lat' dir='ltr'>Deus</span> <span class='ocrx_word' id='word_1_142' title='bbox 1109 1665 1226 1703; x_wconf 90' lang='lat' dir='ltr'>non</span> <span class='ocrx_word' id='word_1_143' title='bbox 1265 1653 1668 1718; x_wconf 86' lang='lat' dir='ltr'>reminiscitur,</span> 
     </span>
    </p>
   </div>
   <div class='ocr_carea' id='block_1_21' title="bbox 74 1722 1671 1786">
    <p class='ocr_par' dir='ltr' id='par_1_21' title="bbox 74 1722 1671 1786">
     <span class='ocr_line' id='line_1_21' title="bbox 74 1722 1671 1786; baseline 0.001 -12"><span class='ocrx_word' id='word_1_144' title='bbox 74 1735 211 1786; x_wconf 69' lang='lat' dir='ltr'>qum</span> <span class='ocrx_word' id='word_1_145' title='bbox 226 1727 359 1773; x_wconf 87' lang='lat' dir='ltr'>ante</span> <span class='ocrx_word' id='word_1_146' title='bbox 372 1722 547 1773; x_wconf 88' lang='lat' dir='ltr'>ﬁnem</span> <span class='ocrx_word' id='word_1_147' title='bbox 560 1735 661 1786; x_wconf 90' lang='lat' dir='ltr'>per</span> <span class='ocrx_word' id='word_1_148' title='bbox 672 1722 1070 1786; x_wconf 64' lang='lat' dir='ltr'>paenitentiam</span> <span class='ocrx_word' id='word_1_149' title='bbox 1087 1724 1671 1776; x_wconf 83' lang='lat' dir='ltr'>emendantur.dee</span> 
     </span>
    </p>
   </div>
   <div class='ocr_carea' id='block_1_22' title="bbox 74 1793 1243 1856">
    <p class='ocr_par' dir='ltr' id='par_1_22' title="bbox 74 1793 1243 1856">
     <span class='ocr_line' id='line_1_22' title="bbox 74 1793 1243 1856; baseline 0 -10"><span class='ocrx_word' id='word_1_150' title='bbox 74 1797 269 1846; x_wconf 90' lang='lat' dir='ltr'>autem</span> <span class='ocrx_word' id='word_1_151' title='bbox 293 1793 617 1844; x_wconf 90' lang='lat' dir='ltr'>notandum</span> <span class='ocrx_word' id='word_1_152' title='bbox 640 1797 734 1844; x_wconf 91' lang='lat' dir='ltr'>est</span> <span class='ocrx_word' id='word_1_153' title='bbox 757 1794 912 1856; x_wconf 91' lang='lat' dir='ltr'>quod</span> <span class='ocrx_word' id='word_1_154' title='bbox 939 1795 1243 1846; x_wconf 87' lang='lat' dir='ltr'>subditur:</span> 
     </span>
    </p>
   </div>
   <div class='ocr_carea' id='block_1_23' title="bbox 141 1863 1672 1918">
    <p class='ocr_par' dir='ltr' id='par_1_23' title="bbox 141 1863 1672 1918">
     <span class='ocr_line' id='line_1_23' title="bbox 141 1863 1672 1918; baseline 0.002 -4"><span class='ocrx_word' id='word_1_155' title='bbox 141 1863 227 1918; x_wconf 73' lang='grc'>23.</span> <span class='ocrx_word' id='word_1_156' title='bbox 262 1864 343 1913; x_wconf 87' lang='lat' dir='ltr'>Ne</span> <span class='ocrx_word' id='word_1_157' title='bbox 370 1863 703 1913; x_wconf 72' lang='lat' dir='ltr'>obliviscaris</span> <span class='ocrx_word' id='word_1_158' title='bbox 725 1879 869 1912; x_wconf 79' lang='lat' dir='ltr'>voces</span> <span class='ocrx_word' id='word_1_159' title='bbox 898 1865 1256 1914; x_wconf 78' lang='lat' dir='ltr'>inimicorum</span> <span class='ocrx_word' id='word_1_160' title='bbox 1288 1870 1527 1917; x_wconf 74' lang='lat' dir='ltr'>tuorum.</span> <span class='ocrx_word' id='word_1_161' title='bbox 1556 1867 1672 1917; x_wconf 87' lang='lat' dir='ltr'>V0-</span> 
     </span>
    </p>
   </div>
   <div class='ocr_carea' id='block_1_24' title="bbox 75 1934 1672 2001">
    <p class='ocr_par' dir='ltr' id='par_1_24' title="bbox 75 1934 1672 2001">
     <span class='ocr_line' id='line_1_24' title="bbox 75 1934 1672 2001; baseline 0.001 -14"><span class='ocrx_word' id='word_1_162' title='bbox 75 1948 177 1987; x_wconf 89' lang='lat' dir='ltr'>ees</span> <span class='ocrx_word' id='word_1_163' title='bbox 202 1935 435 1999; x_wconf 86' lang='lat' dir='ltr'>quidem</span> <span class='ocrx_word' id='word_1_164' title='bbox 472 1948 672 1986; x_wconf 90' lang='lat' dir='ltr'>eorum</span> <span class='ocrx_word' id='word_1_165' title='bbox 695 1939 863 1986; x_wconf 89' lang='lat' dir='ltr'>erant</span> <span class='ocrx_word' id='word_1_166' title='bbox 890 1934 985 1986; x_wconf 84' lang='lat' dir='ltr'>illa</span> <span class='ocrx_word' id='word_1_167' title='bbox 1007 1935 1369 2001; x_wconf 84' lang='lat' dir='ltr'>imprOperia,</span> <span class='ocrx_word' id='word_1_168' title='bbox 1398 1949 1529 2001; x_wconf 62' lang='lat' dir='ltr'>quae</span> <span class='ocrx_word' id='word_1_169' title='bbox 1553 1940 1672 1989; x_wconf 91' lang='lat' dir='ltr'>Deo</span> 
     </span>
    </p>
   </div>
   <div class='ocr_carea' id='block_1_25' title="bbox 76 2006 1678 2070">
    <p class='ocr_par' dir='ltr' id='par_1_25' title="bbox 76 2006 1678 2070">
     <span class='ocr_line' id='line_1_25' title="bbox 76 2006 1678 2070; baseline 0.001 -12"><span class='ocrx_word' id='word_1_170' title='bbox 76 2007 419 2059; x_wconf 83' lang='lat' dir='ltr'>inferebant.</span> <span class='ocrx_word' id='word_1_171' title='bbox 447 2010 631 2068; x_wconf 91' lang='lat' dir='ltr'>Quare</span> <span class='ocrx_word' id='word_1_172' title='bbox 653 2018 788 2070; x_wconf 85' lang='lat' dir='ltr'>ergo</span> <span class='ocrx_word' id='word_1_173' title='bbox 811 2006 1453 2070; x_wconf 79' lang='lat' dir='ltr'>repetit?quiajudexin</span> <span class='ocrx_word' id='word_1_174' title='bbox 1469 2022 1678 2060; x_wconf 88' lang='lat' dir='ltr'>caussa</span> 
     </span>
    </p>
   </div>
   <div class='ocr_carea' id='block_1_26' title="bbox 76 2078 1675 2149">
    <p class='ocr_par' dir='ltr' id='par_1_26' title="bbox 76 2078 1675 2149">
     <span class='ocr_line' id='line_1_26' title="bbox 76 2078 1675 2149; baseline 0.001 -20"><span class='ocrx_word' id='word_1_175' title='bbox 76 2085 374 2141; x_wconf 89' lang='lat' dir='ltr'>utrunque</span> <span class='ocrx_word' id='word_1_176' title='bbox 397 2078 701 2141; x_wconf 84' lang='lat' dir='ltr'>diligenter</span> <span class='ocrx_word' id='word_1_177' title='bbox 721 2078 893 2129; x_wconf 86' lang='lat' dir='ltr'>debet</span> <span class='ocrx_word' id='word_1_178' title='bbox 917 2078 1217 2149; x_wconf 85' lang='lat' dir='ltr'>attendere</span> <span class='ocrx_word' id='word_1_179' title='bbox 1243 2095 1255 2129; x_wconf 93' lang='lat'>:</span> <span class='ocrx_word' id='word_1_180' title='bbox 1279 2092 1415 2130; x_wconf 91' lang='lat' dir='ltr'>eum</span> <span class='ocrx_word' id='word_1_181' title='bbox 1439 2081 1675 2143; x_wconf 90' lang='lat' dir='ltr'>scilicet,</span> 
     </span>
    </p>
   </div>
   <div class='ocr_carea' id='block_1_27' title="bbox 75 2149 1677 2214">
    <p class='ocr_par' dir='ltr' id='par_1_27' title="bbox 75 2149 1677 2214">
     <span class='ocr_line' id='line_1_27' title="bbox 75 2149 1677 2214; baseline 0 -12"><span class='ocrx_word' id='word_1_182' title='bbox 75 2151 173 2203; x_wconf 88' lang='lat' dir='ltr'>cui</span> <span class='ocrx_word' id='word_1_183' title='bbox 198 2150 608 2214; x_wconf 89' lang='lat' dir='ltr'>improperium</span> <span class='ocrx_word' id='word_1_184' title='bbox 633 2149 894 2209; x_wconf 87' lang='lat' dir='ltr'>infertur,</span> <span class='ocrx_word' id='word_1_185' title='bbox 930 2154 988 2200; x_wconf 91' lang='lat' dir='ltr'>et</span> <span class='ocrx_word' id='word_1_186' title='bbox 1026 2162 1160 2202; x_wconf 89' lang='lat' dir='ltr'>eum</span> <span class='ocrx_word' id='word_1_187' title='bbox 1197 2150 1457 2203; x_wconf 90' lang='lat' dir='ltr'>similiter</span> <span class='ocrx_word' id='word_1_188' title='bbox 1484 2165 1519 2203; x_wconf 89' lang='lat' dir='ltr'>a</span> <span class='ocrx_word' id='word_1_189' title='bbox 1561 2163 1677 2214; x_wconf 92' lang='lat' dir='ltr'>quo</span> 
     </span>
    </p>
   </div>
   <div class='ocr_carea' id='block_1_28' title="bbox 74 2220 1679 2287">
    <p class='ocr_par' dir='ltr' id='par_1_28' title="bbox 74 2220 1679 2287">
     <span class='ocr_line' id='line_1_28' title="bbox 74 2220 1679 2287; baseline 0.002 -14"><span class='ocrx_word' id='word_1_190' title='bbox 74 2222 335 2274; x_wconf 86' lang='lat' dir='ltr'>infertur.</span> <span class='ocrx_word' id='word_1_191' title='bbox 360 2222 504 2271; x_wconf 91' lang='lat' dir='ltr'>Nam</span> <span class='ocrx_word' id='word_1_192' title='bbox 528 2220 663 2284; x_wconf 88' lang='lat' dir='ltr'>quia</span> <span class='ocrx_word' id='word_1_193' title='bbox 697 2221 1038 2286; x_wconf 86' lang='lat' dir='ltr'>insipientes</span> <span class='ocrx_word' id='word_1_194' title='bbox 1066 2222 1144 2273; x_wconf 89' lang='lat' dir='ltr'>illi</span> <span class='ocrx_word' id='word_1_195' title='bbox 1173 2235 1293 2274; x_wconf 92' lang='lat' dir='ltr'>non</span> <span class='ocrx_word' id='word_1_196' title='bbox 1315 2223 1553 2287; x_wconf 89' lang='lat' dir='ltr'>homini,</span> <span class='ocrx_word' id='word_1_197' title='bbox 1577 2225 1679 2276; x_wconf 92' lang='lat' dir='ltr'>sed</span> 
     </span>
    </p>
   </div>
   <div class='ocr_carea' id='block_1_29' title="bbox 75 2293 1674 2360">
    <p class='ocr_par' dir='ltr' id='par_1_29' title="bbox 75 2293 1674 2360">
     <span class='ocr_line' id='line_1_29' title="bbox 75 2293 1674 2360; baseline 0.001 -14"><span class='ocrx_word' id='word_1_198' title='bbox 75 2294 191 2359; x_wconf 89' lang='lat' dir='ltr'>ipsi</span> <span class='ocrx_word' id='word_1_199' title='bbox 214 2296 354 2355; x_wconf 90' lang='lat' dir='ltr'>Deo,</span> <span class='ocrx_word' id='word_1_200' title='bbox 386 2294 495 2358; x_wconf 89' lang='lat' dir='ltr'>ipsi</span> <span class='ocrx_word' id='word_1_201' title='bbox 530 2293 772 2344; x_wconf 85' lang='lat' dir='ltr'>creatori</span> <span class='ocrx_word' id='word_1_202' title='bbox 818 2305 925 2344; x_wconf 86' lang='lat' dir='ltr'>suo</span> <span class='ocrx_word' id='word_1_203' title='bbox 962 2293 1058 2344; x_wconf 90' lang='lat' dir='ltr'>illa</span> <span class='ocrx_word' id='word_1_204' title='bbox 1096 2294 1440 2360; x_wconf 90' lang='lat' dir='ltr'>improperia</span> <span class='ocrx_word' id='word_1_205' title='bbox 1468 2297 1674 2347; x_wconf 90' lang='lat' dir='ltr'>intule-</span> 
     </span>
    </p>
   </div>
   <div class='ocr_carea' id='block_1_30' title="bbox 74 2361 1677 2427">
    <p class='ocr_par' dir='ltr' id='par_1_30' title="bbox 74 2361 1677 2427">
     <span class='ocr_line' id='line_1_30' title="bbox 74 2361 1677 2427; baseline 0.002 -12"><span class='ocrx_word' id='word_1_206' title='bbox 74 2368 233 2423; x_wconf 90' lang='lat' dir='ltr'>runt,</span> <span class='ocrx_word' id='word_1_207' title='bbox 258 2364 447 2426; x_wconf 87' lang='lat' dir='ltr'>magis</span> <span class='ocrx_word' id='word_1_208' title='bbox 471 2361 844 2427; x_wconf 89' lang='lat' dir='ltr'>proculdubio</span> <span class='ocrx_word' id='word_1_209' title='bbox 861 2363 1437 2417; x_wconf 89' lang='lat' dir='ltr'>damnandifuerunt.</span> <span class='ocrx_word' id='word_1_210' title='bbox 1457 2367 1677 2418; x_wconf 87' lang='lat' dir='ltr'>Rursus</span> 
     </span>
    </p>
   </div>
   <div class='ocr_carea' id='block_1_31' title="bbox 74 2434 1678 2499">
    <p class='ocr_par' dir='ltr' id='par_1_31' title="bbox 74 2434 1678 2499">
     <span class='ocr_line' id='line_1_31' title="bbox 74 2434 1678 2499; baseline 0.001 -12"><span class='ocrx_word' id='word_1_211' title='bbox 74 2435 252 2487; x_wconf 88' lang='lat' dir='ltr'>etiam</span> <span class='ocrx_word' id='word_1_212' title='bbox 278 2434 337 2484; x_wconf 90' lang='lat' dir='ltr'>in</span> <span class='ocrx_word' id='word_1_213' title='bbox 360 2434 470 2485; x_wconf 90' lang='lat' dir='ltr'>hoc</span> <span class='ocrx_word' id='word_1_214' title='bbox 493 2434 658 2498; x_wconf 87' lang='lat' dir='ltr'>culpa</span> <span class='ocrx_word' id='word_1_215' title='bbox 688 2434 914 2497; x_wconf 84' lang='lat' dir='ltr'>gravior</span> <span class='ocrx_word' id='word_1_216' title='bbox 935 2434 1147 2492; x_wconf 82' lang='lat' dir='ltr'>extitit,</span> <span class='ocrx_word' id='word_1_217' title='bbox 1188 2436 1323 2499; x_wconf 88' lang='lat' dir='ltr'>quia</span> <span class='ocrx_word' id='word_1_218' title='bbox 1344 2450 1459 2488; x_wconf 89' lang='lat' dir='ltr'>non</span> <span class='ocrx_word' id='word_1_219' title='bbox 1489 2438 1678 2489; x_wconf 91' lang='lat' dir='ltr'>solum</span> 
     </span>
    </p>
   </div>
   <div class='ocr_carea' id='block_1_32' title="bbox 77 2504 1676 2569">
    <p class='ocr_par' dir='ltr' id='par_1_32' title="bbox 77 2504 1676 2569">
     <span class='ocr_line' id='line_1_32' title="bbox 77 2504 1676 2569; baseline 0.003 -12"><span class='ocrx_word' id='word_1_220' title='bbox 77 2507 153 2557; x_wconf 89' lang='lat' dir='ltr'>ab</span> <span class='ocrx_word' id='word_1_221' title='bbox 176 2505 609 2569; x_wconf 86' lang='lat' dir='ltr'>insipientibus,</span> <span class='ocrx_word' id='word_1_222' title='bbox 628 2504 731 2555; x_wconf 89' lang='lat' dir='ltr'>sed</span> <span class='ocrx_word' id='word_1_223' title='bbox 755 2506 933 2555; x_wconf 91' lang='lat' dir='ltr'>etiam</span> <span class='ocrx_word' id='word_1_224' title='bbox 963 2506 1036 2556; x_wconf 90' lang='lat' dir='ltr'>ab</span> <span class='ocrx_word' id='word_1_225' title='bbox 1064 2506 1313 2558; x_wconf 91' lang='lat' dir='ltr'>inimicis</span> <span class='ocrx_word' id='word_1_226' title='bbox 1340 2508 1497 2560; x_wconf 90' lang='lat' dir='ltr'>illata</span> <span class='ocrx_word' id='word_1_227' title='bbox 1520 2513 1676 2561; x_wconf 88' lang='lat' dir='ltr'>sunt.</span> 
     </span>
    </p>
   </div>
   <div class='ocr_carea' id='block_1_33' title="bbox 76 2575 1678 2644">
    <p class='ocr_par' dir='ltr' id='par_1_33' title="bbox 76 2575 1678 2644">
     <span class='ocr_line' id='line_1_33' title="bbox 76 2575 1678 2644; baseline 0.004 -18"><span class='ocrx_word' id='word_1_228' title='bbox 76 2578 273 2639; x_wconf 86' lang='lat' dir='ltr'>Longe</span> <span class='ocrx_word' id='word_1_229' title='bbox 296 2576 446 2626; x_wconf 89' lang='lat' dir='ltr'>enim</span> <span class='ocrx_word' id='word_1_230' title='bbox 471 2575 811 2639; x_wconf 91' lang='lat' dir='ltr'>culpabilius</span> <span class='ocrx_word' id='word_1_231' title='bbox 824 2580 913 2627; x_wconf 90' lang='lat' dir='ltr'>est</span> <span class='ocrx_word' id='word_1_232' title='bbox 938 2577 1405 2638; x_wconf 89' lang='lat' dir='ltr'>perinimicitiam</span> <span class='ocrx_word' id='word_1_233' title='bbox 1423 2592 1678 2644; x_wconf 88' lang='lat' dir='ltr'>peccare,</span> 
     </span>
    </p>
   </div>
   <div class='ocr_carea' id='block_1_34' title="bbox 74 2647 1680 2713">
    <p class='ocr_par' dir='ltr' id='par_1_34' title="bbox 74 2647 1680 2713">
     <span class='ocr_line' id='line_1_34' title="bbox 74 2647 1680 2713; baseline 0.004 -17"><span class='ocrx_word' id='word_1_234' title='bbox 74 2659 256 2709; x_wconf 91' lang='lat' dir='ltr'>quam</span> <span class='ocrx_word' id='word_1_235' title='bbox 279 2659 380 2711; x_wconf 89' lang='lat' dir='ltr'>per</span> <span class='ocrx_word' id='word_1_236' title='bbox 401 2647 810 2711; x_wconf 82' lang='lat' dir='ltr'>ignorantiam:</span> <span class='ocrx_word' id='word_1_237' title='bbox 832 2650 1021 2698; x_wconf 89' lang='lat' dir='ltr'>tamen</span> <span class='ocrx_word' id='word_1_238' title='bbox 1046 2652 1359 2712; x_wconf 90' lang='lat' dir='ltr'>utrumque</span> <span class='ocrx_word' id='word_1_239' title='bbox 1378 2661 1680 2713; x_wconf 87' lang='lat' dir='ltr'>peccatum</span> 
     </span>
    </p>
   </div>
   <div class='ocr_carea' id='block_1_35' title="bbox 73 2717 1680 2783">
    <p class='ocr_par' dir='ltr' id='par_1_35' title="bbox 73 2717 1680 2783">
     <span class='ocr_line' id='line_1_35' title="bbox 73 2717 1680 2783; baseline 0.004 -15"><span class='ocrx_word' id='word_1_240' title='bbox 73 2730 177 2769; x_wconf 89' lang='lat' dir='ltr'>eos</span> <span class='ocrx_word' id='word_1_241' title='bbox 190 2718 489 2780; x_wconf 83' lang='lat' dir='ltr'>obligavit.</span> <span class='ocrx_word' id='word_1_242' title='bbox 514 2717 693 2769; x_wconf 87' lang='lat' dir='ltr'>Valde</span> <span class='ocrx_word' id='word_1_243' title='bbox 710 2717 885 2769; x_wconf 90' lang='lat' dir='ltr'>etiam</span> <span class='ocrx_word' id='word_1_244' title='bbox 900 2718 1141 2781; x_wconf 89' lang='lat' dir='ltr'>dignum</span> <span class='ocrx_word' id='word_1_245' title='bbox 1154 2722 1551 2783; x_wconf 90' lang='lat' dir='ltr'>reprobatione</span> <span class='ocrx_word' id='word_1_246' title='bbox 1568 2726 1680 2781; x_wconf 87' lang='lat' dir='ltr'>est,</span> 
     </span>
    </p>
   </div>
   <div class='ocr_carea' id='block_1_36' title="bbox 76 2788 1680 2855">
    <p class='ocr_par' dir='ltr' id='par_1_36' title="bbox 76 2788 1680 2855">
     <span class='ocr_line' id='line_1_36' title="bbox 76 2788 1680 2855; baseline 0.002 -16"><span class='ocrx_word' id='word_1_247' title='bbox 76 2789 232 2852; x_wconf 93' lang='lat' dir='ltr'>quod</span> <span class='ocrx_word' id='word_1_248' title='bbox 258 2788 524 2840; x_wconf 76' lang='lat' dir='ltr'>subditur</span> <span class='ocrx_word' id='word_1_249' title='bbox 548 2805 561 2839; x_wconf 89' lang='lat'>:</span> <span class='ocrx_word' id='word_1_250' title='bbox 592 2789 858 2853; x_wconf 80' lang='lat' dir='ltr'>Superbia</span> <span class='ocrx_word' id='word_1_251' title='bbox 880 2804 1082 2851; x_wconf 81' lang='lat' dir='ltr'>eorum,</span> <span class='ocrx_word' id='word_1_252' title='bbox 1112 2792 1208 2854; x_wconf 89' lang='lat' dir='ltr'>qui</span> <span class='ocrx_word' id='word_1_253' title='bbox 1231 2798 1277 2841; x_wconf 87' lang='lat' dir='ltr'>te</span> <span class='ocrx_word' id='word_1_254' title='bbox 1310 2793 1556 2855; x_wconf 81' lang='lat' dir='ltr'>oderunt,</span> <span class='ocrx_word' id='word_1_255' title='bbox 1586 2809 1680 2843; x_wconf 87' lang='lat' dir='ltr'>as-</span> 
     </span>
    </p>
   </div>
   <div class='ocr_carea' id='block_1_37' title="bbox 77 2860 1681 2931">
    <p class='ocr_par' dir='ltr' id='par_1_37' title="bbox 77 2860 1681 2931">
     <span class='ocr_line' id='line_1_37' title="bbox 77 2860 1681 2931; baseline 0.006 -22"><span class='ocrx_word' id='word_1_256' title='bbox 77 2860 261 2931; x_wconf 78' lang='lat' dir='ltr'>cendit</span> <span class='ocrx_word' id='word_1_257' title='bbox 282 2875 505 2925; x_wconf 81' lang='lat' dir='ltr'>semper.</span> <span class='ocrx_word' id='word_1_258' title='bbox 521 2860 736 2912; x_wconf 88' lang='lat' dir='ltr'>Nolunt</span> <span class='ocrx_word' id='word_1_259' title='bbox 756 2860 1058 2924; x_wconf 89' lang='lat' dir='ltr'>respicere,</span> <span class='ocrx_word' id='word_1_260' title='bbox 1074 2862 1176 2914; x_wconf 91' lang='lat' dir='ltr'>sed</span> <span class='ocrx_word' id='word_1_261' title='bbox 1194 2865 1381 2929; x_wconf 88' lang='lat' dir='ltr'>magis</span> <span class='ocrx_word' id='word_1_262' title='bbox 1404 2877 1472 2918; x_wconf 91' lang='lat' dir='ltr'>ac</span> <span class='ocrx_word' id='word_1_263' title='bbox 1492 2868 1681 2931; x_wconf 84' lang='lat' dir='ltr'>magis</span> 
     </span>
    </p>
   </div>
   <div class='ocr_carea' id='block_1_38' title="bbox 79 2930 739 2994">
    <p class='ocr_par' dir='ltr' id='par_1_38' title="bbox 79 2930 739 2994">
     <span class='ocr_line' id='line_1_38' title="bbox 79 2930 739 2994; baseline 0.005 -14"><span class='ocrx_word' id='word_1_264' title='bbox 79 2930 387 2994; x_wconf 88' lang='lat' dir='ltr'>proﬁciunt</span> <span class='ocrx_word' id='word_1_265' title='bbox 409 2931 470 2982; x_wconf 91' lang='lat' dir='ltr'>in</span> <span class='ocrx_word' id='word_1_266' title='bbox 501 2931 739 2983; x_wconf 90' lang='lat' dir='ltr'>malum.</span> 
     </span>
    </p>
   </div>
   <div class='ocr_carea' id='block_1_39' title="bbox 351 3045 1416 3115">
    <p class='ocr_par' dir='ltr' id='par_1_39' title="bbox 351 3045 1416 3115">
     <span class='ocr_line' id='line_1_39' title="bbox 351 3045 1416 3115; baseline 0.006 -6"><span class='ocrx_word' id='word_1_267' title='bbox 351 3045 716 3110; x_wconf 91' lang='lat' dir='ltr'>TITULUS</span> <span class='ocrx_word' id='word_1_268' title='bbox 761 3046 1085 3112; x_wconf 85' lang='lat' dir='ltr'>PSALMI</span> <span class='ocrx_word' id='word_1_269' title='bbox 1134 3048 1416 3115; x_wconf 88' lang='lat' dir='ltr'>LXXIV</span> 
     </span>
    </p>
   </div>
   <div class='ocr_carea' id='block_1_40' title="bbox 150 3162 1681 3223">
    <p class='ocr_par' dir='ltr' id='par_1_40' title="bbox 150 3162 1681 3223">
     <span class='ocr_line' id='line_1_40' title="bbox 150 3162 1681 3223; baseline 0.004 -10"><span class='ocrx_word' id='word_1_270' title='bbox 150 3168 197 3213; x_wconf 87' lang='grc'>1.</span> <span class='ocrx_word' id='word_1_271' title='bbox 223 3162 450 3210; x_wconf 84' lang='lat' dir='ltr'>Psalmus</span> <span class='ocrx_word' id='word_1_272' title='bbox 474 3164 586 3223; x_wconf 90' lang='lat' dir='ltr'>iste,</span> <span class='ocrx_word' id='word_1_273' title='bbox 612 3164 701 3222; x_wconf 89' lang='lat' dir='ltr'>qui</span> <span class='ocrx_word' id='word_1_274' title='bbox 727 3165 972 3223; x_wconf 86' lang='lat' dir='ltr'>sequitur,</span> <span class='ocrx_word' id='word_1_275' title='bbox 991 3166 1084 3213; x_wconf 91' lang='lat' dir='ltr'>hoc</span> <span class='ocrx_word' id='word_1_276' title='bbox 1100 3168 1247 3215; x_wconf 91' lang='lat' dir='ltr'>modo</span> <span class='ocrx_word' id='word_1_277' title='bbox 1268 3168 1558 3217; x_wconf 87' lang='lat' dir='ltr'>intitulatur</span> <span class='ocrx_word' id='word_1_278' title='bbox 1582 3184 1594 3219; x_wconf 88' lang='lat'>:</span> <span class='ocrx_word' id='word_1_279' title='bbox 1618 3171 1681 3218; x_wconf 85' lang='lat' dir='ltr'>In</span> 
     </span>
    </p>
   </div>
   <div class='ocr_carea' id='block_1_41' title="bbox 78 3225 1679 3291">
    <p class='ocr_par' dir='ltr' id='par_1_41' title="bbox 78 3225 1679 3291">
     <span class='ocr_line' id='line_1_41' title="bbox 78 3225 1679 3291; baseline 0.004 -18"><span class='ocrx_word' id='word_1_280' title='bbox 78 3227 310 3289; x_wconf 81' lang='lat' dir='ltr'>ﬁnem,n</span> <span class='ocrx_word' id='word_1_281' title='bbox 318 3240 342 3272; x_wconf 90' lang='lat' dir='ltr'>e</span> <span class='ocrx_word' id='word_1_282' title='bbox 352 3225 947 3291; x_wconf 50' lang='lat' dir='ltr'>coprmmpasfsalmus</span> <span class='ocrx_word' id='word_1_283' title='bbox 957 3228 1556 3291; x_wconf 76' lang='lat' dir='ltr'>canticiAsaph,Psalmus</span> <span class='ocrx_word' id='word_1_284' title='bbox 1568 3235 1679 3291; x_wconf 86' lang='lat' dir='ltr'>iste,</span> 
     </span>
    </p>
   </div>
   <div class='ocr_carea' id='block_1_42' title="bbox 84 3289 1682 3353">
    <p class='ocr_par' dir='ltr' id='par_1_42' title="bbox 84 3289 1682 3353">
     <span class='ocr_line' id='line_1_42' title="bbox 84 3289 1682 3353; baseline 0.004 -18"><span class='ocrx_word' id='word_1_285' title='bbox 84 3291 179 3350; x_wconf 87' lang='lat' dir='ltr'>qui</span> <span class='ocrx_word' id='word_1_286' title='bbox 201 3294 275 3335; x_wconf 86' lang='lat' dir='ltr'>est</span> <span class='ocrx_word' id='word_1_287' title='bbox 300 3289 446 3353; x_wconf 81' lang='lat' dir='ltr'>nobis</span> <span class='ocrx_word' id='word_1_288' title='bbox 466 3302 645 3353; x_wconf 81' lang='lat' dir='ltr'>caussa</span> <span class='ocrx_word' id='word_1_289' title='bbox 666 3291 867 3353; x_wconf 84' lang='lat' dir='ltr'>cantici,</span> <span class='ocrx_word' id='word_1_290' title='bbox 893 3292 942 3337; x_wconf 91' lang='lat' dir='ltr'>id</span> <span class='ocrx_word' id='word_1_291' title='bbox 967 3297 1057 3353; x_wconf 87' lang='lat' dir='ltr'>est,</span> <span class='ocrx_word' id='word_1_292' title='bbox 1084 3289 1616 3351; x_wconf 70' lang='lat' dir='ltr'>magnaejocunditatis</span> <span class='ocrx_word' id='word_1_293' title='bbox 1635 3289 1682 3343; x_wconf 85' lang='lat' dir='ltr'>et</span> 
     </span>
    </p>
   </div>
   <div class='ocr_carea' id='block_1_43' title="bbox 86 3351 1683 3411">
    <p class='ocr_par' dir='ltr' id='par_1_43' title="bbox 86 3351 1683 3411">
     <span class='ocr_line' id='line_1_43' title="bbox 86 3351 1683 3411; baseline 0.004 -12"><span class='ocrx_word' id='word_1_294' title='bbox 86 3351 434 3400; x_wconf 83' lang='lat' dir='ltr'>delectationis</span> <span class='ocrx_word' id='word_1_295' title='bbox 458 3352 596 3411; x_wconf 84' lang='lat' dir='ltr'>(quia</span> <span class='ocrx_word' id='word_1_296' title='bbox 626 3352 911 3399; x_wconf 87' lang='lat' dir='ltr'>humilibus</span> <span class='ocrx_word' id='word_1_297' title='bbox 934 3351 1390 3402; x_wconf 84' lang='lat' dir='ltr'>remunerationem</span> <span class='ocrx_word' id='word_1_298' title='bbox 1417 3357 1683 3405; x_wconf 88' lang='lat' dir='ltr'>beatitudi-</span> 
     </span>
    </p>
   </div>
   <div class='ocr_carea' id='block_1_44' title="bbox 85 3414 1683 3478">
    <p class='ocr_par' dir='ltr' id='par_1_44' title="bbox 85 3414 1683 3478">
     <span class='ocr_line' id='line_1_44' title="bbox 85 3414 1683 3478; baseline 0.004 -17"><span class='ocrx_word' id='word_1_299' title='bbox 85 3416 172 3461; x_wconf 85' lang='lat' dir='ltr'>nis</span> <span class='ocrx_word' id='word_1_300' title='bbox 191 3420 392 3460; x_wconf 68' lang='lat' dir='ltr'>zeternaa</span> <span class='ocrx_word' id='word_1_301' title='bbox 416 3414 681 3478; x_wconf 81' lang='lat' dir='ltr'>promittit)</span> <span class='ocrx_word' id='word_1_302' title='bbox 718 3417 1018 3473; x_wconf 88' lang='lat' dir='ltr'>proponitur</span> <span class='ocrx_word' id='word_1_303' title='bbox 1047 3418 1231 3475; x_wconf 81' lang='lat' dir='ltr'>Asaph,</span> <span class='ocrx_word' id='word_1_304' title='bbox 1268 3417 1320 3463; x_wconf 93' lang='lat' dir='ltr'>id</span> <span class='ocrx_word' id='word_1_305' title='bbox 1359 3424 1451 3478; x_wconf 86' lang='lat' dir='ltr'>est,</span> <span class='ocrx_word' id='word_1_306' title='bbox 1485 3420 1683 3468; x_wconf 87' lang='lat' dir='ltr'>inﬁdeli</span> 
     </span>
    </p>
   </div>
   <div class='ocr_carea' id='block_1_45' title="bbox 85 3477 1683 3540">
    <p class='ocr_par' dir='ltr' id='par_1_45' title="bbox 85 3477 1683 3540">
     <span class='ocr_line' id='line_1_45' title="bbox 85 3477 1683 3540; baseline 0.003 -15"><span class='ocrx_word' id='word_1_307' title='bbox 85 3480 390 3540; x_wconf 71' lang='lat' dir='ltr'>Synagogae,</span> <span class='ocrx_word' id='word_1_308' title='bbox 415 3477 477 3523; x_wconf 87' lang='lat' dir='ltr'>ad</span> <span class='ocrx_word' id='word_1_309' title='bbox 502 3478 612 3534; x_wconf 90' lang='lat' dir='ltr'>hoc,</span> <span class='ocrx_word' id='word_1_310' title='bbox 656 3480 711 3523; x_wconf 88' lang='lat' dir='ltr'>ut</span> <span class='ocrx_word' id='word_1_311' title='bbox 733 3479 907 3540; x_wconf 76' lang='lat' dir='ltr'>tendat</span> <span class='ocrx_word' id='word_1_312' title='bbox 931 3479 984 3524; x_wconf 90' lang='lat' dir='ltr'>in</span> <span class='ocrx_word' id='word_1_313' title='bbox 1016 3480 1185 3540; x_wconf 87' lang='lat' dir='ltr'>ﬁnem,</span> <span class='ocrx_word' id='word_1_314' title='bbox 1221 3480 1273 3526; x_wconf 91' lang='lat' dir='ltr'>id</span> <span class='ocrx_word' id='word_1_315' title='bbox 1298 3485 1385 3538; x_wconf 89' lang='lat' dir='ltr'>est,</span> <span class='ocrx_word' id='word_1_316' title='bbox 1416 3482 1469 3528; x_wconf 90' lang='lat' dir='ltr'>in</span> <span class='ocrx_word' id='word_1_317' title='bbox 1496 3483 1683 3530; x_wconf 87' lang='lat' dir='ltr'>Christi</span> 
     </span>
    </p>
   </div>
   <div class='ocr_carea' id='block_1_46' title="bbox 82 3538 1685 3605">
    <p class='ocr_par' dir='ltr' id='par_1_46' title="bbox 82 3538 1685 3605">
     <span class='ocr_line' id='line_1_46' title="bbox 82 3538 1685 3605; baseline 0.004 -18"><span class='ocrx_word' id='word_1_318' title='bbox 82 3538 849 3605; x_wconf 24' lang='lat' dir='ltr'>eonformitatem.‘Proponitur,</span> <span class='ocrx_word' id='word_1_319' title='bbox 877 3541 1005 3599; x_wconf 85' lang='lat' dir='ltr'>dico,</span> <span class='ocrx_word' id='word_1_320' title='bbox 1034 3538 1222 3600; x_wconf 81' lang='lat' dir='ltr'>Asaph,</span> <span class='ocrx_word' id='word_1_321' title='bbox 1245 3543 1440 3590; x_wconf 86' lang='lat' dir='ltr'>Christo</span> <span class='ocrx_word' id='word_1_322' title='bbox 1464 3557 1570 3591; x_wconf 88' lang='lat' dir='ltr'>eam</span> <span class='ocrx_word' id='word_1_323' title='bbox 1597 3548 1685 3605; x_wconf 84' lang='lat' dir='ltr'>Sy-</span> 
     </span>
    </p>
   </div>
   <div class='ocr_carea' id='block_1_47' title="bbox 82 3603 1681 3665">
    <p class='ocr_par' dir='ltr' id='par_1_47' title="bbox 82 3603 1681 3665">
     <span class='ocr_line' id='line_1_47' title="bbox 82 3603 1681 3665; baseline 0.004 -16"><span class='ocrx_word' id='word_1_324' title='bbox 82 3614 331 3665; x_wconf 80' lang='lat' dir='ltr'>nagogam</span> <span class='ocrx_word' id='word_1_325' title='bbox 356 3603 667 3665; x_wconf 76' lang='lat' dir='ltr'>exhortante,</span> <span class='ocrx_word' id='word_1_326' title='bbox 692 3614 759 3648; x_wconf 83' lang='lat' dir='ltr'>ne</span> <span class='ocrx_word' id='word_1_327' title='bbox 789 3615 1107 3665; x_wconf 72' lang='lat' dir='ltr'>corrumpas</span> <span class='ocrx_word' id='word_1_328' title='bbox 1128 3610 1193 3660; x_wconf 91' lang='lat' dir='ltr'>te,</span> <span class='ocrx_word' id='word_1_329' title='bbox 1222 3605 1273 3650; x_wconf 90' lang='lat' dir='ltr'>id</span> <span class='ocrx_word' id='word_1_330' title='bbox 1295 3610 1385 3665; x_wconf 81' lang='lat' dir='ltr'>est,</span> <span class='ocrx_word' id='word_1_331' title='bbox 1403 3603 1681 3665; x_wconf 73' lang='lat' dir='ltr'>superbius.</span> 
     </span>
    </p>
   </div>
   <div class='ocr_carea' id='block_1_48' title="bbox 84 3664 1686 3726">
    <p class='ocr_par' dir='ltr' id='par_1_48' title="bbox 84 3664 1686 3726">
     <span class='ocr_line' id='line_1_48' title="bbox 84 3664 1686 3726; baseline 0.002 -14"><span class='ocrx_word' id='word_1_332' title='bbox 84 3666 230 3712; x_wconf 87' lang='lat' dir='ltr'>Sicut</span> <span class='ocrx_word' id='word_1_333' title='bbox 244 3664 379 3709; x_wconf 89' lang='lat' dir='ltr'>enim</span> <span class='ocrx_word' id='word_1_334' title='bbox 392 3664 654 3710; x_wconf 88' lang='lat' dir='ltr'>humilitas</span> <span class='ocrx_word' id='word_1_335' title='bbox 663 3669 831 3711; x_wconf 86' lang='lat' dir='ltr'>custos</span> <span class='ocrx_word' id='word_1_336' title='bbox 849 3671 921 3712; x_wconf 89' lang='lat' dir='ltr'>est</span> <span class='ocrx_word' id='word_1_337' title='bbox 934 3664 1162 3713; x_wconf 85' lang='lat' dir='ltr'>omnium</span> <span class='ocrx_word' id='word_1_338' title='bbox 1180 3664 1519 3726; x_wconf 84' lang='lat' dir='ltr'>virtutum,ita</span> <span class='ocrx_word' id='word_1_339' title='bbox 1534 3683 1686 3717; x_wconf 79' lang='lat' dir='ltr'>econ-</span> 
     </span>
    </p>
   </div>
   <div class='ocr_carea' id='block_1_49' title="bbox 86 3726 1687 3790">
    <p class='ocr_par' dir='ltr' id='par_1_49' title="bbox 86 3726 1687 3790">
     <span class='ocr_line' id='line_1_49' title="bbox 86 3726 1687 3790; baseline 0.003 -16"><span class='ocrx_word' id='word_1_340' title='bbox 86 3728 247 3790; x_wconf 84' lang='lat' dir='ltr'>trario</span> <span class='ocrx_word' id='word_1_341' title='bbox 271 3726 507 3785; x_wconf 82' lang='lat' dir='ltr'>superbia</span> <span class='ocrx_word' id='word_1_342' title='bbox 534 3727 804 3786; x_wconf 87' lang='lat' dir='ltr'>corruptio.</span> <span class='ocrx_word' id='word_1_343' title='bbox 839 3729 1039 3775; x_wconf 83' lang='lat' dir='ltr'>Materia</span> <span class='ocrx_word' id='word_1_344' title='bbox 1063 3734 1135 3775; x_wconf 88' lang='lat' dir='ltr'>est</span> <span class='ocrx_word' id='word_1_345' title='bbox 1158 3730 1209 3775; x_wconf 90' lang='lat' dir='ltr'>in</span> <span class='ocrx_word' id='word_1_346' title='bbox 1237 3731 1330 3776; x_wconf 89' lang='lat' dir='ltr'>hoc</span> <span class='ocrx_word' id='word_1_347' title='bbox 1356 3731 1549 3789; x_wconf 81' lang='lat' dir='ltr'>psalmo</span> <span class='ocrx_word' id='word_1_348' title='bbox 1579 3733 1687 3790; x_wconf 87' lang='lat' dir='ltr'>ipse</span> 
     </span>
    </p>
   </div>
   <div class='ocr_carea' id='block_1_50' title="bbox 88 3789 1687 3853">
    <p class='ocr_par' dir='ltr' id='par_1_50' title="bbox 88 3789 1687 3853">
     <span class='ocr_line' id='line_1_50' title="bbox 88 3789 1687 3853; baseline 0.002 -15"><span class='ocrx_word' id='word_1_349' title='bbox 88 3789 344 3850; x_wconf 85' lang='lat' dir='ltr'>Christus,</span> <span class='ocrx_word' id='word_1_350' title='bbox 369 3792 415 3835; x_wconf 89' lang='lat' dir='ltr'>et</span> <span class='ocrx_word' id='word_1_351' title='bbox 441 3802 518 3853; x_wconf 82' lang='lat' dir='ltr'>ea,</span> <span class='ocrx_word' id='word_1_352' title='bbox 541 3802 693 3848; x_wconf 87' lang='lat' dir='ltr'>quam</span> <span class='ocrx_word' id='word_1_353' title='bbox 718 3790 801 3839; x_wconf 89' lang='lat' dir='ltr'>hic</span> <span class='ocrx_word' id='word_1_354' title='bbox 814 3792 1122 3851; x_wconf 83' lang='lat' dir='ltr'>exhortatur,</span> <span class='ocrx_word' id='word_1_355' title='bbox 1152 3793 1430 3851; x_wconf 79' lang='lat' dir='ltr'>Synagoga.</span> <span class='ocrx_word' id='word_1_356' title='bbox 1450 3789 1687 3853; x_wconf 82' lang='lat' dir='ltr'>Loquun-</span> 
     </span>
    </p>
   </div>
   <div class='ocr_carea' id='block_1_51' title="bbox 86 3851 1689 3914">
    <p class='ocr_par' dir='ltr' id='par_1_51' title="bbox 86 3851 1689 3914">
     <span class='ocr_line' id='line_1_51' title="bbox 86 3851 1689 3914; baseline 0.003 -15"><span class='ocrx_word' id='word_1_357' title='bbox 86 3858 170 3899; x_wconf 89' lang='lat' dir='ltr'>tur</span> <span class='ocrx_word' id='word_1_358' title='bbox 193 3856 364 3898; x_wconf 88' lang='lat' dir='ltr'>autem</span> <span class='ocrx_word' id='word_1_359' title='bbox 389 3851 535 3899; x_wconf 91' lang='lat' dir='ltr'>modo</span> <span class='ocrx_word' id='word_1_360' title='bbox 560 3865 649 3910; x_wconf 88' lang='lat' dir='ltr'>per</span> <span class='ocrx_word' id='word_1_361' title='bbox 672 3865 744 3914; x_wconf 86' lang='lat' dir='ltr'>se,</span> <span class='ocrx_word' id='word_1_362' title='bbox 768 3854 917 3900; x_wconf 89' lang='lat' dir='ltr'>modo</span> <span class='ocrx_word' id='word_1_363' title='bbox 934 3855 985 3901; x_wconf 88' lang='lat' dir='ltr'>in</span> <span class='ocrx_word' id='word_1_364' title='bbox 1010 3867 1221 3913; x_wconf 87' lang='lat' dir='ltr'>persona</span> <span class='ocrx_word' id='word_1_365' title='bbox 1246 3851 1689 3914; x_wconf 76' lang='lat' dir='ltr'>membroruin,su-</span> 
     </span>
    </p>
   </div>
   <div class='ocr_carea' id='block_1_52' title="bbox 85 3914 1689 3976">
    <p class='ocr_par' dir='ltr' id='par_1_52' title="bbox 85 3914 1689 3976">
     <span class='ocr_line' id='line_1_52' title="bbox 85 3914 1689 3976; baseline 0.004 -16"><span class='ocrx_word' id='word_1_366' title='bbox 85 3915 271 3975; x_wconf 86' lang='lat' dir='ltr'>perbos</span> <span class='ocrx_word' id='word_1_367' title='bbox 291 3914 558 3961; x_wconf 85' lang='lat' dir='ltr'>exhortans</span> <span class='ocrx_word' id='word_1_368' title='bbox 580 3915 642 3961; x_wconf 88' lang='lat' dir='ltr'>ad</span> <span class='ocrx_word' id='word_1_369' title='bbox 664 3916 1017 3965; x_wconf 85' lang='lat' dir='ltr'>humilitatem.</span> <span class='ocrx_word' id='word_1_370' title='bbox 1043 3917 1202 3963; x_wconf 87' lang='lat' dir='ltr'>Ethoc</span> <span class='ocrx_word' id='word_1_371' title='bbox 1226 3916 1342 3963; x_wconf 87' lang='lat' dir='ltr'>facit</span> <span class='ocrx_word' id='word_1_372' title='bbox 1367 3921 1689 3976; x_wconf 90' lang='lat' dir='ltr'>proponendo</span> 
     </span>
    </p>
   </div>
   <div class='ocr_carea' id='block_1_53' title="bbox 84 3977 1691 4041">
    <p class='ocr_par' dir='ltr' id='par_1_53' title="bbox 84 3977 1691 4041">
     <span class='ocr_line' id='line_1_53' title="bbox 84 3977 1691 4041; baseline 0.004 -18"><span class='ocrx_word' id='word_1_373' title='bbox 84 3978 163 4023; x_wconf 88' lang='lat' dir='ltr'>eis</span> <span class='ocrx_word' id='word_1_374' title='bbox 176 3977 738 4041; x_wconf 84' lang='lat' dir='ltr'>damnationem,quam</span> <span class='ocrx_word' id='word_1_375' title='bbox 762 3979 966 4038; x_wconf 88' lang='lat' dir='ltr'>superbi</span> <span class='ocrx_word' id='word_1_376' title='bbox 993 3981 1046 4025; x_wconf 91' lang='lat' dir='ltr'>in</span> <span class='ocrx_word' id='word_1_377' title='bbox 1068 3978 1235 4025; x_wconf 85' lang='lat' dir='ltr'>futuro</span> <span class='ocrx_word' id='word_1_378' title='bbox 1255 3980 1625 4041; x_wconf 88' lang='lat' dir='ltr'>sunthabituri,</span> <span class='ocrx_word' id='word_1_379' title='bbox 1643 3986 1691 4029; x_wconf 88' lang='lat' dir='ltr'>et</span> 
     </span>
    </p>
   </div>
   <div class='ocr_carea' id='block_1_54' title="bbox 86 4039 1688 4120">
    <p class='ocr_par' dir='ltr' id='par_1_54' title="bbox 86 4039 1688 4120">
     <span class='ocr_line' id='line_1_54' title="bbox 86 4039 1688 4120; baseline 0.002 -34"><span class='ocrx_word' id='word_1_380' title='bbox 86 4039 882 4120; x_wconf 41' lang='lat' dir='ltr'>exultatione‘quzua‘m‘humiles</span> <span class='ocrx_word' id='word_1_381' title='bbox 907 4046 1027 4088; x_wconf 84' lang='lat' dir='ltr'>sunt</span> <span class='ocrx_word' id='word_1_382' title='bbox 1042 4042 1573 4120; x_wconf 41' lang='lat' dir='ltr'>assecuturi..Int‘ent‘i’o</span> <span class='ocrx_word' id='word_1_383' title='bbox 1597 4039 1688 4120; x_wconf 66' lang='lat' dir='ltr'>est,</span> 
     </span>
    </p>
   </div>
   <div class='ocr_carea' id='block_1_55' title="bbox 86 4102 1690 4163">
    <p class='ocr_par' dir='ltr' id='par_1_55' title="bbox 86 4102 1690 4163">
     <span class='ocr_line' id='line_1_55' title="bbox 86 4102 1690 4163; baseline 0.003 -14"><span class='ocrx_word' id='word_1_384' title='bbox 86 4115 268 4149; x_wconf 89' lang='lat' dir='ltr'>omnes</span> <span class='ocrx_word' id='word_1_385' title='bbox 301 4102 363 4148; x_wconf 87' lang='lat' dir='ltr'>ad</span> <span class='ocrx_word' id='word_1_386' title='bbox 390 4102 725 4150; x_wconf 82' lang='lat' dir='ltr'>humilitatem</span> <span class='ocrx_word' id='word_1_387' title='bbox 751 4103 986 4163; x_wconf 87' lang='lat' dir='ltr'>invitare,</span> <span class='ocrx_word' id='word_1_388' title='bbox 1027 4107 1082 4150; x_wconf 90' lang='lat' dir='ltr'>ut</span> <span class='ocrx_word' id='word_1_389' title='bbox 1124 4104 1197 4151; x_wconf 90' lang='lat' dir='ltr'>sic</span> <span class='ocrx_word' id='word_1_390' title='bbox 1219 4104 1578 4163; x_wconf 88' lang='lat' dir='ltr'>omnipotentis</span> <span class='ocrx_word' id='word_1_391' title='bbox 1603 4102 1690 4154; x_wconf 83' lang='lat' dir='ltr'>Dei</span> 
     </span>
    </p>
   </div>
   <div class='ocr_carea' id='block_1_56' title="bbox 84 4165 1690 4226">
    <p class='ocr_par' dir='ltr' id='par_1_56' title="bbox 84 4165 1690 4226">
     <span class='ocr_line' id='line_1_56' title="bbox 84 4165 1690 4226; baseline 0.002 -13"><span class='ocrx_word' id='word_1_392' title='bbox 84 4165 379 4213; x_wconf 76' lang='lat' dir='ltr'>districtum</span> <span class='ocrx_word' id='word_1_393' title='bbox 393 4165 646 4222; x_wconf 85' lang='lat' dir='ltr'>judicium</span> <span class='ocrx_word' id='word_1_394' title='bbox 677 4166 877 4214; x_wconf 85' lang='lat' dir='ltr'>valeant</span> <span class='ocrx_word' id='word_1_395' title='bbox 903 4167 1105 4213; x_wconf 86' lang='lat' dir='ltr'>evitare.</span> <span class='ocrx_word' id='word_1_396' title='bbox 1143 4168 1279 4214; x_wconf 90' lang='lat' dir='ltr'>Unde</span> <span class='ocrx_word' id='word_1_397' title='bbox 1302 4170 1347 4213; x_wconf 86' lang='lat' dir='ltr'>et</span> <span class='ocrx_word' id='word_1_398' title='bbox 1383 4168 1609 4226; x_wconf 88' lang='lat' dir='ltr'>seipsum</span> <span class='ocrx_word' id='word_1_399' title='bbox 1635 4170 1690 4216; x_wconf 91' lang='lat' dir='ltr'>in</span> 
     </span>
    </p>
   </div>
   <div class='ocr_carea' id='block_1_57' title="bbox 86 4228 1691 4292">
    <p class='ocr_par' dir='ltr' id='par_1_57' title="bbox 86 4228 1691 4292">
     <span class='ocr_line' id='line_1_57' title="bbox 86 4228 1691 4292; baseline 0.002 -17"><span class='ocrx_word' id='word_1_400' title='bbox 86 4228 385 4292; x_wconf 86' lang='lat' dir='ltr'>exemplum</span> <span class='ocrx_word' id='word_1_401' title='bbox 409 4229 664 4292; x_wconf 83' lang='lat' dir='ltr'>proponit,</span> <span class='ocrx_word' id='word_1_402' title='bbox 691 4233 842 4289; x_wconf 85' lang='lat' dir='ltr'>atque</span> <span class='ocrx_word' id='word_1_403' title='bbox 866 4236 924 4277; x_wconf 79' lang='lat' dir='ltr'>ex</span> <span class='ocrx_word' id='word_1_404' title='bbox 961 4242 1083 4276; x_wconf 88' lang='lat' dir='ltr'>voce</span> <span class='ocrx_word' id='word_1_405' title='bbox 1109 4230 1449 4278; x_wconf 89' lang='lat' dir='ltr'>membrorum</span> <span class='ocrx_word' id='word_1_406' title='bbox 1482 4243 1691 4279; x_wconf 84' lang='lat' dir='ltr'>suorum</span> 
     </span>
    </p>
   </div>
   <div class='ocr_carea' id='block_1_58' title="bbox 86 4290 563 4339">
    <p class='ocr_par' dir='ltr' id='par_1_58' title="bbox 86 4290 563 4339">
     <span class='ocr_line' id='line_1_58' title="bbox 86 4290 563 4339; baseline 0 0"><span class='ocrx_word' id='word_1_407' title='bbox 86 4291 375 4339; x_wconf 87' lang='lat' dir='ltr'>humilium</span> <span class='ocrx_word' id='word_1_408' title='bbox 400 4290 525 4339; x_wconf 86' lang='lat' dir='ltr'>dicit</span> <span class='ocrx_word' id='word_1_409' title='bbox 549 4304 563 4339; x_wconf 89' lang='lat'>:</span> 
     </span>
    </p>
   </div>
   <div class='ocr_carea' id='block_1_59' title="bbox 526 4394 1252 4462">
    <p class='ocr_par' dir='ltr' id='par_1_59' title="bbox 526 4394 1252 4462">
     <span class='ocr_line' id='line_1_59' title="bbox 526 4394 1252 4462; baseline 0.004 -4"><span class='ocrx_word' id='word_1_410' title='bbox 526 4394 927 4462; x_wconf 91' lang='lat' dir='ltr'>PSALMUS</span> <span class='ocrx_word' id='word_1_411' title='bbox 971 4395 1252 4461; x_wconf 89' lang='lat' dir='ltr'>LXXIV</span> 
     </span>
    </p>
   </div>
   <div class='ocr_carea' id='block_1_60' title="bbox 150 4501 1692 4568">
    <p class='ocr_par' dir='ltr' id='par_1_60' title="bbox 150 4501 1692 4568">
     <span class='ocr_line' id='line_1_60' title="bbox 150 4501 1692 4568; baseline -0.002 -11"><span class='ocrx_word' id='word_1_412' title='bbox 150 4502 203 4557; x_wconf 71' lang='grc'>2.</span> <span class='ocrx_word' id='word_1_413' title='bbox 229 4501 618 4568; x_wconf 79' lang='lat' dir='ltr'>Conﬁtebimur</span> <span class='ocrx_word' id='word_1_414' title='bbox 643 4502 755 4564; x_wconf 84' lang='lat' dir='ltr'>tibi,</span> <span class='ocrx_word' id='word_1_415' title='bbox 779 4503 952 4555; x_wconf 83' lang='lat' dir='ltr'>Deus:</span> <span class='ocrx_word' id='word_1_416' title='bbox 975 4503 1364 4566; x_wconf 73' lang='lat' dir='ltr'>conﬁtebimur,</span> <span class='ocrx_word' id='word_1_417' title='bbox 1400 4509 1445 4553; x_wconf 89' lang='lat' dir='ltr'>et</span> <span class='ocrx_word' id='word_1_418' title='bbox 1469 4506 1692 4554; x_wconf 79' lang='lat' dir='ltr'>invoca-</span> 
     </span>
    </p>
   </div>
   <div class='ocr_carea' id='block_1_61' title="bbox 89 4575 1692 4629">
    <p class='ocr_par' dir='ltr' id='par_1_61' title="bbox 89 4575 1692 4629">
     <span class='ocr_line' id='line_1_61' title="bbox 89 4575 1692 4629; baseline 0.004 -6"><span class='ocrx_word' id='word_1_419' title='bbox 89 4575 275 4625; x_wconf 76' lang='lat' dir='ltr'>bimus</span> <span class='ocrx_word' id='word_1_420' title='bbox 298 4590 498 4626; x_wconf 83' lang='lat' dir='ltr'>nomen</span> <span class='ocrx_word' id='word_1_421' title='bbox 521 4580 695 4626; x_wconf 85' lang='lat' dir='ltr'>tuum.</span> <span class='ocrx_word' id='word_1_422' title='bbox 722 4575 957 4627; x_wconf 90' lang='lat' dir='ltr'>Initium</span> <span class='ocrx_word' id='word_1_423' title='bbox 981 4576 1267 4628; x_wconf 90' lang='lat' dir='ltr'>bonorum</span> <span class='ocrx_word' id='word_1_424' title='bbox 1291 4581 1383 4628; x_wconf 91' lang='lat' dir='ltr'>est</span> <span class='ocrx_word' id='word_1_425' title='bbox 1404 4577 1692 4629; x_wconf 88' lang='lat' dir='ltr'>confessio</span> 
     </span>
    </p>
   </div>
   <div class='ocr_carea' id='block_1_62' title="bbox 87 4648 1696 4712">
    <p class='ocr_par' dir='ltr' id='par_1_62' title="bbox 87 4648 1696 4712">
     <span class='ocr_line' id='line_1_62' title="bbox 87 4648 1696 4712; baseline 0.002 -15"><span class='ocrx_word' id='word_1_426' title='bbox 87 4652 482 4711; x_wconf 89' lang='lat' dir='ltr'>peccatorum.</span> <span class='ocrx_word' id='word_1_427' title='bbox 506 4648 714 4699; x_wconf 89' lang='lat' dir='ltr'>Justus</span> <span class='ocrx_word' id='word_1_428' title='bbox 734 4648 888 4699; x_wconf 91' lang='lat' dir='ltr'>enim</span> <span class='ocrx_word' id='word_1_429' title='bbox 907 4648 966 4698; x_wconf 92' lang='lat' dir='ltr'>in</span> <span class='ocrx_word' id='word_1_430' title='bbox 983 4648 1257 4712; x_wconf 90' lang='lat' dir='ltr'>principio</span> <span class='ocrx_word' id='word_1_431' title='bbox 1279 4653 1583 4699; x_wconf 87' lang='lat' dir='ltr'>accusator</span> <span class='ocrx_word' id='word_1_432' title='bbox 1605 4653 1696 4700; x_wconf 89' lang='lat' dir='ltr'>est</span> 
     </span>
    </p>
   </div>
   <div class='ocr_carea' id='block_1_63' title="bbox 1771 581 3362 648">
    <p class='ocr_par' dir='ltr' id='par_1_63' title="bbox 1771 581 3362 648">
     <span class='ocr_line' id='line_1_63' title="bbox 1771 581 3362 648; baseline -0.001 -15"><span class='ocrx_word' id='word_1_433' title='bbox 1771 587 1882 645; x_wconf 91' lang='lat' dir='ltr'>tus,</span> <span class='ocrx_word' id='word_1_434' title='bbox 1909 584 1981 635; x_wconf 87' lang='lat' dir='ltr'>ad</span> <span class='ocrx_word' id='word_1_435' title='bbox 2007 584 2247 648; x_wconf 87' lang='lat' dir='ltr'>gloriam</span> <span class='ocrx_word' id='word_1_436' title='bbox 2260 588 2602 636; x_wconf 84' lang='lat' dir='ltr'>revocatur?</span> <span class='ocrx_word' id='word_1_437' title='bbox 2620 587 2759 636; x_wconf 68' lang='lat' dir='ltr'>Hmc</span> <span class='ocrx_word' id='word_1_438' title='bbox 2785 588 2923 635; x_wconf 91' lang='lat' dir='ltr'>sunt</span> <span class='ocrx_word' id='word_1_439' title='bbox 2947 581 3225 633; x_wconf 89' lang='lat' dir='ltr'>mirabilia</span> <span class='ocrx_word' id='word_1_440' title='bbox 3240 581 3362 645; x_wconf 90' lang='lat' dir='ltr'>Dei,</span> 
     </span>
    </p>
   </div>
   <div class='ocr_carea' id='block_1_64' title="bbox 1770 654 3363 718">
    <p class='ocr_par' dir='ltr' id='par_1_64' title="bbox 1770 654 3363 718">
     <span class='ocr_line' id='line_1_64' title="bbox 1770 654 3363 718; baseline 0.001 -13"><span class='ocrx_word' id='word_1_441' title='bbox 1770 668 1901 718; x_wconf 62' lang='lat' dir='ltr'>qua:</span> <span class='ocrx_word' id='word_1_442' title='bbox 1920 668 2037 705; x_wconf 90' lang='lat' dir='ltr'>non</span> <span class='ocrx_word' id='word_1_443' title='bbox 2063 662 2298 707; x_wconf 90' lang='lat' dir='ltr'>cessant</span> <span class='ocrx_word' id='word_1_444' title='bbox 2312 670 2543 708; x_wconf 88' lang='lat' dir='ltr'>narrare</span> <span class='ocrx_word' id='word_1_445' title='bbox 2566 656 2832 708; x_wconf 90' lang='lat' dir='ltr'>membra</span> <span class='ocrx_word' id='word_1_446' title='bbox 2844 654 3073 706; x_wconf 90' lang='lat' dir='ltr'>Christi.</span> <span class='ocrx_word' id='word_1_447' title='bbox 3090 654 3202 705; x_wconf 88' lang='lat' dir='ltr'>Sed</span> <span class='ocrx_word' id='word_1_448' title='bbox 3226 655 3363 716; x_wconf 89' lang='lat' dir='ltr'>quia</span> 
     </span>
    </p>
   </div>
   <div class='ocr_carea' id='block_1_65' title="bbox 1769 724 3361 791">
    <p class='ocr_par' dir='ltr' id='par_1_65' title="bbox 1769 724 3361 791">
     <span class='ocr_line' id='line_1_65' title="bbox 1769 724 3361 791; baseline 0 -16"><span class='ocrx_word' id='word_1_449' title='bbox 1769 726 1974 776; x_wconf 89' lang='lat' dir='ltr'>deinde</span> <span class='ocrx_word' id='word_1_450' title='bbox 2000 727 2260 778; x_wconf 87' lang='lat' dir='ltr'>futurum</span> <span class='ocrx_word' id='word_1_451' title='bbox 2301 732 2392 779; x_wconf 90' lang='lat' dir='ltr'>est</span> <span class='ocrx_word' id='word_1_452' title='bbox 2417 728 2869 791; x_wconf 90' lang='lat' dir='ltr'>judicium,jam</span> <span class='ocrx_word' id='word_1_453' title='bbox 2911 725 3032 787; x_wconf 87' lang='lat' dir='ltr'>ipse</span> <span class='ocrx_word' id='word_1_454' title='bbox 3073 724 3361 776; x_wconf 88' lang='lat' dir='ltr'>Dominus</span> 
     </span>
    </p>
   </div>
   <div class='ocr_carea' id='block_1_66' title="bbox 1767 797 2564 863">
    <p class='ocr_par' dir='ltr' id='par_1_66' title="bbox 1767 797 2564 863">
     <span class='ocr_line' id='line_1_66' title="bbox 1767 797 2564 863; baseline 0 -16"><span class='ocrx_word' id='word_1_455' title='bbox 1767 797 2020 860; x_wconf 90' lang='lat' dir='ltr'>loquitur</span> <span class='ocrx_word' id='word_1_456' title='bbox 2045 812 2145 862; x_wconf 86' lang='lat' dir='ltr'>per</span> <span class='ocrx_word' id='word_1_457' title='bbox 2170 800 2564 863; x_wconf 87' lang='lat' dir='ltr'>semetipsum.</span> 
     </span>
    </p>
   </div>
   <div class='ocr_carea' id='block_1_67' title="bbox 1830 866 3358 934">
    <p class='ocr_par' dir='ltr' id='par_1_67' title="bbox 1830 866 3358 934">
     <span class='ocr_line' id='line_1_67' title="bbox 1830 866 3358 934; baseline -0.003 -12"><span class='ocrx_word' id='word_1_458' title='bbox 1830 868 1881 922; x_wconf 89' lang='lat'>3.</span> <span class='ocrx_word' id='word_1_459' title='bbox 1931 870 2067 919; x_wconf 84' lang='lat' dir='ltr'>Cum</span> <span class='ocrx_word' id='word_1_460' title='bbox 2109 884 2353 934; x_wconf 84' lang='lat' dir='ltr'>accepero</span> <span class='ocrx_word' id='word_1_461' title='bbox 2399 876 2621 934; x_wconf 79' lang='lat' dir='ltr'>tempus,</span> <span class='ocrx_word' id='word_1_462' title='bbox 2666 884 2758 933; x_wconf 85' lang='lat' dir='ltr'>ego</span> <span class='ocrx_word' id='word_1_463' title='bbox 2787 868 3031 933; x_wconf 84' lang='lat' dir='ltr'>justitias</span> <span class='ocrx_word' id='word_1_464' title='bbox 3080 866 3358 931; x_wconf 86' lang='lat' dir='ltr'>judicabo.</span> 
     </span>
    </p>
   </div>
   <div class='ocr_carea' id='block_1_68' title="bbox 1768 937 3362 1005">
    <p class='ocr_par' dir='ltr' id='par_1_68' title="bbox 1768 937 3362 1005">
     <span class='ocr_line' id='line_1_68' title="bbox 1768 937 3362 1005; baseline -0.002 -15"><span class='ocrx_word' id='word_1_465' title='bbox 1768 940 2039 990; x_wconf 88' lang='lat' dir='ltr'>Nondum</span> <span class='ocrx_word' id='word_1_466' title='bbox 2066 942 2153 991; x_wconf 89' lang='lat' dir='ltr'>est</span> <span class='ocrx_word' id='word_1_467' title='bbox 2190 942 2382 1003; x_wconf 87' lang='lat' dir='ltr'>ipsum</span> <span class='ocrx_word' id='word_1_468' title='bbox 2416 946 2661 1005; x_wconf 89' lang='lat' dir='ltr'>tempus.</span> <span class='ocrx_word' id='word_1_469' title='bbox 2693 940 2917 992; x_wconf 89' lang='lat' dir='ltr'>Gratias</span> <span class='ocrx_word' id='word_1_470' title='bbox 2952 937 3362 989; x_wconf 68' lang='lat' dir='ltr'>misericordiae</span> 
     </span>
    </p>
   </div>
   <div class='ocr_carea' id='block_1_69' title="bbox 1771 1008 3363 1075">
    <p class='ocr_par' dir='ltr' id='par_1_69' title="bbox 1771 1008 3363 1075">
     <span class='ocr_line' id='line_1_69' title="bbox 1771 1008 3363 1075; baseline -0.002 -13"><span class='ocrx_word' id='word_1_471' title='bbox 1771 1024 1912 1071; x_wconf 68' lang='lat' dir='ltr'>suae,</span> <span class='ocrx_word' id='word_1_472' title='bbox 1945 1011 2104 1074; x_wconf 90' lang='lat' dir='ltr'>prius</span> <span class='ocrx_word' id='word_1_473' title='bbox 2133 1012 2409 1075; x_wconf 66' lang='lat' dir='ltr'>praedicat</span> <span class='ocrx_word' id='word_1_474' title='bbox 2437 1012 2712 1075; x_wconf 90' lang='lat' dir='ltr'>justitias,</span> <span class='ocrx_word' id='word_1_475' title='bbox 2749 1015 2808 1062; x_wconf 92' lang='lat' dir='ltr'>et</span> <span class='ocrx_word' id='word_1_476' title='bbox 2833 1012 2916 1061; x_wconf 91' lang='lat' dir='ltr'>sic</span> <span class='ocrx_word' id='word_1_477' title='bbox 2940 1010 3165 1074; x_wconf 90' lang='lat' dir='ltr'>judicat</span> <span class='ocrx_word' id='word_1_478' title='bbox 3185 1008 3363 1073; x_wconf 89' lang='lat' dir='ltr'>justi-</span> 
     </span>
    </p>
   </div>
   <div class='ocr_carea' id='block_1_70' title="bbox 1772 1081 3360 1146">
    <p class='ocr_par' dir='ltr' id='par_1_70' title="bbox 1772 1081 3360 1146">
     <span class='ocr_line' id='line_1_70' title="bbox 1772 1081 3360 1146; baseline -0.001 -14"><span class='ocrx_word' id='word_1_479' title='bbox 1772 1083 1923 1133; x_wconf 88' lang='lat' dir='ltr'>tiam.</span> <span class='ocrx_word' id='word_1_480' title='bbox 1947 1083 2092 1133; x_wconf 90' lang='lat' dir='ltr'>Nam</span> <span class='ocrx_word' id='word_1_481' title='bbox 2119 1083 2168 1133; x_wconf 91' lang='lat' dir='ltr'>si</span> <span class='ocrx_word' id='word_1_482' title='bbox 2189 1088 2323 1134; x_wconf 88' lang='lat' dir='ltr'>ante</span> <span class='ocrx_word' id='word_1_483' title='bbox 2347 1083 2520 1134; x_wconf 90' lang='lat' dir='ltr'>vellet</span> <span class='ocrx_word' id='word_1_484' title='bbox 2537 1083 2999 1146; x_wconf 88' lang='lat' dir='ltr'>judicare,quam</span> <span class='ocrx_word' id='word_1_485' title='bbox 3032 1081 3360 1145; x_wconf 68' lang='lat' dir='ltr'>praedicare,</span> 
     </span>
    </p>
   </div>
   <div class='ocr_carea' id='block_1_71' title="bbox 1769 1150 3360 1217">
    <p class='ocr_par' dir='ltr' id='par_1_71' title="bbox 1769 1150 3360 1217">
     <span class='ocr_line' id='line_1_71' title="bbox 1769 1150 3360 1217; baseline -0.003 -12"><span class='ocrx_word' id='word_1_486' title='bbox 1769 1166 1889 1205; x_wconf 91' lang='lat' dir='ltr'>non</span> <span class='ocrx_word' id='word_1_487' title='bbox 1910 1154 2214 1214; x_wconf 82' lang='lat' dir='ltr'>inveniret,</span> <span class='ocrx_word' id='word_1_488' title='bbox 2230 1166 2403 1217; x_wconf 88' lang='lat' dir='ltr'>quem</span> <span class='ocrx_word' id='word_1_489' title='bbox 2424 1154 2703 1205; x_wconf 86' lang='lat' dir='ltr'>liberaret.</span> <span class='ocrx_word' id='word_1_490' title='bbox 2726 1154 2861 1203; x_wconf 85' lang='lat' dir='ltr'>Cum</span> <span class='ocrx_word' id='word_1_491' title='bbox 2873 1167 3117 1216; x_wconf 80' lang='lat' dir='ltr'>accepero</span> <span class='ocrx_word' id='word_1_492' title='bbox 3143 1150 3360 1215; x_wconf 79' lang='lat' dir='ltr'>(inquit)</span> 
     </span>
    </p>
   </div>
   <div class='ocr_carea' id='block_1_72' title="bbox 1772 1223 3364 1289">
    <p class='ocr_par' dir='ltr' id='par_1_72' title="bbox 1772 1223 3364 1289">
     <span class='ocr_line' id='line_1_72' title="bbox 1772 1223 3364 1289; baseline -0.001 -16"><span class='ocrx_word' id='word_1_493' title='bbox 1772 1230 1995 1289; x_wconf 81' lang='lat' dir='ltr'>tempus.</span> <span class='ocrx_word' id='word_1_494' title='bbox 2012 1227 2140 1277; x_wconf 91' lang='lat' dir='ltr'>Non</span> <span class='ocrx_word' id='word_1_495' title='bbox 2165 1226 2349 1289; x_wconf 91' lang='lat' dir='ltr'>potuit</span> <span class='ocrx_word' id='word_1_496' title='bbox 2370 1228 2598 1289; x_wconf 89' lang='lat' dir='ltr'>tempus</span> <span class='ocrx_word' id='word_1_497' title='bbox 2610 1224 2866 1288; x_wconf 89' lang='lat' dir='ltr'>accipere</span> <span class='ocrx_word' id='word_1_498' title='bbox 2889 1224 2949 1274; x_wconf 90' lang='lat' dir='ltr'>in</span> <span class='ocrx_word' id='word_1_499' title='bbox 2981 1235 3067 1285; x_wconf 92' lang='lat' dir='ltr'>eo,</span> <span class='ocrx_word' id='word_1_500' title='bbox 3093 1223 3250 1285; x_wconf 91' lang='lat' dir='ltr'>quod</span> <span class='ocrx_word' id='word_1_501' title='bbox 3275 1226 3364 1273; x_wconf 90' lang='lat' dir='ltr'>est</span> 
     </span>
    </p>
   </div>
   <div class='ocr_carea' id='block_1_73' title="bbox 1771 1293 3363 1360">
    <p class='ocr_par' dir='ltr' id='par_1_73' title="bbox 1771 1293 3363 1360">
     <span class='ocr_line' id='line_1_73' title="bbox 1771 1293 3363 1360; baseline -0.001 -15"><span class='ocrx_word' id='word_1_502' title='bbox 1771 1296 1947 1346; x_wconf 88' lang='lat' dir='ltr'>Filius</span> <span class='ocrx_word' id='word_1_503' title='bbox 1974 1297 2091 1357; x_wconf 90' lang='lat' dir='ltr'>Dei,</span> <span class='ocrx_word' id='word_1_504' title='bbox 2130 1297 2233 1348; x_wconf 89' lang='lat' dir='ltr'>sed</span> <span class='ocrx_word' id='word_1_505' title='bbox 2256 1297 2316 1347; x_wconf 92' lang='lat' dir='ltr'>in</span> <span class='ocrx_word' id='word_1_506' title='bbox 2339 1309 2406 1347; x_wconf 93' lang='lat' dir='ltr'>eo</span> <span class='ocrx_word' id='word_1_507' title='bbox 2431 1297 2589 1360; x_wconf 91' lang='lat' dir='ltr'>quod</span> <span class='ocrx_word' id='word_1_508' title='bbox 2613 1299 2702 1347; x_wconf 91' lang='lat' dir='ltr'>est</span> <span class='ocrx_word' id='word_1_509' title='bbox 2728 1295 2883 1345; x_wconf 86' lang='lat' dir='ltr'>ﬁlius</span> <span class='ocrx_word' id='word_1_510' title='bbox 2907 1294 3174 1346; x_wconf 89' lang='lat' dir='ltr'>hominis.</span> <span class='ocrx_word' id='word_1_511' title='bbox 3216 1293 3363 1343; x_wconf 85' lang='lat' dir='ltr'>Hinc</span> 
     </span>
    </p>
   </div>
   <div class='ocr_carea' id='block_1_74' title="bbox 1771 1364 3367 1431">
    <p class='ocr_par' dir='ltr' id='par_1_74' title="bbox 1771 1364 3367 1431">
     <span class='ocr_line' id='line_1_74' title="bbox 1771 1364 3367 1431; baseline -0.003 -14"><span class='ocrx_word' id='word_1_512' title='bbox 1771 1366 2141 1431; x_wconf 86' lang='lat' dir='ltr'>Evangelista</span> <span class='ocrx_word' id='word_1_513' title='bbox 2157 1368 2264 1419; x_wconf 92' lang='lat' dir='ltr'>ait:</span> <span class='ocrx_word' id='word_1_514' title='bbox 2292 1368 2458 1419; x_wconf 87' lang='lat' dir='ltr'>Dedit</span> <span class='ocrx_word' id='word_1_515' title='bbox 2485 1368 2535 1418; x_wconf 91' lang='lat' dir='ltr'>ei</span> <span class='ocrx_word' id='word_1_516' title='bbox 2549 1369 2893 1431; x_wconf 89' lang='lat' dir='ltr'>potestatem</span> <span class='ocrx_word' id='word_1_517' title='bbox 2908 1370 2966 1417; x_wconf 92' lang='lat' dir='ltr'>et</span> <span class='ocrx_word' id='word_1_518' title='bbox 2981 1365 3264 1428; x_wconf 88' lang='lat' dir='ltr'>judicium</span> <span class='ocrx_word' id='word_1_519' title='bbox 3291 1364 3367 1414; x_wconf 87' lang='lat' dir='ltr'>fa-</span> 
     </span>
    </p>
   </div>
   <div class='ocr_carea' id='block_1_75' title="bbox 1770 1435 3363 1502">
    <p class='ocr_par' dir='ltr' id='par_1_75' title="bbox 1770 1435 3363 1502">
     <span class='ocr_line' id='line_1_75' title="bbox 1770 1435 3363 1502; baseline -0.002 -14"><span class='ocrx_word' id='word_1_520' title='bbox 1770 1450 1916 1501; x_wconf 90' lang='lat' dir='ltr'>cere,</span> <span class='ocrx_word' id='word_1_521' title='bbox 1943 1440 2080 1501; x_wconf 90' lang='lat' dir='ltr'>quia</span> <span class='ocrx_word' id='word_1_522' title='bbox 2103 1438 2255 1489; x_wconf 89' lang='lat' dir='ltr'>ﬁlius</span> <span class='ocrx_word' id='word_1_523' title='bbox 2282 1439 2533 1490; x_wconf 91' lang='lat' dir='ltr'>hominis</span> <span class='ocrx_word' id='word_1_524' title='bbox 2559 1443 2649 1490; x_wconf 89' lang='lat' dir='ltr'>est</span> <span class='ocrx_word' id='word_1_525' title='bbox 2695 1438 2872 1502; x_wconf 84' lang='lat' dir='ltr'>(.Ioan.</span> <span class='ocrx_word' id='word_1_526' title='bbox 2895 1435 2985 1499; x_wconf 87' lang='grc'>5.).</span> <span class='ocrx_word' id='word_1_527' title='bbox 3020 1436 3189 1487; x_wconf 89' lang='lat' dir='ltr'>Modo</span> <span class='ocrx_word' id='word_1_528' title='bbox 3227 1446 3363 1498; x_wconf 88' lang='lat' dir='ltr'>ergo</span> 
     </span>
    </p>
   </div>
   <div class='ocr_carea' id='block_1_76' title="bbox 1770 1506 3363 1574">
    <p class='ocr_par' dir='ltr' id='par_1_76' title="bbox 1770 1506 3363 1574">
     <span class='ocr_line' id='line_1_76' title="bbox 1770 1506 3363 1574; baseline -0.002 -15"><span class='ocrx_word' id='word_1_529' title='bbox 1770 1514 1860 1559; x_wconf 91' lang='lat' dir='ltr'>est</span> <span class='ocrx_word' id='word_1_530' title='bbox 1886 1515 2114 1574; x_wconf 88' lang='lat' dir='ltr'>tempus</span> <span class='ocrx_word' id='word_1_531' title='bbox 2139 1510 2582 1574; x_wconf 64' lang='lat' dir='ltr'>prmdicationis.</span> <span class='ocrx_word' id='word_1_532' title='bbox 2609 1509 2773 1562; x_wconf 92' lang='lat' dir='ltr'>Unde</span> <span class='ocrx_word' id='word_1_533' title='bbox 2795 1509 2900 1560; x_wconf 89' lang='lat' dir='ltr'>ait:</span> <span class='ocrx_word' id='word_1_534' title='bbox 2928 1508 3181 1559; x_wconf 87' lang='lat' dir='ltr'>Narrabo</span> <span class='ocrx_word' id='word_1_535' title='bbox 3195 1506 3363 1557; x_wconf 88' lang='lat' dir='ltr'>mira-</span> 
     </span>
    </p>
   </div>
   <div class='ocr_carea' id='block_1_77' title="bbox 1772 1578 3363 1644">
    <p class='ocr_par' dir='ltr' id='par_1_77' title="bbox 1772 1578 3363 1644">
     <span class='ocr_line' id='line_1_77' title="bbox 1772 1578 3363 1644; baseline -0.003 -14"><span class='ocrx_word' id='word_1_536' title='bbox 1772 1580 1906 1630; x_wconf 89' lang='lat' dir='ltr'>bilia</span> <span class='ocrx_word' id='word_1_537' title='bbox 1931 1586 2045 1632; x_wconf 90' lang='lat' dir='ltr'>tua.</span> <span class='ocrx_word' id='word_1_538' title='bbox 2067 1581 2213 1632; x_wconf 91' lang='lat' dir='ltr'>Audi</span> <span class='ocrx_word' id='word_1_539' title='bbox 2227 1586 2575 1633; x_wconf 89' lang='lat' dir='ltr'>narrantem.</span> <span class='ocrx_word' id='word_1_540' title='bbox 2595 1580 2745 1632; x_wconf 85' lang='lat' dir='ltr'>Audi</span> <span class='ocrx_word' id='word_1_541' title='bbox 2768 1579 3196 1644; x_wconf 60' lang='lat' dir='ltr'>praedicantem.</span> <span class='ocrx_word' id='word_1_542' title='bbox 3216 1578 3363 1627; x_wconf 90' lang='lat' dir='ltr'>Nam</span> 
     </span>
    </p>
   </div>
   <div class='ocr_carea' id='block_1_78' title="bbox 1773 1649 3362 1719">
    <p class='ocr_par' dir='ltr' id='par_1_78' title="bbox 1773 1649 3362 1719">
     <span class='ocr_line' id='line_1_78' title="bbox 1773 1649 3362 1719; baseline -0.003 -17"><span class='ocrx_word' id='word_1_543' title='bbox 1773 1653 1820 1702; x_wconf 89' lang='lat' dir='ltr'>si</span> <span class='ocrx_word' id='word_1_544' title='bbox 1851 1655 2248 1717; x_wconf 89' lang='lat' dir='ltr'>contemseris,</span> <span class='ocrx_word' id='word_1_545' title='bbox 2275 1655 2395 1718; x_wconf 89' lang='lat' dir='ltr'>ipse</span> <span class='ocrx_word' id='word_1_546' title='bbox 2434 1655 2614 1719; x_wconf 87' lang='lat' dir='ltr'>judex</span> <span class='ocrx_word' id='word_1_547' title='bbox 2649 1654 2907 1705; x_wconf 89' lang='lat' dir='ltr'>minatur</span> <span class='ocrx_word' id='word_1_548' title='bbox 2931 1651 3035 1702; x_wconf 90' lang='lat' dir='ltr'>tibi</span> <span class='ocrx_word' id='word_1_549' title='bbox 3056 1649 3362 1714; x_wconf 90' lang='lat' dir='ltr'>judicium,</span> 
     </span>
    </p>
   </div>
   <div class='ocr_carea' id='block_1_79' title="bbox 1774 1719 3361 1790">
    <p class='ocr_par' dir='ltr' id='par_1_79' title="bbox 1774 1719 3361 1790">
     <span class='ocr_line' id='line_1_79' title="bbox 1774 1719 3361 1790; baseline -0.003 -16"><span class='ocrx_word' id='word_1_550' title='bbox 1774 1725 2000 1776; x_wconf 88' lang='lat' dir='ltr'>dicens:</span> <span class='ocrx_word' id='word_1_551' title='bbox 2033 1726 2169 1776; x_wconf 86' lang='lat' dir='ltr'>Cum</span> <span class='ocrx_word' id='word_1_552' title='bbox 2194 1740 2439 1787; x_wconf 77' lang='lat' dir='ltr'>accepero</span> <span class='ocrx_word' id='word_1_553' title='bbox 2465 1731 2689 1790; x_wconf 83' lang='lat' dir='ltr'>tempus,</span> <span class='ocrx_word' id='word_1_554' title='bbox 2719 1739 2811 1787; x_wconf 86' lang='lat' dir='ltr'>ego</span> <span class='ocrx_word' id='word_1_555' title='bbox 2827 1723 3070 1788; x_wconf 83' lang='lat' dir='ltr'>justitias</span> <span class='ocrx_word' id='word_1_556' title='bbox 3086 1719 3361 1785; x_wconf 85' lang='lat' dir='ltr'>judicabo.</span> 
     </span>
    </p>
   </div>
   <div class='ocr_carea' id='block_1_80' title="bbox 1772 1793 3365 1861">
    <p class='ocr_par' dir='ltr' id='par_1_80' title="bbox 1772 1793 3365 1861">
     <span class='ocr_line' id='line_1_80' title="bbox 1772 1793 3365 1861; baseline -0.004 -14"><span class='ocrx_word' id='word_1_557' title='bbox 1772 1798 2038 1849; x_wconf 88' lang='lat' dir='ltr'>Justitias</span> <span class='ocrx_word' id='word_1_558' title='bbox 2058 1798 2332 1861; x_wconf 88' lang='lat' dir='ltr'>judicare,</span> <span class='ocrx_word' id='word_1_559' title='bbox 2359 1802 2448 1848; x_wconf 90' lang='lat' dir='ltr'>est</span> <span class='ocrx_word' id='word_1_560' title='bbox 2472 1798 2784 1859; x_wconf 89' lang='lat' dir='ltr'>unicuique</span> <span class='ocrx_word' id='word_1_561' title='bbox 2812 1796 2982 1859; x_wconf 89' lang='lat' dir='ltr'>juxta</span> <span class='ocrx_word' id='word_1_562' title='bbox 3014 1793 3221 1845; x_wconf 90' lang='lat' dir='ltr'>merita</span> <span class='ocrx_word' id='word_1_563' title='bbox 3258 1802 3365 1841; x_wconf 89' lang='lat' dir='ltr'>sua</span> 
     </span>
    </p>
   </div>
   <div class='ocr_carea' id='block_1_81' title="bbox 1695 1862 3367 1947">
    <p class='ocr_par' dir='ltr' id='par_1_81' title="bbox 1695 1862 3367 1947">
     <span class='ocr_line' id='line_1_81' title="bbox 1695 1862 3367 1947; baseline -0.004 -28"><span class='ocrx_word' id='word_1_564' title='bbox 1695 1873 1751 1947; x_wconf 84' lang='lat' dir='ltr'><strong>B</strong></span> <span class='ocrx_word' id='word_1_565' title='bbox 1774 1869 2026 1947; x_wconf 85' lang='lat' dir='ltr'>reddere.</span> <span class='ocrx_word' id='word_1_566' title='bbox 2070 1869 2445 1947; x_wconf 74' lang='lat' dir='ltr'>Narrabimus</span> <span class='ocrx_word' id='word_1_567' title='bbox 2465 1868 2688 1947; x_wconf 76' lang='lat' dir='ltr'>(inquit)</span> <span class='ocrx_word' id='word_1_568' title='bbox 2717 1866 2998 1947; x_wconf 77' lang='lat' dir='ltr'>mirabilia</span> <span class='ocrx_word' id='word_1_569' title='bbox 3014 1869 3139 1947; x_wconf 69' lang='lat' dir='ltr'>tua.</span> <span class='ocrx_word' id='word_1_570' title='bbox 3162 1865 3235 1947; x_wconf 60' lang='lat' dir='ltr'>Et</span> <span class='ocrx_word' id='word_1_571' title='bbox 3256 1862 3367 1913; x_wconf 90' lang='lat' dir='ltr'>hoc</span> 
     </span>
    </p>
   </div>
   <div class='ocr_carea' id='block_1_82' title="bbox 1776 1936 3290 2004">
    <p class='ocr_par' dir='ltr' id='par_1_82' title="bbox 1776 1936 3290 2004">
     <span class='ocr_line' id='line_1_82' title="bbox 1776 1936 3290 2004; baseline -0.005 -13"><span class='ocrx_word' id='word_1_572' title='bbox 1776 1945 2057 2003; x_wconf 90' lang='lat' dir='ltr'>quantum</span> <span class='ocrx_word' id='word_1_573' title='bbox 2075 1952 2220 2004; x_wconf 90' lang='lat' dir='ltr'>opus</span> <span class='ocrx_word' id='word_1_574' title='bbox 2245 1942 2337 1999; x_wconf 88' lang='lat' dir='ltr'>sit,</span> <span class='ocrx_word' id='word_1_575' title='bbox 2364 1940 2709 2002; x_wconf 90' lang='lat' dir='ltr'>ostenditur,</span> <span class='ocrx_word' id='word_1_576' title='bbox 2736 1951 2871 1990; x_wconf 91' lang='lat' dir='ltr'>cum</span> <span class='ocrx_word' id='word_1_577' title='bbox 2897 1936 3254 1988; x_wconf 88' lang='lat' dir='ltr'>subinfertur</span> <span class='ocrx_word' id='word_1_578' title='bbox 3277 1948 3290 1984; x_wconf 90' lang='lat'>:</span> 
     </span>
    </p>
   </div>
   <div class='ocr_carea' id='block_1_83' title="bbox 1838 2005 3366 2074">
    <p class='ocr_par' dir='ltr' id='par_1_83' title="bbox 1838 2005 3366 2074">
     <span class='ocr_line' id='line_1_83' title="bbox 1838 2005 3366 2074; baseline -0.007 -10"><span class='ocrx_word' id='word_1_579' title='bbox 1838 2011 1888 2064; x_wconf 74' lang='grc'>4.</span> <span class='ocrx_word' id='word_1_580' title='bbox 1915 2011 2230 2074; x_wconf 83' lang='lat' dir='ltr'>Liquefacta</span> <span class='ocrx_word' id='word_1_581' title='bbox 2252 2017 2323 2059; x_wconf 88' lang='lat' dir='ltr'>est</span> <span class='ocrx_word' id='word_1_582' title='bbox 2345 2016 2508 2062; x_wconf 87' lang='lat' dir='ltr'>terra.</span> <span class='ocrx_word' id='word_1_583' title='bbox 2533 2010 2623 2071; x_wconf 84' lang='lat' dir='ltr'>Et,</span> <span class='ocrx_word' id='word_1_584' title='bbox 2653 2010 2795 2073; x_wconf 90' lang='lat' dir='ltr'>quid</span> <span class='ocrx_word' id='word_1_585' title='bbox 2820 2009 2965 2061; x_wconf 87' lang='lat' dir='ltr'>dicis</span> <span class='ocrx_word' id='word_1_586' title='bbox 2993 2005 3366 2058; x_wconf 74' lang='lat' dir='ltr'>terram?om-</span> 
     </span>
    </p>
   </div>
   <div class='ocr_carea' id='block_1_84' title="bbox 1777 2076 3370 2146">
    <p class='ocr_par' dir='ltr' id='par_1_84' title="bbox 1777 2076 3370 2146">
     <span class='ocr_line' id='line_1_84' title="bbox 1777 2076 3370 2146; baseline -0.003 -16"><span class='ocrx_word' id='word_1_587' title='bbox 1777 2096 1866 2131; x_wconf 87' lang='lat' dir='ltr'>nes</span> <span class='ocrx_word' id='word_1_588' title='bbox 1889 2083 2115 2145; x_wconf 89' lang='lat' dir='ltr'>(inquit)</span> <span class='ocrx_word' id='word_1_589' title='bbox 2141 2082 2238 2146; x_wconf 86' lang='lat' dir='ltr'>qui</span> <span class='ocrx_word' id='word_1_590' title='bbox 2266 2082 2517 2131; x_wconf 81' lang='lat' dir='ltr'>habitant</span> <span class='ocrx_word' id='word_1_591' title='bbox 2550 2082 2612 2130; x_wconf 80' lang='lat' dir='ltr'>in</span> <span class='ocrx_word' id='word_1_592' title='bbox 2637 2096 2718 2142; x_wconf 88' lang='lat' dir='ltr'>ea,</span> <span class='ocrx_word' id='word_1_593' title='bbox 2752 2081 2810 2131; x_wconf 92' lang='lat' dir='ltr'>id</span> <span class='ocrx_word' id='word_1_594' title='bbox 2837 2085 2945 2142; x_wconf 90' lang='lat' dir='ltr'>est,</span> <span class='ocrx_word' id='word_1_595' title='bbox 2970 2078 3068 2144; x_wconf 91' lang='lat' dir='ltr'>qui</span> <span class='ocrx_word' id='word_1_596' title='bbox 3091 2076 3284 2129; x_wconf 87' lang='lat' dir='ltr'>studio</span> <span class='ocrx_word' id='word_1_597' title='bbox 3312 2080 3370 2126; x_wconf 90' lang='lat' dir='ltr'>et</span> 
     </span>
    </p>
   </div>
   <div class='ocr_carea' id='block_1_85' title="bbox 1775 2147 3367 2217">
    <p class='ocr_par' dir='ltr' id='par_1_85' title="bbox 1775 2147 3367 2217">
     <span class='ocr_line' id='line_1_85' title="bbox 1775 2147 3367 2217; baseline -0.005 -13"><span class='ocrx_word' id='word_1_598' title='bbox 1775 2152 2072 2204; x_wconf 84' lang='lat' dir='ltr'>voluntate</span> <span class='ocrx_word' id='word_1_599' title='bbox 2106 2154 2169 2205; x_wconf 91' lang='lat' dir='ltr'>in</span> <span class='ocrx_word' id='word_1_600' title='bbox 2205 2154 2446 2205; x_wconf 90' lang='lat' dir='ltr'>terrenis</span> <span class='ocrx_word' id='word_1_601' title='bbox 2480 2156 2852 2217; x_wconf 89' lang='lat' dir='ltr'>perseverant</span> <span class='ocrx_word' id='word_1_602' title='bbox 2883 2171 2893 2200; x_wconf 89' lang='lat'>:</span> <span class='ocrx_word' id='word_1_603' title='bbox 2928 2152 3037 2202; x_wconf 92' lang='lat' dir='ltr'>hoc</span> <span class='ocrx_word' id='word_1_604' title='bbox 3088 2154 3179 2201; x_wconf 90' lang='lat' dir='ltr'>est</span> <span class='ocrx_word' id='word_1_605' title='bbox 3212 2147 3367 2198; x_wconf 90' lang='lat' dir='ltr'>enim</span> 
     </span>
    </p>
   </div>
   <div class='ocr_carea' id='block_1_86' title="bbox 1773 2224 3364 2288">
    <p class='ocr_par' dir='ltr' id='par_1_86' title="bbox 1773 2224 3364 2288">
     <span class='ocr_line' id='line_1_86' title="bbox 1773 2224 3364 2288; baseline -0.006 -12"><span class='ocrx_word' id='word_1_606' title='bbox 1773 2224 2196 2288; x_wconf 87' lang='lat' dir='ltr'>unusquisque,</span> <span class='ocrx_word' id='word_1_607' title='bbox 2211 2226 2361 2288; x_wconf 92' lang='lat' dir='ltr'>quod</span> <span class='ocrx_word' id='word_1_608' title='bbox 2386 2230 2562 2276; x_wconf 87' lang='lat' dir='ltr'>amat.</span> <span class='ocrx_word' id='word_1_609' title='bbox 2587 2224 2644 2276; x_wconf 92' lang='lat' dir='ltr'>Si</span> <span class='ocrx_word' id='word_1_610' title='bbox 2668 2228 2875 2275; x_wconf 88' lang='lat' dir='ltr'>terram</span> <span class='ocrx_word' id='word_1_611' title='bbox 2895 2233 3075 2283; x_wconf 87' lang='lat' dir='ltr'>amas,</span> <span class='ocrx_word' id='word_1_612' title='bbox 3103 2224 3252 2271; x_wconf 89' lang='lat' dir='ltr'>terra</span> <span class='ocrx_word' id='word_1_613' title='bbox 3275 2229 3364 2269; x_wconf 90' lang='lat' dir='ltr'>es:</span> 
     </span>
    </p>
   </div>
   <div class='ocr_carea' id='block_1_87' title="bbox 1776 2290 3369 2358">
    <p class='ocr_par' dir='ltr' id='par_1_87' title="bbox 1776 2290 3369 2358">
     <span class='ocr_line' id='line_1_87' title="bbox 1776 2290 3369 2358; baseline -0.004 -12"><span class='ocrx_word' id='word_1_614' title='bbox 1776 2296 1825 2347; x_wconf 92' lang='lat' dir='ltr'>si</span> <span class='ocrx_word' id='word_1_615' title='bbox 1854 2298 2038 2347; x_wconf 90' lang='lat' dir='ltr'>Deum</span> <span class='ocrx_word' id='word_1_616' title='bbox 2063 2309 2244 2354; x_wconf 88' lang='lat' dir='ltr'>amas,</span> <span class='ocrx_word' id='word_1_617' title='bbox 2268 2309 2341 2347; x_wconf 85' lang='lat' dir='ltr'>ex</span> <span class='ocrx_word' id='word_1_618' title='bbox 2368 2295 2481 2347; x_wconf 89' lang='lat' dir='ltr'>illis</span> <span class='ocrx_word' id='word_1_619' title='bbox 2505 2308 2569 2347; x_wconf 92' lang='lat' dir='ltr'>es</span> <span class='ocrx_word' id='word_1_620' title='bbox 2597 2296 2666 2346; x_wconf 91' lang='lat' dir='ltr'>de</span> <span class='ocrx_word' id='word_1_621' title='bbox 2693 2295 2907 2358; x_wconf 91' lang='lat' dir='ltr'>quibus</span> <span class='ocrx_word' id='word_1_622' title='bbox 2940 2293 3062 2357; x_wconf 90' lang='lat' dir='ltr'>ipse</span> <span class='ocrx_word' id='word_1_623' title='bbox 3084 2290 3369 2343; x_wconf 83' lang='lat' dir='ltr'>Dominus</span> 
     </span>
    </p>
   </div>
   <div class='ocr_carea' id='block_1_88' title="bbox 1774 2360 3369 2433">
    <p class='ocr_par' dir='ltr' id='par_1_88' title="bbox 1774 2360 3369 2433">
     <span class='ocr_line' id='line_1_88' title="bbox 1774 2360 3369 2433; baseline -0.004 -16"><span class='ocrx_word' id='word_1_624' title='bbox 1774 2367 1855 2418; x_wconf 90' lang='lat' dir='ltr'>ait</span> <span class='ocrx_word' id='word_1_625' title='bbox 1880 2382 1892 2418; x_wconf 96' lang='lat'>:</span> <span class='ocrx_word' id='word_1_626' title='bbox 1917 2370 2035 2431; x_wconf 89' lang='lat' dir='ltr'>Ego</span> <span class='ocrx_word' id='word_1_627' title='bbox 2056 2367 2197 2429; x_wconf 84' lang='lat' dir='ltr'>dixi,</span> <span class='ocrx_word' id='word_1_628' title='bbox 2229 2368 2316 2418; x_wconf 93' lang='lat' dir='ltr'>Dii</span> <span class='ocrx_word' id='word_1_629' title='bbox 2340 2368 2480 2419; x_wconf 89' lang='lat' dir='ltr'>estis</span> <span class='ocrx_word' id='word_1_630' title='bbox 2513 2366 2673 2433; x_wconf 87' lang='lat' dir='ltr'>(Psal.</span> <span class='ocrx_word' id='word_1_631' title='bbox 2698 2365 2823 2429; x_wconf 81' lang='lat'>81.).</span> <span class='ocrx_word' id='word_1_632' title='bbox 2860 2366 3035 2416; x_wconf 87' lang='lat' dir='ltr'>Terra</span> <span class='ocrx_word' id='word_1_633' title='bbox 3062 2367 3152 2414; x_wconf 91' lang='lat' dir='ltr'>est</span> <span class='ocrx_word' id='word_1_634' title='bbox 3185 2360 3369 2423; x_wconf 87' lang='lat' dir='ltr'>lique-</span> 
     </span>
    </p>
   </div>
   <div class='ocr_carea' id='block_1_89' title="bbox 1773 2435 3371 2503">
    <p class='ocr_par' dir='ltr' id='par_1_89' title="bbox 1773 2435 3371 2503">
     <span class='ocr_line' id='line_1_89' title="bbox 1773 2435 3371 2503; baseline -0.004 -15"><span class='ocrx_word' id='word_1_635' title='bbox 1773 2438 1939 2500; x_wconf 85' lang='lat' dir='ltr'>facta,</span> <span class='ocrx_word' id='word_1_636' title='bbox 1960 2439 2192 2502; x_wconf 89' lang='lat' dir='ltr'>quando</span> <span class='ocrx_word' id='word_1_637' title='bbox 2217 2438 2374 2490; x_wconf 88' lang='lat' dir='ltr'>vitiis</span> <span class='ocrx_word' id='word_1_638' title='bbox 2390 2444 2448 2491; x_wconf 92' lang='lat' dir='ltr'>et</span> <span class='ocrx_word' id='word_1_639' title='bbox 2467 2436 2952 2503; x_wconf 89' lang='lat' dir='ltr'>concupiscentiis</span> <span class='ocrx_word' id='word_1_640' title='bbox 2977 2435 3241 2487; x_wconf 87' lang='lat' dir='ltr'>deﬂuunt</span> <span class='ocrx_word' id='word_1_641' title='bbox 3256 2437 3371 2503; x_wconf 85' lang='lat' dir='ltr'>ter-</span> 
     </span>
    </p>
   </div>
   <div class='ocr_carea' id='block_1_90' title="bbox 1775 2502 3371 2573">
    <p class='ocr_par' dir='ltr' id='par_1_90' title="bbox 1775 2502 3371 2573">
     <span class='ocr_line' id='line_1_90' title="bbox 1775 2502 3371 2573; baseline -0.005 -12"><span class='ocrx_word' id='word_1_642' title='bbox 1775 2522 1915 2561; x_wconf 89' lang='lat' dir='ltr'>rena</span> <span class='ocrx_word' id='word_1_643' title='bbox 1937 2510 2125 2561; x_wconf 89' lang='lat' dir='ltr'>corda.</span> <span class='ocrx_word' id='word_1_644' title='bbox 2150 2510 2286 2561; x_wconf 92' lang='lat' dir='ltr'>Inde</span> <span class='ocrx_word' id='word_1_645' title='bbox 2311 2510 2520 2561; x_wconf 90' lang='lat' dir='ltr'>dicitur</span> <span class='ocrx_word' id='word_1_646' title='bbox 2545 2502 2896 2573; x_wconf 88' lang='lat' dir='ltr'>delinquere,</span> <span class='ocrx_word' id='word_1_647' title='bbox 2922 2512 3196 2570; x_wconf 88' lang='lat' dir='ltr'>tanquam</span> <span class='ocrx_word' id='word_1_648' title='bbox 3228 2503 3301 2555; x_wconf 92' lang='lat' dir='ltr'>de</span> <span class='ocrx_word' id='word_1_649' title='bbox 3323 2502 3371 2553; x_wconf 85' lang='lat' dir='ltr'>i-</span> 
     </span>
    </p>
   </div>
   <div class='ocr_carea' id='block_1_91' title="bbox 1776 2575 3370 2645">
    <p class='ocr_par' dir='ltr' id='par_1_91' title="bbox 1776 2575 3370 2645">
     <span class='ocr_line' id='line_1_91' title="bbox 1776 2575 3370 2645; baseline -0.005 -13"><span class='ocrx_word' id='word_1_650' title='bbox 1776 2581 1951 2645; x_wconf 90' lang='lat' dir='ltr'>quido</span> <span class='ocrx_word' id='word_1_651' title='bbox 1968 2582 2219 2645; x_wconf 89' lang='lat' dir='ltr'>quodam</span> <span class='ocrx_word' id='word_1_652' title='bbox 2235 2581 2486 2633; x_wconf 86' lang='lat' dir='ltr'>deﬂuere</span> <span class='ocrx_word' id='word_1_653' title='bbox 2503 2593 2537 2632; x_wconf 91' lang='lat' dir='ltr'>a</span> <span class='ocrx_word' id='word_1_654' title='bbox 2551 2582 2862 2632; x_wconf 89' lang='lat' dir='ltr'>stabilitate</span> <span class='ocrx_word' id='word_1_655' title='bbox 2885 2575 3231 2630; x_wconf 88' lang='lat' dir='ltr'>ﬁrmamenti</span> <span class='ocrx_word' id='word_1_656' title='bbox 3253 2575 3370 2626; x_wconf 91' lang='lat' dir='ltr'>vir—</span> 
     </span>
    </p>
   </div>
   <div class='ocr_carea' id='block_1_92' title="bbox 1777 2645 3374 2718">
    <p class='ocr_par' dir='ltr' id='par_1_92' title="bbox 1777 2645 3374 2718">
     <span class='ocr_line' id='line_1_92' title="bbox 1777 2645 3374 2718; baseline -0.006 -15"><span class='ocrx_word' id='word_1_657' title='bbox 1777 2653 1916 2704; x_wconf 88' lang='lat' dir='ltr'>tutis</span> <span class='ocrx_word' id='word_1_658' title='bbox 1928 2653 2699 2718; x_wconf 60' lang='lat' dir='ltr'>atquejustitizeﬁupiditate</span> <span class='ocrx_word' id='word_1_659' title='bbox 2711 2652 2863 2703; x_wconf 89' lang='lat' dir='ltr'>enim</span> <span class='ocrx_word' id='word_1_660' title='bbox 2876 2650 3207 2702; x_wconf 88' lang='lat' dir='ltr'>inferiorum</span> <span class='ocrx_word' id='word_1_661' title='bbox 3221 2645 3374 2709; x_wconf 78' lang='lat' dir='ltr'>quis-</span> 
     </span>
    </p>
   </div>
   <div class='ocr_carea' id='block_1_93' title="bbox 1776 2718 3370 2789">
    <p class='ocr_par' dir='ltr' id='par_1_93' title="bbox 1776 2718 3370 2789">
     <span class='ocr_line' id='line_1_93' title="bbox 1776 2718 3370 2789; baseline -0.007 -12"><span class='ocrx_word' id='word_1_662' title='bbox 1776 2725 1907 2789; x_wconf 91' lang='lat' dir='ltr'>quis</span> <span class='ocrx_word' id='word_1_663' title='bbox 1925 2729 2147 2788; x_wconf 88' lang='lat' dir='ltr'>peccat:</span> <span class='ocrx_word' id='word_1_664' title='bbox 2178 2729 2238 2777; x_wconf 91' lang='lat' dir='ltr'>et</span> <span class='ocrx_word' id='word_1_665' title='bbox 2262 2725 2724 2776; x_wconf 88' lang='lat' dir='ltr'>sicutroboratur</span> <span class='ocrx_word' id='word_1_666' title='bbox 2747 2723 2983 2774; x_wconf 89' lang='lat' dir='ltr'>caritate</span> <span class='ocrx_word' id='word_1_667' title='bbox 2993 2718 3370 2783; x_wconf 90' lang='lat' dir='ltr'>superiorum,</span> 
     </span>
    </p>
   </div>
   <div class='ocr_carea' id='block_1_94' title="bbox 1775 2790 3371 2860">
    <p class='ocr_par' dir='ltr' id='par_1_94' title="bbox 1775 2790 3371 2860">
     <span class='ocr_line' id='line_1_94' title="bbox 1775 2790 3371 2860; baseline -0.006 -12"><span class='ocrx_word' id='word_1_668' title='bbox 1775 2798 1855 2848; x_wconf 90' lang='lat' dir='ltr'>ita</span> <span class='ocrx_word' id='word_1_669' title='bbox 1878 2796 2088 2859; x_wconf 89' lang='lat' dir='ltr'>deﬁcit,</span> <span class='ocrx_word' id='word_1_670' title='bbox 2119 2801 2177 2848; x_wconf 92' lang='lat' dir='ltr'>et</span> <span class='ocrx_word' id='word_1_671' title='bbox 2192 2797 2357 2859; x_wconf 90' lang='lat' dir='ltr'>quasi</span> <span class='ocrx_word' id='word_1_672' title='bbox 2380 2796 2667 2860; x_wconf 89' lang='lat' dir='ltr'>liquescit,</span> <span class='ocrx_word' id='word_1_673' title='bbox 2684 2794 2998 2859; x_wconf 89' lang='lat' dir='ltr'>cupiditate</span> <span class='ocrx_word' id='word_1_674' title='bbox 3018 2790 3371 2842; x_wconf 90' lang='lat' dir='ltr'>inferiorum.</span> 
     </span>
    </p>
   </div>
   <div class='ocr_carea' id='block_1_95' title="bbox 1778 2861 3374 2932">
    <p class='ocr_par' dir='ltr' id='par_1_95' title="bbox 1778 2861 3374 2932">
     <span class='ocr_line' id='line_1_95' title="bbox 1778 2861 3374 2932; baseline -0.008 -12"><span class='ocrx_word' id='word_1_675' title='bbox 1778 2869 1866 2920; x_wconf 89' lang='lat' dir='ltr'>Sic</span> <span class='ocrx_word' id='word_1_676' title='bbox 1890 2881 2026 2931; x_wconf 87' lang='lat' dir='ltr'>ergo</span> <span class='ocrx_word' id='word_1_677' title='bbox 2044 2872 2193 2920; x_wconf 88' lang='lat' dir='ltr'>terra</span> <span class='ocrx_word' id='word_1_678' title='bbox 2213 2868 2540 2932; x_wconf 84' lang='lat' dir='ltr'>liquefacta,</span> <span class='ocrx_word' id='word_1_679' title='bbox 2569 2868 2684 2931; x_wconf 86' lang='lat' dir='ltr'>Ego</span> <span class='ocrx_word' id='word_1_680' title='bbox 2711 2867 2811 2927; x_wconf 88' lang='lat' dir='ltr'>(ait</span> <span class='ocrx_word' id='word_1_681' title='bbox 2849 2863 3150 2923; x_wconf 86' lang='lat' dir='ltr'>Dominus)</span> <span class='ocrx_word' id='word_1_682' title='bbox 3173 2861 3374 2932; x_wconf 64' lang='lat' dir='ltr'>conﬁr-</span> 
     </span>
    </p>
   </div>
   <div class='ocr_carea' id='block_1_96' title="bbox 1778 2931 3367 3001">
    <p class='ocr_par' dir='ltr' id='par_1_96' title="bbox 1778 2931 3367 3001">
     <span class='ocr_line' id='line_1_96' title="bbox 1778 2931 3367 3001; baseline -0.004 -13"><span class='ocrx_word' id='word_1_683' title='bbox 1778 2940 1923 2988; x_wconf 81' lang='lat' dir='ltr'>mam‘</span> <span class='ocrx_word' id='word_1_684' title='bbox 1936 2939 2216 2988; x_wconf 81' lang='lat' dir='ltr'>columnas</span> <span class='ocrx_word' id='word_1_685' title='bbox 2227 2931 2358 3001; x_wconf 68' lang='lat' dir='ltr'>ejus.</span> <span class='ocrx_word' id='word_1_686' title='bbox 2379 2939 2689 2990; x_wconf 90' lang='lat' dir='ltr'>Columnas</span> <span class='ocrx_word' id='word_1_687' title='bbox 2706 2937 2848 2988; x_wconf 89' lang='lat' dir='ltr'>dicit</span> <span class='ocrx_word' id='word_1_688' title='bbox 2859 2934 3186 2999; x_wconf 86' lang='lat' dir='ltr'>Apostolos.</span> <span class='ocrx_word' id='word_1_689' title='bbox 3205 2931 3367 3001; x_wconf 84' lang='lat' dir='ltr'>Unde</span> 
     </span>
    </p>
   </div>
   <div class='ocr_carea' id='block_1_97' title="bbox 1778 3000 3367 3074">
    <p class='ocr_par' dir='ltr' id='par_1_97' title="bbox 1778 3000 3367 3074">
     <span class='ocr_line' id='line_1_97' title="bbox 1778 3000 3367 3074; baseline -0.006 -13"><span class='ocrx_word' id='word_1_690' title='bbox 1778 3011 1988 3062; x_wconf 89' lang='lat' dir='ltr'>Paulus</span> <span class='ocrx_word' id='word_1_691' title='bbox 2011 3011 2083 3062; x_wconf 90' lang='lat' dir='ltr'>de</span> <span class='ocrx_word' id='word_1_692' title='bbox 2115 3000 2459 3074; x_wconf 89' lang='lat' dir='ltr'>coapostolis</span> <span class='ocrx_word' id='word_1_693' title='bbox 2483 3011 2633 3060; x_wconf 81' lang='lat' dir='ltr'>suis:</span> <span class='ocrx_word' id='word_1_694' title='bbox 2659 3008 2768 3071; x_wconf 90' lang='lat' dir='ltr'>Qui</span> <span class='ocrx_word' id='word_1_695' title='bbox 2790 3000 3367 3074; x_wconf 71' lang='lat' dir='ltr'>videbanturﬁnquit)</span> 
     </span>
    </p>
   </div>
   <div class='ocr_carea' id='block_1_98' title="bbox 1778 3072 3373 3145">
    <p class='ocr_par' dir='ltr' id='par_1_98' title="bbox 1778 3072 3373 3145">
     <span class='ocr_line' id='line_1_98' title="bbox 1778 3072 3373 3145; baseline -0.006 -13"><span class='ocrx_word' id='word_1_696' title='bbox 1778 3081 2065 3134; x_wconf 68' lang='lat' dir='ltr'>columnm</span> <span class='ocrx_word' id='word_1_697' title='bbox 2083 3072 2424 3145; x_wconf 71' lang='lat' dir='ltr'>esse(Galat.</span> <span class='ocrx_word' id='word_1_698' title='bbox 2447 3080 2536 3144; x_wconf 66' lang='grc'>2.).</span> <span class='ocrx_word' id='word_1_699' title='bbox 2567 3082 2637 3131; x_wconf 91' lang='lat' dir='ltr'>Et</span> <span class='ocrx_word' id='word_1_700' title='bbox 2660 3079 2797 3144; x_wconf 90' lang='lat' dir='ltr'>quid</span> <span class='ocrx_word' id='word_1_701' title='bbox 2819 3075 3142 3130; x_wconf 75' lang='lat' dir='ltr'>essentillae</span> <span class='ocrx_word' id='word_1_702' title='bbox 3158 3072 3373 3126; x_wconf 89' lang='lat' dir='ltr'>colum-</span> 
     </span>
    </p>
   </div>
   <div class='ocr_carea' id='block_1_99' title="bbox 1781 3147 3371 3225">
    <p class='ocr_par' dir='ltr' id='par_1_99' title="bbox 1781 3147 3371 3225">
     <span class='ocr_line' id='line_1_99' title="bbox 1781 3147 3371 3225; baseline -0.006 -22"><span class='ocrx_word' id='word_1_703' title='bbox 1781 3165 1893 3213; x_wconf 64' lang='lat' dir='ltr'>nae,</span> <span class='ocrx_word' id='word_1_704' title='bbox 1916 3153 2028 3203; x_wconf 89' lang='lat' dir='ltr'>nisi</span> <span class='ocrx_word' id='word_1_705' title='bbox 2054 3154 2129 3225; x_wconf 89' lang='lat' dir='ltr'>ab</span> <span class='ocrx_word' id='word_1_706' title='bbox 2168 3152 2261 3203; x_wconf 94' lang='lat' dir='ltr'>illo</span> <span class='ocrx_word' id='word_1_707' title='bbox 2286 3153 2672 3203; x_wconf 90' lang='lat' dir='ltr'>ﬁrmaremtur</span> <span class='ocrx_word' id='word_1_708' title='bbox 2691 3153 2718 3201; x_wconf 72' lang='lat'><strong>9</strong></span> <span class='ocrx_word' id='word_1_709' title='bbox 2746 3151 2893 3225; x_wconf 76' lang='lat' dir='ltr'>Nam</span> <span class='ocrx_word' id='word_1_710' title='bbox 2917 3147 3170 3225; x_wconf 85' lang='lat' dir='ltr'>quodam</span> <span class='ocrx_word' id='word_1_711' title='bbox 3204 3147 3371 3225; x_wconf 49' lang='lat' dir='ltr'>terrm</span> 
     </span>
    </p>
   </div>
   <div class='ocr_carea' id='block_1_100' title="bbox 1780 3214 3373 3288">
    <p class='ocr_par' dir='ltr' id='par_1_100' title="bbox 1780 3214 3373 3288">
     <span class='ocr_line' id='line_1_100' title="bbox 1780 3214 3373 3288; baseline -0.007 -13"><span class='ocrx_word' id='word_1_712' title='bbox 1780 3229 1943 3275; x_wconf 90' lang='lat' dir='ltr'>metu</span> <span class='ocrx_word' id='word_1_713' title='bbox 1968 3228 2025 3275; x_wconf 88' lang='lat' dir='ltr'>et</span> <span class='ocrx_word' id='word_1_714' title='bbox 2048 3224 2194 3288; x_wconf 82' lang='lat' dir='ltr'>ipsae</span> <span class='ocrx_word' id='word_1_715' title='bbox 2214 3228 2593 3281; x_wconf 78' lang='lat' dir='ltr'>mutaverunt,</span> <span class='ocrx_word' id='word_1_716' title='bbox 2608 3222 2840 3286; x_wconf 89' lang='lat' dir='ltr'>quando</span> <span class='ocrx_word' id='word_1_717' title='bbox 2856 3219 3167 3273; x_wconf 90' lang='lat' dir='ltr'>Dominum</span> <span class='ocrx_word' id='word_1_718' title='bbox 3191 3214 3373 3288; x_wconf 91' lang='lat' dir='ltr'>occidi</span> 
     </span>
    </p>
   </div>
   <div class='ocr_carea' id='block_1_101' title="bbox 1784 3287 3374 3366">
    <p class='ocr_par' dir='ltr' id='par_1_101' title="bbox 1784 3287 3374 3366">
     <span class='ocr_line' id='line_1_101' title="bbox 1784 3287 3374 3366; baseline -0.007 -18"><span class='ocrx_word' id='word_1_719' title='bbox 1784 3296 2070 3348; x_wconf 90' lang='lat' dir='ltr'>viderunt.</span> <span class='ocrx_word' id='word_1_720' title='bbox 2097 3295 2203 3347; x_wconf 90' lang='lat' dir='ltr'>Sed</span> <span class='ocrx_word' id='word_1_721' title='bbox 2229 3296 2571 3346; x_wconf 83' lang='lat' dir='ltr'>resurrexit:</span> <span class='ocrx_word' id='word_1_722' title='bbox 2598 3297 2843 3366; x_wconf 82' lang='lat' dir='ltr'>mortem</span> <span class='ocrx_word' id='word_1_723' title='bbox 2866 3304 2985 3366; x_wconf 81' lang='lat' dir='ltr'>non</span> <span class='ocrx_word' id='word_1_724' title='bbox 3010 3302 3140 3341; x_wconf 90' lang='lat' dir='ltr'>esse</span> <span class='ocrx_word' id='word_1_725' title='bbox 3164 3287 3374 3366; x_wconf 70' lang='lat' dir='ltr'>timen-</span> 
     </span>
    </p>
   </div>
   <div class='ocr_carea' id='block_1_102' title="bbox 1785 3358 3376 3429">
    <p class='ocr_par' dir='ltr' id='par_1_102' title="bbox 1785 3358 3376 3429">
     <span class='ocr_line' id='line_1_102' title="bbox 1785 3358 3376 3429; baseline -0.006 -12"><span class='ocrx_word' id='word_1_726' title='bbox 1785 3366 1916 3417; x_wconf 91' lang='lat' dir='ltr'>dam</span> <span class='ocrx_word' id='word_1_727' title='bbox 1941 3367 2388 3418; x_wconf 89' lang='lat' dir='ltr'>demonstravit:</span> <span class='ocrx_word' id='word_1_728' title='bbox 2416 3366 2629 3429; x_wconf 90' lang='lat' dir='ltr'>Spiritu</span> <span class='ocrx_word' id='word_1_729' title='bbox 2644 3365 2716 3416; x_wconf 91' lang='lat' dir='ltr'>ab</span> <span class='ocrx_word' id='word_1_730' title='bbox 2740 3364 2856 3415; x_wconf 91' lang='lat' dir='ltr'>alto</span> <span class='ocrx_word' id='word_1_731' title='bbox 2881 3362 3076 3421; x_wconf 88' lang='lat' dir='ltr'>misso,</span> <span class='ocrx_word' id='word_1_732' title='bbox 3095 3358 3266 3410; x_wconf 90' lang='lat' dir='ltr'>corda</span> <span class='ocrx_word' id='word_1_733' title='bbox 3288 3358 3376 3408; x_wconf 91' lang='lat' dir='ltr'>di-</span> 
     </span>
    </p>
   </div>
   <div class='ocr_carea' id='block_1_103' title="bbox 1781 3434 3379 3510">
    <p class='ocr_par' dir='ltr' id='par_1_103' title="bbox 1781 3434 3379 3510">
     <span class='ocr_line' id='line_1_103' title="bbox 1781 3434 3379 3510; baseline -0.006 -22"><span class='ocrx_word' id='word_1_734' title='bbox 1781 3438 2131 3501; x_wconf 86' lang='lat' dir='ltr'>scipulorum</span> <span class='ocrx_word' id='word_1_735' title='bbox 2147 3438 2551 3489; x_wconf 87' lang='lat' dir='ltr'>inﬂammavit:</span> <span class='ocrx_word' id='word_1_736' title='bbox 2581 3442 2640 3489; x_wconf 92' lang='lat' dir='ltr'>et</span> <span class='ocrx_word' id='word_1_737' title='bbox 2656 3436 2738 3510; x_wconf 90' lang='lat' dir='ltr'>sic</span> <span class='ocrx_word' id='word_1_738' title='bbox 2756 3434 3057 3510; x_wconf 81' lang='lat' dir='ltr'>columnas</span> <span class='ocrx_word' id='word_1_739' title='bbox 3069 3436 3237 3483; x_wconf 62' lang='lat' dir='ltr'>terra</span> <span class='ocrx_word' id='word_1_740' title='bbox 3248 3441 3379 3510; x_wconf 83' lang='lat' dir='ltr'>con-</span> 
     </span>
    </p>
   </div>
   <div class='ocr_carea' id='block_1_104' title="bbox 1778 3504 3379 3581">
    <p class='ocr_par' dir='ltr' id='par_1_104' title="bbox 1778 3504 3379 3581">
     <span class='ocr_line' id='line_1_104' title="bbox 1778 3504 3379 3581; baseline -0.007 -21"><span class='ocrx_word' id='word_1_741' title='bbox 1778 3511 2052 3562; x_wconf 89' lang='lat' dir='ltr'>ﬁrmavit.</span> <span class='ocrx_word' id='word_1_742' title='bbox 2082 3509 2250 3561; x_wconf 90' lang='lat' dir='ltr'>Dicat</span> <span class='ocrx_word' id='word_1_743' title='bbox 2269 3522 2423 3573; x_wconf 87' lang='lat' dir='ltr'>ergo,</span> <span class='ocrx_word' id='word_1_744' title='bbox 2449 3510 2562 3573; x_wconf 86' lang='lat' dir='ltr'>Ego</span> <span class='ocrx_word' id='word_1_745' title='bbox 2593 3506 2914 3581; x_wconf 63' lang='lat' dir='ltr'>conﬁrmaui</span> <span class='ocrx_word' id='word_1_746' title='bbox 2937 3504 3217 3581; x_wconf 79' lang='lat' dir='ltr'>columnas</span> <span class='ocrx_word' id='word_1_747' title='bbox 3244 3504 3379 3581; x_wconf 59' lang='lat' dir='ltr'>ejus.</span> 
     </span>
    </p>
   </div>
   <div class='ocr_carea' id='block_1_105' title="bbox 1782 3575 3379 3644">
    <p class='ocr_par' dir='ltr' id='par_1_105' title="bbox 1782 3575 3379 3644">
     <span class='ocr_line' id='line_1_105' title="bbox 1782 3575 3379 3644; baseline -0.007 -12"><span class='ocrx_word' id='word_1_748' title='bbox 1782 3583 2006 3642; x_wconf 90' lang='lat' dir='ltr'>Quibus</span> <span class='ocrx_word' id='word_1_749' title='bbox 2047 3582 2423 3641; x_wconf 85' lang='lat' dir='ltr'>confirmatis,</span> <span class='ocrx_word' id='word_1_750' title='bbox 2450 3581 2585 3644; x_wconf 89' lang='lat' dir='ltr'>quia</span> <span class='ocrx_word' id='word_1_751' title='bbox 2612 3580 2685 3631; x_wconf 90' lang='lat' dir='ltr'>ad</span> <span class='ocrx_word' id='word_1_752' title='bbox 2731 3575 3161 3644; x_wconf 65' lang='lat' dir='ltr'>praedicandum</span> <span class='ocrx_word' id='word_1_753' title='bbox 3203 3575 3379 3634; x_wconf 89' lang='lat' dir='ltr'>misit,</span> 
     </span>
    </p>
   </div>
   <div class='ocr_carea' id='block_1_106' title="bbox 1784 3652 2515 3716">
    <p class='ocr_par' dir='ltr' id='par_1_106' title="bbox 1784 3652 2515 3716">
     <span class='ocr_line' id='line_1_106' title="bbox 1784 3652 2515 3716; baseline -0.003 -12"><span class='ocrx_word' id='word_1_754' title='bbox 1784 3656 1937 3704; x_wconf 87' lang='lat' dir='ltr'>recte</span> <span class='ocrx_word' id='word_1_755' title='bbox 1961 3652 2153 3703; x_wconf 90' lang='lat' dir='ltr'>adhuc</span> <span class='ocrx_word' id='word_1_756' title='bbox 2185 3653 2515 3716; x_wconf 83' lang='lat' dir='ltr'>subjungit:</span> 
     </span>
    </p>
   </div>
   <div class='ocr_carea' id='block_1_107' title="bbox 1848 3716 3381 3787">
    <p class='ocr_par' dir='ltr' id='par_1_107' title="bbox 1848 3716 3381 3787">
     <span class='ocr_line' id='line_1_107' title="bbox 1848 3716 3381 3787; baseline -0.008 -11"><span class='ocrx_word' id='word_1_757' title='bbox 1848 3723 1898 3777; x_wconf 80' lang='grc'>5.</span> <span class='ocrx_word' id='word_1_758' title='bbox 1930 3724 2061 3772; x_wconf 75' lang='lat' dir='ltr'>Dixi</span> <span class='ocrx_word' id='word_1_759' title='bbox 2076 3724 2305 3787; x_wconf 81' lang='lat' dir='ltr'>iniquis,</span> <span class='ocrx_word' id='word_1_760' title='bbox 2330 3724 2511 3773; x_wconf 87' lang='lat' dir='ltr'>Nolite</span> <span class='ocrx_word' id='word_1_761' title='bbox 2534 3723 2726 3786; x_wconf 81' lang='lat' dir='ltr'>inique</span> <span class='ocrx_word' id='word_1_762' title='bbox 2750 3735 2922 3785; x_wconf 84' lang='lat' dir='ltr'>agere.</span> <span class='ocrx_word' id='word_1_763' title='bbox 2948 3721 3074 3770; x_wconf 88' lang='lat' dir='ltr'>Non</span> <span class='ocrx_word' id='word_1_764' title='bbox 3103 3716 3381 3787; x_wconf 78' lang='lat' dir='ltr'>dixerunt</span> 
     </span>
    </p>
   </div>
   <div class='ocr_carea' id='block_1_108' title="bbox 1784 3784 3381 3859">
    <p class='ocr_par' dir='ltr' id='par_1_108' title="bbox 1784 3784 3381 3859">
     <span class='ocr_line' id='line_1_108' title="bbox 1784 3784 3381 3859; baseline -0.007 -13"><span class='ocrx_word' id='word_1_765' title='bbox 1784 3795 1881 3859; x_wconf 91' lang='lat' dir='ltr'>illi,</span> <span class='ocrx_word' id='word_1_766' title='bbox 1908 3794 2010 3846; x_wconf 90' lang='lat' dir='ltr'>sed</span> <span class='ocrx_word' id='word_1_767' title='bbox 2035 3795 2146 3846; x_wconf 91' lang='lat' dir='ltr'>ille.</span> <span class='ocrx_word' id='word_1_768' title='bbox 2173 3784 2301 3846; x_wconf 74' lang='lat' dir='ltr'>Non</span> <span class='ocrx_word' id='word_1_769' title='bbox 2325 3795 2480 3846; x_wconf 90' lang='lat' dir='ltr'>enim</span> <span class='ocrx_word' id='word_1_770' title='bbox 2511 3784 2782 3846; x_wconf 46' lang='lat' dir='ltr'>vos—estis</span> <span class='ocrx_word' id='word_1_771' title='bbox 2808 3793 2904 3855; x_wconf 90' lang='lat' dir='ltr'>qui</span> <span class='ocrx_word' id='word_1_772' title='bbox 2936 3788 3255 3859; x_wconf 75' lang='lat' dir='ltr'>loquimini,</span> <span class='ocrx_word' id='word_1_773' title='bbox 3279 3784 3381 3859; x_wconf 79' lang='lat' dir='ltr'>sed</span> 
     </span>
    </p>
   </div>
   <div class='ocr_carea' id='block_1_109' title="bbox 1786 3857 3378 3929">
    <p class='ocr_par' dir='ltr' id='par_1_109' title="bbox 1786 3857 3378 3929">
     <span class='ocr_line' id='line_1_109' title="bbox 1786 3857 3378 3929; baseline -0.008 -12"><span class='ocrx_word' id='word_1_774' title='bbox 1786 3857 2031 3929; x_wconf 88' lang='lat' dir='ltr'>Spiritus</span> <span class='ocrx_word' id='word_1_775' title='bbox 2056 3865 2238 3916; x_wconf 88' lang='lat' dir='ltr'>Patris</span> <span class='ocrx_word' id='word_1_776' title='bbox 2262 3865 2458 3920; x_wconf 80' lang='lat' dir='ltr'>vestri.</span> <span class='ocrx_word' id='word_1_777' title='bbox 2485 3865 2583 3927; x_wconf 89' lang='lat' dir='ltr'>qui</span> <span class='ocrx_word' id='word_1_778' title='bbox 2618 3864 2873 3926; x_wconf 91' lang='lat' dir='ltr'>loquitur</span> <span class='ocrx_word' id='word_1_779' title='bbox 2897 3862 2957 3911; x_wconf 95' lang='lat' dir='ltr'>in</span> <span class='ocrx_word' id='word_1_780' title='bbox 2986 3860 3152 3912; x_wconf 90' lang='lat' dir='ltr'>vobis</span> <span class='ocrx_word' id='word_1_781' title='bbox 3171 3857 3378 3929; x_wconf 65' lang='lat' dir='ltr'>(Malui.</span> 
     </span>
    </p>
   </div>
   <div class='ocr_carea' id='block_1_110' title="bbox 1787 3927 3383 4000">
    <p class='ocr_par' dir='ltr' id='par_1_110' title="bbox 1787 3927 3383 4000">
     <span class='ocr_line' id='line_1_110' title="bbox 1787 3927 3383 4000; baseline -0.008 -10"><span class='ocrx_word' id='word_1_782' title='bbox 1787 3927 1913 3999; x_wconf 79' lang='lat'>‘28.).</span> <span class='ocrx_word' id='word_1_783' title='bbox 1940 3939 2054 3988; x_wconf 88' lang='lat' dir='ltr'>Nec</span> <span class='ocrx_word' id='word_1_784' title='bbox 2078 3936 2224 3987; x_wconf 86' lang='lat' dir='ltr'>dixit</span> <span class='ocrx_word' id='word_1_785' title='bbox 2253 3936 2449 4000; x_wconf 88' lang='lat' dir='ltr'>justis,</span> <span class='ocrx_word' id='word_1_786' title='bbox 2477 3935 2579 3986; x_wconf 89' lang='lat' dir='ltr'>sed</span> <span class='ocrx_word' id='word_1_787' title='bbox 2613 3934 2848 3997; x_wconf 91' lang='lat' dir='ltr'>iniquis.</span> <span class='ocrx_word' id='word_1_788' title='bbox 2892 3934 3018 3982; x_wconf 88' lang='lat' dir='ltr'>Non</span> <span class='ocrx_word' id='word_1_789' title='bbox 3041 3930 3193 3980; x_wconf 87' lang='lat' dir='ltr'>enim</span> <span class='ocrx_word' id='word_1_790' title='bbox 3227 3927 3383 3979; x_wconf 90' lang='lat' dir='ltr'>venit</span> 
     </span>
    </p>
   </div>
   <div class='ocr_carea' id='block_1_111' title="bbox 1787 4001 3383 4072">
    <p class='ocr_par' dir='ltr' id='par_1_111' title="bbox 1787 4001 3383 4072">
     <span class='ocr_line' id='line_1_111' title="bbox 1787 4001 3383 4072; baseline -0.006 -12"><span class='ocrx_word' id='word_1_791' title='bbox 1787 4020 1995 4061; x_wconf 87' lang='lat' dir='ltr'>vocare</span> <span class='ocrx_word' id='word_1_792' title='bbox 2013 4009 2226 4072; x_wconf 87' lang='lat' dir='ltr'>justos,</span> <span class='ocrx_word' id='word_1_793' title='bbox 2254 4008 2356 4058; x_wconf 90' lang='lat' dir='ltr'>sed</span> <span class='ocrx_word' id='word_1_794' title='bbox 2382 4006 2912 4072; x_wconf 73' lang='lat' dir='ltr'>peccatores(Marc.</span> <span class='ocrx_word' id='word_1_795' title='bbox 2938 4003 3009 4067; x_wconf 79' lang='lat'>‘2.)</span> <span class='ocrx_word' id='word_1_796' title='bbox 3028 4002 3089 4053; x_wconf 92' lang='lat' dir='ltr'>in</span> <span class='ocrx_word' id='word_1_797' title='bbox 3105 4001 3383 4067; x_wconf 55' lang='lat' dir='ltr'>paeniten-</span> 
     </span>
    </p>
   </div>
   <div class='ocr_carea' id='block_1_112' title="bbox 1790 4073 3383 4144">
    <p class='ocr_par' dir='ltr' id='par_1_112' title="bbox 1790 4073 3383 4144">
     <span class='ocr_line' id='line_1_112' title="bbox 1790 4073 3383 4144; baseline -0.006 -11"><span class='ocrx_word' id='word_1_798' title='bbox 1790 4082 1944 4133; x_wconf 84' lang='lat' dir='ltr'>tiam.</span> <span class='ocrx_word' id='word_1_799' title='bbox 1981 4083 2106 4132; x_wconf 90' lang='lat' dir='ltr'>Non</span> <span class='ocrx_word' id='word_1_800' title='bbox 2130 4085 2238 4142; x_wconf 89' lang='lat' dir='ltr'>est,</span> <span class='ocrx_word' id='word_1_801' title='bbox 2263 4081 2359 4144; x_wconf 90' lang='lat' dir='ltr'>ait,</span> <span class='ocrx_word' id='word_1_802' title='bbox 2396 4092 2543 4144; x_wconf 93' lang='lat' dir='ltr'>opus</span> <span class='ocrx_word' id='word_1_803' title='bbox 2571 4078 2729 4130; x_wconf 89' lang='lat' dir='ltr'>sanis</span> <span class='ocrx_word' id='word_1_804' title='bbox 2773 4076 3052 4137; x_wconf 88' lang='lat' dir='ltr'>medicus,</span> <span class='ocrx_word' id='word_1_805' title='bbox 3092 4073 3195 4126; x_wconf 90' lang='lat' dir='ltr'>sed</span> <span class='ocrx_word' id='word_1_806' title='bbox 3234 4073 3383 4124; x_wconf 90' lang='lat' dir='ltr'>male</span> 
     </span>
    </p>
   </div>
   <div class='ocr_carea' id='block_1_113' title="bbox 1789 4144 3386 4215">
    <p class='ocr_par' dir='ltr' id='par_1_113' title="bbox 1789 4144 3386 4215">
     <span class='ocr_line' id='line_1_113' title="bbox 1789 4144 3386 4215; baseline -0.006 -12"><span class='ocrx_word' id='word_1_807' title='bbox 1789 4152 2138 4204; x_wconf 89' lang='lat' dir='ltr'>habentibus</span> <span class='ocrx_word' id='word_1_808' title='bbox 2165 4151 2317 4215; x_wconf 88' lang='lat' dir='ltr'>(Ibid.</span> <span class='ocrx_word' id='word_1_809' title='bbox 2343 4152 2611 4202; x_wconf 84' lang='lat' dir='ltr'>et-Matth.</span> <span class='ocrx_word' id='word_1_810' title='bbox 2637 4150 2734 4211; x_wconf 92' lang='lat'>9.).</span> <span class='ocrx_word' id='word_1_811' title='bbox 2756 4151 2873 4200; x_wconf 91' lang='lat' dir='ltr'>Lex</span> <span class='ocrx_word' id='word_1_812' title='bbox 2899 4147 3140 4199; x_wconf 91' lang='lat' dir='ltr'>dicebat.</span> <span class='ocrx_word' id='word_1_813' title='bbox 3172 4145 3279 4206; x_wconf 91' lang='lat' dir='ltr'>Qui</span> <span class='ocrx_word' id='word_1_814' title='bbox 3303 4144 3386 4194; x_wconf 83' lang='lat' dir='ltr'>fe—</span> 
     </span>
    </p>
   </div>
   <div class='ocr_carea' id='block_1_114' title="bbox 1791 4215 3384 4287">
    <p class='ocr_par' dir='ltr' id='par_1_114' title="bbox 1791 4215 3384 4287">
     <span class='ocr_line' id='line_1_114' title="bbox 1791 4215 3384 4287; baseline -0.008 -12"><span class='ocrx_word' id='word_1_815' title='bbox 1791 4224 1931 4276; x_wconf 89' lang='lat' dir='ltr'>cerit</span> <span class='ocrx_word' id='word_1_816' title='bbox 1956 4224 2083 4287; x_wconf 92' lang='lat' dir='ltr'>hoc,</span> <span class='ocrx_word' id='word_1_817' title='bbox 2109 4224 2199 4275; x_wconf 89' lang='lat' dir='ltr'>vel</span> <span class='ocrx_word' id='word_1_818' title='bbox 2226 4222 2388 4286; x_wconf 91' lang='lat' dir='ltr'>illud,</span> <span class='ocrx_word' id='word_1_819' title='bbox 2410 4228 2600 4274; x_wconf 90' lang='lat' dir='ltr'>morte</span> <span class='ocrx_word' id='word_1_820' title='bbox 2631 4222 2926 4274; x_wconf 89' lang='lat' dir='ltr'>moriatur.</span> <span class='ocrx_word' id='word_1_821' title='bbox 2970 4221 3089 4282; x_wconf 86' lang='lat' dir='ltr'>Ego</span> <span class='ocrx_word' id='word_1_822' title='bbox 3126 4217 3248 4265; x_wconf 73' lang='lat' dir='ltr'>dixi</span> <span class='ocrx_word' id='word_1_823' title='bbox 3276 4215 3384 4264; x_wconf 87' lang='lat' dir='ltr'>ini-</span> 
     </span>
    </p>
   </div>
   <div class='ocr_carea' id='block_1_115' title="bbox 1791 4287 3380 4360">
    <p class='ocr_par' dir='ltr' id='par_1_115' title="bbox 1791 4287 3380 4360">
     <span class='ocr_line' id='line_1_115' title="bbox 1791 4287 3380 4360; baseline -0.006 -16"><span class='ocrx_word' id='word_1_824' title='bbox 1791 4296 1931 4360; x_wconf 87' lang='lat' dir='ltr'>quis,</span> <span class='ocrx_word' id='word_1_825' title='bbox 1983 4295 2161 4345; x_wconf 84' lang='lat' dir='ltr'>Nolite</span> <span class='ocrx_word' id='word_1_826' title='bbox 2195 4295 2385 4358; x_wconf 82' lang='lat' dir='ltr'>inique</span> <span class='ocrx_word' id='word_1_827' title='bbox 2423 4310 2593 4359; x_wconf 82' lang='lat' dir='ltr'>agere.</span> <span class='ocrx_word' id='word_1_828' title='bbox 2643 4295 2733 4345; x_wconf 90' lang='lat' dir='ltr'>Sic</span> <span class='ocrx_word' id='word_1_829' title='bbox 2792 4297 2848 4344; x_wconf 89' lang='lat' dir='ltr'>et</span> <span class='ocrx_word' id='word_1_830' title='bbox 2883 4291 3162 4360; x_wconf 56' lang='lat' dir='ltr'>adultera</span> <span class='ocrx_word' id='word_1_831' title='bbox 3199 4287 3380 4339; x_wconf 81' lang='lat' dir='ltr'>dixit:</span> 
     </span>
    </p>
   </div>
   <div class='ocr_carea' id='block_1_116' title="bbox 1792 4359 3383 4430">
    <p class='ocr_par' dir='ltr' id='par_1_116' title="bbox 1792 4359 3383 4430">
     <span class='ocr_line' id='line_1_116' title="bbox 1792 4359 3383 4430; baseline -0.006 -12"><span class='ocrx_word' id='word_1_832' title='bbox 1792 4359 1970 4429; x_wconf 84' lang='lat' dir='ltr'>Vade,</span> <span class='ocrx_word' id='word_1_833' title='bbox 1998 4367 2194 4429; x_wconf 89' lang='lat' dir='ltr'>etjam</span> <span class='ocrx_word' id='word_1_834' title='bbox 2210 4365 2458 4430; x_wconf 90' lang='lat' dir='ltr'>amplius</span> <span class='ocrx_word' id='word_1_835' title='bbox 2482 4365 2597 4417; x_wconf 92' lang='lat' dir='ltr'>noli</span> <span class='ocrx_word' id='word_1_836' title='bbox 2620 4377 2855 4429; x_wconf 83' lang='lat' dir='ltr'>peccare</span> <span class='ocrx_word' id='word_1_837' title='bbox 2882 4364 3060 4427; x_wconf 78' lang='lat' dir='ltr'>(Jown.</span> <span class='ocrx_word' id='word_1_838' title='bbox 3097 4359 3186 4423; x_wconf 92' lang='lat'>8.).</span> <span class='ocrx_word' id='word_1_839' title='bbox 3237 4360 3383 4421; x_wconf 79' lang='lat' dir='ltr'>Ergo</span> 
     </span>
    </p>
   </div>
   <div class='ocr_carea' id='block_1_117' title="bbox 1793 4432 3383 4500">
    <p class='ocr_par' dir='ltr' id='par_1_117' title="bbox 1793 4432 3383 4500">
     <span class='ocr_line' id='line_1_117' title="bbox 1793 4432 3383 4500; baseline -0.007 -12"><span class='ocrx_word' id='word_1_840' title='bbox 1793 4450 1942 4500; x_wconf 87' lang='lat' dir='ltr'>quos</span> <span class='ocrx_word' id='word_1_841' title='bbox 1979 4437 2451 4500; x_wconf 88' lang='lat' dir='ltr'>occiditjustitia,</span> <span class='ocrx_word' id='word_1_842' title='bbox 2485 4440 2743 4487; x_wconf 89' lang='lat' dir='ltr'>reservat</span> <span class='ocrx_word' id='word_1_843' title='bbox 2760 4434 2943 4499; x_wconf 85' lang='lat' dir='ltr'>gratia</span> <span class='ocrx_word' id='word_1_844' title='bbox 2969 4450 2980 4480; x_wconf 87' lang='lat'>:</span> <span class='ocrx_word' id='word_1_845' title='bbox 3007 4436 3236 4484; x_wconf 90' lang='lat' dir='ltr'>tantum</span> <span class='ocrx_word' id='word_1_846' title='bbox 3274 4432 3383 4490; x_wconf 89' lang='lat' dir='ltr'>est,</span> 
     </span>
    </p>
   </div>
   <div class='ocr_carea' id='block_1_118' title="bbox 1795 4500 3385 4573">
    <p class='ocr_par' dir='ltr' id='par_1_118' title="bbox 1795 4500 3385 4573">
     <span class='ocr_line' id='line_1_118' title="bbox 1795 4500 3385 4573; baseline -0.006 -12"><span class='ocrx_word' id='word_1_847' title='bbox 1795 4514 1858 4561; x_wconf 88' lang='lat' dir='ltr'>ut</span> <span class='ocrx_word' id='word_1_848' title='bbox 1882 4509 2225 4572; x_wconf 89' lang='lat' dir='ltr'>resipiscant</span> <span class='ocrx_word' id='word_1_849' title='bbox 2253 4507 2321 4572; x_wconf 60' lang='grc' dir='ltr'>(ἓ.</span> <span class='ocrx_word' id='word_1_850' title='bbox 2350 4509 2483 4557; x_wconf 77' lang='lat' dir='ltr'>Tim.</span> <span class='ocrx_word' id='word_1_851' title='bbox 2508 4506 2579 4573; x_wconf 58' lang='grc' dir='ltr'>ἓ.)</span> <span class='ocrx_word' id='word_1_852' title='bbox 2632 4512 2808 4570; x_wconf 90' lang='lat' dir='ltr'>atque</span> <span class='ocrx_word' id='word_1_853' title='bbox 2844 4519 2904 4556; x_wconf 92' lang='lat' dir='ltr'>se</span> <span class='ocrx_word' id='word_1_854' title='bbox 2955 4505 3016 4555; x_wconf 91' lang='lat' dir='ltr'>in</span> <span class='ocrx_word' id='word_1_855' title='bbox 3059 4500 3385 4573; x_wconf 84' lang='lat' dir='ltr'>humilitate</span> 
     </span>
    </p>
   </div>
   <div class='ocr_carea' id='block_1_119' title="bbox 1790 4572 3383 4646">
    <p class='ocr_par' dir='ltr' id='par_1_119' title="bbox 1790 4572 3383 4646">
     <span class='ocr_line' id='line_1_119' title="bbox 1790 4572 3383 4646; baseline -0.007 -15"><span class='ocrx_word' id='word_1_856' title='bbox 1790 4585 2176 4646; x_wconf 88' lang='lat' dir='ltr'>prosternant.</span> <span class='ocrx_word' id='word_1_857' title='bbox 2202 4580 2335 4632; x_wconf 91' lang='lat' dir='ltr'>Ideo</span> <span class='ocrx_word' id='word_1_858' title='bbox 2352 4580 2500 4632; x_wconf 89' lang='lat' dir='ltr'>ahuc</span> <span class='ocrx_word' id='word_1_859' title='bbox 2526 4572 2761 4632; x_wconf 89' lang='lat' dir='ltr'>subdit:</span> <span class='ocrx_word' id='word_1_860' title='bbox 2816 4577 2884 4627; x_wconf 86' lang='lat' dir='ltr'>Et</span> <span class='ocrx_word' id='word_1_861' title='bbox 2932 4572 3383 4646; x_wconf 60' lang='lat' dir='ltr'>delinquentibus,</span> 
     </span>
    </p>
   </div>
   <div class='ocr_carea' id='block_1_120' title="bbox 1792 4645 3389 4711">
    <p class='ocr_par' dir='ltr' id='par_1_120' title="bbox 1792 4645 3389 4711">
     <span class='ocr_line' id='line_1_120' title="bbox 1792 4645 3389 4711; baseline -0.005 -9"><span class='ocrx_word' id='word_1_862' title='bbox 1792 4645 1968 4702; x_wconf 85' lang='lat' dir='ltr'>Nolite</span> <span class='ocrx_word' id='word_1_863' title='bbox 1990 4652 2229 4702; x_wconf 68' lang='lat' dir='ltr'>exaltare</span> <span class='ocrx_word' id='word_1_864' title='bbox 2241 4668 2429 4704; x_wconf 76' lang='lat' dir='ltr'>cornu.</span> <span class='ocrx_word' id='word_1_865' title='bbox 2458 4652 2639 4704; x_wconf 83' lang='lat' dir='ltr'>Nolite</span> <span class='ocrx_word' id='word_1_866' title='bbox 2652 4650 2864 4702; x_wconf 81' lang='lat' dir='ltr'>elevari</span> <span class='ocrx_word' id='word_1_867' title='bbox 2887 4649 2945 4699; x_wconf 91' lang='lat' dir='ltr'>in</span> <span class='ocrx_word' id='word_1_868' title='bbox 2970 4645 3255 4711; x_wconf 88' lang='lat' dir='ltr'>superbia.</span> <span class='ocrx_word' id='word_1_869' title='bbox 3280 4645 3389 4695; x_wconf 86' lang='lat' dir='ltr'>No-</span> 
     </span>
    </p>
   </div>
   <div class='ocr_carea' id='block_1_121' title="bbox 93 4712 3387 4789">
    <p class='ocr_par' dir='ltr' id='par_1_121' title="bbox 93 4712 3387 4789">
     <span class='ocr_line' id='line_1_121' title="bbox 93 4712 3387 4789; baseline 0 -22"><span class='ocrx_word' id='word_1_870' title='bbox 93 4718 189 4768; x_wconf 85' lang='lat' dir='ltr'>sui</span> <span class='ocrx_word' id='word_1_871' title='bbox 218 4718 400 4778; x_wconf 73' lang='lat' dir='ltr'>(Prov.</span> <span class='ocrx_word' id='word_1_872' title='bbox 426 4716 552 4781; x_wconf 77' lang='lat'>18.).</span> <span class='ocrx_word' id='word_1_873' title='bbox 580 4719 834 4770; x_wconf 90' lang='lat' dir='ltr'>Primum</span> <span class='ocrx_word' id='word_1_874' title='bbox 867 4732 1003 4783; x_wconf 86' lang='lat' dir='ltr'>ergo</span> <span class='ocrx_word' id='word_1_875' title='bbox 1027 4725 1258 4784; x_wconf 83' lang='lat' dir='ltr'>peccata</span> <span class='ocrx_word' id='word_1_876' title='bbox 1282 4724 1381 4771; x_wconf 91' lang='lat' dir='ltr'>tua</span> <span class='ocrx_word' id='word_1_877' title='bbox 1403 4721 1691 4772; x_wconf 81' lang='lat' dir='ltr'>confitere.</span> <span class='ocrx_word' id='word_1_878' title='bbox 1720 4712 1774 4785; x_wconf 92' lang='lat' dir='ltr'><strong>D</strong></span> <span class='ocrx_word' id='word_1_879' title='bbox 1794 4724 1891 4776; x_wconf 89' lang='lat' dir='ltr'>lite</span> <span class='ocrx_word' id='word_1_880' title='bbox 1908 4724 2054 4776; x_wconf 88' lang='lat' dir='ltr'>elate</span> <span class='ocrx_word' id='word_1_881' title='bbox 2077 4724 2383 4777; x_wconf 91' lang='lat' dir='ltr'>defendere</span> <span class='ocrx_word' id='word_1_882' title='bbox 2408 4729 2659 4789; x_wconf 88' lang='lat' dir='ltr'>peccata.</span> <span class='ocrx_word' id='word_1_883' title='bbox 2684 4725 2811 4774; x_wconf 91' lang='lat' dir='ltr'>Duo</span> <span class='ocrx_word' id='word_1_884' title='bbox 2836 4721 2895 4772; x_wconf 90' lang='lat' dir='ltr'>in</span> <span class='ocrx_word' id='word_1_885' title='bbox 2920 4720 3031 4772; x_wconf 91' lang='lat' dir='ltr'>hoc</span> <span class='ocrx_word' id='word_1_886' title='bbox 3064 4730 3249 4789; x_wconf 71' lang='lat' dir='ltr'>versu</span> <span class='ocrx_word' id='word_1_887' title='bbox 3279 4714 3387 4789; x_wconf 75' lang='lat' dir='ltr'>ad-</span> 
     </span>
    </p>
   </div>
   <div class='ocr_carea' id='block_1_122' title="bbox 90 4789 1694 4856">
    <p class='ocr_par' dir='ltr' id='par_1_122' title="bbox 90 4789 1694 4856">
     <span class='ocr_line' id='line_1_122' title="bbox 90 4789 1694 4856; baseline 0.002 -16"><span class='ocrx_word' id='word_1_888' title='bbox 90 4789 239 4841; x_wconf 91' lang='lat' dir='ltr'>Deo.</span> <span class='ocrx_word' id='word_1_889' title='bbox 254 4792 396 4842; x_wconf 60' lang='lat' dir='ltr'>Haec</span> <span class='ocrx_word' id='word_1_890' title='bbox 420 4795 511 4843; x_wconf 91' lang='lat' dir='ltr'>est</span> <span class='ocrx_word' id='word_1_891' title='bbox 531 4790 681 4843; x_wconf 89' lang='lat' dir='ltr'>enim</span> <span class='ocrx_word' id='word_1_892' title='bbox 694 4789 984 4842; x_wconf 91' lang='lat' dir='ltr'>inchoatio</span> <span class='ocrx_word' id='word_1_893' title='bbox 994 4791 1258 4855; x_wconf 65' lang='lat' dir='ltr'>justitim.</span> <span class='ocrx_word' id='word_1_894' title='bbox 1274 4793 1344 4843; x_wconf 91' lang='lat' dir='ltr'>Et</span> <span class='ocrx_word' id='word_1_895' title='bbox 1357 4804 1476 4843; x_wconf 89' lang='lat' dir='ltr'>non</span> <span class='ocrx_word' id='word_1_896' title='bbox 1497 4792 1694 4856; x_wconf 91' lang='lat' dir='ltr'>semel,</span> 
     </span>
    </p>
   </div>
   <div class='ocr_carea' id='block_1_123' title="bbox 95 4861 1698 4926">
    <p class='ocr_par' dir='ltr' id='par_1_123' title="bbox 95 4861 1698 4926">
     <span class='ocr_line' id='line_1_123' title="bbox 95 4861 1698 4926; baseline 0.003 -16"><span class='ocrx_word' id='word_1_897' title='bbox 95 4861 203 4913; x_wconf 90' lang='lat' dir='ltr'>sed</span> <span class='ocrx_word' id='word_1_898' title='bbox 228 4861 457 4926; x_wconf 87' lang='lat' dir='ltr'>iterum,</span> <span class='ocrx_word' id='word_1_899' title='bbox 474 4862 1163 4926; x_wconf 88' lang='lat' dir='ltr'>etquotienspeecaveris,</span> <span class='ocrx_word' id='word_1_900' title='bbox 1180 4863 1393 4915; x_wconf 86' lang='lat' dir='ltr'>totiens</span> <span class='ocrx_word' id='word_1_901' title='bbox 1426 4864 1698 4915; x_wconf 88' lang='lat' dir='ltr'>conﬁtere</span> 
     </span>
    </p>
   </div>
   <div class='ocr_carea' id='block_1_124' title="bbox 96 4933 1699 4998">
    <p class='ocr_par' dir='ltr' id='par_1_124' title="bbox 96 4933 1699 4998">
     <span class='ocr_line' id='line_1_124' title="bbox 96 4933 1699 4998; baseline 0.002 -15"><span class='ocrx_word' id='word_1_902' title='bbox 96 4933 276 4984; x_wconf 89' lang='lat' dir='ltr'>Verbi</span> <span class='ocrx_word' id='word_1_903' title='bbox 292 4934 553 4997; x_wconf 88' lang='lat' dir='ltr'>repetitio</span> <span class='ocrx_word' id='word_1_904' title='bbox 565 4934 1007 4998; x_wconf 59' lang='lat' dir='ltr'>perseverantiae</span> <span class='ocrx_word' id='word_1_905' title='bbox 1019 4935 1441 4987; x_wconf 90' lang='lat' dir='ltr'>commendatio</span> <span class='ocrx_word' id='word_1_906' title='bbox 1456 4940 1558 4987; x_wconf 89' lang='lat' dir='ltr'>est.</span> <span class='ocrx_word' id='word_1_907' title='bbox 1574 4937 1699 4987; x_wconf 88' lang='lat' dir='ltr'>Non</span> 
     </span>
    </p>
   </div>
   <div class='ocr_carea' id='block_1_125' title="bbox 90 5005 1701 5071">
    <p class='ocr_par' dir='ltr' id='par_1_125' title="bbox 90 5005 1701 5071">
     <span class='ocr_line' id='line_1_125' title="bbox 90 5005 1701 5071; baseline 0.002 -15"><span class='ocrx_word' id='word_1_908' title='bbox 90 5008 298 5068; x_wconf 90' lang='lat' dir='ltr'>potest</span> <span class='ocrx_word' id='word_1_909' title='bbox 321 5006 531 5057; x_wconf 89' lang='lat' dir='ltr'>iterum</span> <span class='ocrx_word' id='word_1_910' title='bbox 553 5018 840 5058; x_wconf 88' lang='lat' dir='ltr'>recurrere</span> <span class='ocrx_word' id='word_1_911' title='bbox 855 5005 929 5056; x_wconf 92' lang='lat' dir='ltr'>ad</span> <span class='ocrx_word' id='word_1_912' title='bbox 954 5007 1329 5071; x_wconf 88' lang='lat' dir='ltr'>baptismum.</span> <span class='ocrx_word' id='word_1_913' title='bbox 1358 5007 1413 5058; x_wconf 92' lang='lat' dir='ltr'>Si</span> <span class='ocrx_word' id='word_1_914' title='bbox 1438 5019 1701 5071; x_wconf 88' lang='lat' dir='ltr'>peccave-</span> 
     </span>
    </p>
   </div>
   <div class='ocr_carea' id='block_1_126' title="bbox 86 5080 1697 5144">
    <p class='ocr_par' dir='ltr' id='par_1_126' title="bbox 86 5080 1697 5144">
     <span class='ocr_line' id='line_1_126' title="bbox 86 5080 1697 5144; baseline 0.001 -13"><span class='ocrx_word' id='word_1_915' title='bbox 86 5080 193 5144; x_wconf 88' lang='lat' dir='ltr'>ris,</span> <span class='ocrx_word' id='word_1_916' title='bbox 210 5093 442 5133; x_wconf 90' lang='lat' dir='ltr'>recurre</span> <span class='ocrx_word' id='word_1_917' title='bbox 464 5083 536 5133; x_wconf 90' lang='lat' dir='ltr'>ad</span> <span class='ocrx_word' id='word_1_918' title='bbox 551 5081 991 5133; x_wconf 85' lang='lat' dir='ltr'>confessionem.</span> <span class='ocrx_word' id='word_1_919' title='bbox 1009 5084 1195 5144; x_wconf 88' lang='lat' dir='ltr'>Quare</span> <span class='ocrx_word' id='word_1_920' title='bbox 1207 5082 1550 5134; x_wconf 87' lang='lat' dir='ltr'>conﬁtemur</span> <span class='ocrx_word' id='word_1_921' title='bbox 1560 5083 1697 5144; x_wconf 90' lang='lat' dir='ltr'>Deo,</span> 
     </span>
    </p>
   </div>
   <div class='ocr_carea' id='block_1_127' title="bbox 92 5152 1700 5217">
    <p class='ocr_par' dir='ltr' id='par_1_127' title="bbox 92 5152 1700 5217">
     <span class='ocr_line' id='line_1_127' title="bbox 92 5152 1700 5217; baseline 0.001 -14"><span class='ocrx_word' id='word_1_922' title='bbox 92 5164 240 5203; x_wconf 88' lang='lat' dir='ltr'>cum</span> <span class='ocrx_word' id='word_1_923' title='bbox 263 5152 386 5217; x_wconf 90' lang='lat' dir='ltr'>ipse</span> <span class='ocrx_word' id='word_1_924' title='bbox 406 5152 549 5204; x_wconf 90' lang='lat' dir='ltr'>sciat</span> <span class='ocrx_word' id='word_1_925' title='bbox 572 5156 810 5216; x_wconf 88' lang='lat' dir='ltr'>peccata</span> <span class='ocrx_word' id='word_1_926' title='bbox 831 5157 1050 5217; x_wconf 88' lang='lat' dir='ltr'>nostra,</span> <span class='ocrx_word' id='word_1_927' title='bbox 1099 5152 1275 5204; x_wconf 88' lang='lat' dir='ltr'>etiam</span> <span class='ocrx_word' id='word_1_928' title='bbox 1307 5154 1354 5204; x_wconf 91' lang='lat' dir='ltr'>si</span> <span class='ocrx_word' id='word_1_929' title='bbox 1380 5167 1498 5205; x_wconf 91' lang='lat' dir='ltr'>non</span> <span class='ocrx_word' id='word_1_930' title='bbox 1522 5154 1700 5205; x_wconf 89' lang='lat' dir='ltr'>eonﬁ-</span> 
     </span>
    </p>
   </div>
   <div class='ocr_carea' id='block_1_128' title="bbox 94 5224 1700 5289">
    <p class='ocr_par' dir='ltr' id='par_1_128' title="bbox 94 5224 1700 5289">
     <span class='ocr_line' id='line_1_128' title="bbox 94 5224 1700 5289; baseline -0.001 -14"><span class='ocrx_word' id='word_1_931' title='bbox 94 5227 367 5276; x_wconf 79' lang='lat' dir='ltr'>teamur?</span> <span class='ocrx_word' id='word_1_932' title='bbox 378 5225 523 5287; x_wconf 89' lang='lat' dir='ltr'>Quia</span> <span class='ocrx_word' id='word_1_933' title='bbox 532 5224 819 5277; x_wconf 88' lang='lat' dir='ltr'>confessio</span> <span class='ocrx_word' id='word_1_934' title='bbox 829 5228 1068 5288; x_wconf 84' lang='lat' dir='ltr'>generat</span> <span class='ocrx_word' id='word_1_935' title='bbox 1079 5226 1700 5289; x_wconf 81' lang='lat' dir='ltr'>compunctionem.Pa-</span> 
     </span>
    </p>
   </div>
   <div class='ocr_carea' id='block_1_129' title="bbox 90 5295 1701 5361">
    <p class='ocr_par' dir='ltr' id='par_1_129' title="bbox 90 5295 1701 5361">
     <span class='ocr_line' id='line_1_129' title="bbox 90 5295 1701 5361; baseline 0.001 -14"><span class='ocrx_word' id='word_1_936' title='bbox 90 5296 171 5347; x_wconf 88' lang='lat' dir='ltr'>rit</span> <span class='ocrx_word' id='word_1_937' title='bbox 186 5295 596 5359; x_wconf 85' lang='lat' dir='ltr'>humilitatem,</span> <span class='ocrx_word' id='word_1_938' title='bbox 622 5308 755 5359; x_wconf 70' lang='lat' dir='ltr'>quae</span> <span class='ocrx_word' id='word_1_939' title='bbox 782 5300 946 5361; x_wconf 89' lang='lat' dir='ltr'>grata</span> <span class='ocrx_word' id='word_1_940' title='bbox 985 5301 1075 5347; x_wconf 92' lang='lat' dir='ltr'>est</span> <span class='ocrx_word' id='word_1_941' title='bbox 1104 5297 1245 5360; x_wconf 95' lang='lat' dir='ltr'>Deo,</span> <span class='ocrx_word' id='word_1_942' title='bbox 1277 5310 1381 5361; x_wconf 89' lang='lat' dir='ltr'>per</span> <span class='ocrx_word' id='word_1_943' title='bbox 1412 5310 1587 5361; x_wconf 89' lang='lat' dir='ltr'>quam</span> <span class='ocrx_word' id='word_1_944' title='bbox 1610 5309 1701 5349; x_wconf 91' lang='lat' dir='ltr'>re-</span> 
     </span>
    </p>
   </div>
   <div class='ocr_carea' id='block_1_130' title="bbox 91 5367 1701 5432">
    <p class='ocr_par' dir='ltr' id='par_1_130' title="bbox 91 5367 1701 5432">
     <span class='ocr_line' id='line_1_130' title="bbox 91 5367 1701 5432; baseline -0.001 -13"><span class='ocrx_word' id='word_1_945' title='bbox 91 5367 444 5420; x_wconf 86' lang='lat' dir='ltr'>conciliatur</span> <span class='ocrx_word' id='word_1_946' title='bbox 470 5368 690 5419; x_wconf 90' lang='lat' dir='ltr'>homini</span> <span class='ocrx_word' id='word_1_947' title='bbox 727 5380 1016 5419; x_wconf 91' lang='lat' dir='ltr'>converso.</span> <span class='ocrx_word' id='word_1_948' title='bbox 1065 5369 1154 5420; x_wconf 93' lang='lat' dir='ltr'>Sic</span> <span class='ocrx_word' id='word_1_949' title='bbox 1196 5368 1469 5421; x_wconf 85' lang='lat' dir='ltr'>confitere</span> <span class='ocrx_word' id='word_1_950' title='bbox 1500 5382 1701 5432; x_wconf 90' lang='lat' dir='ltr'>pecca-</span> 
     </span>
    </p>
   </div>
   <div class='ocr_carea' id='block_1_131' title="bbox 95 5439 1700 5505">
    <p class='ocr_par' dir='ltr' id='par_1_131' title="bbox 95 5439 1700 5505">
     <span class='ocr_line' id='line_1_131' title="bbox 95 5439 1700 5505; baseline 0.001 -14"><span class='ocrx_word' id='word_1_951' title='bbox 95 5446 249 5498; x_wconf 88' lang='lat' dir='ltr'>tum,</span> <span class='ocrx_word' id='word_1_952' title='bbox 267 5443 328 5491; x_wconf 88' lang='lat' dir='ltr'>et</span> <span class='ocrx_word' id='word_1_953' title='bbox 349 5439 555 5491; x_wconf 87' lang='lat' dir='ltr'>deinde</span> <span class='ocrx_word' id='word_1_954' title='bbox 578 5439 785 5492; x_wconf 89' lang='lat' dir='ltr'>invoca</span> <span class='ocrx_word' id='word_1_955' title='bbox 800 5441 1001 5491; x_wconf 89' lang='lat' dir='ltr'>Deum.</span> <span class='ocrx_word' id='word_1_956' title='bbox 1033 5441 1180 5491; x_wconf 91' lang='lat' dir='ltr'>Nam</span> <span class='ocrx_word' id='word_1_957' title='bbox 1206 5440 1255 5492; x_wconf 90' lang='lat' dir='ltr'>si</span> <span class='ocrx_word' id='word_1_958' title='bbox 1280 5441 1440 5505; x_wconf 90' lang='lat' dir='ltr'>prius</span> <span class='ocrx_word' id='word_1_959' title='bbox 1462 5441 1700 5492; x_wconf 91' lang='lat' dir='ltr'>invoca-</span> 
     </span>
    </p>
   </div>
   <div class='ocr_carea' id='block_1_132' title="bbox 90 5511 1702 5575">
    <p class='ocr_par' dir='ltr' id='par_1_132' title="bbox 90 5511 1702 5575">
     <span class='ocr_line' id='line_1_132' title="bbox 90 5511 1702 5575; baseline -0.001 -11"><span class='ocrx_word' id='word_1_960' title='bbox 90 5512 272 5574; x_wconf 89' lang='lat' dir='ltr'>veris,</span> <span class='ocrx_word' id='word_1_961' title='bbox 296 5523 417 5563; x_wconf 92' lang='lat' dir='ltr'>non</span> <span class='ocrx_word' id='word_1_962' title='bbox 441 5511 783 5563; x_wconf 88' lang='lat' dir='ltr'>exaudieris.</span> <span class='ocrx_word' id='word_1_963' title='bbox 812 5511 960 5572; x_wconf 89' lang='lat' dir='ltr'>Quid</span> <span class='ocrx_word' id='word_1_964' title='bbox 983 5516 1073 5564; x_wconf 90' lang='lat' dir='ltr'>est</span> <span class='ocrx_word' id='word_1_965' title='bbox 1088 5512 1375 5575; x_wconf 89' lang='lat' dir='ltr'>invocare,</span> <span class='ocrx_word' id='word_1_966' title='bbox 1397 5512 1511 5563; x_wconf 91' lang='lat' dir='ltr'>nisi</span> <span class='ocrx_word' id='word_1_967' title='bbox 1542 5513 1702 5563; x_wconf 87' lang='lat' dir='ltr'>intus</span> 
     </span>
    </p>
   </div>
   <div class='ocr_carea' id='block_1_133' title="bbox 92 5583 1701 5649">
    <p class='ocr_par' dir='ltr' id='par_1_133' title="bbox 92 5583 1701 5649">
     <span class='ocr_line' id='line_1_133' title="bbox 92 5583 1701 5649; baseline -0.001 -13"><span class='ocrx_word' id='word_1_968' title='bbox 92 5595 313 5636; x_wconf 91' lang='lat' dir='ltr'>vocare</span> <span class='ocrx_word' id='word_1_969' title='bbox 330 5588 354 5633; x_wconf 71' lang='grc' dir='ltr'><strong>Ρ</strong></span> <span class='ocrx_word' id='word_1_970' title='bbox 377 5584 539 5635; x_wconf 88' lang='lat' dir='ltr'>Prius</span> <span class='ocrx_word' id='word_1_971' title='bbox 561 5595 698 5648; x_wconf 82' lang='lat' dir='ltr'>ergo</span> <span class='ocrx_word' id='word_1_972' title='bbox 727 5583 949 5647; x_wconf 81' lang='lat' dir='ltr'>expelle</span> <span class='ocrx_word' id='word_1_973' title='bbox 983 5589 1305 5649; x_wconf 89' lang='lat' dir='ltr'>peccatum,</span> <span class='ocrx_word' id='word_1_974' title='bbox 1330 5589 1389 5637; x_wconf 89' lang='lat' dir='ltr'>et</span> <span class='ocrx_word' id='word_1_975' title='bbox 1409 5586 1491 5635; x_wconf 89' lang='lat' dir='ltr'>sic</span> <span class='ocrx_word' id='word_1_976' title='bbox 1521 5585 1701 5635; x_wconf 89' lang='lat' dir='ltr'>Deum</span> 
     </span>
    </p>
   </div>
   <div class='ocr_carea' id='block_1_134' title="bbox 94 5653 1709 5722">
    <p class='ocr_par' dir='ltr' id='par_1_134' title="bbox 94 5653 1709 5722">
     <span class='ocr_line' id='line_1_134' title="bbox 94 5653 1709 5722; baseline -0.001 -15"><span class='ocrx_word' id='word_1_977' title='bbox 94 5655 287 5707; x_wconf 90' lang='lat' dir='ltr'>invita</span> <span class='ocrx_word' id='word_1_978' title='bbox 312 5655 385 5706; x_wconf 89' lang='lat' dir='ltr'>ad</span> <span class='ocrx_word' id='word_1_979' title='bbox 402 5668 499 5707; x_wconf 89' lang='lat' dir='ltr'>cor</span> <span class='ocrx_word' id='word_1_980' title='bbox 520 5657 706 5707; x_wconf 91' lang='lat' dir='ltr'>tuum.</span> <span class='ocrx_word' id='word_1_981' title='bbox 735 5653 884 5722; x_wconf 83' lang='lat'>38|</span> <span class='ocrx_word' id='word_1_982' title='bbox 909 5657 1039 5706; x_wconf 88' lang='lat' dir='ltr'>Jam</span> <span class='ocrx_word' id='word_1_983' title='bbox 1064 5656 1215 5708; x_wconf 89' lang='lat' dir='ltr'>enim</span> <span class='ocrx_word' id='word_1_984' title='bbox 1239 5658 1450 5721; x_wconf 83' lang='lat' dir='ltr'>dignus</span> <span class='ocrx_word' id='word_1_985' title='bbox 1474 5657 1586 5707; x_wconf 89' lang='lat' dir='ltr'>eris</span> <span class='ocrx_word' id='word_1_986' title='bbox 1601 5658 1709 5706; x_wconf 93' lang='lat' dir='ltr'>Do-</span> 
     </span>
    </p>
   </div>
   <div class='ocr_carea' id='block_1_135' title="bbox 60 5726 1703 5793">
    <p class='ocr_par' dir='ltr' id='par_1_135' title="bbox 60 5726 1703 5793">
     <span class='ocr_line' id='line_1_135' title="bbox 60 5726 1703 5793; baseline -0.005 -10"><span class='ocrx_word' id='word_1_987' title='bbox 60 5781 65 5785; x_wconf 71' lang='lat'>.</span> <span class='ocrx_word' id='word_1_988' title='bbox 94 5728 249 5779; x_wconf 89' lang='lat' dir='ltr'>mini</span> <span class='ocrx_word' id='word_1_989' title='bbox 292 5740 511 5780; x_wconf 92' lang='lat' dir='ltr'>nomen</span> <span class='ocrx_word' id='word_1_990' title='bbox 547 5727 833 5790; x_wconf 89' lang='lat' dir='ltr'>invocare,</span> <span class='ocrx_word' id='word_1_991' title='bbox 862 5732 1036 5790; x_wconf 89' lang='lat' dir='ltr'>atque</span> <span class='ocrx_word' id='word_1_992' title='bbox 1065 5728 1250 5792; x_wconf 89' lang='lat' dir='ltr'>ipsius</span> <span class='ocrx_word' id='word_1_993' title='bbox 1274 5741 1447 5793; x_wconf 90' lang='lat' dir='ltr'>opera</span> <span class='ocrx_word' id='word_1_994' title='bbox 1478 5726 1703 5779; x_wconf 80' lang='lat' dir='ltr'>caeteris</span> 
     </span>
    </p>
   </div>
   <div class='ocr_carea' id='block_1_136' title="bbox 92 5797 1704 5863">
    <p class='ocr_par' dir='ltr' id='par_1_136' title="bbox 92 5797 1704 5863">
     <span class='ocr_line' id='line_1_136' title="bbox 92 5797 1704 5863; baseline -0.002 -14"><span class='ocrx_word' id='word_1_995' title='bbox 92 5799 437 5863; x_wconf 76' lang='lat' dir='ltr'>praedicare.</span> <span class='ocrx_word' id='word_1_996' title='bbox 461 5797 624 5850; x_wconf 89' lang='lat' dir='ltr'>Unde</span> <span class='ocrx_word' id='word_1_997' title='bbox 641 5804 700 5849; x_wconf 86' lang='lat' dir='ltr'>et</span> <span class='ocrx_word' id='word_1_998' title='bbox 720 5797 1014 5849; x_wconf 86' lang='lat' dir='ltr'>subditur:</span> <span class='ocrx_word' id='word_1_999' title='bbox 1039 5798 1409 5849; x_wconf 74' lang='lat' dir='ltr'>Narrabimus</span> <span class='ocrx_word' id='word_1_1000' title='bbox 1422 5797 1704 5848; x_wconf 74' lang='lat' dir='ltr'>mirabilia</span> 
     </span>
    </p>
   </div>
   <div class='ocr_carea' id='block_1_137' title="bbox 94 5868 1703 5935">
    <p class='ocr_par' dir='ltr' id='par_1_137' title="bbox 94 5868 1703 5935">
     <span class='ocr_line' id='line_1_137' title="bbox 94 5868 1703 5935; baseline 0.001 -16"><span class='ocrx_word' id='word_1_1001' title='bbox 94 5875 217 5920; x_wconf 80' lang='lat' dir='ltr'>tua.</span> <span class='ocrx_word' id='word_1_1002' title='bbox 247 5869 397 5933; x_wconf 89' lang='lat' dir='ltr'>Quid</span> <span class='ocrx_word' id='word_1_1003' title='bbox 422 5874 542 5922; x_wconf 86' lang='lat' dir='ltr'>tam</span> <span class='ocrx_word' id='word_1_1004' title='bbox 563 5868 841 5935; x_wconf 88' lang='lat' dir='ltr'>mirabile,</span> <span class='ocrx_word' id='word_1_1005' title='bbox 867 5881 1041 5933; x_wconf 90' lang='lat' dir='ltr'>quam</span> <span class='ocrx_word' id='word_1_1006' title='bbox 1077 5870 1234 5934; x_wconf 90' lang='lat' dir='ltr'>quod</span> <span class='ocrx_word' id='word_1_1007' title='bbox 1279 5872 1502 5924; x_wconf 86' lang='lat' dir='ltr'>ereator</span> <span class='ocrx_word' id='word_1_1008' title='bbox 1542 5881 1703 5922; x_wconf 88' lang='lat' dir='ltr'>crea-</span> 
     </span>
    </p>
   </div>
   <div class='ocr_carea' id='block_1_138' title="bbox 101 5940 1706 6008">
    <p class='ocr_par' dir='ltr' id='par_1_138' title="bbox 101 5940 1706 6008">
     <span class='ocr_line' id='line_1_138' title="bbox 101 5940 1706 6008; baseline 0.001 -15"><span class='ocrx_word' id='word_1_1009' title='bbox 101 5945 241 5997; x_wconf 88' lang='lat' dir='ltr'>tura</span> <span class='ocrx_word' id='word_1_1010' title='bbox 259 5941 527 6003; x_wconf 86' lang='lat' dir='ltr'>efﬁcitur,</span> <span class='ocrx_word' id='word_1_1011' title='bbox 544 5940 700 6006; x_wconf 89' lang='lat' dir='ltr'>quod</span> <span class='ocrx_word' id='word_1_1012' title='bbox 722 5940 1065 5995; x_wconf 87' lang='lat' dir='ltr'>immortalis</span> <span class='ocrx_word' id='word_1_1013' title='bbox 1086 5942 1348 6007; x_wconf 90' lang='lat' dir='ltr'>moritur,</span> <span class='ocrx_word' id='word_1_1014' title='bbox 1371 5942 1527 6008; x_wconf 89' lang='lat' dir='ltr'>quod</span> <span class='ocrx_word' id='word_1_1015' title='bbox 1547 5952 1706 5995; x_wconf 81' lang='lat' dir='ltr'>mors</span> 
     </span>
    </p>
   </div>
   <div class='ocr_carea' id='block_1_139' title="bbox 1794 4787 3393 4860">
    <p class='ocr_par' dir='ltr' id='par_1_139' title="bbox 1794 4787 3393 4860">
     <span class='ocr_line' id='line_1_139' title="bbox 1794 4787 3393 4860; baseline -0.002 -14"><span class='ocrx_word' id='word_1_1016' title='bbox 1794 4800 1990 4847; x_wconf 90' lang='lat' dir='ltr'>monet</span> <span class='ocrx_word' id='word_1_1017' title='bbox 2012 4798 2165 4847; x_wconf 91' lang='lat' dir='ltr'>Deus</span> <span class='ocrx_word' id='word_1_1018' title='bbox 2187 4787 2561 4860; x_wconf 83' lang='lat' dir='ltr'>peccatorem.</span> <span class='ocrx_word' id='word_1_1019' title='bbox 2592 4795 2796 4858; x_wconf 91' lang='lat' dir='ltr'>Primo,</span> <span class='ocrx_word' id='word_1_1020' title='bbox 2813 4799 2879 4845; x_wconf 90' lang='lat' dir='ltr'>ut</span> <span class='ocrx_word' id='word_1_1021' title='bbox 2906 4790 3135 4844; x_wconf 87' lang='lat' dir='ltr'>recedat</span> <span class='ocrx_word' id='word_1_1022' title='bbox 3153 4787 3393 4860; x_wconf 59' lang='lat'>382}!</span> 
     </span>
    </p>
   </div>
   <div class='ocr_carea' id='block_1_140' title="bbox 1795 4858 3389 4933">
    <p class='ocr_par' dir='ltr' id='par_1_140' title="bbox 1795 4858 3389 4933">
     <span class='ocr_line' id='line_1_140' title="bbox 1795 4858 3389 4933; baseline -0.004 -16"><span class='ocrx_word' id='word_1_1023' title='bbox 1795 4866 1946 4917; x_wconf 90' lang='lat' dir='ltr'>malo</span> <span class='ocrx_word' id='word_1_1024' title='bbox 1970 4887 1982 4917; x_wconf 87' lang='lat'>:</span> <span class='ocrx_word' id='word_1_1025' title='bbox 2020 4858 2248 4927; x_wconf 73' lang='lat' dir='ltr'>deinde,</span> <span class='ocrx_word' id='word_1_1026' title='bbox 2264 4881 2339 4920; x_wconf 90' lang='lat' dir='ltr'>ne</span> <span class='ocrx_word' id='word_1_1027' title='bbox 2352 4867 2641 4933; x_wconf 90' lang='lat' dir='ltr'>superbiat</span> <span class='ocrx_word' id='word_1_1028' title='bbox 2667 4867 2992 4931; x_wconf 88' lang='lat' dir='ltr'>inpeccato.</span> <span class='ocrx_word' id='word_1_1029' title='bbox 3010 4862 3217 4923; x_wconf 90' lang='lat' dir='ltr'>Primo,</span> <span class='ocrx_word' id='word_1_1030' title='bbox 3243 4858 3389 4933; x_wconf 78' lang='lat' dir='ltr'>utde</span> 
     </span>
    </p>
   </div>
   <div class='ocr_carea' id='block_1_141' title="bbox 1794 4930 3390 5004">
    <p class='ocr_par' dir='ltr' id='par_1_141' title="bbox 1794 4930 3390 5004">
     <span class='ocr_line' id='line_1_141' title="bbox 1794 4930 3390 5004; baseline -0.005 -15"><span class='ocrx_word' id='word_1_1031' title='bbox 1794 4939 1987 4990; x_wconf 85' lang='lat' dir='ltr'>futuro</span> <span class='ocrx_word' id='word_1_1032' title='bbox 2010 4944 2242 4991; x_wconf 87' lang='lat' dir='ltr'>caveat:</span> <span class='ocrx_word' id='word_1_1033' title='bbox 2265 4930 2465 5004; x_wconf 80' lang='lat' dir='ltr'>altero,</span> <span class='ocrx_word' id='word_1_1034' title='bbox 2490 4940 2639 4992; x_wconf 86' lang='lat' dir='ltr'>utde</span> <span class='ocrx_word' id='word_1_1035' title='bbox 2657 4930 2946 5003; x_wconf 57' lang='lat' dir='ltr'>praeterito</span> <span class='ocrx_word' id='word_1_1036' title='bbox 2968 4934 3264 5001; x_wconf 73' lang='lat' dir='ltr'>pmniteat.</span> <span class='ocrx_word' id='word_1_1037' title='bbox 3292 4930 3390 4981; x_wconf 89' lang='lat' dir='ltr'>Se—</span> 
     </span>
    </p>
   </div>
   <div class='ocr_carea' id='block_1_142' title="bbox 1796 5010 2479 5074">
    <p class='ocr_par' dir='ltr' id='par_1_142' title="bbox 1796 5010 2479 5074">
     <span class='ocr_line' id='line_1_142' title="bbox 1796 5010 2479 5074; baseline 0.001 -14"><span class='ocrx_word' id='word_1_1038' title='bbox 1796 5011 1996 5073; x_wconf 90' lang='lat' dir='ltr'>quitur</span> <span class='ocrx_word' id='word_1_1039' title='bbox 2022 5010 2133 5062; x_wconf 89' lang='lat' dir='ltr'>alia</span> <span class='ocrx_word' id='word_1_1040' title='bbox 2156 5011 2479 5074; x_wconf 89' lang='lat' dir='ltr'>prohibitio.</span> 
     </span>
    </p>
   </div>
   <div class='ocr_carea' id='block_1_143' title="bbox 1859 5072 3388 5136">
    <p class='ocr_par' dir='ltr' id='par_1_143' title="bbox 1859 5072 3388 5136">
     <span class='ocr_line' id='line_1_143' title="bbox 1859 5072 3388 5136; baseline -0.008 -2"><span class='ocrx_word' id='word_1_1041' title='bbox 1859 5081 1910 5134; x_wconf 85' lang='lat'>6.</span> <span class='ocrx_word' id='word_1_1042' title='bbox 1934 5081 2109 5132; x_wconf 81' lang='lat' dir='ltr'>Nolite</span> <span class='ocrx_word' id='word_1_1043' title='bbox 2132 5072 2442 5132; x_wconf 66' lang='lat' dir='ltr'>iheactotlere</span> <span class='ocrx_word' id='word_1_1044' title='bbox 2457 5083 2519 5131; x_wconf 87' lang='lat' dir='ltr'>in</span> <span class='ocrx_word' id='word_1_1045' title='bbox 2544 5082 2715 5131; x_wconf 82' lang='lat' dir='ltr'>altum</span> <span class='ocrx_word' id='word_1_1046' title='bbox 2742 5094 2913 5129; x_wconf 85' lang='lat' dir='ltr'>cornu</span> <span class='ocrx_word' id='word_1_1047' title='bbox 2944 5080 3193 5133; x_wconf 77' lang='lat' dir='ltr'>vestrum,</span> <span class='ocrx_word' id='word_1_1048' title='bbox 3206 5072 3264 5123; x_wconf 89' lang='lat' dir='ltr'>id</span> <span class='ocrx_word' id='word_1_1049' title='bbox 3280 5074 3388 5136; x_wconf 84' lang='lat' dir='ltr'>est,</span> 
     </span>
    </p>
   </div>
   <div class='ocr_carea' id='block_1_144' title="bbox 1796 5145 3389 5217">
    <p class='ocr_par' dir='ltr' id='par_1_144' title="bbox 1796 5145 3389 5217">
     <span class='ocr_line' id='line_1_144' title="bbox 1796 5145 3389 5217; baseline -0.006 -12"><span class='ocrx_word' id='word_1_1050' title='bbox 1796 5153 1974 5205; x_wconf 88' lang='lat' dir='ltr'>nolite</span> <span class='ocrx_word' id='word_1_1051' title='bbox 2001 5167 2106 5205; x_wconf 92' lang='lat' dir='ltr'>vos</span> <span class='ocrx_word' id='word_1_1052' title='bbox 2131 5154 2345 5217; x_wconf 86' lang='lat' dir='ltr'>erigere</span> <span class='ocrx_word' id='word_1_1053' title='bbox 2383 5160 2582 5207; x_wconf 81' lang='lat' dir='ltr'>contra</span> <span class='ocrx_word' id='word_1_1054' title='bbox 2615 5155 2833 5205; x_wconf 91' lang='lat' dir='ltr'>Deum:</span> <span class='ocrx_word' id='word_1_1055' title='bbox 2875 5151 3164 5201; x_wconf 86' lang='lat' dir='ltr'>intantum</span> <span class='ocrx_word' id='word_1_1056' title='bbox 3212 5145 3389 5198; x_wconf 87' lang='lat' dir='ltr'>nolite</span> 
     </span>
    </p>
   </div>
   <div class='ocr_carea' id='block_1_145' title="bbox 1799 5218 3388 5292">
    <p class='ocr_par' dir='ltr' id='par_1_145' title="bbox 1799 5218 3388 5292">
     <span class='ocr_line' id='line_1_145' title="bbox 1799 5218 3388 5292; baseline -0.006 -15"><span class='ocrx_word' id='word_1_1057' title='bbox 1799 5226 2113 5290; x_wconf 88' lang='lat' dir='ltr'>superbire,</span> <span class='ocrx_word' id='word_1_1058' title='bbox 2139 5230 2204 5277; x_wconf 92' lang='lat' dir='ltr'>ut</span> <span class='ocrx_word' id='word_1_1059' title='bbox 2227 5225 2456 5289; x_wconf 90' lang='lat' dir='ltr'>culpam</span> <span class='ocrx_word' id='word_1_1060' title='bbox 2480 5230 2846 5292; x_wconf 85' lang='lat' dir='ltr'>peccatorum</span> <span class='ocrx_word' id='word_1_1061' title='bbox 2870 5220 3176 5292; x_wconf 81' lang='lat' dir='ltr'>reﬁeetatis</span> <span class='ocrx_word' id='word_1_1062' title='bbox 3201 5218 3261 5269; x_wconf 91' lang='lat' dir='ltr'>in</span> <span class='ocrx_word' id='word_1_1063' title='bbox 3282 5229 3388 5269; x_wconf 90' lang='lat' dir='ltr'>au-</span> 
     </span>
    </p>
   </div>
   <div class='ocr_carea' id='block_1_146' title="bbox 1799 5291 3387 5355">
    <p class='ocr_par' dir='ltr' id='par_1_146' title="bbox 1799 5291 3387 5355">
     <span class='ocr_line' id='line_1_146' title="bbox 1799 5291 3387 5355; baseline -0.006 -6"><span class='ocrx_word' id='word_1_1064' title='bbox 1799 5303 2017 5350; x_wconf 88' lang='lat' dir='ltr'>ctorem</span> <span class='ocrx_word' id='word_1_1065' title='bbox 2043 5301 2318 5350; x_wconf 89' lang='lat' dir='ltr'>vestrum.</span> <span class='ocrx_word' id='word_1_1066' title='bbox 2338 5299 2462 5348; x_wconf 90' lang='lat' dir='ltr'>Non</span> <span class='ocrx_word' id='word_1_1067' title='bbox 2480 5297 2634 5348; x_wconf 91' lang='lat' dir='ltr'>enim</span> <span class='ocrx_word' id='word_1_1068' title='bbox 2653 5295 2979 5355; x_wconf 89' lang='lat' dir='ltr'>defuerunt,</span> <span class='ocrx_word' id='word_1_1069' title='bbox 2992 5291 3091 5354; x_wconf 89' lang='lat' dir='ltr'>qui</span> <span class='ocrx_word' id='word_1_1070' title='bbox 3115 5291 3387 5352; x_wconf 90' lang='lat' dir='ltr'>dicerent,</span> 
     </span>
    </p>
   </div>
   <div class='ocr_carea' id='block_1_147' title="bbox 1798 5364 3387 5431">
    <p class='ocr_par' dir='ltr' id='par_1_147' title="bbox 1798 5364 3387 5431">
     <span class='ocr_line' id='line_1_147' title="bbox 1798 5364 3387 5431; baseline -0.007 -9"><span class='ocrx_word' id='word_1_1071' title='bbox 1798 5373 1924 5422; x_wconf 87' lang='lat' dir='ltr'>Non</span> <span class='ocrx_word' id='word_1_1072' title='bbox 1945 5374 2242 5421; x_wconf 90' lang='lat' dir='ltr'>estnostra</span> <span class='ocrx_word' id='word_1_1073' title='bbox 2254 5368 2419 5431; x_wconf 89' lang='lat' dir='ltr'>culpa</span> <span class='ocrx_word' id='word_1_1074' title='bbox 2432 5369 2481 5418; x_wconf 91' lang='lat' dir='ltr'>si</span> <span class='ocrx_word' id='word_1_1075' title='bbox 2493 5379 2818 5430; x_wconf 90' lang='lat' dir='ltr'>peccamus,</span> <span class='ocrx_word' id='word_1_1076' title='bbox 2830 5365 3106 5428; x_wconf 90' lang='lat' dir='ltr'>quoniam</span> <span class='ocrx_word' id='word_1_1077' title='bbox 3120 5364 3263 5414; x_wconf 88' lang='lat' dir='ltr'>tales</span> <span class='ocrx_word' id='word_1_1078' title='bbox 3279 5373 3387 5412; x_wconf 89' lang='lat' dir='ltr'>nos</span> 
     </span>
    </p>
   </div>
   <div class='ocr_carea' id='block_1_148' title="bbox 1799 5435 3383 5500">
    <p class='ocr_par' dir='ltr' id='par_1_148' title="bbox 1799 5435 3383 5500">
     <span class='ocr_line' id='line_1_148' title="bbox 1799 5435 3383 5500; baseline -0.008 -7"><span class='ocrx_word' id='word_1_1079' title='bbox 1799 5442 2015 5493; x_wconf 89' lang='lat' dir='ltr'>creavit</span> <span class='ocrx_word' id='word_1_1080' title='bbox 2030 5444 2201 5492; x_wconf 89' lang='lat' dir='ltr'>Deus.</span> <span class='ocrx_word' id='word_1_1081' title='bbox 2229 5441 2284 5490; x_wconf 92' lang='lat' dir='ltr'>Si</span> <span class='ocrx_word' id='word_1_1082' title='bbox 2309 5441 2459 5490; x_wconf 91' lang='lat' dir='ltr'>Deus</span> <span class='ocrx_word' id='word_1_1083' title='bbox 2476 5437 2662 5500; x_wconf 88' lang='lat' dir='ltr'>vellet,</span> <span class='ocrx_word' id='word_1_1084' title='bbox 2687 5437 2887 5488; x_wconf 92' lang='lat' dir='ltr'>nullus</span> <span class='ocrx_word' id='word_1_1085' title='bbox 2910 5436 3083 5488; x_wconf 88' lang='lat' dir='ltr'>homo</span> <span class='ocrx_word' id='word_1_1086' title='bbox 3109 5435 3383 5499; x_wconf 89' lang='lat' dir='ltr'>peccaret.</span> 
     </span>
    </p>
   </div>
   <div class='ocr_carea' id='block_1_149' title="bbox 1800 5506 3387 5583">
    <p class='ocr_par' dir='ltr' id='par_1_149' title="bbox 1800 5506 3387 5583">
     <span class='ocr_line' id='line_1_149' title="bbox 1800 5506 3387 5583; baseline -0.008 -18"><span class='ocrx_word' id='word_1_1087' title='bbox 1800 5513 1891 5565; x_wconf 92' lang='lat' dir='ltr'>Sic</span> <span class='ocrx_word' id='word_1_1088' title='bbox 1907 5513 2134 5564; x_wconf 91' lang='lat' dir='ltr'>duobus</span> <span class='ocrx_word' id='word_1_1089' title='bbox 2148 5525 2200 5563; x_wconf 90' lang='lat' dir='ltr'>m</span> <span class='ocrx_word' id='word_1_1090' title='bbox 2210 5512 2335 5564; x_wconf 92' lang='lat' dir='ltr'>odis</span> <span class='ocrx_word' id='word_1_1091' title='bbox 2350 5511 2534 5583; x_wconf 80' lang='lat' dir='ltr'>solent</span> <span class='ocrx_word' id='word_1_1092' title='bbox 2542 5508 2723 5583; x_wconf 77' lang='lat' dir='ltr'>iniqui</span> <span class='ocrx_word' id='word_1_1093' title='bbox 2736 5506 2988 5583; x_wconf 77' lang='lat' dir='ltr'>exaltare</span> <span class='ocrx_word' id='word_1_1094' title='bbox 3001 5515 3387 5583; x_wconf 33' lang='lat' dir='ltr'>cornu-suum:</span> 
     </span>
    </p>
   </div>
   <div class='ocr_carea' id='block_1_150' title="bbox 1800 5574 3390 5647">
    <p class='ocr_par' dir='ltr' id='par_1_150' title="bbox 1800 5574 3390 5647">
     <span class='ocr_line' id='line_1_150' title="bbox 1800 5574 3390 5647; baseline -0.008 -11"><span class='ocrx_word' id='word_1_1095' title='bbox 1800 5584 2086 5647; x_wconf 89' lang='lat' dir='ltr'>videlicet,</span> <span class='ocrx_word' id='word_1_1096' title='bbox 2100 5588 2202 5636; x_wconf 88' lang='lat' dir='ltr'>aut</span> <span class='ocrx_word' id='word_1_1097' title='bbox 2215 5584 2437 5647; x_wconf 90' lang='lat' dir='ltr'>seipsos</span> <span class='ocrx_word' id='word_1_1098' title='bbox 2459 5578 2945 5641; x_wconf 90' lang='lat' dir='ltr'>defendendo,aut</span> <span class='ocrx_word' id='word_1_1099' title='bbox 2959 5578 3152 5643; x_wconf 88' lang='lat' dir='ltr'>ipsum</span> <span class='ocrx_word' id='word_1_1100' title='bbox 3168 5574 3390 5647; x_wconf 49' lang='lat' dir='ltr'>Altissif</span> 
     </span>
    </p>
   </div>
   <div class='ocr_carea' id='block_1_151' title="bbox 1801 5645 3393 5717">
    <p class='ocr_par' dir='ltr' id='par_1_151' title="bbox 1801 5645 3393 5717">
     <span class='ocr_line' id='line_1_151' title="bbox 1801 5645 3393 5717; baseline -0.009 -10"><span class='ocrx_word' id='word_1_1101' title='bbox 1801 5668 1964 5707; x_wconf 89' lang='lat' dir='ltr'>mum</span> <span class='ocrx_word' id='word_1_1102' title='bbox 2007 5645 2355 5708; x_wconf 83' lang='lat' dir='ltr'>accusando.</span> <span class='ocrx_word' id='word_1_1103' title='bbox 2402 5656 2705 5717; x_wconf 88' lang='lat' dir='ltr'>Propterea</span> <span class='ocrx_word' id='word_1_1104' title='bbox 2744 5650 2979 5700; x_wconf 90' lang='lat' dir='ltr'>subdit:</span> <span class='ocrx_word' id='word_1_1105' title='bbox 3030 5648 3207 5697; x_wconf 79' lang='lat' dir='ltr'>Nolite</span> <span class='ocrx_word' id='word_1_1106' title='bbox 3244 5645 3393 5708; x_wconf 84' lang='lat' dir='ltr'>loqui</span> 
     </span>
    </p>
   </div>
   <div class='ocr_carea' id='block_1_152' title="bbox 1801 5716 3393 5789">
    <p class='ocr_par' dir='ltr' id='par_1_152' title="bbox 1801 5716 3393 5789">
     <span class='ocr_line' id='line_1_152' title="bbox 1801 5716 3393 5789; baseline -0.006 -13"><span class='ocrx_word' id='word_1_1107' title='bbox 1801 5727 2055 5776; x_wconf 82' lang='lat' dir='ltr'>adversus</span> <span class='ocrx_word' id='word_1_1108' title='bbox 2080 5727 2248 5776; x_wconf 85' lang='lat' dir='ltr'>Deum</span> <span class='ocrx_word' id='word_1_1109' title='bbox 2298 5716 2664 5789; x_wconf 76' lang='lat' dir='ltr'>iniquitatem.</span> <span class='ocrx_word' id='word_1_1110' title='bbox 2695 5720 3123 5772; x_wconf 81' lang='lat' dir='ltr'>Dicendoznon</span> <span class='ocrx_word' id='word_1_1111' title='bbox 3169 5716 3393 5789; x_wconf 76' lang='lat' dir='ltr'>judicat</span> 
     </span>
    </p>
   </div>
   <div class='ocr_carea' id='block_1_153' title="bbox 1799 5788 3389 5856">
    <p class='ocr_par' dir='ltr' id='par_1_153' title="bbox 1799 5788 3389 5856">
     <span class='ocr_line' id='line_1_153' title="bbox 1799 5788 3389 5856; baseline -0.005 -8"><span class='ocrx_word' id='word_1_1112' title='bbox 1799 5798 1956 5849; x_wconf 91' lang='lat' dir='ltr'>Deus</span> <span class='ocrx_word' id='word_1_1113' title='bbox 1976 5798 2046 5849; x_wconf 89' lang='lat' dir='ltr'>de</span> <span class='ocrx_word' id='word_1_1114' title='bbox 2063 5798 2235 5850; x_wconf 89' lang='lat' dir='ltr'>rebus</span> <span class='ocrx_word' id='word_1_1115' title='bbox 2259 5788 2532 5850; x_wconf 85' lang='lat' dir='ltr'>humanis</span> <span class='ocrx_word' id='word_1_1116' title='bbox 2557 5814 2567 5844; x_wconf 91' lang='lat'>:</span> <span class='ocrx_word' id='word_1_1117' title='bbox 2589 5807 2701 5846; x_wconf 90' lang='lat' dir='ltr'>non</span> <span class='ocrx_word' id='word_1_1118' title='bbox 2726 5797 2889 5846; x_wconf 89' lang='lat' dir='ltr'>curat</span> <span class='ocrx_word' id='word_1_1119' title='bbox 2925 5791 3065 5856; x_wconf 91' lang='lat' dir='ltr'>quid</span> <span class='ocrx_word' id='word_1_1120' title='bbox 3101 5794 3306 5855; x_wconf 85' lang='lat' dir='ltr'>agatur</span> <span class='ocrx_word' id='word_1_1121' title='bbox 3327 5788 3389 5840; x_wconf 91' lang='lat' dir='ltr'>in</span> 
     </span>
    </p>
   </div>
   <div class='ocr_carea' id='block_1_154' title="bbox 1800 5858 3391 5933">
    <p class='ocr_par' dir='ltr' id='par_1_154' title="bbox 1800 5858 3391 5933">
     <span class='ocr_line' id='line_1_154' title="bbox 1800 5858 3391 5933; baseline -0.005 -13"><span class='ocrx_word' id='word_1_1122' title='bbox 1800 5869 1985 5920; x_wconf 83' lang='lat' dir='ltr'>terris.</span> <span class='ocrx_word' id='word_1_1123' title='bbox 2022 5870 2220 5932; x_wconf 88' lang='lat' dir='ltr'>Neque</span> <span class='ocrx_word' id='word_1_1124' title='bbox 2257 5870 2387 5933; x_wconf 91' lang='lat' dir='ltr'>hoc,</span> <span class='ocrx_word' id='word_1_1125' title='bbox 2424 5880 2614 5932; x_wconf 90' lang='lat' dir='ltr'>neque</span> <span class='ocrx_word' id='word_1_1126' title='bbox 2646 5865 2741 5918; x_wconf 90' lang='lat' dir='ltr'>illo</span> <span class='ocrx_word' id='word_1_1127' title='bbox 2766 5864 2937 5917; x_wconf 90' lang='lat' dir='ltr'>modo</span> <span class='ocrx_word' id='word_1_1128' title='bbox 2959 5863 3184 5917; x_wconf 87' lang='lat' dir='ltr'>debetis</span> <span class='ocrx_word' id='word_1_1129' title='bbox 3230 5858 3391 5924; x_wconf 86' lang='lat' dir='ltr'>loqui</span> 
     </span>
    </p>
   </div>
   <div class='ocr_carea' id='block_1_155' title="bbox 1803 5936 2979 6005">
    <p class='ocr_par' dir='ltr' id='par_1_155' title="bbox 1803 5936 2979 6005">
     <span class='ocr_line' id='line_1_155' title="bbox 1803 5936 2979 6005; baseline -0.003 -12"><span class='ocrx_word' id='word_1_1130' title='bbox 1803 5940 2085 5993; x_wconf 87' lang='lat' dir='ltr'>adversus</span> <span class='ocrx_word' id='word_1_1131' title='bbox 2106 5941 2290 5994; x_wconf 87' lang='lat' dir='ltr'>Deum</span> <span class='ocrx_word' id='word_1_1132' title='bbox 2311 5941 2697 6005; x_wconf 86' lang='lat' dir='ltr'>iniquitatem,</span> <span class='ocrx_word' id='word_1_1133' title='bbox 2722 5951 2755 5991; x_wconf 91' lang='grc' dir='ltr'>ο</span> <span class='ocrx_word' id='word_1_1134' title='bbox 2772 5936 2979 5991; x_wconf 80' lang='lat' dir='ltr'>Judaei.</span> 
     </span>
    </p>
   </div>
  </div>
