3884 6410
484 388 591 446 955

1548 384 1817 439 RUFINO
1855 381 2319 435 PRESBYTERO
2348 381 2731 435 ASCRIPT'US

3680 374 3803 445 956,

543 506 590 553 ⁷ο
625 500 778 579 Οἳλία
814 514 983 579 7W”
1120 498 1348 579 O'i‘mic’
1384 511 1557 579 "3‘79?
1592 495 1658 545 ab
1684 495 1972 579 θδίῗίίίεηίῗι
1998 509 2085 543 ⁷³⁸·
2104 498 2160 570 Α
2183 521 2375 571 reatur
2395 520 2688 572 aDomino
2713 518 3124 573 exaltari.Hasc
3141 521 3231 569 est
3251 513 3783 579 quippeintentioet

478 587 630 637 quea
654 572 874 622 desertis
893 570 1166 620 montibus
1191 568 1514 632 (subaudis)
1538 567 1855 631 loquuntur
1886 566 2087 618 adver-

482 658 585 695 sus
598 647 789 695 Deum
804 642 1184 706 iniquitatem.
1199 643 1230 691 J
1235 653 1327 691 am
1340 645 1564 703 gentes,
1579 652 1712 701 qum
1724 640 1783 689 in
1796 638 1885 688 his
1902 638 2085 689 tribus

477 718 683 768 mundi
716 716 975 779 partibus
998 715 1281 777 habitant,
1312 718 1613 777 coeperunt
1640 713 1712 764 de
1727 716 1961 763 auctore
1979 722 2086 761 suo

480 789 645 850 bene,
680 790 736 838 et
766 787 1180 838 rationabiliter
1195 786 1426 844 sentire,
1448 786 1567 836 Vos
1584 783 1709 845 soli,
1726 784 1939 846 quibus
1964 794 2087 832 me-

482 859 703 909 ridiana
736 858 913 922 plaga
946 857 1020 907 ad
1044 856 1430 908 habitandum
1460 867 1740 906 concessa
1762 854 1886 916 fuit,
1912 853 2087 903 nolite

486 929 905 993 blasphemare.
921 928 1025 980 Vel
1048 929 1130 979 ita
1154 928 1266 979 dici
1280 932 1495 992 potest:
1509 926 1718 985 Judaai,
1734 926 1909 976 nolite
1933 924 2087 987 loqui

483 1001 764 1052 adversus
788 1002 972 1051 Deum
988 1000 1374 1062 iniquitatem:
1402 998 1559 1062 quod
1584 997 1818 1061 quidem
1836 997 2090 1047 fecerunt

487 1072 605 1134 qui,
644 1073 804 1123 Reus
838 1076 931 1122 est
973 1072 1197 1135 mortis,
1236 1076 1313 1132 et,
1358 1070 1659 1133 Crucifige,
1692 1069 2091 1119 clamaverunt

492 1144 705 1205 (Matth.
733 1143 819 1197 26.
839 1142 974 1207 27.):
1001 1144 1138 1205 quia
1161 1158 1331 1206 neque
1361 1142 1427 1190 ab
1467 1142 1693 1199 Oriente,
1733 1155 1901 1203 neque
1921 1138 1986 1188 ab
2006 1138 2093 1187 Oe-

491 1214 714 1275 cidente,
729 1230 902 1279 neque
918 1231 954 1264 a
975 1215 1192 1263 desertis
1217 1213 1483 1263 montibus
1498 1211 1982 1277 (subintelligitur)
2003 1214 2094 1260 est

492 1286 705 1349 aliquis
728 1299 935 1351 expers
952 1286 1153 1350 judicii
1186 1286 1304 1337 Dei.

555 1358 607 1411 8.
632 1358 908 1416 Quoniam
928 1359 1062 1407 Deus
1076 1359 1252 1421 judea:
1273 1364 1361 1409 est.
1388 1359 1661 1409 Desertos
1683 1360 1913 1407 montes
1927 1352 2091 1413 dixit,

486 1434 726 1495 propter
749 1430 1187 1482 inhabitabilem
1216 1430 1465 1493 plagam,
1495 1442 1627 1493 qua)
1660 1433 1752 1479 est
1773 1428 1835 1478 in
1857 1428 2093 1489 Septen-

490 1501 695 1552 trione.
718 1502 772 1553 Si
796 1501 967 1552 homo
982 1502 1163 1565 judex
1190 1505 1364 1565 esset,
1391 1502 1587 1553 minus
1614 1499 1875 1551 fortassis
1903 1496 2096 1548 timeri

490 1572 793 1635 potuisset.
821 1572 932 1623 Sed
957 1573 1231 1635 quoniam
1246 1575 1401 1624 Deus
1420 1573 1603 1637 judex
1628 1576 1735 1633 est,
1756 1575 1874 1631 jam
1898 1566 2095 1619 nullus

494 1647 696 1693 contra
719 1655 854 1694 eum
870 1643 1160 1707 loquatur,
1179 1644 1279 1695 sed
1302 1645 1496 1709 potius
1511 1645 1584 1695 ab
1600 1642 1871 1694 omnibus
1889 1639 2097 1691 servia-

490 1716 600 1765 tur.
632 1716 702 1766 Et
716 1715 1088 1767 commendat
1103 1718 1286 1768 Deum
1305 1716 1579 1779 judicem,
1604 1728 1739 1765 cum
1763 1710 2090 1776 subjungit:

496 1784 644 1834 hunc
676 1786 951 1849 humiliat,
976 1786 1033 1837 id
1058 1792 1166 1847 est,
1201 1788 1513 1839 Judaicum
1542 1785 1849 1851 populum:
1885 1783 2097 1830 ethunc

493 1856 716 1916 eacattat,
743 1857 803 1908 id
828 1862 937 1915 est,
963 1858 1247 1910 Gentilem
1272 1874 1285 1908 :

558 1926 611 1979 9.
651 1928 792 1986 Quia
825 1929 972 1977 calix
1012 1930 1072 1977 in
1112 1944 1288 1977 manu
1331 1929 1572 1979 Domini.
1622 1927 1766 1987 Quia
1810 1924 2103 1986 Scriptura

500 2009 663 2049 sacra
677 1999 737 2050 in
763 2004 1048 2063 potestate
1065 2001 1310 2051 Domini.
1338 2001 1480 2061 Quia
1501 2001 1624 2064 ipse
1644 1998 1799 2049 solus
1829 2000 1984 2047 tenet
2000 1993 2108 2044 cla-

494 2081 625 2121 vem
661 2072 919 2121 scientias
945 2072 1126 2135 (Apoc.
1155 2070 1244 2133 5.).
1265 2071 1422 2123 Calix
1444 2072 1588 2131 dico,
1616 2070 1732 2118 vini
1756 2068 1891 2117 meri
1911 2065 2108 2129 ptenu.

502 2143 676 2191 mixto
704 2161 715 2192 :
745 2144 806 2195 in
850 2145 1149 2196 Dominico
1186 2145 1398 2209 quippe
1422 2145 1596 2195 calice
1627 2142 1826 2193 vinum
1858 2148 2104 2194 merum,

506 2214 879 2278 mixtumque
905 2221 959 2267 et
980 2217 1094 2268 faax
1108 2218 1450 2269 continetur.
1472 2218 1540 2266 Et
1556 2215 1719 2278 quasi
1737 2225 1809 2263 ex
1822 2210 1995 2261 calice
2021 2221 2111 2258 su-

502 2291 669 2338 munt
698 2300 921 2339 merum
948 2288 1167 2351 vinum,
1191 2289 1289 2353 qui
1314 2302 1386 2340 ex
1414 2300 1577 2339 sacro
1593 2284 1819 2348 eloquio
1842 2280 2107 2353 divinum

498 2359 737 2422 capiunt
769 2360 1145 2413 intellectum.
1179 2352 1427 2413 Mixtum
1453 2362 1686 2416 bibunt,
1710 2356 1809 2420 qui
1833 2352 2105 2417 quaedam

500 2442 638 2490 pure
653 2430 1279 2495 intelligunt,quaadam
1297 2433 1486 2483 adhuc
1498 2430 1735 2482 minime
1746 2426 2101 2478 discernunt.

505 2503 719 2555 Bibunt
756 2505 977 2563 fmcem,
995 2507 1093 2570 qui
1117 2520 1190 2558 ex
1226 2506 1427 2558 eodem
1451 2504 1687 2568 capiunt
1710 2509 1978 2553 errorem.
2002 2496 2107 2545 Ju-

497 2574 632 2639 dmi,
659 2576 935 2637 hmretici,
960 2584 1017 2629 et
1029 2578 1237 2642 pagani
1256 2579 1455 2629 faecem
1476 2577 1703 2635 bibunt,
1726 2582 1974 2637 quorum
1991 2572 2106 2619 tur-

499 2646 735 2698 bulenta
748 2648 1063 2711 fmtidaque
1074 2650 1332 2700 doctrina
1344 2659 1645 2711 nunquam
1661 2646 1733 2695 ab
1746 2654 1935 2696 errore
1949 2650 2106 2701 sepa-

504 2720 683 2769 ratur.
713 2719 779 2767 Et
796 2719 1082 2768 inclinavit
1104 2734 1171 2768 ea:
1201 2721 1316 2780 hoc,
1334 2732 1367 2769 a
1388 2719 1628 2770 Judaico
1653 2714 1879 2781 populo,
1900 2714 1961 2761 in
1987 2712 2102 2771 hoc,

506 2789 732 2841 Gentili.
768 2789 1065 2854 Eliquatus
1081 2795 1172 2843 est
1200 2792 1334 2843 inde
1356 2790 1700 2842 intellectus.
1727 2788 2103 2837 Verumtamen

500 2862 610 2924 fex
627 2863 740 2925 ejus
764 2878 875 2911 non
900 2869 971 2911 est
995 2865 1302 2913 exinanita.
1331 2863 1610 2925 Quoniam
1633 2874 1741 2913 nec
1764 2858 2104 2911 Judaaorum

502 2934 828 2995 infidelitas,
854 2947 960 2987 nec
986 2936 1389 2987 haereticorum
1413 2948 1585 2997 error,
1610 2947 1715 2985 nec
1748 2941 2103 2997 paganorum

501 3006 748 3058 stultitia
770 3010 863 3058 est
888 3007 1116 3069 penitus
1138 3007 1439 3059 diminuta.
1470 3006 1652 3055 Bibent
1668 3020 1753 3054 om
1764 3018 1851 3051 nes
1867 3006 2104 3065 peceato-

500 3094 583 3128 res
606 3085 757 3128 terrae
780 3080 937 3142 prius
956 3078 1393 3143 feecem,deinde
1420 3084 1681 3130 mortem.
1711 3077 1841 3127 Sive
1860 3074 1967 3136 faex
1988 3073 2102 3136 ejus

496 3166 609 3201 non
634 3156 703 3200 est
726 3151 1034 3211 exinanita,
1063 3153 1335 3215 quoniam
1359 3152 1512 3217 apud
1534 3150 1771 3202 Iudaeos
1794 3150 2097 3198 remanent

503 3222 752 3275 carnalia
766 3223 1911 3286 sacramentaBibentomnespeccatores
1934 3224 2093 3279 terrm,

2152 632 2162 641 ,
2185 583 2404 635 utilitas
2429 584 2652 647 psalmi.

2441 688 2799 754 TITULUS
2875 685 3198 751 PSALMI
3253 683 3520 748 LXXV.

2248 811 2295 857 1.
2322 808 2476 854 Tituli
2495 810 2801 866 psalmorum
2817 808 3135 854 manifestam
3152 817 3329 852 sensus
3347 815 3548 866 eorum:
3569 804 3785 866 propter-

2189 883 2245 917 ea
2264 871 2354 916 iste
2366 861 2593 929 psalmus
2608 871 2895 917 intitulatur
2908 871 2979 916 sic
3000 884 3012 920 :
3027 869 3091 916 In
3103 868 3267 927 ﬁnem
3287 866 3343 912 in
3357 862 3626 920 laudibus,
3644 861 3786 929 Psal-

2190 945 2310 979 mus
2322 927 2489 994 Asaph.
2500 933 2784 981 Canticum
2798 932 2870 979 ad
2883 941 2921 980 Α
2931 930 3380 991 ssyrios.Psalmus
3393 927 3787 994 isteproponitur

2191 998 2377 1053 Asaph,
2404 990 2455 1042 id
2474 1001 2565 1057 est,
2594 996 2731 1045 ﬁdeli
2755 990 3043 1056 synagogas,
3071 1001 3125 1040 ut
3149 1006 3251 1039 non
3277 1006 3341 1057 ex
3366 990 3578 1057 _tristitia
3615 995 3703 1033 aut
3731 1001 3785 1057 ex

2193 1060 2506 1118 necessitate,
2532 1053 2618 1105 sed
2655 1059 2707 1105 in
2742 1059 2976 1105 laudibus
3001 1053 3047 1103 et
3083 1058 3136 1102 in
3177 1053 3791 1118 exultationegperseveret

2195 1135 2359 1179 usque
2390 1122 2441 1166 in
2468 1115 2615 1167 ﬁnem
2643 1122 2756 1166 vitu-
2778 1135 2899 1168 suae.
2922 1122 3016 1173 Qui
3038 1119 3261 1176 psalmus
3274 1122 3347 1163 est
3370 1115 3618 1179 canticum
3647 1125 3791 1179 syna-

2196 1175 2355 1239 gogas,
2381 1184 2430 1228 id
2460 1188 2550 1239 est,
2571 1184 2940 1230 caussacantici
2968 1186 3013 1228 et
3032 1175 3358 1239 jocunditatis
3381 1196 3393 1225 :
3420 1177 3541 1235 quia
3565 1175 3793 1239 inprio-

2195 1235 2328 1302 cipio
2346 1235 2477 1291 dicit
2503 1235 2609 1291 eam
2640 1259 2748 1292 esse
2783 1249 3005 1295 Judteam
3033 1235 3089 1291 iet
3114 1244 3261 1292 Israel
3287 1256 3346 1289 ex
3379 1241 3513 1286 Sion.
3542 1237 3639 1292 Qui
3664 1235 3794 1295 psal-

2197 1320 2309 1353 mus
2337 1320 2433 1352 non
2467 1312 2657 1355 tantum
2674 1312 2962 1369 prepositus
2984 1314 3056 1355 est
3078 1308 3261 1368 Asaph,
3280 1304 3365 1351 sed
3382 1304 3527 1369 etiam
3556 1302 3795 1369 adAssy-

2198 1371 2317 1421 rios,
2344 1370 2395 1415 id
2419 1375 2507 1427 est,
2534 1373 2594 1417 ad
2626 1362 2802 1419 omnes
2836 1376 2963 1420 recte
2992 1362 3513 1426 viventészssyrius
3553 1363 3691 1409 enim
3719 1362 3794 1407 in-

2199 1436 2493 1489 terpretatur
2512 1431 2770 1493 dirigens.
2797 1436 2995 1482 Materia
3023 1433 3203 1492 psalmi
3232 1432 3387 1488 hujus
3410 1432 3482 1474 est
3508 1430 3791 1493 Synagoga.

2199 1488 2412 1541 Intentio
2446 1500 2537 1557 est,
2565 1488 2737 1543 omnes
2773 1499 2944 1545 ﬁdeles
2964 1488 3053 1557 qui
3081 1509 3132 1541 se
3169 1497 3263 1541 Deo
3288 1494 3551 1550 voverunt,
3578 1494 3676 1533 tam
3703 1488 3795 1531 Ju-

2198 1557 2334 1603 ἀεεοε
2357 1570 2512 1615 quam
2543 1560 2723 1605 Gentes
2747 1560 3019 1619 exhortari,
3045 1564 3293 1618 quatenus
3316 1558 3385 1619 in,
3407 1557 3520 1601 voto
3561 1562 3795 1619 perseve-

2199 1626 2326 1675 rem,
2349 1612 2402 1664 ῑίῑ
2428 1622 2777 1681 seipsos,quos
2794 1624 2875 1671 hic
2894 1625 2984 1669 Deo
3002 1612 3262 1671 voverunt,
3289 1619 3341 1663 in
3370 1618 3535 1681 futuro
3561 1612 3791 1681 reddant;

2199 1683 2250 1728 In
2277 1672 2437 1738 prima
2468 1672 2603 1742 parte
2621 1672 2804 1731 dicitur
2831 1687 2956 1732 Deus
2980 1688 3128 1729 notus
3146 1695 3251 1728 esse
3274 1681 3328 1725 in
3356 1677 3559 1732 sanctis,
3586 1672 3793 1742 etquod

2201 1735 2385 1807 habitet
2411 1735 2633 1807 in-ipsis,
2659 1751 2704 1792 et
2724 1749 2938 1805 quodihi
2965 1744 3432 1807 cunctaconfringat
3455 1751 3589 1807 arma
3615 1735 3794 1781 diabo-

2200 1806 2310 1853 lica.
2329 1807 2385 1869 In
2410 1803 2630 1854 secunda
2649 1803 3154 1869 parie(qusedicitur:
3182 1803 3793 1869 Dormierun_ts01_r_m_um

2125 1872 2181 1947 B
2199 1868 2399 1947 suum),
2424 1872 2612 1947 d‘urilia
2629 1861 2967 1947 reproboer
2992 1868 3399 1947 atque‘terribile

2208 1934 2601 1982 commendatur.
2629 1935 2764 1981 Unde
2788 1936 2840 1981 in
2876 1937 2975 1981 ﬁne
2998 1934 3301 1989 exhortatur,
3339 1934 3393 1977 ut
3426 1940 3517 1974 sua
3540 1929 3652 1971 vota
3674 1934 3798 1981 Ρθΐ·

2206 1995 2371 2044 solvat
2385 1996 2623 2055 quisque,
2648 2010 2710 2044 ne
2730 2011 2758 2044 a
2783 1998 2993 2044 terribili
3028 2009 3140 2054 rege
3174 1995 3430 2053 puniatur.
3457 1991 3537 2037 Ait
3561 1998 3676 2046 ergo
3705 1998 3719 2034 :

2635 2101 3038 2167 PSALMUS
3090 2098 3356 2165 LXXV.

2267 2220 2318 2275 ἓ.
2345 2224 2517 2274 Notus
2540 2226 2601 2274 in
2623 2227 2814 2276 Judaea
2839 2228 2996 2287 Deus,
3026 2227 3089 2275 in
3114 2223 3277 2275 Israel
3314 2234 3577 2284 magnum
3596 2230 3797 2265 nomen

2204 2294 2333 2356 ejus.
2348 2298 2480 2347 Fuit
2493 2298 2803 2362 aliquando
2816 2304 2880 2351 ut
2896 2312 3038 2363 gens
3057 2302 3169 2348 ista
3184 2297 3299 2347 sola
3310 2334 3323 2357 ,
3339 2293 3555 2345 scilicet
3569 2287 3798 2349 Judaaa,

2205 2378 2408 2418 verum
2432 2370 2613 2420 Deum
2629 2376 2969 2433 agnosceret
2990 2374 3163 2432 atque
3186 2368 3465 2425 adoraret,
3490 2367 3546 2413 et
3567 2365 3798 2433 933le

2205 2438 2418 2490 Gentes
2444 2440 2596 2491 idola
2611 2431 2881 2505 colerent,
2907 2445 2964 2492 et
2981 2431 3161 2492 Deum
3187 2439 3312 2490 caeli
3334 2435 3561 2501 penitus
3575 2431 3798 2496 ignora-

2204 2516 2350 2562 rent.
2377 2513 2487 2563 Sed
2520 2526 2621 2578 per
2644 2514 2827 2577 ipsius
2864 2504 3040 2580 384
3066 2511 3305 2574 gratiam
3336 2506 3680 2573 praedicatus
3703 2504 3799 2580 est

2205 2585 2483 2637 Gentibus
2501 2573 2570 2647 (ἱ.
2598 2573 2732 2637 Tini.
2756 2585 2789 2640 3
2814 2600 2826 2645 ;
2851 2573 2970 2636 A'ct'.
2992 2573 3098 2645 1'3.)
3119 2599 3130 2634 :
3151 2588 3206 2634 et
3225 2593 3436 2633 nomen
3451 2588 3622 2629 suum
3639 2573 3794 2647 quod

2206 2643 2606 2709 tantummodo
2629 2643 2833 2709 notum
2857 2663 2980 2708 erat
3002 2656 3062 2706 in
3082 2643 3304 2715 Iudaea,
3315 2654 3435 2714 jam
3462 2643 3797 2700 admirabile

2204 2729 2417 2780 factum
2451 2735 2540 2780 est
2563 2730 2623 2781 in
2638 2731 2915 2781 universa
2936 2734 3085 2779 terra
3108 2725 3268 2785 (Psat.
3295 2724 3390 2785 8.).
3410 2724 3522 2773 Nec
3534 2721 3655 2782 jam
3672 2716 3798 2781 glo-

2203 2800 2423 2852 rientur
2443 2801 2653 2859 Judaai.
2679 2803 2814 2864 quia
2831 2802 2878 2851 si
2895 2799 3049 2863 apud
3064 2811 3164 2850 eos
3178 2807 3453 2860 magnum
3466 2803 3675 2864 nomen
3691 2790 3795 2839 Do-

2202 2872 2344 2923 mini
2362 2872 2588 2936 dicitur,
2601 2862 2756 2937 apud
2772 2886 2880 2923 nos
2897 2862 3069 2923 etiam
3078 2870 3147 2921 ad
3156 2866 3408 2919 mirabile
3430 2862 3793 2937 praedicatur.

2203 2944 2312 2995 Sed
2325 2933 2597 3008 quoniam
2622 2933 2717 2995 illa
2743 2956 2889 3007 gens
2910 2955 2943 2993 a
2967 2941 3276 3005 cogntione
3311 2937 3413 2989 Dei
3439 2933 3795 3008 errandoce-

2202 3005 2359 3073 cidit,
2370 3021 2424 3065 et
2442 3029 2719 3078 magnum
2736 3005 2949 3066 nomen
2962 3012 3187 3064 Domini
3211 3006 3630 3073 blasphemavit
3649 3021 3659 3054 :
3671 3005 3793 3066 jam

2203 3088 2355 3149 quod
2372 3088 2429 3137 in
2442 3088 2648 3139 Judaaa
2660 3092 2718 3138 et
2733 3086 2905 3137 Israel
2917 3091 3091 3137 notus
3107 3090 3164 3135 et
3180 3095 3427 3145 magnus
3444 3080 3667 3130 dicitur.
3684 3088 3788 3125 ne-

2195 3173 2357 3210 cesse
2374 3163 2481 3218 est,
2512 3164 2579 3210 ut
2607 3157 3006 3210 tantummodo
3032 3154 3399 3222 spiritualiter
3422 3149 3789 3222 intelligatur.

2194 3230 2397 3282 Judma
2420 3230 2629 3294 quippe
2663 3230 2921 3292 confessio
2951 3219 3395 3291 interpretatur:
3442 3219 3616 3294 Israel
3656 3230 3792 3294 vero

498 3290 2280 3365 quoniamomnesinterrenispromissionibusdelecmn-C‘vir
2302 3290 2485 3350 videns
2516 3290 2706 3353 Deum.
2734 3290 2886 3352 Bene
2911 3301 3091 3365 igitur
3109 3290 3281 3348 Notus
3308 3298 3369 3345 in
3413 3293 3604 3343 Judaea
3650 3292 3791 3365 Deus

502 3371 610 3417 tur.
644 3365 917 3416 Mirabilis
938 3371 1028 3417 est
1053 3367 1161 3418 iste
1186 3366 1354 3429 calix,
1377 3366 1448 3417 de
1463 3379 1577 3429 quo
1594 3366 1795 3416 bibent
1810 3375 2013 3415 omnes
2040 3367 2095 3413 et

500 3436 638 3488 boni
660 3440 719 3487 et
740 3437 906 3487 mali:
934 3439 991 3487 et
1014 3437 1071 3487 in
1108 3450 1222 3500 quo
1267 3442 1510 3487 sumunt
1544 3436 1678 3486 boni
1703 3435 1856 3485 unde
1874 3434 2087 3493 vivant,

501 3507 636 3559 mali
661 3509 815 3560 unde
838 3514 1089 3572 pereant.
1118 3509 1253 3560 Tale
1276 3514 1398 3561 erat
1420 3514 1477 3560 et
1500 3509 1755 3559 Verbum
1781 3506 1962 3557 Patris
1988 3507 2096 3555 Do-

499 3580 693 3629 minus
706 3585 902 3631 noster
921 3582 950 3630 J
956 3594 1091 3631 esus
1103 3580 1385 3637 Christus,
1401 3581 1469 3630 de
1486 3592 1598 3642 quo
1616 3582 1854 3629 sanctus
1868 3579 2095 3628 Simeon

500 3650 762 3713 perhibet
784 3650 1014 3701 dicens:
1051 3653 1192 3702 Ecce
1216 3652 1307 3702 hic
1333 3652 1558 3715 positus
1580 3655 1671 3702 est
1696 3651 1754 3701 in
1795 3650 2019 3701 ruinam
2039 3654 2097 3701 et

496 3722 974 3773 resurrectionem
999 3722 1335 3786 multorum,
1356 3726 1410 3774 et
1424 3723 1482 3773 in
1499 3723 1733 3785 signum
1756 3723 1847 3773 cui
1868 3726 2097 3773 contra-

501 3793 725 3844 dicetur
765 3794 904 3853 (Luc.
959 3792 1049 3855 22.).
1091 3796 1179 3844 Sic
1225 3795 1397 3846 etiam
1435 3796 1493 3845 in
1541 3795 1833 3857 superiore
1870 3793 2095 3857 psalmo

497 3865 685 3929 ipsam
710 3866 1059 3929 Scripturam
1081 3879 1298 3917 vocans
1312 3879 1529 3917 areum.
1546 3864 1720 3933 383
1746 3867 1969 3916 Paravit
1994 3866 2098 3927 (in-

500 3937 640 4000 quit)
667 3937 727 3988 in
767 3950 835 3988 eo
869 3950 1009 3989 vasa
1034 3939 1237 3989 mortis
1256 3939 1420 3999 (Psat.
1447 3941 1535 4001 7.),
1560 3938 1617 3989 id
1641 3942 1732 3989 est
1758 3938 2093 4001 sententias,

503 4021 634 4071 quae
668 4009 816 4061 male
846 4010 1151 4062 intellectae
1168 4015 1413 4063 mortem
1441 4012 1748 4075 propinant
1788 4009 1975 4060 multi.
2009 4009 2098 4061 Sic

499 4080 570 4130 de
599 4080 708 4131 isto
730 4080 905 4131 calice
920 4082 1155 4144 quidam
1179 4083 1406 4147 vivunt,
1418 4083 1652 4148 quidam
1676 4084 2098 4146 pereunt.Inter

497 4150 623 4203 haec
647 4151 785 4214 quid
809 4152 888 4203 ait
911 4153 1172 4204 Christus
1197 4158 1221 4203 Ρ

562 4222 648 4276 10.
676 4223 786 4286 Ego
823 4230 1004 4272 autem
1042 4224 1387 4274 annuntiabo
1428 4226 1490 4273 in
1520 4224 1775 4273 saeculum
1807 4223 2095 4285 Quamdiu

500 4293 650 4345 enim
665 4294 1013 4346 durabithoc
1026 4297 1642 4359 saaculumphristusot
1656 4300 1735 4345 sui
1752 4298 2098 4355 praedicabunt

501 4367 1139 4429 Evangelium.Cantabo
1152 4368 1255 4417 Deo
1265 4368 1426 4417 Jacob
1439 4381 1570 4419 cum
1588 4367 2095 4431 gaudio.Laudabo

499 4437 681 4501 illum,
697 4439 796 4501 qui
818 4439 1141 4503 specialiter
1152 4444 1240 4491 est
1255 4441 1405 4492 Deus
1419 4441 1644 4492 illorum
1660 4442 1756 4503 qui
1768 4444 1886 4499 spiri
1898 4441 2097 4489 tualiter

502 4514 639 4560 sunt
649 4512 679 4560 J
684 4511 843 4562 aeob.
859 4512 1080 4563 Deinde
1096 4513 1477 4577 praenuntiat)
1489 4513 1760 4569 udicium,
1774 4514 1872 4564 ubi
1889 4510 2096 4575 praedi-

499 4580 579 4631 cit
601 4582 783 4633 malos
799 4583 1105 4643 humiliari,
1131 4584 1316 4636 bonos
1333 4585 1591 4636 exaltari.
1611 4585 1774 4636 Unde
1796 4590 1851 4635 et
1873 4583 2097 4635 subdit:

563 4651 651 4704 11.
686 4654 754 4702 Et
782 4655 972 4703 omnia
1003 4671 1213 4705 cornua
1254 4661 1591 4719 peccatorum
1637 4656 2006 4720 confringant,
2054 4659 2100 4703 et

499 4722 887 4773 eccattabuntur
905 4740 1114 4775 cornua
1130 4727 1285 4791 justi.
1305 4729 1757 4780 Habentcornua
1777 4741 1877 4779 sua
1900 4738 2102 4791 pecca-

501 4796 656 4846 tores
679 4796 740 4846 in
763 4796 874 4846 hoc
899 4797 1111 4859 seculo,
1138 4798 1355 4850 scilicet
1388 4801 1712 4864 imperium,
1748 4799 2095 4851 dominatio-

501 4881 657 4932 nem,
683 4868 1413 4935 honores,divitias,ipsam
1438 4886 1682 4936 quoque,
1698 4876 2100 4939 qumpremmi-

500 4943 617 5006 net,
633 4941 963 5005 superbiam
984 4958 996 4992 :
1024 4943 1236 5005 quibus
1260 4945 1533 4996 cornibus
1554 4949 1846 5010 tamquam
1867 4950 2097 4995 indomiti

506 5014 653 5066 tauri
678 5014 1136 5077 aliosimpetunt,
1150 5015 1559 5068 aliosinferunt
1578 5024 1635 5069 et
1650 5019 1969 5082 impellunt.
1990 5019 2097 5070 Sed

501 5086 868 5151 omnipotens
883 5087 1037 5137 Deus
1049 5085 1268 5149 judicio
1282 5099 1388 5138 suo
1400 5089 1594 5139 omnia
1606 5102 1820 5141 cornua
1835 5095 2099 5153 peccato-

500 5170 629 5209 rum
654 5158 998 5221 confringet,
1020 5162 1075 5209 et
1098 5169 1327 5208 omnem
1351 5158 1577 5210 illorum
1597 5162 1910 5223 potentiam
1928 5166 1986 5212 et
2010 5174 2099 5212 su-

500 5229 757 5294 perbiam
774 5230 844 5282 ad
866 5229 1111 5281 nihilum
1126 5229 1362 5294 rediget.
1378 5232 1603 5283 Habent
1620 5233 1792 5283 etiam
1812 5233 1956 5294 justi
1973 5245 2098 5284 cor-

500 5314 616 5353 nua
656 5314 762 5353 sua
786 5302 901 5353 duo
931 5303 1319 5357 Testamenta.
1350 5303 1473 5354 sive
1498 5304 1671 5355 tidem
1698 5310 1754 5355 et
1782 5306 2096 5364 caritatem,

501 5379 859 5438 craterasque
876 5374 1140 5437 virtutes,
1160 5374 1370 5438 quibus
1391 5388 1452 5426 se
1468 5377 1539 5426 ab
1556 5375 1803 5426 inimicis
1830 5376 2098 5428 Ecclesiae

503 5446 826 5497 defendunt
849 5461 864 5495 :
892 5446 1049 5509 ipsos
1073 5447 1248 5498 etiam
1283 5446 1540 5498 valenter
1562 5447 1847 5511 impetunt
1872 5452 1928 5499 et
1962 5460 2097 5510 pro-

506 5522 793 5569 sternunt.
822 5520 963 5579 Quae
986 5518 1260 5571 mirabilis
1277 5520 1434 5570 Deus
1450 5532 1582 5570 cum
1608 5519 1681 5570 ad
1699 5519 1986 5582 judicium
2010 5532 2098 5570 ve-

505 5589 655 5640 nerit
678 5589 737 5639 in
758 5588 938 5653 gloria
962 5602 1087 5652 sua,
1113 5590 1353 5641 mirifice
1382 5591 1675 5641 exaltabit.
1707 5590 1944 5654 Colligat
1960 5602 2095 5653 ergo

503 5670 574 5708 ex
597 5658 690 5709 his
712 5660 1605 5726 verbis,unusquisque,qualem
1630 5676 1690 5713 se
1716 5663 1923 5714 debeat
1944 5663 2101 5714 exhi-

505 5729 656 5779 bere.
684 5732 1032 5795 Caveatque,
1060 5734 1212 5785 sicut
1236 5734 1294 5785 in
1321 5734 1484 5785 titulo
1504 5737 1868 5796 praemissum
1895 5739 2004 5791 est.
2028 5748 2097 5785 ne

507 5799 761 5862 seipsum
794 5808 1124 5867 corrumpat
1145 5808 1203 5855 et
1232 5811 1443 5868 pereat,
1466 5812 1792 5869 peccatores
1818 5807 2097 5867 superbos

502 5868 803 5948 imitando,
822 5876 880 5948 et
892 5874 1133 5948 Domino
1147 5868 1487 5948 resistendo.
1505 5878 1611 5928 Sed
1626 5878 1815 5940 potius
1827 5877 2097 5937 humiles,

513 5941 709 6001 justos
734 5941 1199 5997 studeatimitari:
1215 5948 1778 6009 quatenusinfuturo
1789 5961 1966 6014 regno
1989 5961 2100 6000 me-

2195 3372 2420 3436 dicitur,
2444 3374 2579 3436 quia
2601 3387 2673 3425 ex
2698 3373 3062 3424 confessione
3081 3364 3302 3436 peccati
3324 3368 3569 3419 habetur
3583 3362 3791 3414 notitia

2198 3445 2314 3495 Dei.
2351 3448 2563 3508 Aperte
2577 3446 2750 3496 etiam
2775 3444 2980 3496 Judzea
2996 3449 3129 3494 ante
3156 3440 3325 3492 Israel
3351 3449 3440 3490 est
3454 3438 3791 3508 memorata.

2197 3516 2330 3578 quia
2353 3505 2452 3579 per
2467 3517 2896 3567 confessionem
2909 3516 2979 3567 ad
2993 3512 3399 3578 omnipotentis
3422 3510 3523 3562 Dei
3541 3505 3795 3572 perveni-

2197 3590 2290 3638 tur
2314 3587 2610 3639 visionem.
2632 3590 2830 3651 Neque
2854 3588 2988 3650 quia
3012 3587 3227 3637 dictum
3252 3589 3375 3636 est:
3408 3583 3469 3631 In
3487 3579 3649 3630 Israel
3674 3594 3796 3626 ma-

2196 3674 2367 3721 gnum
2386 3675 2583 3708 nomen
2599 3659 2740 3722 ejus:
2770 3660 2851 3711 sic
2874 3658 3273 3722 accipiendum
3288 3660 3393 3711 est,
3409 3660 3462 3702 ut
3476 3653 3598 3701 alibi
3614 3654 3792 3711 major,

2197 3730 2330 3782 alibi
2359 3732 2542 3781 minor
2572 3732 2647 3781 sit
2670 3732 2826 3782 Deus
2856 3746 2868 3781 :
2896 3730 2997 3781 sed
3022 3731 3098 3780 ibi
3124 3729 3374 3793 profecto
3397 3735 3671 3787 magnum
3690 3735 3795 3772 no-

2197 3816 2330 3853 men
2344 3802 2686 3865 Deidicitur,
2713 3803 2810 3852 ubi
2827 3815 2925 3865 pro
2949 3814 3073 3853 sum
3096 3798 3417 3864 majestatis
3441 3796 3793 3855 magnitudine

2198 3876 2546 3926 nominatur.
2574 3876 2663 3926 Sic
2680 3874 2852 3925 etiam
2878 3874 2935 3924 in
2960 3874 3214 3924 oratione
3242 3871 3509 3935 petimus,
3536 3865 3793 3916 Sanctifi-

2196 3951 2357 4001 cetur
2373 3960 2585 3998 nomen
2611 3952 2778 3998 tuum
2798 3946 3008 4008 (Matth.
3030 3945 3120 4007 6.).
3142 3942 3305 4006 Quod
3321 3954 3439 3992 non
3455 3940 3537 3990 sic
3561 3938 3792 4001 petitur,

2198 4020 2361 4084 quasi
2387 4031 2505 4070 non
2532 4019 2605 4070 sit
2639 4031 2853 4069 nomen
2873 4019 3141 4068 sanctum
3165 4015 3289 4065 Dei:
3321 4014 3421 4065 sed
3446 4016 3510 4064 ut
3526 4015 3790 4061 sanctum

2195 4091 2476 4141 habeatur
2509 4090 2580 4139 ab
2619 4088 2970 4151 hominibus,
3007 4087 3064 4138 id
3089 4092 3193 4149 est,
3224 4086 3302 4136 ita
3335 4084 3447 4135 illis
3470 4084 3795 4133 innotescat

2196 4166 2568 4221 Deus,utnon
2583 4159 3144 4222 existimentaliquid
3160 4154 3595 4221 sanctius,quod
3609 4153 3795 4215 magis

2197 4233 2486 4285 offendere
2512 4233 2767 4283 timeant.
2797 4232 2953 4282 Dixit
2976 4231 3142 4282 nobis
3167 4229 3263 4279 ubi
3282 4228 3357 4279 sit
3379 4232 3570 4285 notus,
3598 4225 3699 4275 ubi
3723 4224 3795 4273 sit

2198 4318 2465 4368 magnus.
2501 4304 2666 4355 Dicat
2691 4305 2861 4354 nobis
2885 4302 3058 4354 etiam
3083 4301 3181 4352 ubi
3205 4300 3425 4351 habitet
3452 4298 3627 4347 Deus.

2259 4366 2319 4430 3:
2337 4377 2526 4424 Factus
2554 4380 2624 4422 est
2650 4374 2871 4438 (inquit)
2911 4374 2971 4422 in
3013 4388 3140 4436 pace
3168 4373 3311 4419 locus
3341 4370 3471 4432 ejus,
3498 4374 3541 4417 et
3580 4366 3797 4416 habita-

2197 4450 2267 4496 tio
2292 4449 2404 4509 ejus
2429 4446 2491 4493 in
2516 4445 2963 4506 Sion.Quamdiu
2980 4444 3087 4507 (Ea:
3110 4443 3453 4505 Aumtstino)e
3477 4452 3595 4491 non
3619 4438 3799 4489 conﬂ-

2200 4520 2337 4570 teris
2371 4520 2623 4580 peccata.
2662 4516 3087 4580 quodammodo
3114 4515 3317 4565 rixaris
3352 4525 3483 4563 cum
3518 4513 3657 4561 Deo.
3689 4509 3794 4559 Sed

2201 4589 2744 4651 confitendoincipis
2763 4601 2961 4653 pacem
2982 4589 3191 4638 habere
3208 4598 3342 4636 cum
3368 4597 3454 4645 eo,
3472 4586 3527 4633 et
3550 4582 3628 4633 ita
3653 4581 3732 4653 iit,
3749 4581 3796 4653 ei

2204 4662 2366 4713 locus
2390 4662 2450 4711 in
2486 4650 2797 4711 cordetuo.
2830 4663 2895 4710 In
2919 4672 3059 4723 pace
3083 4657 3350 4721 perfectio
3380 4660 3488 4711 est.
3523 4653 3623 4704 ubi
3656 4650 3797 4702 nihil

2207 4734 2505 4799 repugnat.
2522 4733 2745 4782 Pacifici
2765 4736 2960 4782 autem
2977 4731 3036 4780 in
3063 4728 3390 4791 semetipsis
3403 4723 3661 4799 suntqui
3675 4735 3798 4773 om-

2199 4796 2304 4858 nes
2327 4796 2523 4856 motus
2548 4802 2725 4854 animi
2761 4802 2853 4853 sui
2886 4804 3244 4865 componunt
3269 4803 3326 4849 et
3366 4796 3684 4860 subjiciunt
3708 4806 3791 4843 m-

2196 4874 2744 4938 tioni,carnalesque
2756 4872 3250 4936 cencupiscentias
3265 4870 3480 4921 habent
3495 4865 3793 4938 edomitas.

2196 4952 2262 5000 In
2280 4950 2492 5012 quibus
2517 4950 2596 4999 ita
2610 4936 2747 4999 sunt
2763 4945 3029 4996 ordinata
3050 4944 3262 5016 omnia,
3284 4941 3422 5016 utid
3446 4937 3600 5016 quod
3623 4940 3715 5016 est
3738 4936 3792 5016 in

2196 5021 2433 5072 homine
2477 5020 2855 5085 praecipuum,
2882 5016 2939 5066 id
2974 5020 3066 5067 est
3095 5015 3260 5071 ratio,
3287 5014 3528 5085 imperet
3572 5013 3794 5085 caeteris

2196 5104 2312 5143 non
2342 5080 2779 5151 reluctantibus,
2798 5093 2855 5140 et
2874 5086 3210 5152 subjiciatur
3221 5083 3503 5149 potiori,id
3527 5085 3636 5152 est,
3660 5080 3791 5129 Deo.

2195 5165 2337 5215 Haec
2363 5168 2454 5213 est
2478 5176 2588 5226 pax
2620 5174 2754 5225 quae
2780 5160 2953 5210 datur
2986 5151 3048 5208 in
3087 5161 3238 5208 terra
3264 5154 3596 5207 hominibus
3627 5151 3791 5200 bona

2194 5235 2510 5285 voluntatis
2538 5234 2685 5295 (Luc.
2711 5231 2803 5293 2.).
2828 5234 2964 5282 Haec
2988 5233 3079 5280 est
3101 5228 3220 5279 vita
3242 5227 3644 5295 consummata
3667 5233 3791 5295 per-

2197 5305 2440 5368 fectique
2466 5292 2857 5368 sapientisDc
2874 5298 3208 5364 hujusmodi
3231 5310 3405 5370 regno
3429 5292 3791 5370 pacatissimo

2196 5366 2370 5440 atque
2382 5366 2815 5427 ordinatissime
2831 5372 3094 5435 princeps
3108 5369 3307 5421 saeculi
3321 5370 3418 5429 huj
3430 5381 3499 5417 us
3510 5366 3660 5440 foras
3674 5366 3793 5440 mit-

2197 5434 2338 5501 titur
2363 5449 2541 5508 (Joan.
2566 5447 2693 5512 12.),
2712 5447 2809 5509 qui
2834 5434 3122 5509 perversis
3139 5440 3591 5512 inordinatisque
3614 5434 3792 5512 domis

2195 5525 2381 5572 natur.
2415 5520 2549 5571 Sion
2590 5507 3157 5579 vero—interpretatur
3187 5510 3497 5576 speculatio.
3531 5509 3662 5571 Ipsa
3708 5507 3789 5554 est

2197 5592 2607 5654 Ecclesia,qum
2627 5591 2688 5641 in
2717 5586 3015 5641 altitudine
3037 5588 3294 5635 moratur
3310 5582 3523 5655 divinae
3541 5581 3790 5655 contem-

2196 5650 2897 5729 plationis—postmodum
2942 5655 3185 5729 fruitura
3230 5652 3579 5729 beatitudine
3614 5650 3788 5727 ipsius

2196 5720 2413 5798 apertas
2456 5720 2717 5785 visionis.
2757 5734 2823 5781 In
2867 5730 2978 5780 ista
3021 5726 3154 5777 Sion
3198 5730 3287 5775 est
3338 5720 3611 5798 habitatio
3644 5721 3787 5798 ejus.

2198 5790 2349 5858 sicut
2366 5807 2488 5870 ipse
2505 5806 2671 5856 dicit:
2700 5804 2770 5854 Et
2791 5799 3150 5857 inhabitabo,
3175 5807 3227 5849 et
3250 5798 3403 5848 inam
3414 5793 3624 5846 bulabo
3642 5791 3699 5841 in
3713 5790 3785 5841 eis

2222 5879 2402 5929 Ezech.
2446 5876 2571 5931 43.).

2201 5880 2417 6003 (b261,;
2432 5878 2690 6010 ciiiregit
2704 5941 2968 6007 potentias
2992 5938 3244 6002 (scilicet)
3271 5952 3478 5997 arcum,
3504 5938 3728 5991 scutum,
3751 5935 3788 5977 et
