3884 6392
76 396 184 451 957

1080 398 1153 449 ΙΝ
1190 395 1515 449 PSALMOS
1548 395 1756 448 LXXV
1788 396 2373 453 COMMENTARIUS.

3261 390 3375 448 958

74 520 419 594 gladium,“
460 520 670 571 bellum.
702 524 768 594 In
792 522 957 594 (Sion,
988 520 1077 573 vel
1110 521 1170 594 in
1205 532 1345 585 pace
1402 520 1683 594 confregit
1700 516 1753 587 Α
1780 526 1989 594 terrore
2011 523 2141 585 quis
2168 517 3079 594 homopoteritcontraire7386
3096 519 3180 571 Ne
3237 523 3373 594 tunc

76 592 358 657 quicquid
370 605 470 657 pro
484 606 695 657 magno
711 593 1019 652 habebant,
1034 593 1189 644 unde
1215 606 1275 643 se
1291 593 1678 655 temporaliter

74 666 478 729 protegebant,
499 668 556 715 et
571 664 783 716 bellum
816 666 967 728 quod
984 665 1263 715 adversus
1275 664 1678 725 Deum,defen-

74 737 266 788 dendo
293 741 529 801 peccata
564 749 688 799 sua,
724 738 1014 801 gerebant.
1044 739 1145 787 Est
1178 736 1350 787 etiam
1387 749 1555 786 arcus
1579 736 1679 787 de-

76 808 362 873 ceptionis
376 808 437 858 in
463 808 770 869 haereticis,
790 814 1018 859 scutum
1034 808 1257 859 duritiae
1274 807 1335 858 in
1352 807 1676 865 incredulis,

78 880 309 943 gladius
335 880 393 929 in
422 881 699 943 tyrannis,
727 879 941 930 bellum
960 879 1014 929 in
1044 879 1215 930 vitiis.
1242 881 1380 930 Haec
1406 879 1680 930 suntdia-

80 951 283 1002 bolicm
301 951 596 1014 potentiaa,
611 965 754 1013 quas
768 952 1134 1014 omnipotens
1151 953 1304 1002 Deus
1322 950 1608 1001 destruxit
1624 956 1679 1002 et

80 1022 365 1085 confregit
385 1023 444 1073 in
471 1023 709 1086 paciflco
734 1022 924 1073 corde.
960 1023 1171 1073 Deinde
1198 1023 1479 1073 convertit
1507 1035 1569 1073 se
1606 1022 1678 1074 ad

82 1094 276 1157 ipsum
302 1096 501 1154 Deum,
529 1094 695 1156 quasi
720 1093 919 1143 dicens
945 1111 955 1141 :
998 1095 1100 1155 Tu,
1127 1094 1387 1154 Domine,
1410 1093 1508 1156 qui
1543 1106 1679 1144 con-

78 1164 285 1228 fringis
310 1168 504 1214 tantas
539 1165 840 1227 potentias,
866 1164 974 1214 hoc
998 1164 1194 1214 ordine
1218 1164 1376 1214 facis.

137 1235 193 1287 5.
223 1235 559 1283 ltluminans
577 1240 634 1283 tu
654 1234 973 1283 mirabiliter
990 1251 1024 1283 α
1044 1235 1314 1283 montibus
1325 1236 1678 1283 a’temisﬂere

80 1311 139 1354 tu
161 1313 221 1357 et
252 1319 370 1358 non
393 1307 560 1358 alius.
591 1308 797 1370 Magno
819 1306 1071 1371 pondere
1095 1307 1313 1358 dictum
1344 1309 1451 1369 est,
1480 1307 1584 1357 Tu:
1613 1311 1680 1357 ut

78 1376 347 1428 videlicet
362 1377 587 1428 nullum
605 1377 782 1429 alium
792 1377 1081 1441 intelligas
1096 1376 1679 1433 illuminatorem,nisi

78 1449 270 1499 solum
297 1450 500 1500 Deum.
527 1451 711 1500 Homo
730 1449 1019 1512 praedicat,
1052 1451 1203 1499 Deus
1230 1448 1536 1501 illuminat.
1562 1450 1680 1499 Nec

77 1520 335 1570 exterius
376 1533 566 1571 sermo
609 1520 832 1584 proficit
869 1520 1257 1584 prtedicantis,
1290 1520 1404 1571 nisi
1438 1519 1680 1571 interius

78 1591 261 1655 gratia
283 1597 550 1654 operetur
574 1590 747 1658 385
775 1590 1177 1642 illuminantis.
1210 1592 1278 1641 Et
1301 1592 1399 1652 qui
1426 1595 1562 1641 sunt
1584 1590 1681 1641 isti

78 1667 310 1712 montes
340 1663 561 1724 aeterni,
602 1664 712 1713 nisi
743 1663 1151 1727 praedicatores
1192 1662 1423 1713 sancti?
1456 1664 1680 1713 Montes

78 1740 308 1797 propter
318 1734 1314 1798 altitudinemjustitize;zeterni,quia
1334 1747 1557 1797 semper
1567 1749 1681 1782 cum

85 1805 327 1855 Domino
371 1806 650 1857 mansuri.
692 1809 842 1857 Istos
878 1812 1108 1856 montes
1150 1806 1308 1869 prius
1344 1804 1685 1855 illuminavit

1778 593 1855 644 ibi
1881 594 2128 658 primum
2158 595 2395 659 incipies
2420 594 2606 646 irasci.
2634 594 2723 643 Eae
2747 599 2891 659 tunc,
2927 590 3069 648 cuni
3095 590 3375 647 ascende-

1778 668 1911 717 runt
1940 678 2139 730 equos,
2164 667 2253 715 ira
2275 672 2369 715 tua
2402 666 2507 717 fuit
2533 666 2592 717 in
2617 666 2717 716 eis.
2746 668 3091 719 Irascebaris
3133 672 3292 727 tunc,
3318 666 3377 713 et

1778 737 2119 788 minabaris:
2148 738 2502 800 increpabas,
2534 737 2672 800 quia
2695 739 2951 789 converti
2976 736 3368 790 desiderabas.

1781 811 1848 859 Et
1861 809 2215 871 quiairatum
2238 813 2696 863 contemserunt.
2713 810 3083 872 postmodum
3098 808 3367 858 terribilem

1777 880 2070 932 inventuri
2097 888 2252 930 sunt.
2272 880 2435 931 Unde
2452 885 2517 931 et
2540 880 2807 931 subditur
2832 896 2844 930 :

1840 952 1891 1005 9.
1919 952 1992 1000 De
2014 951 2397 1000 caeloauditum
2415 951 2584 1013 fecisti
2598 951 2892 1013 judicium.
2909 950 3133 1002 Nullam
3151 949 3370 1000 habent

1778 1024 2380 1074 excusationemNam
2395 1022 2579 1073 audiri
2590 1028 2721 1073 ante
2736 1022 2910 1073 fecisti
2919 1023 3366 1085 judiciumtuum,

1778 1096 1951 1146 etiam
1968 1095 2039 1145 de
2054 1094 2198 1145 cmio
2216 1094 2323 1145 fuit
2339 1094 2421 1144 eis
2444 1094 2910 1157 praenuntiatum.
2936 1094 3072 1145 Θωιὶ
3100 1092 3369 1143 enarrant

1777 1167 2014 1228 gloriam
2045 1166 2147 1217 Dei
2172 1165 2332 1226 (Psal.
2363 1166 2479 1226 18.).
2504 1163 2641 1216 Caeli
2682 1165 3054 1227 pronuntiant
3086 1162 3369 1227 judicium

1780 1238 1897 1288 Dei.
1926 1237 2047 1299 Vel,
2062 1237 2132 1287 de
2153 1238 2297 1287 cmio
2310 1236 2696 1287 descensurus
2710 1249 2790 1294 es,
2806 1235 3067 1286 utaudiri
3083 1235 3256 1286 facias
3275 1233 3370 1295 ju-

1779 1310 1993 1361 dicium
2019 1313 2201 1359 tuum.
2228 1308 2317 1359 Sic
2340 1308 2492 1367 enim
2516 1310 2756 1359 testatur
2782 1306 3183 1370 Evangelium:
3209 1306 3371 1354 'I‘unc

1778 1380 2055 1432 videbunt
2078 1379 2280 1429 Filium
2300 1378 2546 1429 hominis
2560 1376 3077 1429 descendentemin
3098 1375 3370 1432 nubibus,

1780 1465 1914 1504 cum
1937 1455 2221 1516 potestate
2236 1462 2446 1513 magna
2459 1451 2827 1514 etmajestate
2840 1450 3050 1510 (Matth.
3078 1446 3202 1509 24.).
3232 1447 3374 1516 Nam

1779 1515 2018 1577 virtutes
2042 1522 2319 1574 cmlorum
2344 1522 2733 1574 movebuntur
2758 1520 2901 1582 (Luc.
2934 1519 3061 1583 21.).
3088 1520 3248 1569 Tunc
3280 1515 3378 1566 flet

1782 1595 1937 1659 quod
1956 1595 2333 1658 subjunctum
2357 1599 2446 1643 est
2469 1606 2482 1644 :

1845 1665 1931 1721 10.
1969 1656 2129 1715 Terra
2154 1665 2391 1724 tremuit,
2410 1670 2454 1713 et
2479 1664 2696 1727 quievit.
2724 1664 2972 1715 Terrena
3001 1656 3380 1717 conscientia,

1783 1752 1916 1802 quae
1942 1737 2110 1789 modo
2143 1750 2203 1788 se
2223 1737 2415 1787 turbat
2432 1741 2490 1787 et
2511 1735 2748 1795 laborat,
2776 1740 2911 1786 tunc
2934 1738 3179 1785 tremere
3200 1728 3373 1802 habet

1784 1797 1842 1861 et
1864 1810 2177 1872 quiescere.
2194 1809 2323 1858 Jam
2346 1819 2465 1857 non
2486 1806 2736 1856 inveniet
2751 1818 2883 1868 quae
2897 1797 3373 1872 faciatmalazised

81 1881 334 1949 aeternus
363 1876 550 1949 sol,ut
565 1890 664 1941 per
693 1890 791 1928 eos
808 1878 1180 1941 postmodum
1196 1882 1405 1949 terram
1432 1889 1596 1927 suam
1616 1876 1681 1949 ii-
1706 1876 1759 1949 B
1784 1869 1967 1932 multa
2011 1879 2222 1930 sentiet
2258 1877 2414 1929 unde
2453 1877 2858 1949 contremiscat
2890 1879 3192 1949 tormenta.
3228 1869 3373 1949 Hinc

82 1946 413 2011 luminaret,
430 1948 487 1998 id
508 1949 969 2001 est.Ecclesiam:
996 1948 1174 1999 ethoc
1193 1948 1681 2009 mirabiliter,quia

84 2019 471 2083 spiritualiter.
509 2020 612 2070 Vel
655 2020 1003 2082 mirabiliter,
1028 2020 1085 2070 id
1102 2026 1208 2080 est,
1246 2032 1379 2070 cum
1407 2018 1589 2082 signis
1625 2022 1682 2068 et

84 2090 382 2154 prodigiis,
423 2091 575 2142 sicut
625 2092 904 2155 scriptum
929 2096 1057 2141 est:
1095 2091 1179 2141 Illi
1218 2096 1414 2141 autem
1444 2089 1680 2154 profecti

79 2163 543 2227 praedicaverunt
572 2164 805 2226 ubique,
829 2164 1074 2214 Domino
1097 2165 1438 2226 cooperante
1473 2166 1529 2212 et
1561 2174 1681 2211 ser-

80 2246 312 2285 monem
329 2235 726 2294 contlrmante,
753 2235 1130 2298 sequentibus
1145 2234 1326 2297 signis
1340 2233 1527 2295 (Marc.
1553 2231 1679 2294 16.).

80 2305 299 2365 Quibus
323 2305 796 2369 prwdicantibus,
1146 2320 1149 2323 '

140 2376 191 2431 6.
231 2376 456 2425 Turbati
478 2382 603 2424 sunt
627 2392 809 2424 omnes
834 2376 1144 2438 insipientes
1169 2375 1338 2424 corde.
1366 2372 1681 2424 Praedicata

81 2453 168 2498 est
194 2447 424 2498 veritas.
452 2448 613 2498 Dicta
637 2452 724 2497 est
755 2451 971 2499 aeterna
996 2447 1131 2503 vita,
1159 2458 1291 2509 quas
1334 2457 1453 2494 non
1492 2449 1581 2494 est
1605 2443 1676 2493 de

79 2520 191 2569 ista
206 2520 825 2571 terra.Contemserunt
841 2518 1106 2568 homines
1123 2517 1297 2568 vitam
1313 2520 1677 2579 praesentem;

81 2596 421 2641 amaverunt
439 2589 1057 2641 futuram.llluminasti
1073 2588 1531 2650 perilluminatos
1544 2601 1683 2633 mon-

86 2668 170 2710 tes.
198 2661 545 2724 Insipientes
573 2664 767 2710 autem
784 2659 1280 2710 conturbatisunt.
1305 2657 1442 2707 Inde
1460 2656 1553 2706 illa
1567 2669 1683 2718 per-

84 2732 301 2782 secutio
318 2732 798 2793 martyrumlnde
817 2730 1094 2793 strepitus
1112 2727 1681 2780 hazreticorumJnde

82 2802 371 2853 dissensio
395 2802 731 2853 carnalium.
759 2802 896 2853 Inde
921 2801 1136 2851 inimici
1162 2800 1448 2851 Ecclesiae.
1476 2798 1681 2849 Adhuc

81 2874 218 2924 dum
247 2873 524 2937 prmdicat
555 2874 804 2937 sapiens,
824 2874 1088 2923 turbatur
1110 2871 1409 2934 insipiens.
1438 2869 1536 2920 Ille
1561 2868 1682 2920 vult

82 2945 383 3009 corrigere,
411 2945 521 2995 iste
557 2944 887 3007 indignatur
908 2948 966 2994 et
1005 2942 1285 2993 irascitur.
1319 2942 1544 3004 Corripe
1574 2940 1680 3001 (in-

82 3018 223 3081 quit)
276 3015 541 3076 stultum,
588 3021 645 3067 et
689 3015 868 3067 odibit
923 3019 995 3066 te.
1061 3013 1290 3075 Corripe
1342 3013 1677 3081 sapientem,

78 3080 134 3139 et
178 3088 398 3137 amabit
435 3090 492 3138 te
550 3087 727 3148 (Prov.
787 3086 879 3148 9.).
949 3084 1097 3145 Quid
1150 3084 1408 3135 fecerunt
1466 3080 1679 3133 turbati

79 3158 575 3209 illi?Dormierunt
612 3172 868 3205 somnum
913 3171 1092 3207 suum.
1138 3158 1491 3207 Amaverunt
1529 3166 1673 3219 prie-

82 3230 291 3290 sentia,
317 3233 375 3279 et
414 3228 786 3286 dormierunt,
834 3227 1002 3289 idest,
1038 3226 1304 3277 delectati
1350 3230 1485 3275 sunt
1530 3225 1672 3288 ipsis

1783 1957 1953 2004 erunt
1968 1950 2300 2002 accusantia
2322 1952 2569 2014 peccata,
2594 1948 2728 1999 inde
2743 1953 2960 1999 terrens
2972 1943 3213 2010 justitia,
3236 1940 3370 1990 sub-

1782 2031 1876 2077 tus
1905 2028 2109 2088 patens
2133 2020 2430 2072 horridum
2454 2020 2628 2071 chaos
2662 2019 2885 2078 inferni,
2918 2019 3168 2081 desuper
3191 2014 3371 2088 iratus

1775 2097 1877 2161 jud
1885 2082 1975 2147 e-x:
1987 2095 2146 2145 intus
2159 2105 2331 2144 urens
2343 2090 2713 2153 conscientia,
2731 2091 2865 2141 foris
2875 2089 3091 2161 ardens
3098 2082 3276 2161 m_und
3286 2094 3370 2161 us.

1779 2152 1987 2220 :Iustus
2000 2167 2096 2217 vix
2110 2164 2440 2225 salvabitur,
2456 2152 2723 2227 peccator
2733 2162 2830 2213 ubi
2843 2163 3036 2222 parebit
3055 2159 3097 2220 (1
3110 2152 3308 2207 .PctM
3333 2152 3373 2215 )‘t

1783 2241 1917 2290 Cum
1960 2241 2261 2296 assurgeret
2292 2236 2354 2283 in
2382 2234 2658 2297 judicium
2698 2234 2853 2293 Deus,
2891 2237 2950 2279 ut
2977 2230 3147 2279 salvos
3177 2227 3372 2289 faceret

1780 2326 1962 2361 omnes
2000 2311 2308 2357 mansuetos
2346 2311 2519 2356 terrm.
2556 2307 2681 2356 Non
2715 2318 2815 2356 eos
2849 2303 2948 2360 qui
2990 2299 3374 2353 ascenderunt

1780 2394 1982 2445 equos,
2023 2380 2123 2431 sed
2159 2390 2362 2428 omnes
2387 2376 2484 2440 qui
2520 2376 2580 2427 in
2613 2376 2719 2426 hac
2757 2379 2896 2425 terra
2932 2377 3175 2445 propter
3190 2371 3374 2445 Deum

1780 2440 2010 2504 fuerunt
2050 2448 2361 2509 mansueti,
2388 2447 2698 2510 simplices.
2732 2447 3034 2511 patientes,
3065 2443 3125 2494 in
3158 2440 3374 2511 judicio

1782 2539 1888 2576 suo
1915 2524 2107 2575 salvos
2124 2521 2291 2572 faciet
2306 2522 2473 2571 Deus.
2491 2520 2611 2569 Hoc
2625 2510 2751 2582 ipsa
2763 2518 2986 2592 Veritas
2999 2516 3055 2592 in
3069 2510 3375 2592 Evangelia

1781 2600 2044 2655 testatur,
2070 2593 2297 2643 dicens:
2324 2592 2479 2641 Beati
2508 2589 2986 2662 mites,qu_oniam
3008 2586 3118 2651 ipsi
3140 2582 3377 2662 haeredi:

1783 2673 1898 2718 tate
1917 2665 2303 2731 possidebunt
2328 2668 2537 2713 terram
2559 2662 2765 2726 (Matth.
2792 2659 2881 2722 5.).
2906 2660 3077 2731 Mites
3104 2660 3258 2731 sunt,
3278 2659 3374 2731 qui

1781 2724 1995 2790 cedunt
2016 2734 2499 2800 improbitatibus,
2518 2724 2574 2784 et
2594 2744 2711 2783 non
2726 2732 3004 2783 resistunt
3019 2730 3078 2779 in
3093 2727 3264 2800 malo,
3276 2724 3376 2776 sed

1781 2810 2021 2861 vincunt
2032 2808 2091 2857 in
2101 2799 2267 2858 ibono
2282 2805 2515 2855 malum.
2531 2804 2647 2867 Ipsi
2659 2803 3086 2855 baareditabunt
3108 2799 3262 2851 illam
3277 2802 3381 2847 ter-

1781 2894 1920 2939 ram,
1948 2879 2020 2930 de
2045 2892 2165 2942 qua
2185 2876 2565 2928 alibidicitur:
2594 2875 2780 2925 Portio
2803 2887 2931 2925 mea
2954 2874 3107 2924 Deus
3140 2871 3197 2921 in
3229 2872 3378 2942 terra

1778 2940 2089 3004 viventium
2102 2948 2267 3012 (Psal.
2288 2947 2448 3008 141.).
2465 2949 2597 3010 Ipsa
2615 2949 2704 2997 est
2727 2945 2925 3007 utique
2941 2943 3170 3006 requies
3187 2945 3244 2992 et
3259 2940 3378 2990 vita

1781 3025 2130 3077 sanctorum.
2144 3019 2414 3083 quoniam
2432 3017 2718 3069 mansueti
2737 3013 3265 3077 fuerunt,quoniam
3282 3012 3375 3061 bo-

1778 3106 1911 3145 nam
1924 3097 1982 3144 et
1994 3090 2270 3142 humilem
2283 3088 2702 3139 confessionem
2714 3087 3061 3138 habuerunt:
3078 3084 3377 3148 propterea

1776 3166 1836 3216 in
1861 3163 2104 3215 Domino
2129 3160 2482 3225 gaudebunt.
2508 3160 2630 3210 Hoc
2654 3163 2745 3210 est
2764 3157 2918 3221 quod
2938 3154 3241 3219 subjungit
3260 3172 3277 3225 7:

1840 3234 1924 3289 11.
1965 3224 2237 3293 Quoniam
2265 3231 2516 3295 cogitatio
2542 3230 2782 3279 hominis
2812 3227 3147 3291 conﬁtebitur
3171 3224 3269 3273 tibi
3293 3238 3306 3274 :
3335 3227 3380 3272 et

82 3288 494 3365 Pmsehtibus-
519 3302 768 3371 ὃοωιξυδ
794 3288 997 3371 θοτμωί
1016 3302 1108 3371 est
1142 3298 1259 3348 Vim
1282 3295 1676 3371 13113339951991
1705 3288 1754 3362 C
1778 3288 2016 3371 reliquiae
2048 3288 2387 3367 cogitationis
2411 3303 2551 3351 diem
2576 3302 2770 3364 festum
2794 3288 2951 3363 agent
2976 3298 3087 3349 tibi.
3126 3297 3379 3349 Primum

82 3372 462 3433 dormierunt,
497 3370 574 3421 ibi
610 3369 947 3421 delectando
973 3369 1328 3433 quieverunt.
1360 3369 1427 3418 Et
1459 3368 1541 3417 sic
1566 3366 1677 3416 illis

84 3444 230 3493 facta
246 3446 387 3493 sunt
404 3443 512 3491 ista
536 3442 843 3504 prmsentia
860 3440 1145 3491 deliciosa.
1160 3439 1455 3500 Quomodo
1480 3440 1575 3502 qui
1593 3438 1681 3487 vi-

83 3514 176 3564 det
196 3527 298 3577 per
313 3514 603 3563 somnium
618 3513 911 3562 invenisse
929 3526 990 3562 se
1011 3512 1372 3562 thesaurum:
1391 3510 1678 3561 somnium

88 3585 216 3635 fecit
233 3584 398 3634 illum
415 3583 671 3645 divitem,
691 3584 971 3645 evigilatio
994 3583 1462 3645 fecitpauperem.
1479 3583 1682 3631 Trans-

84 3657 144 3706 iit
170 3667 417 3707 somnus
434 3656 561 3715 iste,
576 3654 801 3705 transiit
818 3655 934 3705 vita
957 3655 1086 3715 ista,
1110 3654 1176 3701 Et
1192 3653 1335 3701 nihil
1358 3654 1680 3700 invenerunt

83 3742 266 3775 omnes
289 3726 397 3774 viri
414 3726 736 3773 divitiarum
760 3726 819 3772 in
840 3725 1091 3773 manibus
1106 3727 1238 3774 suis.
1258 3725 1401 3786 Quia.
1423 3724 1563 3773 nihil
1592 3736 1684 3785 p0-

84 3803 325 3849 suerunt
349 3797 407 3847 in
420 3797 689 3847 manibus
703 3796 926 3847 Christi.
946 3796 1111 3848 Tales
1136 3801 1273 3847 sunt
1295 3801 1536 3846 terrenae
1548 3794 1685 3845 divi-

85 3870 193 3920 tiae.
224 3867 380 3919 Talis
405 3873 495 3919 est
532 3880 770 3918 somnus
795 3868 1094 3932 praesentis
1119 3868 1276 3919 vitm.
1300 3870 1367 3918 In
1408 3865 1682 3929 praesenti

86 3944 292 3993 florent
316 3945 374 3991 et
399 3941 773 4003 delectantur,
817 3941 876 3991 in
900 3940 1173 4003 praesenti
1196 3939 1409 4002 aliquid
1440 3939 1683 4003 promit-

88 4018 216 4064 tunt
241 4028 253 4063 :
291 4012 395 4063 sed
421 4013 477 4063 in
504 4013 616 4062 tlne
641 4011 712 4062 ad
738 4011 977 4062 nihilum
1005 4012 1268 4063 tendunt.
1295 4011 1512 4063 Deinde
1536 4024 1688 4062 com-

86 4084 609 4136 mendatduritiam
632 4083 819 4133 cordis
837 4096 1053 4145 eorum,
1078 4084 1687 4146 quiacumterrenndili-

86 4164 296 4217 guntur,
324 4168 422 4205 cor
445 4166 478 4205 a
516 4155 779 4217 supernis
800 4154 1117 4205 induratur.
1138 4154 1300 4205 Unde
1313 4160 1367 4204 et
1390 4153 1681 4205 subditur:

146 4226 198 4279 7.
246 4226 329 4276 Ab
356 4226 720 4289 increpatione
750 4230 863 4284 tua,
888 4227 1028 4274 Deus
1050 4226 1231 4283 Jacob,
1258 4227 1687 4274 dormitaverunt

84 4313 267 4347 omnes
298 4298 396 4361 qui
418 4297 773 4345 ascenderunt
790 4312 963 4359 equos.
985 4299 1277 4347 Intantum
1292 4297 1458 4360 sopiti
1479 4296 1687 4347 suntin

88 4370 354 4427 terrenis,
381 4371 446 4419 ut
478 4369 653 4419 miras
688 4369 1103 4432 omnipotentis
1141 4369 1242 4418 Dei
1270 4369 1686 4431 increpationes

86 4455 206 4493 non
232 4440 519 4492 audirent.
555 4442 682 4491 Non
720 4439 1106 4503 vigilaverunt
1146 4440 1207 4490 in
1240 4440 1430 4500 corde,
1460 4440 1591 4503 quia
1615 4440 1686 4489 de

88 4512 484 4576 increpatione
519 4511 729 4562 durum
769 4524 866 4562 cor
899 4511 1241 4561 habuerunt.
1269 4511 1489 4561 Duritia
1534 4511 1685 4562 enim

90 4584 285 4636 cordis
310 4582 652 4634 obdormitio
687 4586 791 4633 est.
828 4586 971 4633 Ecce
1014 4583 1135 4646 ipse
1173 4584 1328 4633 Deus
1349 4583 1544 4648 Jacob,
1568 4594 1686 4633 non

83 4668 292 4706 recens
317 4656 491 4718 Deus,
529 4654 631 4704 sed
665 4654 764 4716 qui
788 4655 948 4704 tanta
972 4653 1253 4704 mirabilia
1278 4653 1408 4704 fecit
1430 4654 1488 4704 in
1513 4654 1685 4706 domo

82 4726 297 4777 Jacob:
323 4725 448 4789 ipse
475 4738 629 4776 nunc
652 4725 908 4788 increpat
939 4730 1285 4789 peccatores,
1310 4724 1536 4777 intonat
1572 4726 1684 4777 iras

84 4811 244 4862 suas,
264 4801 435 4848 sonat
458 4795 788 4861 evangelica
809 4796 966 4860 tuba,
984 4796 1241 4848 minatur
1255 4796 1558 4859 judicium,
1578 4798 1687 4847 mi-

83 4875 260 4921 natur
295 4866 596 4919 aeternales
622 4879 842 4931 pmnas.
864 4869 1015 4918 Inter
1040 4870 1201 4919 tanta
1223 4870 1475 4919 tonitrua
1499 4868 1687 4919 adhuc

83 4940 383 4993 dormiunt
395 4952 459 4991 su
468 4940 840 5005 perbi,adhuc
850 4939 1031 4991 vitam
1048 4944 1298 4990 veterem
1312 4938 1517 4990 nolunt
1528 4941 1689 4991 dam-

82 5025 242 5072 nare,
270 5024 463 5075 neque
486 5011 543 5062 in
564 5022 780 5063 novam
794 5009 1043 5075 vigilare.
1064 5013 1246 5072 Quare
1270 5010 1396 5073 hoc,
1422 5012 1532 5061 nisi
1552 5012 1689 5075 quia

81 5083 477 5136 ascenderunt
499 5082 762 5146 equos,id
779 5081 1227 5141 est,extulerunt
1240 5094 1301 5133 se
1324 5083 1381 5132 in
1397 5083 1685 5146 superbia,

82 5158 141 5208 in
154 5155 501 5218 honoribus,
521 5155 581 5205 in
596 5154 999 5218 potestatibus,
1014 5153 1074 5203 in
1085 5153 1300 5204 incerto
1325 5154 1655 5205 divitiarum
1667 5158 1690 5203 .9

82 5230 256 5279 Tales
281 5230 418 5277 sunt
444 5226 578 5289 equi
602 5237 821 5287 eorum,
838 5226 1050 5287 quibus
1076 5226 1373 5285 tamquam
1396 5225 1690 5277 indomitis

84 5300 141 5350 in
167 5303 462 5350 tetermun
486 5298 749 5348 feruntur
773 5296 1130 5360 supplicium.
1162 5298 1232 5347 Et
1265 5297 1411 5349 bene
1437 5299 1533 5355 ait,
1562 5300 1692 5347 Dor-

85 5371 450 5419 mitaverunt:
477 5368 610 5432 quia
631 5369 721 5419 hic
743 5368 1026 5432 incipiunt
1041 5367 1305 5420 dormire.
1330 5371 1473 5419 Nam
1497 5383 1691 5435 perpe-

87 5449 229 5494 tuus
247 5453 455 5493 eorum
480 5453 720 5491 somnus
732 5440 911 5491 eritin
927 5445 1145 5492 aeterna
1168 5445 1370 5492 morte.
1396 5441 1521 5493 Sive
1532 5442 1596 5490 ab
1614 5443 1694 5490 in-

85 5513 403 5578 crepatione
428 5515 545 5571 tua,
569 5524 683 5575 qua
706 5512 965 5563 dicturus
991 5524 1054 5562 es
1078 5529 1088 5560 :
1113 5513 1196 5562 Ite
1215 5511 1275 5562 in
1308 5512 1503 5575 ignem
1528 5519 1694 5565 aeter-

89 5597 236 5635 num
271 5583 488 5647 (Matth.
515 5581 619 5645 ι25.)
650 5601 663 5632 :
709 5582 984 5646 Incipient
1008 5582 1275 5645 dormire,
1307 5583 1366 5633 id
1388 5586 1493 5648 est,
1532 5585 1610 5635 ire
1635 5585 1693 5635 in

91 5661 383 5708 aeternum
403 5666 673 5705 somnum
687 5653 992 5717 mortis,illi
1010 5654 1109 5717 qui
1119 5653 1506 5706 ascenderunt
1521 5672 1693 5722 equos,

90 5727 263 5789 idest,
301 5725 402 5790 qui
423 5725 655 5776 fuerunt
684 5726 931 5789 superbi.
960 5726 1065 5787 Qui
1091 5725 1181 5776 hic
1206 5726 1379 5777 modo
1403 5726 1696 5780 dormiunt

92 5798 148 5849 in
175 5797 413 5858 divitiis,
444 5796 521 5848 ibi
545 5797 912 5861 postmodum
935 5796 1280 5860 sepeliantur
1299 5796 1361 5848 in
1379 5801 1692 5851 tormentis.

152 5869 204 5923 8.
242 5871 341 5929 Tu,
364 5869 519 5918 Deus
550 5868 649 5931 qui
670 5866 781 5920 hoc
805 5867 1258 5933 facies,terribilis
1280 5883 1349 5928 es,
1374 5868 1432 5920 id
1455 5874 1562 5933 est,
1586 5874 1698 5922 ter-

92 5940 278 5993 ribilis
301 5939 640 6004 apparebis:
672 5944 720 5988 ct
750 5939 872 6003 quis
914 5941 1112 5989 resistet
1144 5936 1237 5986 tibi
1261 5942 1285 5989 ρ
1312 5939 1372 5990 in
1406 5944 1566 5993 tanto
1602 5946 1699 5994 tuo

186 6148 213 6163 ν

1784 3380 1991 3442 quippe
2026 3375 2257 3439 quando
2281 3374 2454 3425 homo
2470 3373 2823 3425 convertitur
2836 3372 2905 3423 ad
2924 3373 3127 3428 Deum,
3152 3371 3209 3420 et
3224 3380 3383 3419 reco-

1784 3452 1929 3515 gitat
1957 3448 2151 3499 omnia
2174 3447 2322 3496 mala
2345 3458 2476 3509 quin
2514 3446 2663 3503 fecit,
2690 3457 2827 3505 qum
2847 3444 3218 3515 locutusest,
3248 3451 3380 3502 quin

1784 3512 2068 3585 cogitavit,
2094 3522 2268 3581 atque
2293 3530 2358 3568 ea
2382 3530 2480 3581 per
2499 3516 2919 3568 confessionem
2942 3512 3236 3564 humiliter
3257 3522 3384 3575 ape-

1782 3595 1855 3645 rit
1880 3608 1891 3643 :
1924 3593 2097 3642 habet
2121 3589 2537 3651 confusionem,
2576 3588 2751 3639 habet
2780 3586 3092 3647 tristitiam,
3116 3587 3173 3633 et
3219 3594 3378 3633 cum-

1784 3663 2175 3728 punctionem.
2207 3660 2317 3711 Sed
2341 3660 2547 3711 deinde
2582 3664 2714 3724 post
2742 3663 2930 3709 actam
2965 3654 3381 3728 paenitentiam,

1784 3725 1915 3798 post
1951 3736 2374 3794 consequutam
2395 3743 2429 3781 a
2465 3732 2578 3781 Deo
2603 3729 3005 3780 remissionem
3031 3730 3089 3777 et
3114 3725 3379 3798 gratiam,

1786 3793 1918 3857 cum
1934 3803 2135 3866 incipit
2153 3793 2468 3861 recogitare
2496 3812 2626 3863 quae
2663 3798 2954 3863 cogitavit,
2981 3802 3038 3848 et
3054 3807 3295 3866 pensare
3312 3793 3382 3844 de

1786 3874 2020 3939 quantis
2048 3864 2315 3923 sordibus
2342 3876 2399 3922 et
2419 3871 2575 3922 vitiis
2600 3874 2657 3921 et
2681 3868 2930 3932 peccatis
2953 3867 3085 3931 pius
3098 3864 3380 3939 Dominus

1784 3935 1920 3999 eum
1952 3943 2291 3999 liberaverit.
2317 3947 2533 4005 quanta
2556 3942 2791 4005 insuper
2821 3940 2872 4007 ei
2897 3941 3048 3989 bona
3066 3935 3381 4007 spiritualia

1787 4015 2118 4069 contulerit:
2139 4014 2339 4079 incipit
2359 4014 2509 4064 intra
2522 4026 2584 4064 se
2604 4006 2872 4077 gaudere,
2900 4010 3114 4062 divinae
3138 4006 3379 4079 bonitati

1786 4089 2003 4154 gratias
2038 4098 2207 4149 agere
2234 4077 2474 4148 {sicque
2498 4083 2756 4147 gaudens
2780 4083 2840 4133 in
2866 4082 3121 4154 s‘eipsum
3135 4077 3379 4154 Domino

1788 4150 1940 4210 diem
1975 4158 2187 4207 festum
2211 4155 2330 4219 agit
2353 4156 2484 4206 Deo.
2514 4154 2698 4205 Prima
2720 4166 2854 4217 ergo
2884 4152 2991 4215 (Em
3011 4150 3259 4213 August.)
3293 4160 3381 4219 coe

1787 4230 1986 4295 gitatio
2016 4218 2439 4279 confessionem
2468 4225 2641 4277 habet
2663 4231 2721 4276 et
2743 4223 3125 4275 recessionem
3150 4233 3183 4295 a
3205 4218 3382 4295 veteri

1791 4290 2208 4362 vitaReliquize
2220 4298 2630 4361 cogitationum
2648 4296 2939 4347 celebrant
2951 4295 3068 4345 Deo
3082 4290 3379 4351 solemnia,

1792 4374 1839 4423 si
1872 4372 2147 4423 liberatus
2171 4382 2205 4420 a
2244 4373 2477 4433 peccato
2510 4368 2834 4419 meminerit
2869 4365 3024 4429 quod
3063 4362 3251 4424 fuerit,
3274 4372 3383 4411 nec

1790 4443 2019 4494 excidat
2040 4454 2075 4492 a
2107 4440 2383 4491 memoria
2406 4439 2505 4503 qui
2551 4438 2768 4489 sanavit
2824 4436 3041 4488 Deinde
3078 4438 3380 4499 postquam

1790 4514 2042 4566 ostendit
2055 4512 2296 4576 qualiter
2315 4516 2545 4575 propter
2558 4510 2890 4573 superbiam
2909 4512 2965 4559 et
2983 4505 3182 4557 mundi
3200 4503 3384 4576 delec-

1789 4586 2062 4637 tationem
2078 4574 2426 4634 damnentur
2449 4581 2688 4646 reprobi.
2703 4584 2760 4630 et
2783 4578 3069 4642 quomodo
3083 4589 3185 4641 per
3198 4574 3383 4626 humi-

1792 4658 2016 4709 litatem
2040 4660 2095 4707 et
2126 4656 2335 4705 bonam
2360 4652 2783 4704 confessionem
2808 4647 3382 4705 salventurmansueti,

1710 4702 1768 4775 D
2079 4702 2884 4785 utilis'admonitioomnibus,
2903 4735 3033 4773 cum
3058 4721 3267 4773 dicitur
3292 4734 3303 4768 :

1848 4799 1939 4854 12.
1990 4800 2187 4858 Vovete,
2223 4803 2268 4847 et
2304 4798 2508 4847 reddite
2537 4796 2771 4845 Domino
2811 4796 2917 4845 Deo
2953 4798 3158 4844 vestro:
3200 4804 3383 4841 omnes

1787 4872 1883 4937 qui
1901 4871 1958 4919 in
1970 4870 2201 4920 circuitu
2216 4868 2329 4933 ejus
2340 4866 2545 4933 affertis
2558 4867 2847 4918 munera.J
2853 4871 3054 4919 ustum
3064 4866 3159 4917 est
3178 4864 3381 4925 quidem

1787 4947 1843 4995 et
1884 4941 2024 4993 utile
2080 4941 2267 4995 nobis.
2313 4952 2387 4991 ne
2445 4940 2706 4991 similiter
2754 4949 3059 5003 pereamus
3105 4946 3237 4985 cum
3294 4945 3385 4984 re-

1789 5014 2003 5079 probis,
2051 5012 2153 5064 sed
2187 5012 2378 5077 potius
2424 5011 2741 5075 salvemur,
2781 5022 2917 5062 cum
2945 5007 3235 5079 justis,Au_t_.
3272 5009 3383 5055 ter~

1787 5073 2010 5138 ribilem
2024 5073 2210 5136 Deum
2227 5085 2439 5153 quibus
2455 5073 2771 5148 possumus
2790 5081 2961 5142 votis,
2978 5083 3035 5131 et
3061 5076 3112 5144 3
3124 5073 3235 5143 87
3262 5087 3388 5153 mu:

1787 5157 2029 5209 neribus
2050 5145 2274 5219 placare
2296 5145 2660 5207 Studeamus.
2707 5155 2930 5203 Vovere
2963 5155 3158 5201 autem
3199 5145 3386 5198 nostri

1789 5227 2005 5278 arbitrii
2052 5231 2143 5277 est
2178 5241 2191 5276 :
2233 5226 2336 5277 sed
2390 5224 2711 5290 persolvere
2751 5235 2869 5273 non
2914 5225 3004 5273 est
3055 5223 3384 5290 nostrarum

1789 5297 2126 5357 virium,sed
2142 5298 2344 5360 gratiae
2356 5289 2474 5348 Dei.
2496 5298 2612 5347 Nec
2628 5300 2822 5345 tamen
2839 5293 3069 5357 propter
3082 5291 3192 5341 hoc
3210 5289 3387 5340 debe-

1791 5384 1919 5422 mus
1938 5368 2215 5425 diffldere,
2233 5369 2369 5431 quia
2380 5368 2427 5417 si
2444 5367 2803 5431 incipiamus,
2822 5364 2978 5428 quod
2995 5365 3257 5414 nostrum
3274 5364 3384 5419 est,

1791 5442 1951 5494 dabit
1968 5440 2118 5492 vires
2142 5438 2254 5501 ille,
2281 5439 2377 5501 qui
2390 5437 2585 5501 jussit,
2612 5440 2679 5488 ut
2696 5447 3055 5492 voveremus,
3079 5438 3136 5485 et
3160 5432 3384 5496 supple-

1794 5515 1896 5571 bit,
1925 5512 2080 5576 quod
2108 5523 2275 5561 suum
2301 5513 2409 5561 est.
2436 5509 2545 5560 Sed
2569 5520 2703 5560 cum
2726 5505 3287 5570 incircumscriptum
3310 5502 3392 5554 lu-

1794 5599 1927 5637 men
1958 5584 2033 5634 sit
2056 5584 2228 5643 Deus,
2248 5585 2305 5633 et
2325 5580 2627 5643 majestate
2646 5590 2751 5631 sua
2766 5578 2957 5630 omnia
2979 5578 3229 5641 impleat,
3254 5587 3392 5627 cun-

1795 5663 1887 5709 cta
1899 5654 2204 5709 contineat.
2237 5651 2528 5717 quomodo
2549 5664 2751 5703 omnes
2769 5663 2901 5702 esse
2924 5653 3176 5715 possunt
3195 5647 3261 5698 in
3277 5646 3389 5697 cir-

1795 5728 1953 5780 cuitu
1977 5727 2106 5790 ejus
2128 5729 2150 5772 ?
2168 5725 2276 5776 Sed
2302 5725 2454 5775 Deus
2478 5727 2565 5774 est
2589 5723 2802 5774 veritas
2826 5722 3004 5784 (Joan.
3032 5719 3161 5781 14.),
3186 5723 3243 5769 et
3266 5718 3392 5781 ipsa

1794 5799 2068 5851 omnibus
2082 5797 2407 5848 communis
2424 5801 2534 5857 est,
2547 5807 2653 5847 nec
2667 5805 2812 5857 mea,
2825 5806 2933 5845 nec
2944 5798 3063 5854 tua,
3075 5803 3183 5843 nec
3198 5790 3389 5848 istius,

1796 5875 1898 5921 aut
1921 5869 2091 5920 illius.
2119 5872 2243 5920 Non
2265 5872 2353 5919 est
2381 5866 2584 5931 (inquit
2613 5864 2841 5928 Paulus)
2864 5864 3157 5916 distinctio
3179 5860 3387 5921 Judmi,

1798 5941 2000 6001 Gmci,
2023 5944 2125 5992 aut
2149 5940 2397 5992 Barbari:
2428 5938 2531 5992 sed
2559 5938 2897 6003 quicunque
2914 5934 3265 5988 invocaverit
3303 5942 3397 5984 no-
