3884 6406
492 416 598 473 959

1544 414 1814 468 RUFINO
1861 411 2327 466 PRESBYTERO
2360 411 2749 466 ASGRIPTUS

3682 404 3788 462 960

495 544 632 585 nem
662 531 904 605 Domini
924 530 1142 605 salvus
1170 531 1278 583 erit
1306 531 1476 594 (Rom.
1504 529 1601 605 11;
1647 528 1779 579 Joel.
1802 526 1907 605 2.).
1939 527 2086 605 Quia
2109 532 2166 605 Α
2191 526 2416 605 discant
2435 526 2758 605 formidare,
2783 527 2854 605 Et
2880 524 3201 605 notandum
3225 522 3380 588 quod
3409 534 3528 605 non
3550 521 3650 583 ait,
3680 521 3782 604 Qui

489 616 625 667 ergo
653 603 758 667 (Eae
777 604 821 652 Α
832 603 940 665 ag.)
965 602 1235 653 omnibus
1251 602 1576 654 communis
1597 604 1688 652 est
1701 600 1870 652 verita
1882 614 1928 663 s,
1954 599 2083 652 ideo

490 675 699 732 media,
724 679 788 725 ut
811 674 869 723 in
906 673 1148 723 circuitu
1174 675 1301 738 ejus
1334 675 1449 725 sint
1471 686 1689 729 omnes,
1713 672 1811 735 qui
1841 671 2088 735 diligunt

491 746 809 796 veritatem.
847 744 955 804 Qui
981 744 1062 794 sic
1094 746 1214 796 Deo
1243 744 1594 808 intelligunt,
1621 745 1879 808 ejusque,
1904 749 1971 795 ut
2003 745 2085 795 di-

490 828 671 879 gnum
684 820 790 874 est,
810 815 1073 867 servituti
1085 815 1307 879 seipsos
1321 816 1715 880 subjiciunt,in
1725 816 1967 866 circuitu
1978 819 2086 875 ejus

492 898 732 937 munera
764 886 1030 938 offerunt.
1073 889 1142 938 Et
1164 888 1485 951 sciendum,
1519 887 1675 950 quod
1706 892 1909 938 votum
1931 886 2085 938 aliud

490 960 577 1009 est
604 970 930 1019 commune,
968 956 1125 1009 aliud
1165 958 1475 1022 singulare.
1511 958 1751 1010 Credere
1785 958 1847 1008 in
1879 959 2083 1022 Deum,

489 1041 721 1096 sperare
743 1029 804 1080 in
828 1029 923 1081 illo
946 1031 1123 1082 vitam
1141 1036 1440 1095 aeternam,
1464 1031 1655 1096 ipsum
1672 1030 1905 1093 diligere
1923 1034 1978 1081 et
1996 1043 2086 1081 se-

490 1091 746 1151 cundum
774 1102 959 1153 Deum
985 1103 1195 1161 vivere,
1221 1091 1828 1154 omnibus-communis
1849 1105 1940 1151 est
1960 1113 2087 1152 mo-

491 1172 619 1222 dus.
668 1173 795 1223 Non
822 1173 1133 1237 superbire,
1166 1187 1282 1224 non
1318 1174 1579 1225 occidere
1615 1172 1927 1232 hominem,
1967 1184 2086 1224 non

492 1242 648 1294 odire
673 1243 926 1306 fratrem,
952 1257 1071 1295 non
1094 1245 1307 1297 violare
1330 1245 1389 1295 in
1415 1258 1478 1295 se
1500 1243 1777 1308 templum
1800 1244 1924 1305 Dei,
1948 1255 2087 1308 prae-

490 1313 700 1378 cipitur
721 1316 1011 1367 omnibus.
1035 1317 1154 1367 Hoc
1178 1319 1359 1366 totum
1370 1328 1571 1367 omnes
1587 1316 1968 1367 communiter
1983 1328 2086 1367 vo-

489 1397 627 1437 vere
655 1389 712 1435 et
734 1387 970 1438 reddere
1000 1387 1295 1439 debemus.
1324 1389 1471 1439 Sunt
1493 1387 1664 1438 etiam
1696 1391 1831 1438 vota
1861 1386 2086 1451 propria

491 1455 873 1519 singulorum,
904 1471 1036 1509 cum
1068 1459 1216 1509 alius
1249 1463 1427 1511 vovet
1447 1461 1567 1510 Deo
1594 1458 1901 1522 jejunium,
1936 1458 2085 1509 alius

487 1528 830 1591 castitatem,
857 1529 1005 1580 alius
1022 1531 1430 1594 virginitatem,
1447 1530 1593 1580 alius
1615 1530 1937 1592 relinquere
1962 1541 2086 1580 om-

488 1599 603 1661 nia,
621 1604 679 1651 et
690 1601 771 1652 ire
782 1600 841 1652 in
854 1614 1223 1653 communem
1239 1602 1437 1653 vitam.
1456 1603 1866 1665 Voveantergo
1882 1613 2084 1652 omnes

484 1674 685 1722 votum
697 1672 961 1736 Domino,
974 1678 1075 1724 aut
1090 1673 1218 1736 hoc,
1235 1679 1337 1725 aut
1352 1673 1513 1728 illud,
1527 1673 1676 1723 sicut
1691 1673 1889 1724 divina
1899 1672 2085 1736 gratia

483 1741 794 1806 unicuique
828 1743 1131 1796 donaverit
1163 1750 1219 1795 et
1255 1745 1336 1795 sic
1367 1745 1428 1795 in
1455 1746 1700 1796 circuitu
1725 1745 1854 1809 ejus
1877 1757 2081 1796 omnes

483 1813 726 1865 offerant
751 1828 1005 1867 munera.
1033 1816 1182 1867 Cui?

568 1881 743 1983 38n8
781 1886 866 1940 13.
898 1887 1141 1983 terribili
1155 1893 1201 1936 et
1223 1888 1269 1937 ei
1291 1887 1389 1951 qui
1404 1887 1583 1983 aufert
1601 1888 1859 1983 spiritum
1874 1887 2081 1983 princ‘i-
2103 1908 2157 1983 B

568 1971 616 1983 ιννι
714 1958 914 1983 ιιὲηνιαα
951 1972 1075 1983 κιαι-η
1140 1972 1418 1983 cuna..an
1453 1961 1466 1983 ἕ
1525 1963 1607 1983 Αηι
1649 1972 1811 1983 ,ιη-..ηι-
1842 1961 1853 1983 ε
1876 1972 2020 1983 ,ΛΑ-ιιι-
2052 1971 2081 1983 Α

485 1970 637 2019 pum.
664 1958 808 2018 Quia
816 1959 1077 2022 psalmus
1101 1962 1441 2023 Synagogm,
1453 1960 1510 2010 id
1522 1963 1629 2022 est,
1646 1959 1857 2010 carnali
1876 1958 2082 2023 populo

488 2024 743 2091 loquitur
770 2031 1071 2082 :recteillis
1092 2033 1247 2083 Deus
1263 2032 1529 2083 terribilis
1548 2031 2004 2094 commendatur,
2021 2036 2086 2083 ut

490 2099 590 2160 qui
614 2099 803 2151 adhuc
830 2102 1143 2153 Dominum
1168 2108 1444 2167 tanquam
1469 2103 1645 2165 pium,
1673 2107 1945 2165 tanquam
1972 2102 2086 2154 cle-

491 2174 749 2222 mentem
769 2173 1038 2227 nesciunt
1063 2185 1276 2238 amare,
1314 2173 1615 2225 audientes
1641 2173 1968 2234 terribilem,
1993 2174 2083 2227 vel

2188 600 2373 652 aufert
2396 600 2659 664 spiritum
2682 599 3004 663 hominum,
3027 598 3130 650 sed
3154 597 3408 661 ipsorum
3432 595 3608 647 etiam
3630 595 3783 658 prin-

2189 672 2419 735 cipum:
2454 676 2519 724 ut
2559 671 2914 735 intelligatur
2947 672 3103 721 Deus
3140 670 3405 734 princeps
3449 679 3580 719 esse
3613 678 3784 730 super

2187 744 2487 809 principes,
2511 748 2768 807 potestas
2801 756 2975 807 super
2997 744 3339 806 potostates:
3382 744 3664 801 tanquam
3686 750 3781 809 rex

2188 808 2389 879 regum
2412 817 2468 865 et
2489 815 2772 866 Dominus
2796 813 3218 866 dominantium
3255 813 3419 874 (Apoc
3445 849 3457 861 .
3492 810 3543 864 1.
3575 814 3635 860 et
3660 808 3778 870 19.).

2190 889 2361 939 Recte
2382 900 2517 949 ergo
2535 886 2801 938 subditur
2824 906 2838 937 :
2864 884 3108 936 Terribili
3133 887 3286 948 apud
3308 897 3451 947 reges
3471 889 3644 931 terrae.
3669 882 3782 931 Nec

2190 959 2344 1020 dicit,
2371 959 2505 1023 quia
2525 958 2708 1009 aufert
2731 959 2927 1019 vitam,
2965 956 3119 1020 quod
3145 955 3343 1018 utique
3365 959 3422 1006 et
3446 953 3523 1004 illi
3547 952 3783 1014 faciunt,

2190 1031 2290 1093 qui
2317 1030 2585 1081 occidunt
2614 1042 2839 1094 corpus,
2861 1028 2961 1079 sed
2981 1032 3038 1079 et
3061 1028 3254 1091 ipsum
3279 1026 3541 1090 spiritum
3564 1023 3785 1074 auferre

2189 1102 2426 1152 dicitur:
2445 1106 2680 1153 uttanto
2698 1101 2884 1165 magis
2906 1100 2996 1151 ille
3015 1099 3302 1161 timeatur,
3328 1097 3427 1161 qui
3440 1097 3784 1161 potestatem

2187 1173 2379 1236 habet,
2412 1179 2467 1224 et
2501 1186 2709 1235 corpus
2739 1177 2798 1223 et
2832 1171 3086 1222 animam
3117 1169 3351 1233 perdere
3374 1169 3433 1219 in
3453 1166 3783 1231 gehennam

2189 1245 2402 1307 (Matth.
2429 1243 2552 1307 10.).
2580 1243 2685 1295 Vel
2706 1247 2842 1307 quia
2865 1240 3101 1306 spiritus
3126 1241 3444 1305 principum
3485 1239 3579 1290 est
3617 1236 3787 1301 spiri-

2187 1320 2285 1368 tus
2317 1316 2618 1380 superbiae,
2661 1319 2852 1380 potest
2893 1315 2973 1365 ita
3009 1313 3139 1377 legi.
3167 1312 3274 1374 Qui
3307 1311 3492 1362 aufert
3515 1308 3784 1373 spiritum

2186 1387 2526 1453 principum,
2540 1388 2596 1438 id
2609 1391 2716 1447 est,
2730 1386 3029 1438 audaciam
3043 1386 3438 1448 superborum.
3456 1384 3554 1433 Est
3566 1380 3786 1432 etalius

2186 1458 2509 1511 intellectus
2532 1471 2706 1523 quare
2729 1458 2789 1509 id
2810 1458 2920 1509 hoc
2934 1456 3059 1509 loco
3076 1456 3348 1508 terribilis
3364 1455 3589 1505 dicatur
3608 1453 3784 1502 Deus.

2189 1531 2382 1583 Sancti
2397 1531 2609 1582 etenim
2621 1535 2677 1583 et
2693 1529 2928 1594 perfecti
2947 1529 3073 1592 viri,
3096 1532 3163 1579 ut
3177 1526 3494 1578 mirabilem
3515 1526 3701 1575 Deum
3728 1523 3787 1573 in

2181 1603 2399 1667 judicio
2424 1615 2530 1654 suo
2549 1601 2840 1667 placatum
2862 1600 3173 1661 inveniant,
3199 1611 3424 1663 semper
3437 1597 3530 1648 hic
3545 1594 3699 1660 apud
3719 1606 3785 1645 se

2188 1674 2495 1727 terribilem
2507 1676 2772 1739 pensant,
2786 1686 3038 1735 suasque
3050 1671 3249 1735 culpas
3261 1670 3757 1739 districtejudicant
3772 1680 3785 1716 :

2187 1751 2477 1809 quatenus
2500 1738 2557 1797 in
2582 1745 2677 1797 illo
2700 1745 2956 1796 districto
2977 1744 3194 1807 judicio
3207 1739 3607 1805 injudicabiles
3622 1738 3783 1788 ﬂant.

2180 1819 2415 1869 Dicatur
2437 1830 2572 1881 ergo
2595 1822 2766 1879 recte,
2792 1815 3037 1865 Terribili
3060 1816 3211 1879 apud
3229 1828 3373 1877 reges
3407 1817 3554 1861 terra
3579 1813 3714 1860 sunt
3742 1818 3782 1871 ⁸,

2181 1890 2279 1952 qui
2294 1902 2525 1940 carnem
2544 1901 2708 1940 suam
2721 1887 3091 1951 spiritualiter
3102 1889 3325 1949 regunt.
3342 1886 3461 1935 Rex
3478 1887 3647 1934 terra:
3658 1893 3719 1930 er
3726 1883 3788 1952 at

2183 1951 2412 2020 Paulus,
2439 1973 2573 2011 cum
2608 1960 2855 2010 diceret:
2883 1959 3108 2021 Castigo
3143 1968 3350 2021 corpus
3374 1968 3589 2016 meum,
3632 1957 3692 2004 et
3721 1951 3784 2001 in

2184 2034 2523 2084 servitutem
2552 2032 2749 2092 redigo
2774 2044 2787 2079 :
2813 2042 2885 2080 ne
2901 2029 3044 2081 forte
3056 2028 3183 2080 aliis
3205 2027 3526 2103 praedicans
3550 2026 3675 2103 ipse

2183 2105 2398 2167 probus
2424 2103 2654 2155 eﬂiciar.
2684 2104 2819 2153 Esto
2841 2113 2941 2152 rex
2966 2104 3152 2164 terra,
3184 2104 3242 2152 et
3264 2098 3371 2149 erit
3389 2098 3493 2149 tibi
3519 2092 3785 2149 terribilis

2181 2176 2339 2227 Deus
2367 2176 2413 2226 ⁸.

554 2317 573 2337 ι
604 2307 839 2362 Phrasis
868 2311 1170 2377 mendosa,
1201 2323 1334 2376 qum
1365 2310 1448 2362 sic
1471 2310 1615 2363 forte
1640 2312 1836 2364 sarciri
1860 2311 2068 2365 debet:
2108 2313 2414 2363 Dicatur....
2450 2327 2540 2376 ap.
2566 2326 2674 2375 reg.
2713 2316 2880 2361 terrae.
2913 2309 3073 2373 Reges
3097 2312 3245 2358 terms
3263 2311 3411 2365 sunt,
3441 2307 3549 2357 etc.
3618 2305 3785 2355 EDIT.

551 2425 580 2457 *
613 2425 833 2477 Auctor
858 2439 1003 2478 num
1028 2431 1085 2478 et
1106 2426 1359 2489 reliquos
1374 2426 1633 2479 Psalmos
1656 2428 1970 2492 perrexerit
1984 2441 2087 2479 ex-

487 2494 738 2561 planare,
767 2511 874 2549 nos
897 2498 1052 2550 latet.
1079 2498 1187 2559 Qui
1207 2498 1335 2550 haec
1359 2499 1576 2562 primus
1593 2499 1651 2550 in
1676 2499 1862 2551 lucem
1887 2500 2083 2561 edidit,

488 2568 553 2616 D.
580 2568 856 2619 d‘Albone
882 2568 1291 2632 Lugdunensis
1316 2569 1585 2622 Ecclesia
1611 2571 1870 2634 princeps
1895 2573 2088 2622 Lecto-

485 2650 609 2689 rem
638 2638 730 2690 bis
750 2640 944 2690 verbis
968 2641 1027 2690 in
1053 2639 1168 2692 fine
1187 2640 1547 2704 adloquitur:
1575 2644 1714 2694 Haec
1733 2648 1870 2694 sunt
1892 2643 2082 2706 igitur,

486 2708 730 2762 candide
767 2711 986 2774 Lector,
1030 2723 1165 2774 quae
1195 2710 1266 2764 de
1306 2712 1497 2763 Rufini
1543 2713 1981 2764 Commentariis
2027 2713 2085 2764 in

2184 2426 2462 2491 Psalmos,
2488 2440 2520 2478 e
2548 2426 2803 2478 tenebris
2835 2427 3017 2489 eruta,
3043 2422 3216 2475 modo
3245 2422 3307 2473 in
3338 2421 3525 2472 lucem
3547 2419 3784 2485 proferi-

2182 2512 2333 2551 mus.
2360 2490 2523 2561 QuOd
2548 2498 2596 2549 si
2611 2498 2740 2561 quis
2752 2496 2938 2559 operis
2951 2494 3236 2558 reliquum
3248 2492 3499 2545 invenire
3515 2490 3783 2556 potuerit.

2182 2571 2240 2622 id
2252 2570 2453 2623 avibus
2472 2570 2637 2621 bonis
2656 2568 2941 2630 fmlicique
2959 2579 3233 2618 successu
3247 2565 3309 2616 in
3330 2564 3519 2615 lucem
3543 2562 3696 2613 edat.
3721 2561 3785 2612 Id

2185 2642 2338 2694 enim
2358 2643 2413 2692 et
2433 2641 2601 2692 nobis
2625 2644 2875 2705 gratum,
2909 2642 2967 2690 et
2998 2636 3326 2702 reipublicae
3350 2634 3486 2687 utile
3520 2634 3782 2686 futurum

2182 2726 2312 2766 esse
2337 2713 2447 2764 sibi
2466 2711 2831 2778 persuadeat.
3364 2709 3692 2759 VALLARSI.

1184 3016 3090 3214 COMMENTARIUS

867 3338 1023 3446 IN
1149 3340 2063 3448 PROPHETAS

2186 3340 2892 3451 MINORES
3020 3339 3402 3448 TRES

1269 3573 1682 3695 OSEE,
1789 3574 2162 3675 JOEL
2260 3577 2448 3676 ET
2556 3578 2996 3699 AMOS,

558 3834 1199 4034 nummo

1337 3830 2438 4059 AOUILEIENSI
2500 3904 2505 3907 '
2560 3834 3698 4035 PBESBYTERO

1682 4186 1927 4252 OLIM
2000 4162 2575 4254 ASCRIPTUS.

1685 4375 2595 4417 ψ

1488 4400 1491 4403 4
1807 4524 2661 4722 reefatio.

2600 4388 2782 4399 ενα-...-

560 4867 737 4939 389
753 4871 972 4922 Fidicen
983 4870 1070 4921 ille
1084 4871 1427 4932 sacerrimus,
1442 4877 1659 4939 tamque
1677 4873 1950 4937 regnandi
1965 4877 2079 4922 arte
2108 4866 2156 4941 ί]
2182 4871 2263 4922 illi
2288 4873 2522 4923 hostiam
2547 4874 2694 4938 grati
2726 4873 2953 4937 pectoris
2977 4872 3272 4938 offerentes,
3308 4875 3646 4939 conﬁdamus
3676 4891 3777 4926 nos
3828 4856 3837 4865 ’

477 4943 689 5003 nobilis,
722 4958 892 5007 quam
916 4943 1166 5005 canendi,
1191 4943 1370 4994 beatus
1390 4946 1625 4995 videlicet
1649 4944 1842 5008 David,
1867 4960 2082 4994 enume-

478 5016 670 5065 randis
694 5015 821 5079 legis
843 5015 1145 5075 miraculis,
1168 5016 1477 5081 frequenter
1507 5017 1793 5078 interserit,
1827 5016 2079 5068 Confite—

477 5087 615 5138 mini
647 5087 912 5145 Domino,
928 5088 1201 5151 quoniam
1217 5089 1426 5148 bonus,
1454 5090 1729 5151 quoniam
1747 5089 1802 5138 in
1818 5090 2077 5140 seculum

475 5159 865 5211 misericordia
882 5160 1008 5223 ejus
1035 5161 1194 5224 (Psal.
1224 5159 1345 5214 105.
1374 5166 1419 5209 et
1439 5160 1621 5223 seqq.).
1650 5160 1772 5210 Sive
1795 5161 1941 5209 enim
1965 5162 2075 5226 spi-

472 5231 718 5291 rituatia,
745 5231 852 5280 sive
876 5232 1184 5296 corporalia
1205 5232 1355 5280 dona
1375 5232 1690 5291 consideres,
1704 5239 2080 5296 consequenter

478 5306 535 5351 ut
568 5316 799 5366 agamus
831 5302 1017 5352 saltem
1051 5302 1263 5352 auctori
1294 5308 1480 5351 nostro
1510 5307 1737 5368 gratias,
1766 5306 1854 5352 cui
1879 5306 2077 5368 referre

476 5374 798 5437 neutiquam
818 5389 1123 5438 possumus,
1150 5388 1476 5423 commonem
1486 5390 1572 5425 ur.
1591 5376 1710 5434 Qua
1727 5381 1904 5425 tamen
1922 5376 2075 5426 sedu-

480 5446 625 5494 litate
637 5446 784 5495 nihil
788 5446 1105 5511 jocundius,
1124 5445 1259 5509 quia
1270 5445 1535 5496 oblatione
1549 5448 1695 5496 nihil
1706 5454 1777 5496 est
1790 5450 2012 5513 pretiosi
2018 5464 2079 5499 us

481 5517 602 5579 Ipsa
625 5517 895 5580 siquidem
918 5523 989 5565 est
1012 5516 1125 5580 ejus
1149 5517 1445 5581 clementia,
1471 5534 1565 5568 nec
1588 5520 1744 5569 donis
1764 5520 1965 5571 lassata
1984 5536 2077 5570 nec

477 5587 664 5638 seculis
691 5602 703 5639 :
729 5590 864 5653 quia
887 5589 1091 5639 devotos
1104 5590 1257 5653 facit,
1281 5596 1442 5654 atque
1467 5590 1763 5655 obtinendi,
1785 5593 1931 5656 quod
1955 5608 2080 5657 pos-

480 5659 673 5724 cimus,
693 5659 1010 5726 plerumque
1032 5661 1223 5726 dignos
1243 5663 1434 5715 videri.
1470 5664 1536 5712 Et
1566 5680 1662 5713 nos
1682 5665 1902 5728 perinde
1936 5666 2079 5714 hanc

539 5811 557 5830 ·
593 5802 749 5854 Nihil
773 5803 960 5857 simile
983 5807 1320 5869 Antiquitaa
1341 5811 1638 5871 memorat,
1674 5807 1852 5859 fuisse
1882 5808 2018 5859 olim
2041 5822 2077 5862 a

487 5871 693 5924 Ruﬁno
708 5874 1065 5928 adornatum.
1091 5880 1170 5930 Eo
1184 5882 1380 5930 autem
1391 5880 1587 5931 minus
1604 5880 1757 5930 hunc
1772 5879 1832 5930 in
1847 5885 1961 5932 tres
1982 5882 2080 5932 Mi-

497 5954 670 5995 nores
700 5944 1011 6007 Prophetas
1042 5949 1546 6003 Commentarium.
1582 5951 1796 6003 Verum
1831 5951 2079 6016 hujusce

2182 4946 2485 5010 adeptums,
2514 4960 2631 5009 quae
2651 4960 2959 5009 precamur,
2994 4961 3117 4995 cum
3139 4962 3201 4996 ea
3224 4961 3341 5011 qua:
3365 4947 3774 5012 postulavimus,

2168 5017 2290 5081 jam
2316 5016 2601 5067 videamur
2612 5017 2853 5067 assecuti.
2874 5016 3183 5068 Salomonis
3197 5019 3396 5083 quippe
3413 5019 3777 5069 voluminibus

2179 5097 2196 5117 ³
2222 5090 2564 5151 disserendis,
2598 5089 3015 5153 dispositionum
3055 5088 3169 5152 ejus
3192 5090 3425 5153 gloriam
3451 5106 3658 5153 sumus,
3684 5093 3775 5140 in-

2178 5166 2449 5224 quantum
2467 5176 2616 5224 posse
2638 5161 2880 5223 contulit,
2908 5162 3175 5212 exsecuti:
3203 5162 3281 5209 ita
3305 5167 3361 5209 ut
3390 5178 3663 5224 nusquam
3676 5177 3773 5212 nos

2177 5234 2554 5296 consequentia
2578 5235 2752 5297 (penes
2778 5247 2946 5296 quam
2981 5233 3384 5296 explanationis
3633 5235 3771 5284 debet

2177 5320 2281 5355 esse
2335 5305 2645 5367 auctoritas)
2683 5304 2951 5354 desereret.
3022 5305 3122 5353 Hic
3187 5311 3366 5354 autem
3432 5306 3774 5371 praecedentis

2175 5377 2388 5439 fructus
2403 5378 2703 5441 industria,
2719 5377 3021 5426 studiosum
3042 5377 3379 5426 commendat
3396 5377 3646 5427 laborem.
3674 5378 3772 5427 Nc-

2179 5465 2278 5514 que
2301 5451 2448 5499 enim
2471 5454 2561 5510 est,
2582 5450 2728 5512 quod
2752 5449 2934 5499 acrius
2957 5449 3137 5498 incitet
3152 5450 3223 5498 ad
3242 5450 3651 5513 inquisitionem
3674 5465 3771 5499 no-

2178 5538 2387 5582 vorum,
2406 5536 2573 5585 quam
2596 5521 3007 5586 praecedentium
3029 5522 3206 5570 votiva
3225 5524 3509 5586 perceptio,
3532 5522 3629 5571 sub
3658 5528 3769 5571 tam

2177 5595 2266 5656 pio
2287 5594 2552 5657 praecipue
2578 5594 2830 5653 Domino,
2856 5592 2953 5655 qui
2977 5598 3048 5640 est
3084 5592 3157 5640 ad
3181 5592 3526 5656 largiendum
3545 5600 3769 5657 paratus

2176 5680 2263 5727 ca,
2289 5666 2482 5728 quibus
2506 5680 2603 5713 nos
2618 5665 2901 5713 mandavit
2922 5663 3161 5715 inhiare.
3175 5664 3282 5713 Nec
3302 5666 3476 5729 operis
3499 5665 3672 5729 ipsius
3688 5666 3769 5715 de-

2177 5808 2376 5871 Operis
2419 5810 2730 5859 Auctorem
2780 5818 2887 5857 nos
2933 5805 3200 5868 detegere
3243 5808 3599 5870 argumentis
3651 5821 3764 5860 non

2174 5881 2647 5944 improbabilibus
2671 5880 2730 5931 in
2750 5878 3105 5939 Prazfatione,
3124 5891 3296 5941 quam
3321 5880 3555 5944 videsis,
3579 5880 3764 5933 conati

2176 5964 2398 6004 sumus.
