3884 6392
97 383 200 440 961

979 381 1070 445 [ΙΝ
1105 377 1348 434 OSEAM
1381 371 1949 430 COMMENTARIUS
1982 374 2193 428 LIBER
2224 374 2507 431 PRIMUS.

3292 374 3399 434 962

97 499 281 548 bemus
307 493 684 561 profunditate
727 494 932 556 terreri,
966 509 1035 545 ne
1070 498 1185 559 post
1215 492 1427 565 ﬁduciis
1460 488 1698 565 pignora
1716 490 1778 565 Α
1802 486 2036 539 turnitas
2059 492 2285 565 :__tamen
2302 488 2455 565 apud
2471 488 2694 553 Graecos,
2717 491 2764 565 et
2778 487 2932 553 apud
2956 487 2979 518 ’³
3001 486 3171 553 Syros
3193 491 3404 541 exstite-

93 560 323 633 recepla,
342 566 633 632 trepidatio
648 581 761 615 non
775 566 951 615 solu-m
969 568 1211 629 ignavos,
1227 564 1317 613 sed
1335 563 1499 612 etiam
1514 560 1698 623 ingra-

96 647 173 691 tos
191 631 385 705 pergat
408 631 651 702 arguere.
677 638 1149 701 Explanationem
1172 637 1354 698 itaque
1379 643 1397 662 ⁸
1420 631 1698 705 duodecim

96 704 520 776 Prophetarum,
552 709 648 773 qui
681 710 918 758 Minores
957 724 1070 758 non
1103 722 1201 771 pro
1230 705 1452 765 meritis,
1491 704 1579 752 sed
1600 717 1699 766 pro

97 775 328 834 numero
347 796 598 830 versuum
624 781 1007 844 nominantur,
1030 779 1365 843 aggrediens,
1390 790 1477 825 vos
1500 775 1699 838 primo,

97 856 195 919 qui
211 853 354 903 mihi
368 854 463 901 hoc
478 866 615 915 opus
626 852 927 914 indixistis,
944 851 1228 913 admoneo,
1243 854 1299 897 ut
1317 848 1388 895 ad
1397 860 1703 911 promeren-

98 918 229 975 dam
251 924 664 987 intelligentiam
676 924 928 985 veritatis,
939 923 1048 986 piis
1064 927 1110 971 et
1124 919 1348 970 intentis
1356 918 1598 982 precibus
1614 930 1702 964 me

97 996 381 1061 adjuvetis.
407 994 615 1044 Dehinc
646 994 819 1042 nostri
843 994 1018 1056 ope-ris
1055 998 1112 1042 ut
1147 994 1329 1041 Lector
1351 992 1625 1061 agnoscat,
1659 990 1703 1061 et

98 1057 273 1134 quam
286 1068 390 1117 sim
407 1066 454 1115 Ε
458 1065 719 1114 ditionem
734 1070 1005 1128 sequutus,
1022 1069 1066 1112 et
1083 1078 1187 1127 quo
1199 1062 1469 1126 praecipue
1485 1060 1504 1088 δ
1528 1057 1705 1107 consi-

100 1132 329 1191 deratur
354 1152 557 1187 munus
572 1136 669 1186 hoc
685 1136 1019 1200 difﬁcillima:
1032 1132 1436 1199 explanationis
1450 1143 1706 1179 assumse-

98 1213 211 1261 rirn
236 1229 247 1259 :
276 1215 335 1259 ut
357 1210 405 1258 si
427 1214 474 1257 et
499 1209 610 1273 ipse
633 1209 694 1256 de
723 1223 910 1257 eorum
933 1222 1161 1256 numero
1185 1210 1276 1270 est,
1303 1218 1435 1269 quos
1458 1218 1593 1252 cura
1616 1201 1706 1249 lec-

99 1282 268 1333 tionis
290 1285 509 1342 exercet,
538 1279 690 1329 haud
714 1280 775 1327 de
809 1280 991 1328 nihilo
1019 1292 1099 1327 me
1120 1278 1301 1341 fecisse
1326 1278 1620 1339 cognoscat,
1648 1277 1705 1322 ut

99 1355 266 1403 istam
276 1356 604 1418 postremam
620 1350 665 1398 E
670 1350 946 1413 ditionem,
960 1366 1075 1414 quae
1088 1349 1383 1398 secundum
1395 1357 1413 1376 °
1428 1342 1705 1395 Hebraeum

95 1416 431 1489 appellatur,
450 1422 711 1485 eligerem.
737 1422 1187 1486 Quandoquidem
1203 1423 1261 1469 in
1278 1417 1559 1489 prioribus
1577 1416 1707 1465 Edi-

99 1488 337 1545 tionibus
359 1494 674 1544 elocutiones
690 1495 887 1543 vitiatae
908 1493 1216 1557 frequenter
1245 1505 1458 1542 sensum
1486 1488 1561 1537 vel
1584 1488 1708 1537 doc-

101 1569 281 1630 trinae,
297 1566 373 1615 vel
388 1566 733 1615 narrationis
751 1566 1092 1629 dirumpunt,
1113 1570 1168 1612 ut
1185 1564 1523 1612 divinatione
1534 1560 1709 1622 magis

102 1654 133 1703 q
144 1654 275 1688 uam
298 1637 604 1687 conditione
620 1637 808 1700 [Forte
825 1636 1169 1700 cognitione]
1181 1650 1314 1699 opus
1325 1648 1429 1683 esse
1444 1632 1705 1703 videatur.

288 1708 561 1760 Posterior
595 1714 776 1757 autem
808 1708 911 1757 ista
949 1707 1274 1770 Translatio,
1307 1704 1401 1753 etsi
1425 1719 1535 1753 non
1562 1700 1711 1750 mul-

1724 1763 1782 1773 -ιον

104 1771 223 1831 ἦιῶ
237 1771 352 1846 ipsi
381 1781 654 1831 contexlui
675 1779 978 1844 splendoris
1007 1778 1213 1842 adjecit,
1253 1784 1433 1825 tamen
1465 1773 1707 1824 elocutio-
1732 1771 1893 1843 [ilus
1930 1778 2105 1846 noster
2140 1773 2363 1836 adjutus
2389 1773 2583 1822 divina
2621 1772 2805 1836 gratia
2824 1771 3139 1836 pertulisset,
3165 1783 3407 1818 assume-

1801 574 1858 608 re
1880 559 2153 624 nonnulli,
2171 561 2268 625 qui
2290 561 2490 625 scripta
2505 574 2693 610 eorum
2715 559 2968 609 disserere
2978 562 3295 610 niterentur.
3313 562 3403 612 Ex

1802 630 1994 695 quibus
2026 632 2168 680 mihi
2198 646 2328 680 sane
2353 647 2536 695 pauca
2558 631 2751 694 aliqua
2772 631 2945 681 sancti
2980 633 3144 681 etiam
3167 632 3404 682 Joannis

1805 703 2333 767 Constantinopolim
2370 702 2624 766 Episcopi
2658 703 2821 766 legere
2866 704 3087 766 contigit
3104 719 3124 763 ;
3159 704 3253 753 sed
3306 718 3403 753 suo

1802 788 1965 833 more,
1992 774 2155 837 idest,
2179 774 2550 823 exhortationi
2578 775 2757 837 magis
2779 789 2948 838 quam
2973 775 3302 838 expositioni
3325 780 3405 824 to-

1803 848 1911 891 tam
1929 859 2065 908 pene
2087 860 2307 908 operam
2323 844 2733 896 commodantis.
2765 846 3014 909 Origenes
3036 854 3054 874 °
3076 850 3255 895 autem
3275 860 3405 909 pro-

1800 917 1922 979 prio
1936 921 2111 964 tenore
2122 917 2423 979 decurrens,
2441 916 2829 980 allegorian
2840 917 3015 981 magis
3027 917 3221 981 lepida,
3236 930 3405 981 quam

1805 986 2193 1035 historicarum
2229 987 2683 1050 explanationum
2717 988 2889 1037 solida
2927 993 2972 1037 et
3004 988 3233 1036 tenenda
3261 1001 3407 1037 eom-

1799 1059 1971 1120 ponit.
1988 1055 2101 1125 39
2114 1058 2162 1125 2
2181 1057 2198 1086 ⁸
2211 1060 2578 1123 Hieronymus
2602 1074 2768 1123 porro
2785 1066 2830 1108 et
2856 1060 3065 1122 ingenii
3082 1059 3298 1123 capacis
3318 1059 3405 1108 vir

1802 1134 1847 1177 et
1858 1130 2027 1178 studii
2041 1131 2349 1194 pertinacis,
2362 1132 2423 1179 in
2436 1133 2829 1195 prophetarum
2845 1131 3064 1194 quidem
3080 1130 3239 1179 libros
3254 1145 3401 1180 com-

1802 1206 1987 1249 menta
2001 1201 2231 1265 digessit,
2245 1203 2334 1251 sed
2359 1204 2519 1267 quasi
2544 1204 2687 1251 inter
2704 1203 2972 1265 genuinas
2991 1203 3305 1251 traditiones
3322 1201 3401 1250 ire

1804 1278 2092 1336 contentus,
2122 1274 2183 1322 de
2196 1275 2390 1337 perqui
2398 1273 2567 1322 renda
2586 1272 2963 1337 consequentia
2987 1282 3005 1310 κ
3026 1271 3168 1321 nihil
3189 1277 3284 1321 aut
3307 1286 3401 1320 vo-

1806 1341 1923 1404 luit,
1950 1350 2045 1392 aut
2066 1345 2241 1408 potuit
2261 1346 2522 1393 sustinere
2544 1358 2824 1395 curarum.
2850 1344 2951 1405 Ita,
2988 1343 3065 1391 vel
3086 1358 3180 1406 per
3204 1342 3402 1406 allego-

1804 1414 1921 1463 rias
1948 1415 2212 1479 Origenis,
2238 1415 2314 1464 vel
2330 1430 2428 1479 per
2439 1414 2712 1480 fabulosus
2732 1414 3046 1465 Judxorum
3066 1413 3401 1474 traditiones,

1808 1490 1916 1534 tota
1931 1485 2044 1550 ejus
2056 1487 2280 1550 deﬂuxit
2290 1487 2481 1538 oratio.
2499 1487 2634 1537 Cum
2646 1502 2769 1550 ergo
2787 1486 2932 1534 mihi
2949 1486 3259 1534 viderentur
3269 1483 3406 1533 mul-

1810 1562 1881 1621 ta,
1913 1573 2029 1621 quae
2050 1564 2177 1608 sunt
2192 1560 2373 1623 utilia,
2398 1560 2729 1624 praeteriisse,
2755 1564 2799 1607 ct
2824 1557 3134 1620 religiosam
3155 1572 3285 1620 erga
3307 1557 3407 1605 Do-

1808 1629 2044 1692 minum,
2069 1634 2115 1678 et
2142 1630 2328 1679 utilem
2352 1646 2479 1695 erga
2505 1631 2751 1679 homines
2774 1627 3029 1693 operam“
3044 1628 3312 1692 judicavi,
3335 1627 3403 1687 si,

1809 1699 2051 1749 obediens
2064 1700 2223 1764 vobis,
2236 1703 2678 1766 explanationem
2688 1701 3102 1766 prophetarum,
3111 1704 3273 1763 prout
3285 1713 3406 1762 cap-

102 1867 243 1902 num
264 1839 587 1915 integritate,
614 1839 713 1900 illa
738 1866 854 1915 qua
876 1839 1123 1899 diximus
1147 1850 1563 1911 interceptarum
1585 1859 1706 1934 seu:
1734 1839 1941 1934 rem.
1959 1844 2186 1893 Attentis
2206 1844 2438 1908 ergo,ad
2448 1844 2809 1907 cognitionem
2829 1843 3020 1906 operis,
3039 1839 3407 1889 mentibusac-

317 1923 326 1934 ι
553 1922 573 1934 n
781 1927 788 1934 .
955 1922 983 1934 -.
1032 1925 1041 1934 ι
1121 1919 1137 1934 1
1367 1933 1372 1934 ,
1421 1932 1447 1934 γλ
1481 1932 1519 1934 νη
1567 1930 1663 1934 -i--.
1815 1915 2054 1934 __J.___-__-
2087 1931 2096 1934 _
2126 1920 2179 1934 -ln
2211 1921 2248 1934 ,ι
2299 1930 2448 1934 __._.---
2493 1915 2657 1934 --A-.ll_
2705 1914 2801 1934 1-4-
2854 1927 3012 1934 --.ρμΑ
3042 1911 3208 1934 μ.-.11-
3243 1915 3388 1934 --..l-

102 1938 267 1974 suum
291 1913 502 1972 damna
542 1913 849 1986 frequenter
884 1922 1060 1971 evitat.
1100 1919 1229 1969 Jam
1262 1933 1383 1967 vero
1406 1932 1529 1968 cum
1554 1913 1706 1979 apud

106 1996 333 2045 Latinos
366 1995 429 2042 in
467 1993 834 2057 explanandis
872 1992 1113 2041 maxime
1138 1989 1437 2055 prophetis,
1461 1986 1709 2052 quamvis

107 2072 222 2117 tam
233 2065 403 2131 fuerit
414 2065 755 2129 continuata,
767 2069 827 2114 ut
838 2064 1106 2114 videretur
1115 2063 1278 2111 etiam
1289 2062 1575 2125 eonjurata
1585 2058 1711 2108 taci-

172 2220 192 2240 ι
221 2211 391 2261 Nunc
413 2208 636 2270 isthmc,
662 2220 783 2260 non
804 2207 867 2259 in
889 2220 1093 2259 omnes
1118 2205 1353 2270 quidem
1383 2201 1709 2267 duodecim,

112 2281 217 2334 sed
239 2281 301 2332 in
319 2280 539 2345 priores
556 2285 672 2331 tres
690 2282 919 2331 tantum
944 2278 1285 2343 Explanatio
1309 2279 1561 2341 superat,
1587 2274 1709 2345 sive

113 2352 269 2418 quod
298 2344 553 2415 reliquos
567 2351 743 2404 libros
767 2352 937 2402 nobis
955 2354 1099 2403 setas
1114 2349 1399 2412 inviderit,
1418 2348 1540 2399 sive
1557 2344 1711 2409 quod

109 2438 210 2479 eos
235 2424 473 2475 minime
496 2427 714 2475 Auctor
736 2422 1059 2475 elaborarit.

174 2496 196 2524 δ
225 2494 413 2547 Malim
436 2495 677 2547 rescribi
701 2495 1062 2557 consideratu,
1096 2493 1265 2557 idest,
1287 2489 1521 2551 intuitu,
1544 2488 1714 2541 intel-

111 2566 286 2627 lectu,
312 2567 447 2631 ﬁne,
472 2571 580 2618 etc.
1022 2572 1027 2577 '

179 2648 199 2669 °
240 2640 412 2689 Porro
448 2637 529 2688 illi
558 2639 829 2689 continuo
861 2637 1135 2695 adhaeret,
1168 2639 1227 2687 et
1260 2634 1475 2699 primas
1508 2631 1711 2684 defert.

117 2710 533 2763 Maximeinitio
546 2711 953 2773 subsequentis
964 2710 1317 2758 Commentarii
1342 2710 1397 2755 in
1417 2707 1543 2768 Joel,
1566 2720 1712 2769 eum,

114 2782 322 2845 inquit,
356 2786 734 2846 percunctator
766 2780 1165 2831 aceederet.......
1204 2792 1372 2842 quam
1405 2777 1713 2825 Editionem

124 2853 271 2916 [sunt
292 2854 439 2902 enim
460 2853 733 2917 plusculi
762 2852 1063 2915 delegissem
1090 2850 1303 2902 :notavi
1324 2848 1560 2898 videlicet
1582 2847 1715 2896 ulti-

117 2940 287 2987 mam,
315 2939 430 2989 quae
456 2924 781 2975 secundum
806 2925 1118 2976 Hebrmum
1137 2927 1376 2981 vocatur,
1400 2918 1547 2984 quod
1569 2921 1630 2969 in
1652 2935 1715 2970 ea

117 2996 296 3060 magis
335 2996 697 3045 elocutionum
743 3000 871 3046 esset
910 2995 1209 3058 integritas,
1236 3008 1353 3058 quae
1379 2992 1458 3041 vel
1486 2991 1716 3042 docentis

115 3067 388 3132 affectum,
432 3067 512 3117 vel
554 3067 941 3117 comminantis
985 3067 1323 3130 exprimeret.
1371 3064 1547 3128 Ipsius
1592 3076 1713 3126 ergo

127 3140 518 3189 Translationis
544 3140 758 3204 judicio
783 3139 1161 3203 comperimus,
1184 3143 1275 3186 etc.
1301 3140 1525 3185 Potuisse
1548 3141 1712 3183 autem

121 3214 399 3263 Ruﬁnum
408 3213 535 3265 hac
546 3213 618 3264 de
634 3212 1081 3276 Hieronymiana
1095 3213 1460 3271 Scripturarum
1478 3210 1716 3256 Versione

119 3285 335 3336 sentire
360 3296 620 3348 unquam
642 3289 701 3336 et
724 3285 990 3347 scribere,
1009 3283 1204 3334 credat
1224 3280 1469 3333 Judaaus
1492 3278 1711 3343 Apella.

182 3356 205 3385 ἀ
246 3356 594 3421 Hujusmodi
631 3357 865 3420 quidem
904 3368 1052 3418 opus
1097 3355 1151 3406 S.
1194 3353 1479 3418 Ephraem
1516 3352 1713 3415 Syrus,

112 3440 369 3492 magnus
384 3442 443 3480 re
458 3434 517 3480 et
531 3433 932 3493 cognomento,
948 3426 1302 3488 condiderat,
1324 3424 1477 3488 quod
1493 3427 1641 3472 eliam
1660 3425 1714 3471 in

121 3501 384 3552 Graecum
391 3501 411 3565 j
420 3513 512 3552 am
528 3506 651 3552 tum
661 3501 849 3565 potuit
859 3500 1135 3563 converti,
1148 3511 1337 3561 neque
1348 3498 1503 3550 enim
1515 3498 1715 3558 Syriaca

124 3575 400 3624 Nostrum
435 3572 697 3636 scivisse,
724 3571 886 3623 facile
925 3570 1197 3633 adducor,
1238 3574 1300 3621 ut
1324 3570 1569 3621 credam.
1605 3566 1715 3619 Sed

119 3644 394 3707 quoniam
407 3657 524 3695 non
538 3656 723 3695 unum
735 3644 1063 3707 quempiam
1076 3655 1150 3694 ex
1164 3654 1233 3693 ea
1247 3642 1461 3704 lingua,
1479 3642 1566 3688 sed
1584 3654 1717 3688 non-

117 3715 295 3765 nullos
310 3716 526 3781 laudat,
542 3716 646 3769 erit
661 3716 918 3767 fortasse
937 3715 1057 3779 qui,
1081 3714 1435 3767 recentiores
1450 3710 1591 3764 alios
1616 3710 1716 3762 de-

1806 1915 2057 1965 cedamus
2078 1931 2096 1975 ;
2121 1920 2180 1964 ut
2202 1921 2249 1964 et
2288 1930 2457 1980 quam
2488 1915 2661 1964 multa
2701 1914 2822 1977 late,
2847 1927 3015 1978 quam
3039 1911 3213 1961 multa
3237 1915 3408 1973 acute,

1808 2002 1979 2051 quam
2001 1987 2191 2036 omnia
2228 1987 2316 2051 pie
2338 1993 2386 2037 et
2422 1992 2803 2051 consequenter
2836 1984 2903 2035 ab
2926 1984 3001 2034 eis
3021 1984 3131 2034 sint
3163 1982 3404 2047 prolata,

1805 2073 2109 2112 cernamus.

1807 2197 2024 2262 signari
2038 2198 2111 2249 ab
2126 2209 2194 2249 eo
2210 2197 2365 2258 velit,
2377 2198 2518 2261 puta
2531 2194 2929 2247 Abrahamum
2939 2192 3408 2246 Beth‘Rabanen-

1809 2281 1951 2328 sem,
1968 2274 2027 2320 et
2038 2271 2345 2319 IIauanum
2366 2266 2742 2329 Adiabenum,
2754 2266 2853 2329 qui
2869 2266 3035 2316 sexto
3051 2266 3302 2316 exeunte
3319 2277 3408 2312 sse-

1808 2340 1937 2391 culo
1952 2340 2284 2391 ﬂoruerunt.
2303 2340 2430 2402 Ipse
2448 2338 2592 2389 adeo
2609 2350 2670 2388 se
2686 2335 3016 2388 recentioris
3032 2334 3216 2386 multo
3231 2337 3408 2397 atque

1809 2412 1984 2477 vulgo
2000 2411 2250 2464 creditur
2264 2411 2473 2477 astatis,
2497 2414 2736 2462 notaret.
2768 2411 2855 2461 Tu
2876 2407 3274 2474 praefationem
3297 2418 3405 2459 no-

1810 2488 1992 2537 stram
2015 2484 2321 2536 consulito.

1872 2565 1890 2586 ·
1918 2556 2165 2620 Origenes
2200 2560 2415 2619 autem,
2448 2552 2637 2617 inquit
2659 2552 3047 2616 Hieronymus
3073 2550 3131 2602 in
3157 2547 3403 2620 Prwfat.,

1806 2619 2043 2693 parvum
2065 2628 2128 2677 de
2152 2629 2248 2678 hoc
2270 2625 2543 2691 Propheta
2556 2622 3042 2693 scripsitlibellum,
3066 2621 3156 2693 cui
3173 2621 3319 2670 hunc
3342 2619 3409 2693 ti-

1812 2688 1988 2748 tulum
2033 2699 2317 2764 imposuit,
2354 2688 2461 2763 τξερὶ
2499 2703 2580 2748 τοῦ
2616 2688 2718 2752 πῶς
2758 2691 3024 2761 ὠνομάσθη
3064 2688 3114 2743 ἐν
3147 2696 3215 2759 τῷ
3251 2689 3409 2764 Ὠσηὲ

1812 2769 2037 2839 Ἐφραΐμ,
2069 2762 2168 2822 hoc
2197 2762 2466 2834 est,quare
2486 2767 2805 2833 appellatur
2831 2767 2893 2817 in
2925 2762 3372 2839 Osee_Ephraim
3395 2773 3410 2839 ξ

1811 2830 1995 2893 volsus.
2009 2830 2146 2894 osten
2156 2830 2295 2906 dere,
2308 2830 2667 2904 quaecumque
2680 2844 2871 2888 contra
2886 2851 3013 2886 eum
3034 2834 3310 2906 dicuntur,
3336 2830 3411 2881 ad

1815 2917 2184 2967 haereticorum
2219 2904 2502 2975 referenda
2527 2924 2851 2975 personam;
2891 2913 2938 2956 et
2969 2905 3128 2956 aliud
3154 2904 3410 2955 volumen

1812 2985 2079 3054 ἀκέφαὶον,
2108 2988 2196 3039 καὶ
2224 2981 2505 3044 ἀτέλεστον,
2537 2982 2682 3046 quod
2704 2985 2750 3029 et
2780 2980 2950 3044 capite
2981 2982 3179 3040 careat,
3206 2980 3252 3024 et
3273 2976 3404 3036 ﬁne.

1876 3061 1890 3089 τ
1914 3062 2113 3122 Neque
2133 3057 2273 3108 illud
2297 3052 2618 3109 verosimile
2654 3056 2745 3104 est
2766 3052 2837 3102 de
2861 3050 3105 3114 Origene
3134 3059 3239 3122 suo
3264 3046 3404 3122 scri-

1811 3131 2001 3198 psisse
2019 3116 2317 3192 Ruﬁnum,
2348 3125 2504 3191 quod
2538 3125 2726 3198 magis
2760 3122 3162 3198 allegoriarum
3201 3116 3409 3182 lepida,

1814 3192 1989 3268 quam
2013 3200 2482 3265 explanationum
2500 3197 2683 3248 solida
2696 3197 3062 3268 consectatus
3088 3192 3190 3268 sit:_
3218 3201 3408 3268 neque

1813 3260 1923 3328 hoc
1938 3275 2010 3326 de
2033 3260 2401 3336 Hieronymo,
2418 3280 2669 3334 quocum
2693 3264 3021 3317 inimicitias
3037 3260 3409 3336 gravissimas

1812 3346 2132 3406 exercebat,
2157 3330 2316 3408 quod
2335 3330 2554 3407 ingenii
2568 3337 2796 3404 capacis
2815 3338 2920 3402 vir,
2948 3339 3008 3388 et
3031 3333 3209 3387 studii
3237 3330 3410 3397 perti-

1811 3418 1972 3472 nacis
1992 3417 2184 3469 fuerit.

1876 3501 1893 3530 ι
1917 3492 1971 3543 s.
1997 3490 2299 3541 Doctorem
2322 3484 2471 3538 tueri
2499 3495 2575 3537 ex
2605 3486 2765 3548 parte
2785 3481 2849 3535 in
2870 3477 3093 3532 Prwfat.
3126 3474 3286 3529 Tom.
3314 3474 3413 3527 VI.

1744 3530 1795 3606 C
1815 3561 2008 3616 conati
2037 3572 2261 3613 sumus.

1876 3636 1898 3665 ι’
1933 3632 2322 3687 Emendamus
2350 3629 2432 3682 ita
2465 3640 2567 3693 pro
2596 3625 2857 3690 indicaui,
2893 3622 3051 3688 quod
3079 3623 3201 3673 erat
3224 3621 3415 3693 antea.

1815 3706 2094 3771 Quaedam
2116 3704 2230 3756 alia
2256 3691 2545 3768 ejusmodi
2567 3699 2801 3752 inferius
2816 3695 2970 3750 taciti
2985 3691 3412 3758 castigavimus.

128 3869 3413 3910 ____________________________..._.___—————-

126 4064 2052 4249 COMMENTARIUS
2191 4064 2439 4228 IN
2586 4051 3405 4224 OSEAM

1159 4493 1626 4593 LIBER
1720 4485 2377 4617 PRIMUS.»

576 4748 1263 4836 CAPUTlPRIMUM
1286 4750 1297 4831 ι

172 4878 338 4931 Vers.
376 4876 406 4932 1
434 4876 492 4929 et
515 4873 567 4929 2.
605 4901 666 4911 -
710 4871 941 4923 Verbum
964 4868 1210 4931 Domini,
1235 4864 1381 4932 quod
1406 4864 1612 4929 factum
1645 4865 1721 4910 est

115 4949 189 5000 ad
220 4950 347 5000 Osee
373 4947 556 5012 filium
588 4945 835 4995 Beherim
866 4943 930 4991 in
969 4939 1165 5012 diebus
1191 4939 1339 5012 Osix,
1376 4935 1637 5012 Joathan,
1675 4936 1721 4980 et

115 5021 275 5083 Aeas,
312 5026 358 5070 et
373 5004 615 5069 'Ezechiae
649 5030 840 5081 regum
868 5013 1033 5073 Juda,
1059 5015 1106 5060 et
1146 5011 1208 5083 in
1231 5008 1414 5083 diebus
1431 5004 1722 5083 {eroboam

112 5093 221 5155 ﬁlii
244 5076 377 5142 Joas
397 5090 538 5155 regis
562 5076 746 5140 Israel.
771 5079 1397 5155 Principiumloquendi
1420 5076 1722 5155 Dominum

112 5146 177 5214 in
206 5165 345 5214 Osee.
387 5146 479 5214 Ei
495 5175 610 5213 usu
648 5158 901 5224 quidem,
925 5146 1057 5220 quin
1085 5153 1334 5224 diversis
1369 5146 1722 5213 temporibus

116 5241 257 5288 sunt
279 5241 451 5300 gesta
476 5223 853 5292 narrantium,
880 5223 1351 5300 commemoratio
1377 5231 1609 5300 quoque
1637 5231 1725 5300 re-

114 5320 262 5372 gum
280 5289 517 5357 Videtur
537 5303 755 5366 ell‘ecta,
770 5289 1029 5372 ut'cujus
1047 5294 1225 5347 seculi
1240 5295 1539 5372 texeretur
1552 5289 1727 5372 histo-

116 5360 222 5442 ria,
238 5388 633 5429 nosceremus.
651 5378 701 5425 A
716 5360 1012 5437 prophetis
1030 5373 1225 5420 tamen
1238 5362 1616 5442 longe-magis
1633 5360 1729 5410 oh-

117 5435 344 5503 servari
366 5449 477 5501 fuit
496 5435 757 5509 necesse,
783 5446 916 5508 quia
941 5442 1075 5493 licet
1096 5451 1215 5490 non
1241 5435 1574 5500 simpliciter
1595 5446 1729 5483 mu-

114 5534 234 5574 nus
249 5520 509 5572 histori-ae
526 5508 963 5584 persequantur,
982 5517 1126 5564 utea
1141 5509 1427 5584 videlicet,
1430 5517 1573 5584 quas
1591 5508 1727 5555 sunt

116 5597 288 5659 gesta
304 5579 776 5653 commemorent,
796 5589 896 5639 sed
910 5587 1131 5649 impetu
1146 5579 1569 5659 quoque_[Forte
1594 5589 1731 5640 quo-

119 5655 280 5731 dam]
304 5663 745 5718 vaticinantium
760 5661 952 5731 futura
972 5655 1354 5731 denunciant:
1380 5655 1577 5702 tamen
1594 5661 1731 5712 quo-

118 5726 284 5790 niam
306 5749 426 5790 non
451 5748 518 5788 ea
531 5735 785 5794 casibus,
812 5729 916 5782 sed
935 5726 1151 5793 judicio
1171 5729 1419 5779 ventura
1442 5732 1730 5774 commen-

119 5812 284 5876 dant,
300 5815 361 5864 et
373 5811 446 5864 ad
463 5812 586 5875 ejus
606 5805 879 5874 principis
895 5800 1195 5856 arbitrium
1220 5799 1538 5876 disputant,
1557 5797 1724 5858 cujus

119 5870 368 5939 violatas
381 5870 561 5948 leges,
584 5870 643 5934 e—t
660 5870 906 5945 pollutas
927 5886 1084 5948 sape
1104 5870 1464 5948 ceremonias
1481 5876 1726 5948 conque-

347 5935 362 6010 Ξ
383 5935 648 6011 ordinate
955 5935 1225 6002 iii—fronte
1237 5941 1428 6009 operis
1444 5935 1727 5996 vocabula

1815 4727 2019 4781 regum
2038 4717 2355 4775 aetatesque
2377 4708 2758 4781 constituunt,
2779 4708 2846 4757 ut
2860 4715 2995 4781 qum
3019 4706 3157 4781 sunt
3183 4700 3292 4753 sub
3317 4711 3414 4751 eo-

1816 4776 1944 4840 rum
1961 4785 2273 4838 commissa
2290 4780 2665 4846 temporibus,
2680 4776 2924 4829 historia
2932 4776 3194 4838 docente,
3204 4785 3419 4846 noscen-

1817 4863 1926 4921 tes,
1942 4858 2227 4909 fateamur
2243 4867 2341 4905 eos
2352 4844 2560 4917 dignas
2576 4853 2961 4921 ingentesque
2976 4858 3216 4921 caussas
3232 4844 3419 4896 invec-

1819 4917 1992 4981 tionis
2005 4927 2297 4980 habuisse.
2324 4927 2394 4976 Et
2409 4922 2837 4988 Regumitaque
2858 4925 2916 4972 et
2937 4917 3419 4988 Paralipomenon

1819 5002 2149 5052 continetur
2162 4985 2661 5061 annalibusfquod
2672 5005 2806 5046 cum
2820 4992 2899 5055 hi,
2916 5000 3165 5054 quorum
3175 4985 3420 5061 nomine.

1820 5076 1961 5123 sunt
1978 5070 2299 5135 praemissa,
2326 5057 2654 5133 regnarent,
2677 5069 2797 5117 tota
2826 5062 3059 5135 quidem
3081 5057 3420 5135 Judesorum

1820 5155 1965 5207 gens
1978 5129 2274 5193 idolorum
2287 5129 2549 5191 cultibus
2574 5129 2724 5188 esset
2742 5133 3046 5207 inquinata
3071 5146 3082 5179 :
3109 5129 3307 5207 decem
3332 5130 3422 5207 ta-

1822 5199 1957 5265 men
1977 5214 2180 5275 tribus,
2199 5223 2332 5275 quas
2346 5222 2382 5262 a
2404 5209 2686 5261 divisione
2710 5207 2820 5275 sub
2833 5199 3324 5275 Jeroboamfacta,
3343 5200 3421 5275 Is-

1822 5284 1938 5338 rael
1962 5271 2333 5345 vocabantur,
2353 5286 2408 5333 et
2424 5279 2642 5333 ultimis
2660 5274 2973 5339 sacrilegiis
2989 5271 3339 5345 squalerent,
3363 5273 3421 5321 et

1821 5355 2290 5422 impendentibus
2313 5343 2421 5404 Sibi
2444 5348 2863 5422 calamitatibus
2888 5347 3245 5422 urgerentur,
3269 5343 3421 5422 Qua-

1822 5412 1954 5482 tuor
1981 5430 2174 5490 itaque
2201 5436 2404 5489 regum
2427 5422 2499 5472 de
2523 5422 2555 5471 J
2561 5420 2694 5483 uda,
2716 5429 2964 5482 quorum
2990 5412 3256 5490 videlicet
3284 5416 3423 5490 tem-

1823 5514 1962 5567 pora
1979 5482 2230 5552 vaticinii
2244 5482 2373 5560 eius
2389 5482 2761 5567 contingebat
2776 5494 2939 5567 setas,
2958 5492 3017 5538 et
3040 5484 3212 5567 unius
3228 5482 3341 5567 qui
3350 5483 3420 5567 de

1823 5552 2052 5627 israelis
2089 5574 2247 5636 parte
2274 5552 2640 5628 regnaverat,
2679 5560 2875 5636 intulit
2900 5558 3284 5636 mentionem.
3309 5552 3419 5636 Sed

1825 5624 1957 5698 cum
1977 5624 2334 5709 prophetiam
2347 5624 2557 5689 inisset
2572 5624 2838 5709 exorsus,
2854 5631 3075 5693 hiquos
3090 5627 3238 5709 dixit
3251 5624 3422 5691 parti-

1822 5702 2057 5770 busillis
2075 5702 2474 5779 praesidebant.
2498 5710 2632 5759 Post
2645 5717 2765 5779 non
2778 5702 3422 5779 longumverotempus

1822 5768 1972 5851 apud
2000 5768 2313 5839 Samariam
2336 5782 2500 5833 ﬁnita
2522 5776 2837 5851 dominatio
2861 5778 2973 5851 est.
3002 5769 3293 5836 Siquidem
3317 5768 3426 5820 Za-

1821 5847 2046 5913 charias
2061 5857 2214 5909 illius
2228 5855 2554 5915 Jeroboam,
2568 5850 2667 5914 qui
2684 5851 2848 5901 sexto
2860 5847 2985 5911 jam
3000 5855 3199 5915 mense
3211 5856 3299 5915 per
3315 5853 3426 5915 suo-

1822 5932 2145 5987 cessionem
2155 5926 2452 5982 obtinebat
2462 5913 2785 5990 imperium,
2802 5916 2957 5975 civili
2966 5913 3267 5977 seditione,
3284 5913 3337 5962 id
3350 5915 3426 5961 est

3410 4518 3439 4527 -ρ
