3884 6398
522 386 629 443 963

1576 372 1844 425 RUFINO
1879 364 2338 424 PRESBYTERO
2372 370 2762 423 ASCRIPTUS

3711 371 3820 427 964

523 462 739 556 Selium
755 495 1081 552 rebellante,
1097 501 1339 542 consum
1349 494 1442 540 tus
1457 492 1565 539 est.
1585 486 1799 538 Selium
1812 497 1964 564 vero,
1982 497 2116 536 cum
2143 490 2200 564 Α
2219 488 2416 550 Neque
2440 498 2625 564 usque
2648 486 2722 538 ad
2751 497 2973 564 nomen
2995 485 3262 564 conjugis
3288 485 3818 564 tap_t.um_tolerans.

521 586 638 625 uno
649 569 802 636 apud
825 564 1137 619 Samariam
1166 573 1368 636 mense
1385 564 1655 619 regnasset,
1668 558 1895 605 ascendit
1913 560 2116 605 Manaen

518 644 667 696 illius
684 630 822 697 Gud,
838 644 895 690 et
910 638 1130 688 dictum
1149 632 1570 697 praecedentem
1585 632 1915 692 tyrannum,
1929 630 2118 676 instau-

517 720 640 767 rata
655 712 980 771 rebellione,
998 706 1338 757 consumsit.
1359 706 1548 766 Atque
1564 701 1687 764 ipse
1707 713 1802 762 per
1817 705 2015 751 decem
2031 715 2118 747 an-

516 801 624 839 nos
643 780 1016 837 tumultuario
1032 777 1225 841 potius
1244 775 1499 839 imperio,
1518 772 1887 835 Assyriorum
1904 775 2006 831 regi
2024 774 2115 831 qui

518 860 613 910 Sul
630 853 1042 920 appellabatur,
1062 850 1172 898 sub
1190 851 1350 920 tanto
1364 847 1710 920 tributorum
1727 847 1989 920 buerant
2006 857 2114 920 ege-

516 935 636 981 stas
653 916 849 991 aperta
864 927 1038 981 esset,
1056 919 1371 971 famulatus
1387 920 1494 991 est.
1511 918 1540 991 _J
1548 928 1640 965 am
1657 927 1792 977 ergo
1810 916 1861 991 in
1881 917 2019 961 illam
2038 916 2118 960 de-

516 1014 642 1053 cem
659 985 914 1051 trihuum
945 994 1287 1058 portionem,
1319 989 1714 1039 calamitatum
1737 985 2114 1036 excitatarum

516 1073 774 1125 turbines
790 1057 1102 1120 irruebant.
1122 1064 1326 1125 Sicque
1337 1060 1545 1120 adhuc,
1563 1071 1740 1121 regno
1762 1057 1913 1121 apud
1929 1060 2117 1104 Jeroso-

512 1144 745 1208 lymitas
763 1142 1053 1196 manente,
1082 1135 1282 1185 decem
1302 1133 1485 1208 tribus
1510 1129 1754 1208 abs-tulit
1771 1128 2116 1208 denunciata

514 1202 837 1279 captivitas.
857 1212 1169 1270 Postquam
1186 1217 1321 1268 ergo
1337 1204 1409 1253 ad
1422 1204 1568 1279 lines
1584 1203 1818 1279 Assyrios
1834 1202 2007 1279 populi
2033 1202 2115 1279 Sa:

512 1271 710 1338 marite
727 1282 1139 1346 migraverunt,
1160 1280 1398 1327 sanctus
1416 1276 1563 1325 Osee
1586 1274 1732 1335 IAM.
1749 1279 1936 1346 sanctae
1950 1271 2109 1333 Oscae]

513 1360 574 1411 in
594 1360 622 1409 J
630 1357 748 1409 uda
772 1343 1005 1417 rcgione
1030 1351 1374 1407 consistens,
1393 1345 1650 1417 Ezechiaz
1667 1343 1838 1417 regis,
1863 1344 2113 1417 famosum

512 1426 805 1480 miraculis
832 1412 1062 1486 tempus
1078 1419 1318 1483 aspexit,
1344 1423 1400 1467 et
1426 1417 1535 1466 sub
1562 1416 1703 1478 ipso,
1721 1414 1895 1486 etiam
1916 1412 2117 1486 vatici-

514 1500 689 1552 nandi
714 1507 929 1548 munus
947 1484 1218 1544 exercuit.
1246 1492 1392 1551 Ergo
1412 1499 1545 1551 quae
1569 1485 1763 1536 Israeli
1779 1486 1899 1547 jam
1924 1484 2116 1548 perni-

514 1572 629 1622 cies
646 1568 1001 1628 imminebat,
1021 1563 1197 1614 unius
1216 1565 1442 1612 tantum
1459 1558 1637 1623 partis
1653 1560 1781 1619 ejus
1801 1556 2114 1620 principem

515 1640 853 1699 nominavit,
884 1639 994 1688 sub
1026 1647 1141 1698 quo
1164 1632 1507 1697 prophetare
1531 1629 1821 1692 cmpisset.

576 1714 737 1775 Quod
751 1698 946 1763 autem
963 1707 1173 1772 posuit,
1186 1703 1536 1766 Principium
1551 1700 1805 1775 loquendi
1818 1698 2011 1775 Domin
2022 1712 2115 1745 um

515 1785 575 1833 in
599 1770 743 1845 Dsee,
778 1783 837 1833 id
863 1770 1137 1831 nimirum
1172 1776 1401 1827 videtur
1431 1772 1751 1831 ostendere,
1786 1771 1921 1833 quia
1956 1770 2076 1832 ipse
2092 1780 2119 1845 .-

515 1856 672 1921 prius
700 1841 775 1905 sit
796 1853 868 1905 ad
888 1854 995 1902 hoc
1012 1861 1198 1911 genus
1217 1845 1795 1921 sermdngiadscitus,
1820 1855 1937 1892 non
1958 1841 2110 1903 quod

516 1912 811 1992 propheta:
835 1927 969 1974 ante
984 1934 1103 1971 non
1122 1918 1353 1992 fuerint,
1381 1912 1555 1992 393
1584 1928 1717 1966 cum
1734 1917 1799 1992 et_
1814 1916 2111 1964 beatorum

517 1986 698 2050 Heliae
722 2001 780 2047 et
803 1992 1037 2046 Helismi
1060 1996 1116 2042 et
1144 1991 1384 2040 aliorum
1409 1989 1673 2051 plurium,
1700 1986 1903 2037 eadem
1940 2000 2112 2044 regum

516 2069 778 2129 historia,
793 2071 958 2129 gesta
972 2064 1241 2124 dictaque
1257 2061 1693 2119 commemoret;
1724 2057 1826 2108 sed
1847 2058 2002 2119 quod
2028 2069 2115 2106 eo-

514 2153 643 2191 rum
659 2139 919 2201 ouisque,
940 2135 1090 2199 quod
1108 2129 1569 2196 praenunciabat,
1589 2129 1763 2179 etiam
1780 2129 1957 2178 literis
1975 2143 2114 2174 inan-

516 2212 650 2263 dare
674 2210 747 2261 ad
773 2207 1181 2272 sempiternam
1204 2202 1565 2262 memoriam,
1586 2202 1946 2272 juberentur,
1974 2212 2113 2255 ope-

518 2296 639 2335 ram
668 2282 814 2333 Osee
840 2270 1061 2344 primus
1090 2274 1452 2327 assumserit.
1482 2274 1595 2322 Nec
1621 2284 1760 2321 sane
1780 2270 2113 2329 diffitemur,

519 2358 751 2407 beatum
775 2350 960 2403 David
975 2353 1032 2399 et
1049 2346 1537 2410 sapientissimum
1556 2346 1938 2404 Salonionem,
1960 2347 2116 2389 Evan-

516 2427 664 2489 gelio
678 2430 736 2476 et
752 2420 1044 2488 Apostolis
1062 2416 1630 2489 testibus,legitimos
1647 2414 1971 2489 prophetas,
1986 2416 2115 2460 dicta

519 2485 626 2549 sua
658 2485 839 2547 literis
873 2492 1210 2552 tradidisse;
1250 2488 1352 2539 sed
1379 2493 1568 2537 tamen
1600 2488 1747 2536 inter
1776 2485 1905 2535 illos
1942 2491 2115 2547 atque

516 2568 759 2619 istorum
798 2564 1027 2627 scripta,
1062 2573 1207 2624 quos
1233 2560 1253 2587 ⁸³
1275 2571 1433 2610 nunc
1465 2556 1767 2619 explanare
1802 2562 2111 2616 tentamus,

518 2652 635 2690 non
658 2648 893 2702 parvam
913 2626 1044 2686 esse
1071 2630 1450 2702 ditferentiam
1475 2628 1691 2702 peritus
1715 2626 1892 2702 lector
1911 2630 2113 2702 adver-

517 2714 617 2762 tet.
644 2698 729 2759 flii
755 2708 910 2759 enim
924 2706 1057 2755 licet
1078 2701 1270 2764 aliqua
1294 2700 1364 2750 de
1388 2698 1585 2762 populi
1608 2699 1937 2762 captivitate
1962 2698 2116 2749 dixe-

518 2782 652 2843 rint,
680 2785 869 2830 tamen
884 2776 1051 2840 quasi
1066 2773 1276 2837 quietis
1291 2770 1684 2843 mentibus,id
1708 2775 1816 2843 est,
1836 2772 1979 2818 nulla
1994 2772 2115 2817 mali

521 2840 814 2903 vicinitate
844 2845 1283 2911 trepidantibus,
1312 2855 1379 2893 ea
1395 2852 1527 2905 quae
1550 2840 1685 2891 olim
1713 2840 1830 2891 fore
1851 2856 2117 2900 conspexe-

520 2927 665 2984 rant,
684 2920 1092 2985 prsecinebant.
1119 2917 1190 2966 Hi
1205 2919 1401 2966 autem
1417 2919 1565 2964 inter
1579 2914 1737 2976 ipsos
1754 2913 1926 2976 positi
1952 2913 2113 2964 ultio-

519 3006 662 3047 num
685 2994 957 3056 fragores,
992 2989 1251 3039 attonitis
1276 2986 1510 3037 omnino
1532 2986 1879 3048 pectoribus,
1906 2987 2114 3049 quippe

520 3066 618 3129 qui
643 3065 1032 3115 calamitatum
1047 3062 1220 3111 etiam
1238 3058 1539 3123 participes
1555 3056 1949 3120 redderentur,
1966 3060 2113 3117 quasi

521 3136 860 3201 lacrymosis
882 3133 1182 3198 questibus
1208 3136 1395 3182 totum
1421 3139 1782 3193 exsequuntur,
1812 3135 1859 3176 et
1887 3134 2117 3177 allectum

526 3208 751 3260 Domini
775 3208 958 3258 nostri
985 3206 1104 3268 ,qui
1125 3203 1198 3254 ad
1226 3201 1629 3254 vindicandum
1646 3202 1817 3251 nimis
1842 3212 1994 3263 aegre
2025 3213 2120 3251 co-

525 3285 695 3345 gatur
709 3279 995 3342 efﬁngunt
1012 3291 1026 3339 ;
1045 3275 1429 3345 implorantes,
1458 3272 1694 3335 quidem
1718 3272 2008 3322 interdum
2031 3273 2119 3323 di-

527 3344 679 3402 vinas
694 3348 1079 3400 miserationis
1095 3344 1375 3397 auxilium
1393 3359 1405 3393 :
1423 3350 1702 3394 caeterum
1727 3346 1871 3403 quasi
1892 3346 2013 3391 stilo
2028 3351 2119 3391 tra-

522 3422 669 3486 gico,
683 3421 1073 3472 calamitatum
1085 3416 1346 3467 ordinem
1360 3418 1792 3478 persequentes.
1810 3417 2117 3474 Principium

522 3507 656 3557 ergo
672 3494 915 3544 istorum
935 3495 1153 3552 vatum,
1181 3489 1280 3550 qui
1298 3488 1407 3537 hac
1435 3487 1721 3550 praecipue
1745 3486 2118 3548 appellatione

522 3565 735 3627 signati
754 3565 1009 3623 fuerunt,
1040 3567 1104 3611 ut
1128 3560 1423 3623 prophetas
1438 3557 1895 3620 nominarentur,
1922 3568 1956 3607 a
1980 3562 2117 3606 beato

521 3636 666 3688 Osee
681 3639 1017 3697 susceptum
1034 3645 1164 3682 esse
1179 3642 1510 3691 noscamus,
1534 3631 1631 3692 qui
1648 3641 1875 3679 morum
1898 3634 1955 3679 et
1972 3644 2117 3689 gene-

521 3707 601 3758 ris
618 3706 921 3757 sanctitate
937 3708 1306 3765 conspicuus,
1329 3704 1496 3752 talem
1514 3712 1747 3763 operum
1764 3702 2120 3753 concionato-

520 3779 599 3830 ris
616 3778 912 3839 assumsit,
932 3781 995 3827 ut
1011 3776 1320 3826 sustineret
1332 3786 1637 3837 personam
1650 3779 1707 3823 et
1722 3773 2118 3837 redemptoris,

522 3854 581 3901 et
596 3850 831 3913 judicis,
858 3846 1013 3912 quod
1039 3859 1139 3911 per
1168 3850 1353 3897 totum
1385 3857 1534 3908 opus
1558 3843 1767 3894 clarius
1801 3846 2115 3907 apparebit.

588 3923 748 3973 Vers.
794 3920 844 3973 ‘2.
892 3920 943 3973 3.
989 3919 1040 3972 4.
1081 3918 1132 3971 5.
1164 3945 1223 3953 -
1261 3917 1327 3965 Ει
1372 3916 1514 3965 dixit
1548 3916 1813 3964 Dominus
1848 3919 1918 3963 ad
1960 3917 2114 3966 Osee:

533 3994 691 4054 Vade,
716 4007 865 4040 sume
888 3990 982 4038 tibi
1006 4004 1231 4039 uxorem
1254 3989 1687 4052 fornicationum
1711 3994 1753 4035 et
1776 3987 1915 4050 ﬁlios
1937 3986 2118 4048 forni-

523 4067 799 4116 cationum
813 4079 829 4111 :
841 4064 975 4127 quia
984 4062 1270 4126 fornicans
1279 4059 1645 4122 fornicabitur
1660 4064 1849 4107 terraa
1861 4060 2114 4110 Domino.

522 4138 592 4186 Et
611 4136 763 4195 abiit,
786 4141 831 4184 et
846 4136 1062 4199 accepit,
1084 4133 1340 4181 Gommor
1370 4132 1546 4193 ﬁliam
1571 4130 1861 4189 Debelaim,
1879 4136 1925 4179 et
1941 4146 2121 4179 concc-

524 4213 597 4273 ptt
620 4215 665 4257 et
686 4207 891 4272 peperit
911 4206 1110 4268 litium.
1132 4205 1201 4253 Et
1224 4204 1365 4252 dixit
1388 4203 1658 4252 Dominus
1687 4202 1760 4251 ad
1789 4218 1911 4251 eum
1938 4218 1950 4254 :
1985 4204 2119 4254 Voca

522 4294 719 4330 nomen
734 4279 848 4342 ejus
870 4276 1132 4336 Jesrahet,
1152 4276 1416 4338 quoniam
1428 4274 1611 4323 adhuc
1628 4275 1921 4337 modicum,
1939 4280 1984 4323 et
2002 4277 2121 4324 visi-

525 4352 643 4401 tabo
661 4348 987 4413 sanguinem
1018 4346 1261 4396 Jcsrahel
1282 4361 1444 4410 super
1466 4346 1687 4393 domum
1711 4346 1870 4408 Jehu,
1899 4352 1945 4395 et
1974 4349 2117 4411 quis-

518 4438 632 4473 cere
665 4423 878 4485 faciam
907 4434 1139 4484 regnum
1177 4420 1370 4467 domus
1411 4417 1594 4478 Israel,
1634 4424 1678 4466 et
1704 4418 1801 4468 illa
1831 4419 1920 4467 die
1945 4426 2120 4467 conte-

523 4510 647 4544 ram
670 4510 862 4543 arcum
881 4491 1045 4541 Israel
1062 4493 1121 4539 in
1146 4490 1279 4539 valle
1301 4490 1560 4538 Jesrahel.
1590 4490 1851 4541 Notanda
1879 4503 2119 4542 consue-

526 4566 686 4630 tudo,
701 4567 878 4617 immo
894 4565 1147 4628 dignitas
1164 4567 1496 4613 sanctorum
1516 4564 1786 4621 virorum,
1813 4564 1963 4625 quod
1992 4572 2119 4623 post-

525 4650 699 4701 quam
722 4637 796 4687 ad
826 4636 886 4687 id
916 4635 1139 4686 decoris
1160 4633 1542 4694 ascenderint,
1573 4639 1634 4683 ut
1667 4633 1865 4697 lingua
1897 4646 2113 4694 eorum,

526 4708 691 4771 quasi
725 4707 945 4758 calamo
968 4708 1191 4767 scribae,
1221 4706 1500 4756 Dominus
1532 4709 1730 4756 noster
1762 4708 1975 4767 utatur,
2000 4718 2119 4756 non

526 4780 713 4830 solum
735 4778 887 4829 dicta
909 4789 1128 4839 eorum,
1154 4777 1255 4827 sed
1273 4778 1443 4827 etiam
1459 4780 1643 4840 gesta,
1668 4775 1887 4827 honore
1903 4779 2119 4837 prophe-

525 4851 637 4902 tico
660 4850 981 4902 vestiantur
1007 4864 1018 4896 :
1045 4850 1539 4913 enunciandisque
1564 4849 1869 4912 mysteriis,
1900 4848 1988 4901 vel
2017 4851 2122 4900 do-

522 4922 706 4975 cendo
743 4926 958 4986 ponant
994 4934 1244 4985 operam,
1283 4923 1376 4974 vel
1408 4921 1677 4984 gerendo.
1721 4922 1786 4971 In
1820 4920 1947 4984 ipso
1986 4935 2119 4985 ergo

522 4994 975 5059 compellationis
991 4994 1253 5045 exordio:
1270 4994 1411 5056 Hoc,
1435 4993 1645 5055 inquit,
1668 4995 1832 5043 beato
1848 4996 2015 5045 Usea:
2034 5006 2117 5044 sa-

522 5080 617 5118 cer
631 5066 893 5118 conditor
910 5067 1234 5129 imperavit,
1253 5069 1333 5127 ut,
1351 5070 1409 5115 et
1429 5063 1706 5127 propositi
1732 5063 1821 5114 sui
1837 5069 1893 5115 et
1908 5068 2117 5126 sangui-

523 5141 615 5190 nis
631 5137 931 5202 splendore
947 5138 1230 5200 neglecto,
1247 5136 1543 5187 vilissimae
1567 5134 1837 5199 heminae,
1854 5148 1921 5187 ac
1944 5142 2117 5197 vulga-

523 5212 658 5263 riter
672 5210 1015 5275 prostitutae,
1033 5221 1135 5272 per
1147 5206 1410 5260 maritale
1433 5209 1785 5259 consortium
1797 5211 2113 5269 jungeretur.

584 5363 603 5384 ·
629 5354 684 5405 S.
713 5353 1099 5417 Hieronymus
1129 5350 1191 5402 in
1221 5350 1380 5401 hunc
1407 5350 1618 5415 locum,
1648 5352 1761 5401 Atii
1785 5359 1965 5403 autem
2000 5369 2115 5404 non

518 5427 765 5490 primum
789 5425 1040 5474 omnium
1056 5422 1455 5485 Prophetarum
1476 5424 1661 5473 volunt
1689 5424 1853 5486 fuisse
1872 5428 2113 5479 Osee......

518 5500 607 5548 sed
649 5497 873 5559 ostendi,
902 5493 1047 5559 quod
1093 5495 1216 5554 haec,
1242 5510 1358 5558 qua:
1400 5502 1721 5560 sequuntur,
1745 5500 1994 5561 primum
2040 5498 2114 5547 ad

522 5570 641 5620 Osee
662 5569 935 5619 Dominus
958 5567 1027 5615 sit
1047 5565 1317 5630 loquutus,
1342 5570 1448 5619 etc.

580 5642 602 5670 ιι
631 5645 717 5693 ita
740 5652 850 5691 nos
883 5638 1248 5703 reposuimus
1284 5654 1454 5701 nunc,
1491 5652 1594 5704 pro
1631 5653 1746 5704 quo
1775 5646 1946 5694 antea
1983 5655 2115 5695 con-

522 5714 690 5766 trario
717 5724 899 5763 sensu
921 5726 1014 5761 nec
1036 5710 1352 5775 legebatur.

581 5794 601 5814 θ
622 5786 710 5836 Α1)
738 5784 948 5836 horum
968 5785 1229 5848 partibus
1262 5787 1382 5836 stat
1404 5788 1641 5836 sanctus
1666 5796 1896 5847 quoque
1918 5785 2112 5837 Hiero-

518 5868 751 5920 nymus,
768 5856 867 5919 qui
886 5860 997 5907 hoc
1009 5859 1079 5919 ﬁg
1089 5856 1314 5906 uraliler
1337 5857 1546 5907 dictum
1560 5856 1874 5918 contendit,
1898 5861 2109 5921 tametsi,

521 5933 587 5979 ut
612 5926 852 5979 inferius
878 5927 1335 5989 observabimus,
1359 5933 1418 5981 et
1433 5929 1609 5992 juxta
1620 5928 1922 5981 historiam
1940 5942 2112 5994 posse

2139 1866 2193 1939 B

2140 4671 2197 4744 D

2217 559 2581 610 contumeliae
2607 570 2836 621 quoque
2858 556 3010 621 paris
3031 557 3093 609 in
3116 560 3314 621 sejure
3343 558 3510 619 [Forte
3521 559 3675 623 jura]
3697 564 3819 610 tur-

2216 630 2379 681 baret
2400 644 2412 679 :
2432 630 2748 681 utincertaa
2773 629 2989 680 sobolis
3020 630 3242 692 genitor
3273 630 3624 694 crederetur,
3650 634 3817 695 quasi

2216 702 2315 763 qui
2340 700 2489 751 filios
2511 701 2714 752 alienae
2745 701 3142 751 obscaenitatis
3165 701 3424 752 aluisset.

2278 775 2404 822 Non
2428 785 2521 823 me
2537 777 2732 823 autem
2762 772 2909 835 fugit
2932 777 3153 835 quanta
3178 772 3480 824 doctorum
3505 772 3814 825 hominum

2214 842 2384 893 fuerit
2407 843 2467 892 in
2491 841 2599 892 loci
2621 843 2791 893 istius
2826 844 3092 905 opinione
3117 844 3425 905 contentio,
3454 844 3534 893 ita
3560 850 3627 894 ut
3643 847 3817 907 regia

2214 928 2319 966 nes
2344 916 2587 978 integrae
2605 927 2777 977 super
2792 915 2917 976 ejus
2940 915 3259 965 assertione
3282 914 3633 967 dissentiant
3672 919 3815 967 Nam

2215 987 2523 1038 Palaestina
2552 990 2610 1036 et
2637 988 2919 1049 ngyptus
2945 986 3154 1048 aliique
3178 999 3398 1047 omnes,
3424 987 3524 1050 qui
3548 988 3817 1050 Origenis

2214 1060 2554 1109 auctoritate
2592 1056 2898 1121 plurimum
2924 1062 3359 1109 commoventur
3382 1067 3398 1088 ε
3425 1096 3437 1118 ,
3479 1060 3818 1122 conjugium

2214 1130 2373 1181 istud
2406 1131 2478 1180 ab
2518 1129 2663 1179 Osee
2690 1129 2969 1192 propheta
3000 1133 3214 1193 negant
3249 1129 3617 1193 corporaliter
3649 1131 3820 1182 insti-

2216 1205 2423 1252 tutum.
2449 1200 2557 1251 Sed
2586 1200 2875 1263 quomodo
2898 1201 3169 1263 pleraque
3200 1201 3493 1264 prophetis
3523 1202 3581 1251 in
3608 1203 3817 1265 spiritu

2215 1280 2379 1339 gesta
2404 1277 2729 1333 narrantur,
2760 1272 2838 1322 ita
2861 1273 2966 1321 has
2996 1272 3160 1322 aiunt
3188 1284 3321 1322 cum
3345 1273 3645 1324 meretrice
3668 1286 3821 1337 nup-

2215 1349 2342 1407 tias,
2368 1346 2428 1396 in
2444 1346 2620 1396 verbo
2641 1348 2868 1393 tantum
2893 1342 3074 1393 fuisse
3098 1342 3429 1406 completas.
3458 1346 3659 1406 Neque
3675 1350 3811 1393 enim

2215 1417 2490 1481 temporis
2513 1417 2669 1467 illius
2700 1412 2877 1481 394
2903 1415 3191 1478 expetisse
3210 1416 3505 1478 rationem,
3528 1422 3596 1467 ut
3618 1422 3819 1467 contra

2212 1491 2481 1541 instituta
2504 1500 2683 1539 sacra:
2702 1487 2887 1549 Legis,
2913 1499 3046 1549 quae
3069 1487 3537 1545 denunciaverat,
3565 1490 3819 1535 nefarium

2214 1575 2344 1613 esse
2362 1574 2496 1612 cum
2519 1560 2816 1611 meretrice
2841 1558 3222 1617 consortium,
3249 1560 3390 1609 Osee
3411 1557 3484 1608 ad
3509 1561 3821 1607 concionnn-

2216 1633 2354 1684 dum
2380 1631 2751 1696 progrediens
2768 1630 3071 1691 lasciviret,
3094 1632 3149 1679 et
3172 1633 3475 1679 exerturus
3501 1629 3561 1679 in
3586 1635 3821 1694 peccata

2216 1716 2542 1765 censuram,
2562 1702 2780 1766 primus
2802 1700 2925 1763 ipse
2943 1700 3345 1758 committeret,
3372 1700 3531 1763 quod
3552 1706 3716 1752 totus
3735 1717 3819 1760 po-

2216 1775 2388 1840 pulus
2405 1778 2823 1837 consequenter
2844 1772 3148 1834 arguisset.
3168 1778 3348 1831 Quam
3369 1776 3565 1823 autem
3583 1784 3714 1820 esset
3731 1776 3816 1819 in-

2218 1854 2569 1909 competens,
2596 1846 2646 1895 si
2674 1845 2745 1895 ad
2767 1844 3157 1894 defensionem
3173 1843 3371 1906 flagitii
3394 1843 3674 1905 objiceret
3697 1856 3818 1907 per-

2220 1931 2422 1968 sonam
2433 1917 2711 1980 jubentis,
2730 1928 2995 1966 asserens
3010 1914 3300 1975 nimirum,
3316 1928 3375 1964 se
3391 1914 3644 1979 quidem,
3660 1930 3818 1975 quan-

2216 1997 2339 2040 tum
2356 1990 2428 2039 ad
2452 2001 2643 2039 mores
2669 2000 2807 2037 suos
2824 1986 3075 2050 respicit,
3102 1986 3419 2036 foeditatem
3434 1986 3594 2036 illam
3619 2002 3817 2034 consor-

2213 2062 2275 2113 tii
2296 2062 2525 2112 fmditer
2556 2061 2864 2123 horruisse,
2896 2058 2996 2109 sed
3038 2058 3294 2109 cessisse
3319 2059 3652 2109 auctoritati
3690 2060 3819 2120 ejus

2212 2132 2461 2196 Domini,
2486 2134 2584 2196 qui
2610 2132 2683 2183 ad
2704 2130 3032 2195 arguendos
3059 2129 3302 2194 populos
3338 2144 3469 2181 eum
3496 2133 3813 2179 destinasset.

2211 2204 2517 2255 Videretur
2541 2215 2781 2267 prorsus
2800 2203 3100 2253 materiam
3119 2202 3400 2252 irrisionis
3423 2202 3631 2264 potius,
3658 2216 3812 2261 quam

2210 2275 2531 2327 formidinis
2547 2275 2817 2326 attulisse
2840 2278 2909 2337 ei,
2936 2276 3034 2336 qui
3052 2286 3125 2324 ex
3150 2273 3276 2336 ejus
3302 2286 3544 2337 persona
3566 2276 3790 2321 obscaeni

2215 2354 2363 2399 tates
2385 2350 2627 2400 aliorum
2644 2346 2972 2408 arguendas
2989 2350 3238 2408 putaret,
3256 2358 3426 2407 quem
3439 2348 3544 2405 ipse
3556 2348 3809 2393 commissi

2213 2435 2247 2473 a
2271 2436 2333 2475 se
2357 2421 2555 2485 ﬂagitii
2581 2418 2922 2482 praedicaret
2942 2420 3254 2468 auctorem.
3289 2418 3574 2478 Quaeritur
3604 2421 3663 2467 et
3697 2427 3810 2478 quo

2213 2497 2321 2545 hoc
2350 2508 2449 2559 per
2474 2494 2653 2544 totam
2678 2490 2885 2551 legem,
2910 2489 2998 2538 vel
3017 2488 3310 2559 praecepti,
3340 2488 3427 2538 vel
3456 2487 3608 2546 facti,
3636 2486 3809 2536 simili

2213 2558 2479 2617 fulciatur
2502 2560 2765 2623 exemplo
2793 2572 2804 2619 ;
2838 2559 3021 2609 sicubi
3054 2558 3318 2609 videlicet
3342 2560 3619 2608 Dominus
3642 2566 3811 2606 noster

2214 2636 2536 2689 faciendum
2552 2634 2841 2697 quippiam
2857 2632 3169 2682 adversum
3183 2635 3466 2694 prmcepta
3480 2631 3810 2689 mandaverit,

2214 2721 2457 2771 quorum
2481 2708 2681 2768 utique
2700 2708 3175 2766 transgressores,
3199 2701 3558 2752 denunciatis
3577 2712 3680 2763 per
3697 2714 3809 2759 pro-

2214 2770 2418 2843 phetas
2442 2778 2722 2835 cladibus,
2740 2774 2925 2824 ultum
2946 2774 3083 2824 ibat.
3110 2772 3199 2823 Ad
3224 2772 3377 2843 quod
3404 2770 3750 2843 docendum,
3768 2772 3807 2817 si

2212 2840 2557 2915 imperatum
2588 2849 2755 2897 beato
2791 2843 3037 2895 Abrahae
3072 2842 3437 2906 parricidium
3471 2840 3807 2915 proferatur,

2209 2914 2338 2987 ipso
2359 2922 2472 2971 fine
2496 2919 2701 2983 operis,
2720 2927 3053 2979 quanquam
3067 2921 3199 2987 ante
3219 2919 3470 2987 tempore
3486 2914 3637 2987 legis
3663 2914 3806 2987 editi,

2213 2985 2761 3049 ‘bommonebimur,
2780 3001 2897 3038 non
2916 2986 3314 3038 truculentiam
3330 2986 3524 3042 caedis,
3542 2985 3643 3035 sed
3662 2986 3810 3044 pieta-

2214 3069 2329 3116 tem
2355 3078 2420 3115 ac
2445 3065 2619 3114 tinem
2649 3062 2846 3124 patriai
2881 3060 3062 3110 menti
3085 3058 3346 3109 electam.
3378 3058 3618 3109 Unicum
3656 3056 3805 3106 enini

2217 3137 2517 3198 oll’crebat,
2545 3133 2641 3197 qui
2671 3132 2921 3182 habebat
2944 3130 3438 3194 repromissiones,
3464 3130 3555 3179 cui
3588 3127 3803 3198 dictum

2217 3213 2356 3272 erat,
2380 3210 2512 3272 quia
2547 3207 2609 3254 in
2640 3205 2794 3253 Isaac
2822 3202 3168 3253 suscitabitur
3202 3202 3295 3250 tibi
3331 3216 3507 3250 semen
3537 3201 3687 3262 (Gen.
3724 3197 3805 3272 21.

2216 3280 2320 3345 12.)
2346 3270 2360 3328 ’τ
2388 3270 2705 3331 ostendens
2729 3275 2883 3338 quod
2908 3274 3092 3338 possit
3119 3276 3293 3334 Deus,
3313 3274 3485 3325 etiam
3510 3283 3544 3323 a
3566 3270 3807 3345 mortuis

2215 3341 2485 3403 excitare.
2513 3350 2926 3409 Veruntamen,
2954 3350 3017 3397 ut
3032 3345 3346 3397 adversum
3371 3345 3630 3395 timorem
3654 3341 3808 3392 frus-

2217 3424 2439 3475 trandae
2467 3419 2867 3486 promissionis
2892 3416 3199 3469 credulitas
3218 3419 3332 3468 lixa
3350 3428 3481 3468 eum
3504 3416 3802 3466 tuebatur:

2216 3496 2297 3547 ita
2312 3509 2426 3547 non
2443 3496 2573 3545 sivit
2593 3494 2750 3543 Deus
2769 3492 2829 3543 in
2852 3491 3095 3542 exitium
3116 3502 3300 3552 usque
3318 3488 3476 3553 pueri
3498 3489 3806 3534 devotionem

2215 3571 2471 3632 parentis
2496 3577 2816 3628 excurrere,
2841 3564 2943 3615 sed
2967 3558 3670 3632 compressitimmOmturi
3694 3568 3811 3608 ma-

2216 3631 2377 3705 num,
2408 3638 2720 3703 explorata:
2736 3637 2964 3687 virtutis
2988 3634 3286 3698 interjecta
3308 3631 3575 3684 laudatio.
3595 3632 3802 3705 C_iaruil,

2216 3702 2422 3777 inquit,
2448 3702 2602 3776 quod
2619 3713 2809 3762 solum
2827 3707 2983 3760 volui
2998 3708 3304 3771 publicare,
3329 3704 3469 3757 nihil
3487 3702 3640 3766 apud
3658 3707 3719 3777 te
3736 3703 3805 3748 vel

2216 3776 2425 3850 amore,
2448 3784 2541 3837 vel
2560 3785 2775 3834 honore
2793 3795 2919 3833 meo
2935 3794 3064 3832 esse
3078 3778 3499 3831 vehementius.
3530 3777 3693 3827 Nunc
3704 3776 3803 3850 jam

2216 3872 2384 3923 parce
2408 3847 2693 3920 Sanguini,
2712 3862 2886 3919 quem
2902 3865 3009 3904 nec
3032 3853 3104 3903 ab
3129 3852 3238 3902 alio
3264 3850 3472 3923 licebat
3486 3860 3594 3923 nec
3618 3859 3652 3897 a
3668 3853 3716 3894 te
3734 3847 3806 3892 de-

2217 3919 2383 3982 cebat
2406 3919 2637 3981 effundi.
2658 3929 2772 3977 Nec
2798 3932 2990 3976 tamen
3006 3923 3315 3975 sacerdotis
3332 3919 3576 3973 videaris
3599 3932 3803 3966 munere

2220 4003 2555 4061 destitutus,
2572 4012 2704 4051 ecce
2728 3999 2875 4049 aries
2897 4002 3125 4062 propter
3149 4001 3204 4046 te
3219 3994 3459 4055 assistit,
3482 4001 3699 4042 cornua
3727 4004 3804 4037 ve-

2216 4078 2415 4142 pribus
2436 4072 2707 4136 illigatus,
2732 4072 2901 4134 cujus
2920 4068 3056 4142 vita,
3082 4070 3146 4117 ut
3166 4064 3523 4142 absolvendo
3544 4062 3658 4113 filio
3683 4076 3801 4122 prte-

2218 4138 2354 4200 sens
2382 4144 2562 4198 valuit
2580 4143 2798 4194 deferre
2822 4141 3172 4192 subsidium:
3199 4139 3279 4189 ita
3302 4142 3359 4189 et
3381 4138 3637 4188 futurum
3654 4147 3805 4182 mere-

2216 4221 2368 4271 bitur
2385 4218 2611 4281 signare
2629 4213 2988 4277 mysterium.
3006 4214 3073 4263 1n
3086 4211 3318 4273 negotio
3343 4220 3475 4281 vero
3500 4206 3656 4281 beati.
3669 4207 3804 4253 Osca:

2216 4304 2334 4344 non
2360 4276 2544 4340 solum
2570 4276 2864 4350 imperata,
2904 4283 3007 4334 sed
3036 4283 3210 4334 etiam
3235 4280 3466 4345 impleta
3496 4276 3805 4350 multisque

2216 4359 2572 4425 temporibus
2597 4348 2955 4420 frequentata
2982 4354 3305 4425 permixtio,
3330 4363 3434 4402 nec
3454 4348 3641 4425 operis
3656 4350 3807 4425 hone-

2218 4421 2367 4485 state
2383 4444 2489 4482 nec
2510 4430 2777 4493 praecepti
2801 4427 3139 4478 auctoritate
3156 4424 3378 4475 videtur
3397 4433 3566 4493 posse
3586 4421 3804 4493 defendi.

2221 4508 2341 4557 liae
2365 4491 2651 4566 adjicitur,
2678 4491 2949 4563 quoniam
2971 4498 3033 4548 in
3054 4498 3194 4560 ipsis
3218 4506 3447 4559 quoque
3471 4491 3668 4566 figuris
3690 4501 3806 4554 pro-

2219 4564 2465 4640 phetalis
2482 4585 2601 4623 non
2623 4580 2641 4599 ’³
2657 4571 2827 4622 fuerit
2851 4570 2989 4621 ordo
3006 4571 3291 4620 servatus.
3312 4568 3454 4640 Nam
3470 4564 3806 4640 adsiguiticm

2220 4634 2431 4697 tionem
2448 4644 2742 4703 Tribuum,
2770 4653 2901 4704 quae
2927 4643 3093 4703 quasi
3119 4640 3227 4689 sub
3251 4638 3353 4688 Dei
3374 4634 3749 4704 contubernio
3765 4638 3803 4679 et

2221 4719 2492 4770 societate
2539 4703 2834 4778 degentes,
2879 4712 2941 4764 in
2972 4710 3270 4773 adulteria,
3301 4708 3359 4759 id
3382 4711 3489 4769 est,
3516 4703 3805 4767 sacrilegia

2218 4792 2610 4854 proruperant,
2635 4784 2957 4837 assumitur
2992 4782 3199 4833 mulier
3232 4780 3539 4854 prostituta
3564 4788 3699 4854 qum
3731 4783 3801 4854 ta-

2218 4847 2351 4912 men
2367 4847 2604 4920 nobilis,"
2617 4856 2934 4909 castiiicata
2952 4853 3262 4914 consortio,
3283 4851 3429 4903 filios
3449 4862 3565 4902 non
3579 4847 3647 4898 de
3670 4848 3803 4907 ﬂagi-

2220 4933 2382 4995 tioso,
2410 4930 2513 4983 sed
2533 4930 2606 4982 de
2633 4927 2946 4981 reverenda
2976 4927 3244 4990 conjuge,
3265 4923 3324 4974 id
3339 4927 3447 4985 est,
3464 4926 3592 4973 vate
3616 4920 3798 4995 susci-

2216 5005 2356 5068 piat,
2371 4993 2439 5055 ‘et
2456 5003 2518 5053 in
2539 5004 2814 5053 honorem
2832 4999 3182 5062 nuptiarum,
3207 4995 3627 5068 praeteritorum
3650 4993 3797 5068 oblita

2216 5065 2507 5135 vitiOrum,
2525 5072 2896 5124 fuecunditate
2914 5070 3121 5135 magis,
3145 5079 3320 5133 quam
3333 5065 3566 5118 libidine
3583 5065 3795 5135 perri-uso

2216 5150 2327 5198 tur.
2354 5134 2651 5207 Quomodo
2672 5156 2807 5208 ergo
2830 5145 2945 5195 ista
2964 5142 3186 5203 mulier,
3209 5152 3341 5205 quae
3362 5138 3723 5187 matronalibus
3743 5134 3795 5179 il-

2212 5217 2495 5270 lustratur
2508 5217 2854 5281 insignibus,
2871 5216 3062 5280 gentis
3077 5214 3229 5266 illius
3252 5209 3582 5277 probabitur
3594 5211 3795 5269 ﬁgurare

2215 5360 2445 5413 defendi
2465 5359 2604 5413 velit
2622 5359 2833 5409 beatum
2861 5360 3002 5420 Osee,
3037 5358 3133 5422 qui
3157 5372 3268 5406 non
3290 5353 3352 5405 ob
3374 5366 3621 5404 caussam
3646 5349 3794 5422 luxu:

2213 5434 2325 5494 riae,
2362 5449 2475 5482 non
2512 5432 2757 5481 libidinis
2789 5448 2898 5481 non
2933 5416 3164 5495 propria
3196 5428 3375 5491 fecerit
3400 5427 3681 5483 voluntate,
3718 5416 3793 5495 sed

2214 5492 2316 5555 Dei
2330 5506 2578 5569 paruerit
2603 5505 2850 5567 imperio,
2888 5492 2947 5551 ut
2972 5492 3116 5567 quod
3139 5503 3199 5550 in
3232 5503 3330 5549 isto
3362 5498 3657 5549 carnaliter
3672 5492 3793 5569 legi-

2212 5564 2355 5639 mus,
2378 5578 2440 5624 in
2455 5576 2560 5624 Deo
2574 5564 2801 5639 factum,
2820 5564 3179 5640 spiritualiter
3191 5573 3556 5638 probaremus.
3583 5564 3792 5621 Videsis

2214 5650 2343 5712 ejus
2374 5648 2595 5700 Praefat.

2277 5720 2297 5749 ά
2320 5724 2506 5771 Antea
2530 5724 2653 5772 erat
2675 5718 3145 5771 commovebimur.

2275 5801 2293 5823 °
2315 5794 2422 5844 llic
2454 5793 2622 5857 fuerit
2646 5805 2745 5856 pro
2775 5792 2917 5856 fierit
2948 5790 3353 5851 restituimus;
3387 5788 3614 5854 aliaque
3648 5786 3788 5851 ejus-

2211 5865 2369 5919 modi
2388 5866 2675 5931 superius.
