3884 6408
515 397 618 454 967

509 512 618 563 viri
640 506 917 571 benevoli,
943 505 1046 559 sed
1064 504 1288 570 jamdiu
1301 500 1657 554 meretricios
1682 501 1944 552 moresin
1972 514 2103 554 con-

507 585 650 648 juge
664 578 1025 640 sustinentis,
1054 580 1112 627 et
1133 575 1364 648 suscipe
1379 573 1525 648 ﬁlios
1549 573 1648 635 qui
1673 572 1764 624 vel
1785 574 2105 648 habeantur

509 644 729 714 incerti,
755 651 841 702 vel
855 650 1058 700 alienas
1069 645 1436 697 obscoenitati
1450 644 1899 706 consequentiae
1924 645 2107 709 appli-

513 730 734 786 centur,
746 727 920 785 atque
931 719 1191 783 experire
1204 720 1396 768 utrum
1408 728 1588 779 queas
1599 715 1996 767 continuatam
2008 717 2107 768 ha-

510 800 644 849 bere
654 792 1007 859 patientiam,
1030 794 1087 841 et
1098 802 1173 840 an
1185 788 1386 859 credas
1398 787 1609 859 veteris
1624 786 1977 859 singularem
1994 801 2107 839 me-

512 857 761 920 dicinam
783 863 1014 923 doloris,
1029 862 1077 911 si
1096 859 1189 911 vel
1211 858 1432 910 desidio
1450 857 1729 922 [dissidio]
1752 857 2012 909 libereris
2032 861 2106 909 ab

509 950 578 990 ea
600 936 855 998 muliere,
870 945 1046 997 quam
1059 942 1384 994 numquam
1404 942 1503 992 per
1516 929 1809 991 beneﬁcia,
1837 942 2010 992 quam
2022 930 2106 980 vis

510 1008 709 1070 multa,
732 1003 1070 1057 correxeris.
1098 1001 1479 1065 Siveigiturin
1505 999 1642 1050 solis
1658 1001 1869 1051 mentis
1892 1001 2108 1051 allecti-

512 1081 643 1141 bus,
670 1069 795 1128 sive
819 1074 993 1127 etiam
1016 1074 1078 1124 in
1100 1072 1349 1136 negotiis
1374 1069 1514 1122 foedi
1538 1071 1790 1134 corporis
1828 1071 2111 1135 imperata

514 1146 863 1214 conjunctio,
880 1144 1175 1210 praphetm
1186 1144 1465 1194 honorem
1480 1141 1711 1214 videtur
1721 1142 1996 1205 aspicere,
2010 1143 2110 1206 qui

516 1228 579 1274 ut
614 1212 986 1273 severitatem
1009 1215 1224 1280 judicis
1258 1214 1500 1265 ﬁdeliter
1541 1212 1838 1278 indicaret,
1870 1219 2109 1277 gustum

514 1295 662 1357 ejus,
679 1304 795 1355 qua
804 1293 961 1341 Deus
972 1288 1347 1347 afﬁciebatur,
1363 1285 1791 1349 sentitinjuriae,
1810 1294 1983 1349 atque
1993 1300 2113 1338 rur-

515 1379 649 1418 sum
672 1364 838 1429 quasi
868 1360 1140 1425 obligatio
1155 1360 1315 1411 ﬁeret
1338 1357 1574 1409 ultionis
1599 1358 1659 1408 in
1685 1358 1894 1422 impios
1920 1360 2108 1423 profe-

512 1437 731 1498 rendae,
756 1436 866 1487 hoc
886 1435 1078 1498 ipsum
1101 1432 1254 1495 quod
1279 1436 1510 1495 propter
1533 1431 2013 1494 signiﬁcationem
2029 1431 2109 1482 rei

514 1509 832 1571 -indignam
846 1519 905 1556 se
920 1503 1196 1569 propheta
1206 1502 1614 1553 contumeliam
1627 1500 1941 1564 pertulisse.
1952 1506 2110 1562 Igitur

441 1608 453 1616 ι
513 1593 648 1633 cum
658 1580 864 1630 idonea
877 1588 1051 1641 quam
1064 1574 1315 1626 diximus
1330 1574 1615 1638 parabolae
1628 1586 1836 1624 caussa
1847 1574 2025 1626 fuisse
2036 1575 2110 1626 vi-

515 1655 735 1714 deatur,
759 1663 866 1703 nos
884 1651 1007 1713 jam
1031 1648 1293 1699 ordinem
1316 1648 1444 1710 ejus
1467 1659 1900 1709 persequamur.

576 1726 759 1787 Sume,
784 1722 991 1785 inquit,
1026 1720 1120 1769 tibi
1160 1733 1390 1768 uxorem
1416 1718 1868 1785 fornicationum,
1901 1723 1945 1767 et
1968 1718 2107 1781 ﬁlios

512 1795 944 1860 fornicationum
958 1809 969 1840 :
985 1792 1120 1856 quia
1130 1791 1415 1854 fornicans
1424 1789 1790 1853 fornicabitur
1800 1796 1939 1838 terra
1958 1805 1993 1838 a
2009 1790 2108 1838 Do-

515 1869 685 1918 mino.
699 1866 781 1918 Ad
801 1866 1013 1916 idioma
1033 1862 1315 1913 sermonis
1328 1861 1556 1912 Hebrmi
1568 1865 1790 1924 spectat
1803 1862 1915 1911 ista
1925 1860 2109 1925 gemi-

516 1939 692 1999 natio,
717 1937 922 2001 faciens
945 1934 1123 1997 faciet,
1166 1933 1385 1996 loquens
1410 1932 1672 1996 loquetur,
1703 1937 1761 1982 et
1796 1937 2006 1983 caetera
2049 1933 2107 1983 in

515 2011 672 2062 hunc
708 2008 967 2060 modum.
1012 2006 1105 2067 Sic
1148 2018 1284 2068 ergo
1322 2009 1380 2055 et
1405 2004 1690 2066 fornicans
1726 2003 2104 2065 fornicabitur.

515 2084 717 2134 Posset
727 2084 923 2131 autem
935 2076 1241 2128 elocutioni
1252 2074 1386 2125 huic
1400 2075 1419 2102 δ
1431 2074 1679 2125 subdere
1693 2074 2005 2125 discrimen
2016 2074 2110 2125 ad-

514 2152 712 2215 hiberi,
727 2150 828 2201 sed
848 2161 966 2200 non
977 2151 1069 2199 est
1080 2145 1491 2210 negligendum
1516 2146 1757 2197 veniens
1772 2147 1843 2196 de
1856 2146 2108 2209 Scriptu-

514 2236 707 2276 rarum
726 2233 885 2273 more
906 2218 1329 2281 compendium.
1357 2218 1500 2267 Nota
1526 2230 1682 2278 sane,
1698 2216 1854 2279 quod
1874 2218 2108 2268 nomine

512 2292 1046 2350 fornicationis,non
1059 2292 1175 2341 tam
1187 2288 1460 2339 ineundae
1472 2288 1961 2350 praevaricationis
1976 2292 2109 2339 tem-

512 2380 640 2433 pus,
667 2377 840 2429 quam
862 2361 1182 2433 subeundae
1202 2360 1326 2433 jam
1342 2358 1699 2433 captivitatis
1709 2360 1971 2433 appellet.
1992 2361 2107 2433 Nec

508 2430 1011 2499 inconsequenter.
1048 2432 1193 2494 Quia
1233 2432 1389 2482 enim
1416 2431 1719 2481 materiam
1749 2430 2109 2481 damnationi

511 2510 938 2575 prophanarum
949 2504 1224 2575 mentium
1236 2502 1371 2553 fecit
1396 2502 1899 2575 obsccenitasddeo
1912 2514 2107 2575 caussas

513 2572 638 2633 sum
660 2579 894 2632 nomine
911 2587 1099 2641 paena:
1123 2584 1141 2604 ο
1166 2574 1445 2637 signatur,
1474 2577 1538 2623 ut
1553 2572 1813 2623 dicamus
1842 2572 2107 2624 fornicari

510 2648 805 2716 populum,
854 2660 988 2699 cum
1024 2658 1124 2710 pro
1161 2644 1539 2716 fornicatione
1569 2643 1915 2693 damnatur:
1951 2643 2106 2706 quod

513 2714 747 2786 quidem
761 2717 1241 2783 inprmsentiloco
1254 2714 1618 2786 occasionem
1633 2726 1861 2786 quoque
1874 2728 2105 2775 magnam

513 2784 988 2846 docethabuisse.
1017 2790 1163 2838 Nam
1195 2799 1329 2838 cum
1363 2784 1598 2849 liqueat,
1624 2798 1743 2835 non
1785 2785 1942 2835 idem
1978 2798 2107 2837 esse

514 2874 744 2931 pmnam
768 2860 923 2926 quod
952 2858 1452 2931 culpamgquippe
1465 2869 1596 2907 cum
1620 2857 1735 2906 ista
1748 2856 1993 2907 honesto
2018 2857 2111 2931 ad-

514 2929 905 2997 versetur,illa
926 2929 1287 2996 petulantiae;
1316 2930 1576 2992 satisque
1590 2933 1987 2991 comparatum
2014 2929 2106 2991 sit,

510 3008 906 3062 deﬁnitionem
929 3015 1145 3064 rerum,
1170 3000 1579 3053 communione
1611 3002 1918 3050 nominum
1932 3001 2110 3051 neuti-

516 3093 692 3147 quam
715 3089 887 3143 posse
911 3073 1207 3136 coni‘undi,
1231 3072 1549 3147 atqueideo
1562 3084 1791 3147 pcnnam
1804 3074 2107 3147 essequod

513 3144 772 3222 culpam:
794 3150 960 3222 haud
980 3149 1181 3212 utique
1207 3147 1277 3198 de
1298 3145 1478 3196 nihilo
1502 3144 1904 3222 pronunciavit
1928 3146 2108 3222 forni-

511 3214 768 3284 catorem
797 3221 1094 3289 populum,
1121 3232 1236 3282 quo
1268 3222 1525 3281 tempore
1565 3214 1719 3267 mala
1752 3218 2106 3279 captivitatis

1551 386 1818 440 RUFINO
1865 388 2328 443 PRESBYTERO
2372 389 2760 443 ASGRIPTUS

2130 1890 2185 1964 B

3697 386 3804 444 968

2202 503 2395 557 viebat
2437 504 2625 565 ausui,
2670 500 3010 555 criminibus
3049 500 3390 561 sorduisset,
3418 501 3574 555 Jehu
3619 501 3804 556 ﬁlium

2205 577 2405 628 Namsi
2419 576 2685 629 Heliseus
2706 572 3000 638 propheta,
3023 585 3097 624 ex
3123 578 3411 637 praecepto
3424 573 3543 637 Dei,
3562 575 3624 625 in
3647 583 3808 626 assu-

2204 649 2478 699 mendum
2489 647 2793 712 imperium
2805 644 3267 705 susctitavit.Qui
3280 645 3512 714 paribus
3526 644 3598 695 de
3613 650 3806 695 caussis

2206 720 2510 772 severitate
2520 722 2862 777 commotus,
2879 729 3110 767 omnem
3120 715 3319 766 Achab
3342 721 3400 767 et
3420 717 3707 768 Jesabelis
3725 718 3801 768 fa-

2204 791 2440 853 miliam,
2462 796 2821 853 cunctosque
2842 787 2977 839 Baal
2997 788 3155 845 Idoli,
3176 788 3506 840 sacerdotes
3521 789 3737 853 pariter
3751 794 3804 840 et

2205 862 2520 926 ministros,
2532 862 2923 914 internecione
2934 860 3279 911 delevit.Pro
3296 873 3409 923 quo
3422 860 3664 912 ultionis
3684 861 3804 912 ofﬁ-

2205 934 2292 985 cio
2326 935 2676 997 promissum
2699 938 2788 983 est
2811 933 2880 995 ei,
2906 935 3058 995 quod
3079 933 3292 995 posteri
3327 932 3475 995 ejus,
3510 945 3704 996 usque
3732 932 3805 983 ad

2207 1010 2472 1069 quartam
2482 1006 2925 1070 generationem,
2943 1004 3253 1055 Israelitico
3279 1004 3524 1068 imperio.
3539 1003 3809 1068 prmside—

2206 1082 2353 1128 rent.
2380 1078 2592 1128 Verum
2616 1076 2888 1139 quoniam
2908 1079 2967 1125 et
2988 1076 3109 1139 ipse
3125 1075 3294 1137 Jehu,
3329 1080 3385 1126 et
3415 1077 3545 1139 ejus
3588 1075 3690 1126 ﬁlii
3714 1073 3804 1127 vel

2205 1152 2442 1211 nepotes
2464 1161 2580 1200 non
2599 1146 2975 1210 relinquendo
3010 1147 3308 1211 sacrilegia
3328 1148 3658 1211 Jeroboam,
3674 1159 3809 1210 per-

2206 1218 2480 1271 diderunt
2511 1219 2759 1282 insignia
2803 1230 2928 1270 sum
2955 1216 3297 1280 devotionis,
3329 1229 3444 1280 qua
3470 1219 3806 1283 persequuti

2203 1291 2431 1341 fuerant
2452 1291 2701 1342 cultores
2733 1290 2887 1353 Baal,
2933 1289 3189 1340 colendis
3228 1289 3495 1340 videlicet
3531 1291 3806 1343 Samaria:

2204 1362 2402 1415 vitulis
2412 1363 2778 1420 inhaerentes,
2794 1360 3144 1424 diversisque
3155 1374 3379 1412 morum
3391 1360 3807 1425 criminibus,ut

2204 1434 2394 1485 cultus
2420 1432 2858 1497 prophanitatis,
2876 1432 3074 1496 exigit,
3094 1432 3412 1483 servientes
3433 1449 3443 1480 :
3462 1432 3523 1482 in
3537 1432 3647 1483 hos
3662 1445 3807 1495 quo-

2205 1517 2335 1568 que,
2361 1505 2513 1557 Jehu
2530 1504 2795 1557 videlicet
2806 1508 3082 1566 posteros,
3097 1505 3194 1566 qui
3208 1504 3405 1554 Achab
3417 1503 3695 1555 familiam
3707 1504 3807 1555 de-

2201 1576 2480 1639 leverant,
2498 1576 2624 1626 ideo
2645 1575 2853 1626 dicitur
2866 1576 2949 1625 ira
2969 1587 3337 1639 consurgere,
3355 1578 3423 1625 ut
3436 1574 3689 1634 illorum,
3708 1576 3808 1639 qui

2203 1649 2275 1698 ab
2299 1648 2389 1699 his
2404 1648 2642 1699 extincti
2667 1647 2916 1701 fuerant,
2941 1646 3284 1710 sanguinem
3298 1646 3647 1697 vindicaret:
3686 1660 3807 1698 non

2207 1719 2362 1782 quod
2387 1718 2797 1771 caadesfuisset
2816 1718 3051 1780 injuste,
3077 1716 3179 1767 sed
3202 1717 3468 1780 quoniam
3486 1716 3588 1780 qui
3609 1717 3709 1768 illa
3724 1717 3808 1768 fe-

2206 1791 2437 1850 cissent,
2477 1802 2578 1854 per
2597 1789 2972 1840 imitationem
2998 1788 3303 1839 criminum
3332 1788 3511 1839 decus
3540 1788 3805 1852 judicum

2214 1861 2623 1926 perdidissent:
2648 1865 2703 1912 et
2718 1859 2926 1911 similia
2946 1858 3076 1917 illis,
3101 1871 3249 1922 quos
3271 1858 3620 1923 deleverant,
3637 1871 3806 1911 exse-

2212 1946 2244 1996 q
2253 1933 2460 1992 uendo,
2487 1934 2835 1982 transissent
2856 1932 2917 1981 in
2939 1943 3246 1981 numerum
3259 1936 3314 1982 et
3326 1931 3664 1982 societatem
3676 1944 3803 1982 reo-

2204 2017 2351 2055 rum.
2384 2004 2588 2066 Sicque
2608 2003 2943 2055 viderentur
2965 2002 3183 2053 ultione
3205 2002 3380 2066 digni,
3398 2014 3543 2065 quos
3557 2002 3805 2055 scelera-

2206 2079 2393 2125 torum
2407 2074 2633 2138 gladius
2646 2075 2984 2138 peremisset
3001 2090 3013 2124 :
3030 2086 3205 2136 quem
3218 2073 3464 2125 colorem
3474 2073 3535 2123 in
3548 2074 3804 2138 Scriptu-

2203 2146 2283 2197 ris
2308 2146 2480 2197 etiam
2507 2145 2932 2208 frequentatum
2957 2146 3117 2197 facile
3140 2150 3616 2196 monstraremus.

2268 2220 2415 2280 Ergo
2438 2223 2655 2281 posset,
2690 2216 2946 2280 inquam,
2978 2217 3207 2267 duobus
3232 2215 3421 2266 modis
3443 2228 3646 2267 versus
3668 2229 3802 2281 pro-

2204 2288 2470 2352 pheticus
2483 2288 2803 2352 explanari:
2823 2289 2931 2339 hoc
2942 2288 3202 2339 videlicet
3214 2301 3386 2352 quem
3410 2290 3804 2353 praemisimus

2204 2364 2263 2410 et
2284 2360 2464 2411 altero
2488 2361 2585 2423 qui
2606 2364 2899 2423 sequetur,
2916 2359 2963 2409 si
2977 2373 3094 2411 non
3116 2360 3280 2412 illum
3293 2362 3478 2424 magis
3491 2374 3802 2425 processus

2205 2433 2393 2494 Operis
2423 2433 2823 2482 communiret.
2851 2432 3091 2483 Nomine
3116 2432 3269 2482 enim
3297 2432 3624 2495 Jesrahelis,
3660 2445 3803 2497 gen-

2208 2507 2323 2553 tem
2344 2503 2532 2566 ipsam
2557 2517 2570 2553 :
2597 2503 2831 2554 nomine
2856 2515 2989 2553 vero
3007 2503 3178 2566 Jehu,
3199 2516 3445 2566 regnum
3478 2504 3672 2568 gentis
3696 2517 3802 2556 vo-

2205 2574 2599 2625 luitindicare:
2625 2574 2683 2624 id
2703 2578 2808 2634 est,
2825 2570 3001 2641 399
3015 2587 3148 2625 ecce
3154 2576 3277 2639 jam
3294 2580 3524 2638 tempus
3542 2577 3796 2639 advenit,

2206 2650 2273 2697 ut
2298 2650 2547 2709 populus
2571 2645 2821 2710 Israelis,
2847 2650 2946 2708 qui
2973 2647 3064 2697 vel
3087 2646 3146 2696 in
3163 2644 3473 2697 Jesrahelis
3496 2647 3645 2698 valle
3669 2650 3801 2700 vin-

2207 2718 2426 2768 cendus
2451 2722 2559 2779 est,
2587 2716 2681 2768 vel
2706 2719 2903 2767 urbem
2915 2717 3131 2780 regiam
3155 2717 3402 2769 habetin
3424 2718 3627 2769 eadem
3652 2720 3802 2771 valle

2205 2788 2474 2852 positam,
2502 2790 2567 2838 ut
2590 2790 2691 2853 qui
2714 2800 2909 2851 regem
2921 2788 3095 2838 habet
3110 2789 3182 2839 de
3197 2789 3346 2840 Jehu
3370 2789 3547 2852 stirpe
3561 2791 3801 2842 venien-

2208 2862 2343 2921 tem,
2372 2859 2491 2910 vim
2520 2858 2729 2910 debitw
2754 2859 2986 2909 ultionis
3009 2859 3244 2923 incipiat
3266 2860 3524 2924 experiri.
3539 2861 3803 2925 Denique

2207 2929 2282 2981 ad
2305 2930 2799 2981 conﬁrmationem
2824 2931 2996 2982 istius
3026 2931 3420 2994 intelligentia:
3442 2933 3709 2998 subjecit,
3735 2935 3802 2983 Et

2209 3003 2470 3066 quiescere
2501 3002 2709 3064 faciam
2736 3016 2968 3065 regnum
2991 3003 3184 3051 domus
3206 3002 3389 3066 Israel,
3419 3008 3466 3051 et
3496 3004 3557 3052 in
3592 3004 3696 3054 illa
3718 3006 3803 3055 die

2209 3081 2481 3123 conteram
2495 3089 2686 3123 arcum
2705 3074 2874 3123 Israel
2896 3075 2956 3122 in
2981 3074 3113 3123 valle
3134 3074 3393 3125 Jesrahel.
3439 3076 3797 3128 Visitationis

2209 3145 3041 3210 proindeanimadversionem,
3065 3146 3316 3209 quietem
3333 3160 3484 3211 vero,
3498 3148 3676 3199 ﬁnem
3698 3162 3797 3213 ap-

2206 3217 2438 3281 pellavit
2458 3218 2705 3282 imperii:
2732 3219 2886 3281 quod
2909 3222 2970 3269 ut
2993 3223 3305 3282 utrumque
3318 3218 3544 3283 planius
3570 3220 3798 3272 indica-

510 3293 1073 3379 essetaditurus.Sed
1096 3291 1233 3383 (illia
1257 3289 1704 3383 noveratipsam
1728 3292 2102 3383 castigationem
2130 3311 2178 3383 C
2206 3295 2311 3383 retL,
2349 3291 2657 3383 'Conteram,
2682 3290 2887 3353 inquit,
2930 3304 3123 3340 arcum
3160 3291 3325 3341 Israel
3376 3291 3440 3341 in
3486 3291 3624 3341 ualle
3678 3294 3796 3344 Jes-

510 3386 612 3438 pro
638 3369 972 3438 diversitate
990 3364 1275 3438 mentium
1303 3364 1715 3438 promoturam,
1731 3364 1790 3410 et
1809 3361 1952 3438 alios
1981 3365 2102 3418 ﬁeri

510 3431 818 3496 afﬂictione
867 3437 1153 3493 meliores,
1194 3434 1337 3485 alios
1378 3431 1737 3496 impudentia
1773 3434 2102 3501 nequiores,

512 3513 688 3583 398
714 3512 919 3564 merito
942 3508 1099 3583 dicit,
1118 3511 1294 3583 etpro
1318 3506 1614 3583 impietate
1637 3515 1812 3583 quam
1831 3505 1890 3556 in
1908 3507 2030 3558 suis
2043 3511 2103 3583 ﬁ-

510 3575 687 3638 nibus
700 3581 1125 3648 perpetrabant,
1139 3577 1267 3629 illos
1279 3589 1410 3628 esse
1432 3575 1834 3648 s_uppliciala_tu
1846 3589 1956 3642 ros,
1970 3584 2029 3630 et
2044 3582 2104 3631 in

506 3658 633 3722 ipso
646 3646 992 3719 captivitatis
1006 3646 1570 3722 tempore,q_uosdam
1582 3646 2003 3701 emendationis
2016 3651 2104 3702 in-

509 3719 716 3793 g}ng
730 3723 1019 3789 quosdam
1032 3733 1165 3793 vero
1177 3719 1434 3793 criminis
1445 3724 1801 3793 argumenta
1810 3726 2100 3789 capturos,

511 3791 837 3852 secundum
858 3794 997 3846 illud
1012 3792 1168 3857 quod
1178 3791 1309 3843 alibi
1334 3792 1745 3841 comminatur:
1772 3791 2017 3844 Servislis
2042 3797 2103 3846 in

512 3877 657 3921 terra
679 3874 852 3919 vestra
880 3866 1150 3928 diis,quos
1184 3862 1485 3911 nescierunt
1504 3867 1685 3925 patres
1708 3864 1883 3924 vestri,
1907 3868 2101 3916 ser-uie.

512 3943 579 3991 tis
601 3942 706 3991 diis
727 3939 921 3989 alienis
944 3938 1004 3986 in
1023 3942 1164 3985 terra
1181 3950 1294 3984 non
1310 3940 1498 3985 vestra.
1517 3935 1662 3996 Quia
1680 3947 1817 3999 ergo
1834 3948 1961 3987 eam
1977 3950 2100 4002 pro-

508 4013 863 4078 phanitatem
880 4021 1056 4072 quam
1068 4011 1492 4072 perpetraverat
1503 4007 2100 4071 genslibera,celebra—

509 4086 595 4139 vit
621 4083 847 4147 ancilla,
871 4083 933 4133 in
959 4078 1168 4133 mediis
1185 4091 1415 4142 quoque
1433 4078 1729 4143 suppliciis
1751 4078 2101 4134 fornicatura

511 4156 857 4221 praedicitur.

569 4227 795 4278 Primus
814 4229 1009 4277 autem
1032 4222 1186 4274 ﬁlius
1202 4233 1373 4284 quem
1388 4222 1555 4284 quasi
1567 4221 1788 4286 peperit
1809 4224 2100 4288 meretrix,

506 4300 742 4352 nomine
763 4298 908 4362 ipso,
931 4296 1026 4347 cui
1039 4293 1302 4345 imminet
1313 4293 1636 4356 captivitas,
1662 4294 1911 4358 regionis
1933 4296 2103 4348 indu-

509 4372 673 4423 citur.
700 4369 798 4422 Ait
820 4367 994 4431 enim,
1048 4367 1183 4416 Voca
1206 4378 1405 4413 nomen
1428 4364 1542 4429 ejus
1569 4365 1825 4415 Jesrahel.
1853 4369 1976 4428 Quo
2002 4381 2103 4420 vo-

509 4440 713 4494 cabulo
759 4440 923 4492 vallis
978 4437 1249 4491 Samariee
1292 4437 1564 4500 adjacens
1607 4436 1943 4501 signabitur.
1997 4440 2102 4491 Per

428 4547 436 4555 -
505 4513 683 4578 hujus
706 4514 903 4576 itaque
923 4510 1033 4562 loci
1051 4507 1512 4574 appellationem,
1537 4508 1679 4572 quid
1698 4508 1854 4573 regio
1873 4510 1948 4560 sit
1967 4522 2101 4573 pas-

506 4597 645 4636 sura
677 4584 1004 4636 denunciat.
1020 4581 1279 4644 Denique
1302 4582 1561 4643 sequitur
1585 4594 1598 4630 :
1630 4580 1903 4639 Quoniam
1919 4582 2102 4632 adhuc

504 4656 781 4705 modicum
800 4661 845 4704 et
868 4652 1090 4703 visitabo
1100 4652 1427 4714 sanguinem
1446 4651 1690 4701 Jesrahel
1698 4667 1860 4717 super
1875 4653 2098 4703 domum

503 4727 667 4787 Jehu,
695 4731 741 4775 et
766 4726 1026 4789 quiescere
1048 4723 1256 4787 faciam
1282 4738 1508 4787 regnum
1527 4724 1719 4773 domus
1741 4724 1908 4773 Israel
1933 4742 1943 4773 :
1970 4729 2016 4774 et
2039 4726 2095 4775 in

504 4798 603 4847 illa
661 4797 747 4847 die
791 4801 1065 4855 conteram
1109 4810 1300 4844 arcum
1346 4795 1512 4845 Israel
1555 4796 1617 4843 in
1651 4795 1785 4843 valle
1830 4796 2095 4846 Jesrahel.

506 4868 880 4932 Exercenda,
903 4867 1094 4931 inquit
1112 4867 1348 4919 ultionis
1360 4872 1590 4931 tempus
1599 4866 1832 4929 insistit,
1841 4872 2013 4931 atque
2025 4869 2098 4920 ob

505 4942 632 5005 hoc,
656 4941 716 4993 in
750 4952 994 5005 regnum
1030 4939 1301 4991 Samariaa
1326 4951 1458 5003 quas
1492 4940 1726 4989 nomine
1763 4941 2097 5005 Jesrahelis,

508 5013 733 5076 vicinas,
749 5015 815 5064 ut
828 5011 959 5075 dixi,
984 5011 1149 5064 vallis
1161 5010 1505 5072 ostenditur,
1528 5010 1612 5061 ira
1623 5012 1940 5073 consurgit.
1956 5014 2100 5063 Nas-

507 5089 670 5138 catur
690 5084 864 5149 igitur
889 5083 1082 5136 animo
1107 5088 1205 5135 tuo
1230 5082 1460 5133 soboles
1482 5081 1773 5133 destinata
1798 5083 2096 5150 supplicio,

505 5161 571 5207 ut
594 5156 764 5221 scias,
781 5155 841 5207 id
864 5155 926 5206 in
965 5168 1129 5207 meos
1154 5154 1304 5205 ﬁlios
1328 5165 1457 5204 esse
1490 5153 1902 5218 peragendum,
1942 5156 2098 5219 quod

505 5228 672 5292 quasi
703 5228 765 5279 in
792 5232 922 5279 tuos
945 5226 1154 5279 videris
1180 5225 1529 5277 ordinatum.

574 5299 806 5350 Visitabo
829 5300 977 5349 enim
1018 5297 1347 5362 sanguinem
1393 5294 1637 5345 Jesrahel
1673 5311 1834 5361 super
1874 5298 2097 5348 domum

500 5370 756 5424 Jchu.Ad
767 5371 922 5435 quod
933 5368 1339 5434 explicandum
1353 5368 1620 5436 geminus
1643 5382 1849 5421 sensus
1861 5382 1960 5434 per
1971 5383 2099 5422 con-

502 5444 865 5495 suetudinem
886 5441 1032 5506 legis
1044 5446 1384 5505 occurreret,
1400 5440 1511 5492 nisi
1533 5454 1715 5492 unum
1739 5446 2098 5504 consequentia

503 5514 1046 5579 subjectaﬁrmaret.
1061 5515 1258 5576 Usque
1269 5513 1341 5564 ad
1366 5512 1639 5565 familiam
1651 5515 1860 5579 quippe
1877 5515 2095 5577 Achab,

501 5588 599 5649 qui
610 5587 759 5638 l'uitJ
767 5586 1011 5637 esabelis
1022 5587 1285 5646 maritus,
1300 5584 1527 5637 soboles
1542 5588 1568 5636 J
1577 5598 1671 5637 ero
1678 5588 1842 5637 boam
1855 5587 2095 5651 impera-

502 5659 604 5711 vit.
623 5658 733 5712 Sed
744 5670 879 5710 cum
888 5657 1088 5709 Achab
1104 5662 1221 5709 tam
1237 5658 1359 5710 suis
1381 5671 1557 5722 quam
1570 5659 1961 5723 uxoris,cujus
1978 5670 2092 5711 ser-

566 5809 585 5830 ·
606 5801 834 5851 Desunt
861 5800 976 5853 duo
999 5800 1408 5863 saltemverba,
1430 5805 1576 5867 puta
1590 5807 1819 5867 usurpat
1839 5802 1899 5854 et
1921 5808 2093 5866 notat,

503 5874 604 5922 aut
625 5871 719 5921 his
744 5872 970 5923 similia.

564 5941 586 5971 ⁸³
607 5944 803 6006 Atque
833 5941 962 5996 heic
982 5943 1183 5998 deesse
1196 5945 1441 5999 verbum
1461 5944 1697 6010 aliquod
1713 5944 1959 6000 videtur.
2041 5964 2045 5968 λ

2121 4684 2177 4758 D

2204 3363 2379 3414 rahel.

2267 3437 2430 3488 Vers.
2458 3433 2508 3488 6.
2532 3459 2594 3471 —
2618 3433 2687 3482 Et
2709 3432 2945 3497 concepit
2982 3432 3181 3492 adhuc,
3208 3439 3255 3483 et
3285 3434 3490 3498 peperit
3528 3435 3728 3499 ﬁliam,
3752 3445 3796 3489 et

2203 3509 2345 3558 dixit
2362 3523 2374 3557 :
2403 3506 2598 3557 Vocam
2620 3519 2816 3555 nomen
2830 3505 2962 3569 ejus,
2976 3505 3106 3555 Sine
3120 3505 3493 3555 misericordia
3508 3521 3521 3557 :
3535 3508 3671 3571 quia
3683 3526 3796 3559 non

2202 3581 2406 3630 addam
2435 3577 2585 3627 ultra
2611 3577 2853 3625 misereri
2865 3577 3241 3640 domus[Hier.
3267 3578 3475 3642 domui]
3505 3580 3692 3641 Israel,
3708 3583 3796 3632 sed

2202 3652 2465 3703 oblivione
2495 3648 2776 3698 obliviscar
2798 3663 3004 3698 eorum.
3030 3649 3172 3709 Quia
3195 3650 3493 3713 statuerat,
3506 3657 3571 3702 ut
3598 3654 3794 3706 exitus

2204 3735 2398 3776 rerum
2420 3721 2789 3784 imaginibus,
2803 3732 2934 3783 qua:
2958 3720 3145 3771 forent
3163 3720 3494 3772 earumdem
3510 3720 3530 3750 ⁸
3544 3722 3791 3789 judices,

2201 3794 2561 3858 praeveniret,
2579 3790 2691 3842 ﬁlia
2702 3790 2871 3854 quasi
2894 3795 3030 3841 nata
3053 3791 3414 3857 describitur,
3435 3804 3569 3856 qum
3593 3808 3793 3850 susce-

2199 3866 2345 3931 perit
2357 3861 2701 3917 vocabulum
2713 3861 3056 3915 calamitatis
3066 3862 3349 3926 aliena3,id
3359 3866 3682 3931 est,Absque
3692 3870 3795 3919 mi-

2199 3936 2512 3987 sericordia.
2535 3935 2665 3985 Non
2687 3934 2855 3995 enim,
2896 3934 3103 3998 inquit,
3129 3934 3334 3985 addam
3370 3936 3518 3988 ultra
3546 3940 3793 3992 misereri

2203 4011 2393 4058 domus
2416 4006 2601 4067 Israel,
2625 4007 2714 4055 sed
2736 4004 2999 4078 oblivione
3026 4005 3308 4056 obliviscar
3331 4022 3535 4060 eorum.
3560 4011 3665 4062 His
3692 4027 3791 4078 ge-

2200 4080 2373 4132 minae
2391 4079 2618 4143 pondus
2643 4077 2946 4129 sententiae
2958 4079 3299 4129 continetur.
3312 4080 3510 4142 Neque
3525 4083 3680 4135 enim
3701 4077 3791 4137 so-

2198 4151 2321 4203 lum
2337 4156 2695 4215 ait,tempore
2708 4150 3067 4200 miseriarum
3079 4151 3529 4203 misericordiam
3541 4154 3791 4220 denega-

2201 4225 2292 4285 bo,
2321 4223 2422 4275 sed
2447 4236 2545 4274 eos
2569 4235 2675 4273 nec
2698 4221 3103 4273 inmemoriam
3130 4235 3320 4274 meam
3343 4224 3523 4277 redire
3557 4232 3796 4291 permit-

2200 4301 2337 4347 tam.
2353 4298 2521 4346 Esset
2530 4293 2841 4352 enim,licet
2851 4294 2911 4345 in
2922 4298 3178 4345 extremo
3189 4293 3482 4360 languore,
3500 4298 3795 4366 solatium,

2201 4367 2251 4419 si
2276 4367 2369 4420 vel
2395 4378 2763 4430 quocumque
2776 4374 3029 4429 tempore
3042 4369 3382 4419 memoriam
3398 4380 3616 4435 eorum,
3641 4385 3795 4436 quos

2198 4440 2288 4502 abj
2297 4439 2868 4501 ecisset,assumeret.
2878 4439 3039 4489 Nunc
3052 4450 3188 4490 vero
3202 4444 3266 4490 ut
3275 4440 3637 4493 comminatio
3648 4457 3797 4508 prse-

2199 4511 2317 4563 lata
2353 4511 2671 4574 crudescat,
2698 4514 3010 4573 utrumque
3035 4509 3143 4561 sibi
3165 4510 3339 4563 ail‘ore
3365 4512 3685 4578 pollicetur,
3737 4523 3793 4568 et

2201 4584 2537 4636 memoriam
2552 4581 2821 4635 videlicet
2843 4581 3323 4647 damnandorum,
3355 4588 3412 4635 et
3439 4584 3792 4641 oblivionem

2203 4655 2595 4720 plenissimam
2608 4652 3201 4715 damnatorum.Quod
3212 4656 3642 4718 sane,quoniam
3652 4663 3793 4722 apud

2201 4739 2369 4779 aures
2381 4726 2653 4790 sapientis
2665 4725 2934 4790 ministri,
2948 4724 3020 4775 ad
3033 4725 3311 4776 invidiam
3335 4733 3535 4791 posset
3549 4742 3643 4780 cru
3651 4730 3793 4783 deli-

2199 4799 2334 4850 tatis
2356 4797 2667 4849 accendere
2684 4798 2765 4860 (ut
2779 4796 2996 4860 aliquid
3009 4797 3293 4860 ejusmodi
3310 4800 3486 4850 sinon
3504 4812 3789 4865 sermone,

2196 4870 2289 4922 vel
2311 4870 2655 4934 cogitatione
2670 4872 2998 4920 versaretur
3016 4884 3028 4918 :
3042 4868 3199 4919 unde
3218 4869 3278 4920 in
3289 4869 3463 4922 istam
3474 4872 3702 4937 benigni
3712 4878 3790 4926 ta-

2200 4946 2335 5003 tem,
2365 4954 2498 5004 qum
2531 4952 2737 4991 caussa
2765 4952 2957 4991 rerum
2986 4944 3092 5003 est,
3117 4945 3343 4992 tantum
3358 4943 3684 4996 acerbitatis
3698 4946 3788 4998 in-

2196 5013 2386 5077 ﬂuxit,
2418 5016 2487 5064 ut
2514 5025 2633 5063 non
2654 5010 3011 5063 obliviscaris
3031 5016 3315 5075 reatuum,
3343 5013 3393 5065 si
3434 5014 3786 5069 Oblivisceris

2196 5096 2457 5137 reorum:
2490 5088 2547 5135 et
2571 5083 2652 5134 sis
2678 5082 2943 5135 curiosus
2969 5082 3374 5150 delinquentis,
3400 5086 3451 5136 si
3469 5099 3783 5151 numquam

2196 5156 2511 5208 recordaris
2535 5153 2731 5206 afﬁicti
2756 5168 2769 5217 ;
2805 5157 2993 5206 metuo
3021 5167 3095 5206 ne
3116 5156 3521 5221 paenitentium
3554 5171 3783 5223 quoque

2194 5226 2551 5291 desperanda
2563 5224 2722 5277 salus
2735 5225 2827 5289 sit,
2844 5228 2890 5276 si
2906 5229 3066 5277 tanto
3076 5228 3312 5290 praesuli
3324 5229 3617 5293 lapsorum
3643 5233 3782 5283 sub-

2195 5303 2358 5363 repat
2373 5298 2761 5360 oblivio):ideo
2778 5297 3023 5361 subjecit
3048 5299 3260 5363 statim,
3286 5313 3403 5351 non
3432 5315 3494 5355 se
3510 5302 3784 5355 miseren-

2197 5370 2255 5422 di
2277 5370 2559 5434 abjecisse
2583 5381 2804 5427 curam,
2829 5369 2928 5420 sed
2952 5368 3157 5421 libram
3182 5370 3356 5423 debiti
3381 5374 3661 5425 examinis
3683 5375 3784 5425 ad-

2195 5442 2469 5507 movisse,
2496 5441 2666 5504 idest,
2688 5453 2892 5493 eorum
2920 5445 3147 5492 tantum
3174 5444 3342 5506 quasi
3366 5445 3645 5510 oblivisci,
3683 5444 3783 5510 qui

2196 5516 2368 5567 etiam
2394 5519 2528 5579 post
2554 5514 2752 5578 plagas
2777 5514 2849 5565 de
2875 5514 3280 5567 emendatione
3312 5529 3431 5568 non
3454 5518 3779 5582 cogitarent.

2256 5588 2417 5639 Vers.
2443 5586 2492 5640 7.
2506 5613 2568 5624 —
2585 5587 2727 5645 Quia
2748 5602 2861 5636 non
2878 5586 3081 5635 addam
3092 5587 3241 5636 ultra
3255 5589 3496 5638 misereri
3507 5591 3694 5639 domus
3705 5589 3781 5638 Is-

2193 5658 2326 5725 rael,
2350 5659 2439 5709 sed
2467 5658 2728 5709 oblivione
2745 5657 3027 5709 obliviscar
3058 5674 3265 5710 eorum.
3303 5661 3371 5710 Et
3395 5661 3586 5711 domus
3611 5661 3778 5727 [Hier.

2259 5812 2277 5833 °
2301 5801 2511 5868 Supple
2535 5816 2733 5853 nomen
2759 5821 2771 5852 :
2802 5800 2974 5868 paulo
3015 5802 3166 5855 infra
3192 5802 3294 5856 ubi
3336 5803 3544 5857 dicitur
3564 5818 3779 5870 compa-

2191 5880 2399 5937 ratum,
2415 5874 2614 5928 malim
2634 5874 2869 5927 rescribi
2890 5881 3242 5941 compertum.

2253 5948 2275 5977 "
2298 5947 2439 6002 Heio
2464 5960 2596 6002 vero
2627 5947 2830 5999 indices
2849 5946 2965 6014 legi
2986 5946 3183 6002 malim
3199 5961 3300 6017 pro
3316 5946 3551 6016 judices.
