3884 6406
64 453 164 508 969

936 459 1008 509 1N
1043 459 1283 511 OSEAM
1318 456 1903 512 COMMENTARIUS.
1942 458 2153 510 LIBER
2188 455 2451 510 PRIMUS

3231 458 3335 515 970

60 564 429 651 Domui]Juda
451 567 750 651 miserebor,
771 574 826 650 Oet
848 569 1062 651 salvabo
1085 585 1169 651 eos
1276 571 1643 651 Domino__Deo
1669 577 1724 649 Α
1739 572 1950 651 ruebat,
1974 569 2253 651 peccandi
2266 567 2473 621 studiis
2490 568 2850 651 corrupistis,
2867 568 2963 621 illo
2975 582 3205 635 quoque
3219 584 3335 636 quo

53 651 164 698 suo,
196 642 239 687 et
268 652 379 687 non
394 637 609 688 salvabo
640 653 725 689 eos
760 639 823 689 in
850 655 985 690 arcu
1015 641 1257 706 etgtadio
1290 647 1336 691 et
1367 642 1426 691 in
1445 641 1570 692 bello
1593 647 1638 692 et
1669 637 1724 649 “
1739 642 1997 706 insignes
2021 642 2196 693 eratis
2221 639 2424 691 decore
2455 639 2772 704 privemini.

56 708 115 758 in
142 709 286 774 equis
303 714 350 758 et
373 710 432 759 in
460 710 741 774 equitibus.
755 714 896 764 Cum
912 714 1206 779 populum,
1229 716 1435 779 inquit,
1448 716 1639 767 Sama-

56 794 153 835 mai
174 782 638 847 pravaricatione
658 784 941 837 faedatum
963 790 1337 836 calamitatibus
1368 790 1641 849 exuiisque

56 853 365 918 subjecero,
391 859 450 905 et
470 854 551 906 ita
573 867 672 906 eos
696 868 797 920 pro
819 855 988 920 culpa
1013 858 1153 909 viles
1177 871 1306 910 esse
1329 859 1638 923 permisero

55 927 117 977 ut
146 925 541 977 videareorum
554 938 793 990 prorsus
803 928 1045 992 oblitus;
1065 930 1268 981 tuncin
1290 930 1458 982 Judaa
1477 934 1637 995 parte

55 996 336 1059 sistentes,
364 1001 422 1048 et
443 996 504 1047 in
525 996 778 1049 cultibus
802 999 1093 1064 religionis
1110 1013 1271 1064 spem
1285 1001 1488 1052 salutis
1513 1014 1638 1053 sum

51 1080 116 1120 ac
128 1067 392 1120 ﬁduciam
412 1068 778 1131 collocantes,
794 1082 912 1122 non
927 1071 1114 1123 solum
1130 1076 1440 1136 protegam,
1463 1087 1635 1121 verum

51 1140 219 1211 etiam
246 1140 500 1192 novitate
522 1141 768 1193 mirabili
791 1143 1090 1211 vindicabo
1115 1159 1128 1195 :
1162 1150 1227 1196 ut
1249 1147 1422 1197 etiam
1448 1147 1635 1210 palam

53 1210 270 1268 clareat,
295 1223 394 1263 eos
428 1224 796 1276 nequaquam
831 1218 1007 1266 armis
1040 1216 1294 1268 munitos
1325 1218 1502 1269 fuisse
1537 1217 1637 1269 sed

50 1281 283 1345 meritis,
307 1294 412 1333 nec
423 1282 543 1334 acie
559 1290 967 1348 consequutos,
984 1287 1085 1338 sed
1098 1288 1306 1352 pietate
1320 1288 1633 1340 victoriam.

51 1352 194 1404 Illud
229 1357 421 1405 autem
446 1358 675 1419 tempus
704 1358 1021 1418 annuntiat,
1050 1371 1183 1422 quo,
1209 1360 1451 1411 Ezechia
1485 1360 1636 1424 apud

50 1423 477 1489 Jerosolytnitas
500 1425 836 1491 imperante,
862 1430 1246 1481 Sennacherib
1261 1444 1365 1482 rex
1381 1423 1638 1495 Assyrio-

50 1509 175 1548 rum
196 1507 405 1560 magno
430 1497 503 1549 ad
528 1498 889 1550 obsidionem
905 1502 1032 1563 ejus
1045 1502 1204 1552 urbis
1214 1503 1460 1553 accessit
1481 1515 1637 1555 exer-

51 1569 182 1631 citu,
197 1574 365 1634 atque
389 1570 502 1622 illic
525 1571 708 1623 multa
726 1573 787 1624 in
815 1575 1223 1626 contumeliam
1246 1576 1348 1626 Dei
1376 1580 1434 1627 et
1458 1588 1637 1628 sacrm

50 1641 333 1705 religionis
349 1642 643 1706 loquutus,
671 1644 1004 1695 divinamin
1028 1658 1089 1697 se
1108 1648 1453 1699 sententiam
1468 1651 1638 1696 conci-

51 1714 210 1783 tavit,
242 1724 308 1764 ac
334 1715 445 1765 sub
484 1726 600 1765 una
642 1719 811 1767 nocte
840 1729 1042 1768 omnes
1066 1720 1195 1782 ejus
1218 1719 1398 1783 copim
1420 1719 1638 1782 Angelo

48 1782 103 1850 4
113 1782 160 1851 0
172 1782 220 1851 0
254 1785 503 1845 feriente,
520 1786 866 1838 ceciderunt.
882 1796 899 1815 ·
914 1789 1055 1839 Nam
1069 1782 1305 1840 centum
1319 1795 1377 1841 et
1391 1795 1639 1850 octoginta

48 1858 300 1919 quinque
322 1855 577 1907 millibus
602 1857 944 1909 bellatorum
968 1860 1358 1925 amissis,ipse
1373 1861 1433 1912 in
1455 1861 1640 1924 regio-

46 1940 176 2020 nem
199 1939 361 2020 suam
562 1929 763 2020 pauq‘i‘s
785 1929 1011 2020 fugisse
1023 1935 1199 1995 atque
1239 1931 1353 2020 illic
1396 1933 1632 2020 periisse
1659 1945 1714 2020 B

45 1998 383 2050 describitur
409 1998 478 2062 (4.
502 1999 625 2064 Reg.
652 1999 758 2065 19).
785 2002 894 2054 Sed
919 2002 1222 2055 videamus
1254 2006 1312 2056 et
1331 2004 1567 2068 reliqua.

110 2089 265 2139 Vers.
290 2084 341 2140 8.
366 2114 426 2123 —
458 2086 771 2148 Ablactavit,
795 2089 1000 2154 inquit,
1024 2106 1144 2141 eam
1168 2106 1285 2156 qua
1308 2097 1423 2142 erat
1444 2091 1639 2156 absque

47 2159 434 2220 misericordia,
479 2165 527 2208 et
566 2164 801 2225 concepit
850 2167 896 2211 et
938 2164 1140 2226 peperit
1176 2163 1355 2226 ﬁlium
1385 2169 1433 2213 et
1454 2165 1633 2213 dixit:

54 2232 190 2282 Voca
205 2245 398 2280 nomen
421 2230 551 2293 ejus,
584 2232 711 2282 Non
729 2233 963 2297 populus
984 2249 1133 2284 meus
1154 2241 1230 2296 tu,
1261 2235 1396 2299 quia
1414 2250 1502 2285 vos
1523 2250 1638 2285 non

39 2301 270 2368 papulas
288 2316 455 2363 meus,
497 2308 541 2351 et
563 2318 656 2367 ego
689 2318 800 2353 non
825 2320 912 2353 ero
939 2311 1103 2355 vester
1124 2305 1145 2335 ¹³
1165 2307 1322 2357 Deus.
1348 2308 1541 2371 Usque
1563 2306 1637 2358 ad

43 2373 299 2427 Ezechim
323 2378 581 2438 tempora
601 2375 905 2437 mansisse,
932 2382 989 2429 et
1010 2377 1382 2442 prophetasse
1402 2380 1637 2430 beatum

43 2447 207 2509 Osee,
230 2443 439 2498 titulus
472 2445 763 2498 indicavit.
800 2448 1081 2512 Quicquid
1125 2461 1260 2513 ergo
1282 2454 1513 2514 gestum
1537 2462 1639 2514 per

40 2530 268 2569 omnem
293 2516 550 2570 vaticinii
571 2517 755 2582 ipsius
774 2517 985 2583 legitur
1013 2524 1264 2582 aetatem,
1288 2522 1398 2573 hoc
1420 2522 1483 2572 in
1511 2522 1637 2586 ipso

39 2588 288 2641 breviter
319 2588 625 2653 consignat
656 2590 910 2653 exordio,
936 2594 1115 2656 utper
1138 2596 1325 2644 totum
1349 2593 1635 2651 volumen,

39 2664 336 2725 gestorum
349 2660 554 2712 seriem
564 2660 955 2727 ordinemque,
963 2663 982 2727 j
991 2674 1086 2714 am
1102 2663 1351 2716 detexat.
1366 2666 1508 2716 Cum
1519 2679 1637 2726 ergo

36 2734 280 2797 ingrata
303 2732 493 2796 gentis
508 2732 820 2797 profanitas
829 2734 1176 2800 impulisset,
1194 2739 1425 2789 utDeus
1441 2741 1638 2788 noster

39 2816 278 2868 operam
310 2802 547 2856 ultionis
568 2811 908 2868 assumeret,
933 2807 1303 2861 denunciavit
1321 2822 1382 2860 se
1405 2808 1637 2874 punitu-

36 2881 398 2940 rumreos,et
424 2877 506 2929 ita
520 2890 619 2929 eos
633 2878 694 2929 in
724 2878 973 2930 miseriis
1012 2878 1366 2945 relicturum,
1391 2885 1456 2932 ut
1476 2880 1638 2945 peni-

39 2953 136 2999 tus
156 2947 494 3000 eorumdem
518 2949 808 3001 videretur
838 2951 1069 3002 oblitus.
1092 2952 1203 3003 Sed
1224 2964 1298 3003 ne
1331 2957 1557 3016 recepta
1576 2952 1637 3003 in

38 3031 272 3071 sacrum
282 3023 491 3084 pectus
506 3020 717 3073 oblivio
733 3021 841 3086 piis
856 3033 1087 3086 quoque
1111 3023 1470 3075 formidinem
1481 3036 1638 3075 com-

39 3096 320 3143 moveret:
341 3092 540 3143 statim
563 3104 644 3155 se,
666 3105 782 3144 non
804 3093 957 3155 vitio,
983 3094 1309 3158 sedjudicio
1331 3098 1635 3144 oblivionem

40 3174 322 3225 usurpare
334 3163 596 3228 signavit,
610 3165 840 3228 quando
850 3165 1084 3228 quidem
1097 3169 1367 3218 meritum
1378 3168 1527 3217 inter
1537 3168 1638 3214 atii-

41 3246 149 3285 nes
164 3233 478 3286 discrimen
499 3235 760 3300 agitaret,
777 3240 836 3287 et
849 3237 1120 3289 lsraelitis
1134 3238 1308 3289 exitio
1319 3237 1638 3304 permissis,

39 3305 214 3358 Judm
236 3305 481 3370 populos
499 3306 681 3359 cultui
701 3308 974 3360 nimirum
992 3321 1116 3362 suae
1138 3310 1429 3374 religionis
1454 3310 1642 3362 adhae-

40 3383 254 3441 rentes,
278 3389 383 3441 per
411 3378 681 3431 miracula
698 3380 905 3444 magis,
930 3393 1106 3444 quam
1130 3393 1229 3446 per
1248 3381 1358 3434 tela
1380 3387 1642 3447 protege-

40 3456 147 3502 ret.
179 3450 346 3512 Quod
377 3450 511 3503 licet
525 3456 846 3516 opportuno
872 3457 1120 3517 tempore
1142 3454 1489 3518 panderetur
1524 3471 1536 3507 :
1562 3461 1637 3508 ta-

41 3533 174 3573 men
199 3521 337 3585 quia
360 3526 418 3573 et
433 3521 559 3586 ipsa
594 3524 777 3587 portio
816 3524 1007 3589 gentis
1028 3526 1252 3577 Judieas
1274 3538 1639 3591 nequaquam

37 3596 163 3659 jugi
180 3594 493 3647 devotione
515 3597 877 3661 complacuit,
904 3598 1025 3661 sed,
1049 3598 1526 3663 sicutexprobant
1547 3602 1640 3653 alii

41 3667 357 3731 prophetae,
381 3667 442 3718 in
464 3670 687 3719 cultum
713 3670 1241 3734 exarsitidolorum,
1256 3672 1502 3723 similem
1518 3688 1641 3734 quo-

39 3752 152 3802 que
164 3743 256 3790 est
265 3751 543 3803 perpessa
563 3743 929 3803 sententiam,
945 3746 1003 3792 et
1014 3742 1084 3792 de
1095 3742 1309 3793 ﬁnibus
1322 3743 1464 3806 suis,
1478 3747 1641 3807 Baby-

37 3809 192 3862 lonio
216 3811 506 3869 vincente,
535 3810 823 3864 translata.
842 3814 922 3863 De
945 3826 1060 3876 qua
1082 3816 1273 3865 tamen
1288 3815 1640 3882 captivitate,

36 3883 330 3945 promissa
351 3887 440 3934 est
464 3884 720 3934 omnium
744 3896 891 3949 pene
922 3885 1191 3937 vaticinio
1216 3888 1639 3954 prophetarum,

36 3959 95 4005 et
120 3954 235 4006 sub
261 3955 406 4018 Cyro
436 3955 733 4006 Persarum
758 3968 891 4019 rege
915 3955 1150 4021 impleta
1170 3957 1468 4009 revocatio.

98 4046 427 4109 Utrumque
460 4057 615 4096 nunc
643 4057 777 4110 ergo
819 4048 1047 4110 tempus
1078 4046 1232 4098 beati
1262 4047 1428 4100 Osem
1452 4060 1640 4101 sermo

35 4115 421 4179 proloquitur.
441 4116 620 4167 Sedin
633 4116 1114 4181 signiﬁcationem
1130 4119 1459 4171 Israelitica:
1481 4123 1642 4181 capti-

36 4189 84 4237 vi
93 4192 171 4239 tat
180 4188 255 4251 is,
268 4188 388 4240 ﬁlia
398 4188 634 4241 inducta
645 4194 751 4253 est,
766 4202 916 4253 qum,
929 4189 1138 4255 Absque
1149 4191 1542 4253 misericordia,
1556 4208 1640 4242 vo-

36 4265 281 4311 caretur.
324 4262 391 4312 In
413 4262 658 4325 ﬁguram
691 4274 823 4314 vero
845 4261 1033 4327 Judaa,
1068 4276 1211 4328 puer
1238 4263 1529 4316 inducitur
1550 4265 1642 4317 cui

32 4343 255 4384 nomen
273 4333 369 4397 sit,
386 4332 513 4383 Non
534 4333 768 4397 populus
792 4348 955 4383 meus.
992 4336 1148 4386 Inter
1169 4334 1418 4387 ﬁliorum
1446 4341 1643 4388 autem

34 4402 347 4469 imagines,
367 4404 439 4457 de
461 4404 582 4457 sola
602 4410 828 4457 tantum
844 4405 1051 4471 puella,
1067 4407 1223 4471 quod
1243 4410 1319 4459 sit
1340 4408 1640 4472 ablactata,

34 4481 422 4529 memoratur:
469 4477 741 4529 nimirum
754 4482 816 4530 ut
827 4475 1114 4541 ostendat,
1138 4479 1199 4530 in
1223 4479 1420 4532 decem
1439 4482 1644 4545 tribus,

34 4549 213 4601 illatae
251 4550 607 4614 captivitatis
618 4551 786 4615 quasi
804 4552 1163 4604 convaluisse
1179 4553 1542 4604 sententiam.
1556 4557 1647 4601 Re-

33 4632 165 4672 vera
214 4621 377 4672 enim
419 4622 600 4673 multo
644 4622 869 4688 longior
915 4624 1117 4676 decem
1147 4625 1401 4676 tribuum
1435 4624 1644 4689 legitur

34 4692 219 4745 fuisse
244 4694 566 4759 captivitas,
588 4701 647 4747 et
667 4695 794 4747 ideo
826 4696 1064 4761 prolatio
1097 4698 1305 4759 atatis,
1331 4701 1420 4749 est
1454 4698 1641 4763 puella

30 4764 428 4817 ablactatione
450 4767 694 4832 signata.
722 4769 947 4820 Tertius
963 4774 1158 4821 autem
1182 4770 1280 4834 qui
1301 4761 1637 4830 captivitatem
1662 4761 1718 4834 D

30 4838 208 4913 dudm
235 4836 480 4913 ultimus
498 4839 816 4913 pollicetur,
840 4853 1054 4893 nomen
1068 4842 1303 4907 accepit,
1328 4843 1457 4894 Non
1478 4862 1648 4913 popa.

33 4909 113 4958 lus
136 4923 321 4959 meus.
347 4911 637 4971 Quamdiu
674 4912 828 4965 enim
873 4913 964 4966 vel
1005 4914 1158 4967 Juda
1177 4915 1239 4967 in
1287 4916 1410 4968 suis
1434 4909 1650 4978 ﬁnibus

33 4982 277 5043 mansit,
305 4986 431 5034 erat
455 4984 766 5058 turbaqum
789 4984 1149 5058 Deipopulus
1162 4986 1469 5041 diceretur:
1489 5001 1651 5058 post-

31 5065 219 5116 quam
237 5066 377 5106 vero
397 5055 573 5107 etiam
594 5056 789 5121 ipsum
804 5057 1153 5122 captivitatis
1168 5060 1412 5124 procella
1428 5055 1652 5121 convel-

29 5126 110 5190 lit,
139 5126 314 5178 visus
345 5129 436 5179 est
466 5139 503 5178 a
548 5129 887 5181 confusione
919 5129 1227 5183 Gentilium
1249 5131 1343 5185 ille
1367 5134 1650 5192 discretus

28 5201 165 5276 ante
185 5196 447 5276 populus
472 5198 819 5263 disperiisse.
838 5202 909 5252 Et
930 5201 1057 5276 ideo
1081 5203 1163 5254 ait
1180 5217 1207 5276 ελ
1227 5204 1325 5255 Vos
1347 5222 1460 5257 non
1474 5224 1651 5276 popu-

30 5266 323 5353 luspzeus,
350 5274 398 5351 et
419 5285 511 5334 ego
534 5284 648 5321 non
672 5286 759 5321 ero
787 5278 949 5322 vester
961 5274 1128 5324 Deus:
1152 5274 1324 5353 Ldest,
1341 5277 1451 5330 hoc
1466 5266 1652 5332 avobis

30 5340 342 5415 auferetur
362 5342 611 5415 insigne,
636 5356 750 5407 quo
782 5345 956 5396 eratis
978 5349 1113 5396 ante
1131 5340 1530 5413 c6nspicui,ne
1554 5369 1651 5415 po-

29 5411 210 5489 pulu_s
241 5413 347 5466 Dei
375 5413 436 5465 in
471 5418 589 5467 toto
613 5416 763 5489 orbe
782 5416 1072 5478 dicamini,
1105 5430 1212 5469 nec
1232 5411 1339 5484 ego
1363 5411 1649 5489 prince—ps,

31 5494 139 5560 nec
159 5486 334 5560 Deus
370 5491 562 5560 vester
584 5486 833 5553 appeller
862 5502 877 5552 ;
895 5490 1125 5553 justum
1158 5495 1248 5542 est
1270 5493 1423 5545 enim
1458 5498 1524 5546 ut
1550 5486 1651 5560 qui

30 5556 319 5608 instituta
336 5556 516 5611 saerae
530 5557 674 5623 legis
694 5572 828 5624 qua:
845 5572 952 5613 vos
967 5562 1234 5614 acaeteris
1244 5566 1519 5628 gentibus
1530 5556 1654 5616 dii-i-

92 5742 110 5763 ⁸
138 5732 327 5805 Paria,
341 5729 435 5786 his
472 5731 649 5787 habet
684 5732 1091 5801 Hieronymus,
1118 5736 1356 5787 Salvavit
1378 5753 1462 5789 eos
1483 5741 1650 5805 enim,

30 5805 271 5869 quando
298 5804 467 5855 Israel
497 5806 738 5871 Assyriis
775 5808 1008 5857 traditus
1038 5812 1128 5869 est,
1153 5809 1215 5858 de
1237 5823 1411 5860 manu
1436 5811 1653 5861 Senna-

30 5877 243 5940 cherib,
270 5893 390 5927 non
432 5878 494 5927 in
533 5892 667 5928 arcu
689 5886 735 5928 et
761 5879 944 5944 gladio
981 5885 1028 5930 et
1059 5879 1204 5943 bello,
1238 5886 1286 5931 et
1316 5882 1378 5932 in
1410 5884 1653 5948 equitum

30 5951 423 6012 multitudine,
446 5952 537 6001 sed
556 5951 617 6001 in
631 5966 729 6002 suo
748 5952 950 6015 robore,
969 5953 1189 6018 quando
1202 5954 1350 6004 misit
1363 5955 1650 6020 Angetum,

31 6027 75 6070 et
86 6023 350 6088 peremit
373 6023 436 6074 de
450 6025 683 6076 exercitu
696 6024 836 6089 regis
854 6025 1207 6091 Assyriorum
1230 6042 1345 6078 una
1361 6032 1511 6078 nocte
1532 6040 1655 6077 cen-

342 6113 634 6173 PATROL.
674 6108 844 6173 XXI.

1804 715 2017 765 Verum
2052 712 2179 764 hmc
2226 712 2473 763 breviter
2503 724 2538 762 a
2570 713 2894 763 severitatis
2916 717 3077 777 parte
3105 712 3336 768 denun-

1740 785 1919 846 cians,
1947 784 2151 835 transit
2185 782 2258 834 ad
2302 793 2589 847 prospera,
2624 794 2756 847 quae
2788 784 3142 846 diSpensatio
3170 798 3337 840 reve-

1737 856 1916 908 renda
1957 856 2036 906 ita
2080 854 2335 919 implevit
2378 855 2569 917 rebus,
2630 855 2780 918 sicut
2810 855 3140 920 prophetica
3172 855 3325 926 40|

1738 929 1993 979 oratione
2016 930 2330 978 contexuit.

1801 1001 1961 1050 Vers.
1989 996 2073 1051 10.
2104 996 2189 1050 11.
2222 1023 2286 1034 -—
2325 998 2447 1047 Erit
2474 999 2636 1061 enim,
2667 999 2764 1058 ait,
2806 1012 3067 1049 numerus
3092 1000 3335 1050 ﬁliorum

1739 1068 2067 1133 lsraetquasi
2088 1083 2259 1117 arena
2278 1071 2465 1130 maris,
2485 1085 2603 1134 qua
2616 1070 2732 1118 sine
2756 1083 3011 1119 mensura
3026 1077 3115 1131 est,
3151 1078 3197 1121 et
3212 1087 3335 1123 non

1736 1139 2132 1190 numerabitur.
2174 1139 2327 1204 [Sup.
2367 1140 2453 1205 Et]
2482 1140 2604 1188 Erit
2640 1141 2701 1188 in
2742 1140 2850 1189 loco
2879 1140 2972 1189 ubi
3016 1143 3221 1192 dicetur
3239 1144 3331 1204 eis,

1735 1212 1862 1260 Non
1886 1210 2124 1275 populus
2146 1220 2296 1259 meus
2317 1226 2405 1260 vos
2439 1227 2457 1270 ;
2486 1210 2692 1259 dicetur
2719 1211 2810 1270 eis,
2842 1211 2945 1273 ﬁlii
2978 1212 3075 1261 Dei
3092 1214 3331 1264 viventis.

1736 1283 1803 1331 Et
1826 1280 2297 1346 congregabantur
2329 1281 2435 1344 ﬁlii
2470 1282 2619 1331 Juda
2652 1286 2697 1329 et
2731 1281 2836 1344 ﬁlii
2858 1282 3023 1330 Israel
3042 1285 3266 1347 pariter,
3289 1292 3335 1334 et

1735 1358 1932 1417 ponent
1946 1352 2153 1401 sibimet
2176 1357 2339 1415 caput
2358 1367 2553 1412 unum,
2579 1357 2626 1401 et
2645 1351 3000 1401 ascendentde
3023 1359 3184 1415 terra,
3203 1357 3337 1420 quia

1734 1439 1969 1488 magnus
1994 1423 2104 1473 dies
2135 1422 2396 1473 Jesrahel.
2434 1422 2537 1474 His
2561 1427 2757 1474 autem
2782 1422 2961 1474 sacris
2986 1424 3226 1477 vocibus
3249 1439 3338 1479 re-

1736 1496 2059 1549 versionem
2084 1493 2280 1559 populi
2301 1493 2371 1545 de
2391 1493 2719 1558 captivitate
2740 1494 3081 1558 Babylonica
3106 1497 3335 1560 pollice-

1735 1572 1843 1627 tur,
1859 1568 2029 1629 cujus
2053 1564 2390 1629 etiamapud
2413 1566 2558 1617 alios
2582 1566 2910 1630 prophetas,
2926 1566 3028 1617 sed
3046 1570 3334 1633 praecipue

1735 1639 1887 1703 apud
1912 1640 2145 1689 beatum
2158 1638 2384 1689 Esaiam
2398 1637 2605 1701 ingens
2621 1649 2831 1701 pompa
2844 1637 3202 1704 describitur,
3220 1656 3334 1702 quae

1737 1713 1876 1760 sane
1901 1707 2054 1761 valet
2085 1707 2160 1759 ad
2184 1706 2702 1759 commendandam
2730 1707 2834 1758 Dei
2861 1708 3248 1773 clementiam,
3279 1717 3339 1763 et

1735 1781 1808 1831 ad
1824 1779 2280 1831 consolationem
2296 1778 2910 1841 conﬁrmationemque
2926 1779 3199 1840 ﬁdelium,
3217 1785 3332 1842 qui-

1739 1852 1848 1901 bus
1871 1850 2208 1901 societatem
2238 1849 2394 1901 illius
2417 1847 2759 1900 calamitatis
2779 1854 2979 1900 contra
3001 1851 3335 1904 meritorum
3369 1889 3377 1897 .

1739 1921 2042 1984 decus,pro
2055 1920 2247 1984 gentis
2259 1931 2385 1972 sum
2396 1918 2803 1971 communione
2821 1920 3213 1983 tolerantibus,
3227 1926 3335 1984 spei

1740 1990 1942 2043 solatia
1965 1991 2391 2056 prmbcbantur,
2416 1990 2487 2042 de
2517 2001 2923 2054 prosperorum
2945 1990 3213 2045 videlicet
3235 2006 3331 2045 ex-

1739 2063 2095 2127 spectatione
2119 2063 2445 2126 pendentia.
2465 2062 2547 2112 Ea
2579 2060 2861 2120 siquidem
2887 2064 3004 2112 tam
3019 2061 3138 2115 fore
3149 2064 3340 2128 ampla

1737 2134 2025 2199 dicuntur,
2039 2138 2106 2185 ut
2116 2131 2530 2185 vocabulorum
2541 2132 2711 2183 etiam
2724 2132 3043 2184 novitatem
3057 2137 3334 2195 requirant.

1740 2207 1884 2257 Nam
1899 2218 2033 2257 cum
2047 2205 2118 2256 de
2133 2204 2285 2256 lmtis
2308 2203 2381 2254 ad
2401 2203 2936 2267 tristialaberentur,
2954 2211 3337 2258 cessaverunt

1738 2277 1839 2328 Dei
1861 2276 2109 2342 populus
2122 2274 2465 2338 nuncupari,
2485 2275 2653 2338 quasi
2668 2273 2730 2325 in
2740 2273 3091 2337 reliquarum
3107 2280 3332 2337 gentium

1737 2346 2012 2400 vilitatem
2035 2345 2234 2398 refusi.
2261 2347 2405 2397 Cum
2426 2357 2564 2397 vero
2576 2347 2806 2408 tempus
2819 2345 3170 2398 liberationis
3187 2351 3335 2398 adve-

1737 2421 1904 2482 nerit,
1930 2420 2089 2469 tanta
2112 2416 2481 2468 successione
2508 2416 2843 2468 reducitura
2865 2416 3127 2468 tristibus
3145 2418 3333 2470 inlecta

1737 2490 1998 2553 mutatio,
2037 2492 2102 2541 ut
2129 2501 2248 2540 non
2263 2488 2512 2539 sufﬁciat
2527 2488 2728 2552 prioris
2744 2488 3030 2541 restitutio
3046 2492 3329 2553 dignitatis,

1738 2562 1839 2614 sed
1851 2559 2265 2614 vocabulorum
2275 2559 3185 2624 augeanturinsigniaArenarum
3194 2564 3329 2610 enim

1735 2635 1919 2686 instar
1941 2632 2181 2686 excedet
2201 2644 2482 2684 numerus
2504 2629 2778 2693 ﬁdelium,
2797 2630 2858 2682 in
2882 2630 3092 2695 quibus
3106 2636 3331 2685 tantum

1737 2710 1794 2757 et
1830 2704 2170 2757 reverentiae
2213 2702 2537 2767 splendebit
2579 2705 2638 2753 et
2669 2702 2888 2765 gratim,
2915 2707 2981 2754 ut
3007 2704 3111 2754 Dei
3140 2702 3334 2756 omnia

1737 2776 2085 2832 continentis
2096 2787 2216 2827 non
2231 2775 2353 2838 jam
2374 2772 2643 2839 populus,
2669 2773 2772 2824 sed
2791 2774 2886 2824 ﬁlii
2906 2781 3334 2839 nuncupentur.

1737 2847 2040 2900 Emendati
2052 2846 2338 2910 siquidem
2351 2845 2673 2909 praemissa
2688 2844 2984 2897 servitutis
2998 2847 3331 2911 angoribus,

1738 2924 1801 2972 ut
1816 2919 2119 2982 sanguine,
2136 2918 2216 2970 ita
2228 2917 2401 2969 etiam
2412 2917 2648 2968 caritate
2664 2917 2771 2967 sibi
2781 2916 2802 2980 j
2812 2922 3101 2979 ungentur
3116 2932 3128 2967 :
3148 2917 3333 2970 illam-

1737 3004 1851 3054 que
1873 2991 2159 3056 praecipue
2178 2988 2613 3052 separationem,
2639 2998 2771 3050 quae
2795 2986 3026 3038 fuitillis
3049 3000 3260 3053 magna
3274 2995 3333 3042 et

1737 3063 2041 3114 criminum
2053 3059 2515 3113 etdiscriminum
2525 3058 3220 3124 caussa,vitabunt,atque
3229 3076 3332 3110 uno

1736 3138 1952 3185 rectore
1974 3131 2316 3197 gaudentes,
2339 3131 2412 3182 ad
2437 3130 2739 3194 Templum
2765 3128 2869 3181 Dei
2890 3142 3025 3181 cum
3037 3129 3330 3185 alacritate

1736 3203 2145 3263 conscendent,
2168 3205 2504 3264 tantumque
2524 3201 2586 3251 in
2600 3200 2696 3251 illo
2709 3205 2864 3252 statu
2877 3200 3043 3252 fmlici
3051 3202 3183 3254 tatis
3198 3205 3331 3253 loca-

1738 3277 1954 3327 buntur
1984 3275 2115 3338 (sic),
2139 3277 2206 3324 ut
2230 3284 2505 3337 magnum
2527 3271 2680 3324 diem
2715 3272 3026 3324 Jesrahelis
3046 3273 3224 3326 fuisse
3246 3277 3331 3327 fa-

1669 3360 1720 3437 C
1746 3351 1975 3437 ἓῗδὲτὲιίὲἲ
1988 3362 2016 3437 i
2029 3344 2722 3437 Ϊῆίῗῗένὶῗλὲυὲέῗξῖἒὲῗὲ
2734 3343 3125 3437 Ηίέοέῗῗῗῖδέ
3145 3358 3336 3437 99????

1746 3421 1900 3481 runt,
1911 3422 1969 3470 et
1984 3417 2056 3470 de
2068 3429 2184 3481 quo
2196 3428 2372 3480 supra
2385 3415 2533 3467 dixit
2542 3415 2841 3480 PrOpheta,
2857 3422 3131 3466 conteram
3145 3433 3334 3468 arcum

1738 3489 1904 3541 Israel
1925 3491 1983 3539 in
2009 3489 2140 3538 vatte
2161 3487 2377 3539 Jesraet.
2401 3490 2470 3539 Et
2498 3490 2607 3540 hoc
2633 3492 2896 3540 assumet
2915 3488 2977 3539 in
2998 3490 3335 3542 memoriam

1738 3562 1987 3628 populus
2008 3559 2303 3621 liberatus,
2328 3563 2397 3611 ut
2421 3559 2633 3625 gaudia
2660 3560 2788 3624 ejus
2812 3572 2886 3611 ex
2914 3563 3339 3626 comparatione

1738 3633 2124 3700 grandescant
2149 3649 2160 3682 :
2186 3630 2279 3685 vel
2301 3637 2456 3685 certe
2470 3632 2778 3685 Jesrahelis
2792 3632 2976 3698 ipsius
2998 3634 3338 3698 interpreta-

1741 3708 1958 3759 tionem
1970 3704 2079 3757 sibi
2090 3704 2395 3757 convenire
2406 3703 2689 3756 clamabit:
2703 3704 2971 3769 exprimit
2983 3707 3269 3769 siquidem
3283 3710 3338 3756 in

1738 3783 1935 3829 nostro
1955 3787 2239 3838 sermone,
2262 3790 2437 3823 semen
2461 3777 2577 3839 Dei,
2600 3779 2780 3839 litque
2796 3788 3005 3828 sensus
3022 3779 3301 3841 ejusmodi
3324 3793 3336 3829 :

1740 3849 1934 3901 Soluto
1963 3846 2314 3911 captivitatis
2346 3850 2620 3910 tempore,
2651 3847 2758 3897 erit
2787 3850 2947 3898 tanta
2967 3848 3339 3900 exultationis

1738 3919 1993 3981 ambitio,
2025 3922 2092 3970 ut
2114 3927 2366 3981 magnus
2389 3915 2512 3967 dies
2534 3917 2635 3968 Dei
2660 3915 2791 3967 ﬁliis
2811 3915 3072 3969 illuxisse
3094 3917 3337 3970 dicatur.

1740 3994 1903 4043 Hanc
1926 3994 2124 4042 autem
2160 3988 2555 4052 festivitatem,
2589 3990 2654 4040 ut
2675 3985 2882 4051 reliqui
2926 3989 3238 4054 propheta,
3260 3991 3342 4042 ita

1741 4062 2030 4128 praecipue
2052 4061 2114 4112 in
2134 4059 2233 4112 illo
2254 4060 2509 4111 carmine
2528 4060 2730 4111 beatus
2744 4058 2948 4125 David,
2972 4062 3338 4125 exsequitur:

1739 4136 1970 4185 Laetatus
1991 4146 2114 4182 sum
2129 4131 2189 4181 in
2210 4132 2295 4181 his
2311 4146 2427 4196 quae
2442 4132 2585 4181 dicta
2599 4136 2725 4180 sunt
2740 4132 2897 4193 mihi,
2913 4134 2976 4182 In
2993 4133 3215 4184 domum
3238 4135 3343 4185 Do-

1742 4206 1881 4257 mini
1904 4204 2121 4256 ibimus.
2153 4203 2363 4255 Stanles
2390 4209 2545 4254 erant
2584 4204 2742 4268 pedes
2774 4204 2946 4254 nostri
2968 4205 3030 4253 in
3053 4206 3211 4254 atriis
3236 4208 3342 4256 tuis

1743 4277 2043 4329 Jerusalem
2059 4277 2134 4327 ad
2168 4276 2533 4341 conﬁtendum
2560 4277 2776 4327 nomini
2804 4282 2912 4337 tuo,
2930 4277 3179 4342 Domine,
3205 4280 3345 4337 Quia

1745 4350 1855 4400 illic
1868 4350 2115 4399 sederunt
2126 4348 2267 4399 sedes
2278 4349 2339 4397 in
2342 4349 2555 4413 judicio
2559 4384 2575 4410 ,
2590 4350 2731 4398 sedes
2738 4363 2901 4413 super
2911 4349 3033 4398 dom
3041 4364 3133 4398 um
3146 4351 3341 4400 David.

1742 4423 1958 4486 Rogate,
1989 4435 2107 4485 quae
2129 4420 2201 4470 ad
2214 4434 2401 4486 pacem
2428 4426 2554 4469 sunt
2568 4420 2870 4470 Jerusalem
2897 4420 3057 4483 (Psal.
3083 4419 3246 4483 121.).

1807 4492 1987 4558 Igitur
2010 4493 2331 4545 secundum
2347 4496 2601 4544 tenorem
2621 4492 2897 4557 historiae,
2926 4505 3100 4557 quam
3120 4493 3345 4546 denun—
3426 4524 3431 4529 ι

1744 4564 1911 4616 ciatio
1936 4562 2266 4629 prophetica
2298 4565 2648 4626 continebat,
2684 4568 2868 4616 totum
2893 4564 3050 4628 quod
3074 4570 3163 4617 est
3182 4570 3339 4619 actu-

1742 4649 1859 4701 rus,
1886 4636 2136 4689 breviter
2148 4635 2426 4688 indicavit
2443 4653 2454 4685 :
2477 4635 2677 4688 decem
2694 4636 2961 4689 videlicet
2978 4639 3178 4699 tribus,
3195 4639 3348 4691 Jero-

1745 4709 1915 4759 boam
1938 4712 2187 4771 auctore,
2205 4711 2523 4772 corruptas,
2550 4709 2787 4773 Assyrio
2810 4708 3085 4774 capiente,
3104 4711 3349 4764 transla-

1744 4784 1872 4832 tas:
1898 4780 2111 4831 Judam
2145 4780 2425 4843 vero,,qui
2464 4782 2524 4831 in
2556 4780 2673 4832 Deo
2716 4794 2824 4833 suo
2854 4782 3185 4847 conﬁderet,
3239 4784 3347 4836 sub

1747 4851 1991 4903 Ezechia
2012 4864 2145 4916 rege
2159 4852 2561 4904 miserabiliter
2582 4851 2918 4918 liberatum;
2939 4859 3139 4919 postea
3161 4862 3348 4920 autem,

1747 4924 2114 4987 etiamipsam
2128 4924 2339 4976 tribum
2352 4923 2618 4978 fraternae
2631 4925 2939 4990 impietatis
2958 4929 3199 4992 vestigia
3215 4929 3349 4980 sub-

1749 4999 2076 5059 sequutam,
2094 4994 2474 5048 dominationi
2483 4995 2849 5062 Babylonica:
2861 4997 3043 5050 fuisse
3052 5001 3345 5060 permissam

1749 5068 1910 5131 cujus
1931 5072 2123 5119 tamen
2133 5068 2324 5121 denuo
2343 5067 2533 5120 vincla
2544 5070 2793 5122 solveret
2814 5069 3097 5133 promissa
3124 5071 3347 5122 libertas.

1748 5135 1992 5205 et402
2027 5140 2159 5191 Jam
2192 5153 2312 5192 non
2339 5140 2586 5206 separati
2621 5141 2695 5192 ab
2726 5140 2974 5192 invicem
2998 5139 3219 5203 fratres,
3246 5142 3347 5194 sed

1740 5211 1856 5261 sub
1882 5223 1997 5261 uno
2021 5213 2239 5263 rectore
2264 5210 2555 5276 sistentes,
2579 5211 2857 5263 honorem
2889 5213 2990 5263 Dei
3030 5213 3089 5264 in
3130 5213 3349 5278 Templi

1748 5284 1874 5341 ejus
1907 5280 2099 5345 adytis
2127 5284 2499 5335 celebrarent.
2525 5284 2713 5349 Hujus
2738 5295 2876 5334 vero
2901 5284 3172 5348 temporis
3190 5289 3352 5339 tanta

1749 5358 1906 5405 esset
1920 5353 2184 5405 fmlicitas
2203 5358 2267 5405 ut
2284 5354 2517 5419 juvaret
2530 5354 2703 5405 etiam
2726 5354 2972 5407 adversa
2990 5357 3346 5422 meminisse,

1747 5430 1808 5479 et
1829 5438 2105 5490 magnum
2117 5425 2268 5477 diem
2283 5424 2596 5478 Jesrahelis
2615 5437 2835 5491 vocare,
2863 5426 3029 5491 idest,
3047 5429 3187 5480 illud
3204 5434 3351 5482 tem-

1750 5510 1861 5561 pus
1887 5496 2235 5562 captivitatis
2262 5495 2474 5549 illatae:
2502 5497 2670 5562 cujus
2702 5498 2965 5551 videlicet
2989 5502 3212 5554 occasio
3236 5506 3350 5554 tam

1750 5570 1993 5622 multam
2010 5568 2423 5622 exultationem
2448 5572 2721 5622 creasset.
2740 5570 2946 5621 Ponent
2960 5571 3136 5637 igitur
3145 5572 3351 5624 sibimet

1752 5745 1869 5790 tum
1887 5741 2156 5804 octoginta
2181 5740 2422 5803 quinque
2454 5739 2650 5791 millia.
2681 5742 2761 5792 Ex
2785 5755 2901 5805 quo
2925 5742 3181 5808 colligas,
3206 5744 3354 5798 Nos-

1754 5816 1907 5864 trum
1932 5811 2203 5876 quaedam
2226 5812 2298 5863 ab
2323 5824 2389 5864 eo
2412 5813 2670 5877 accipere
2698 5825 2818 5865 non
2842 5814 3141 5881 refugisse.

1816 5883 1837 5912 ¹’
1885 5885 2106 5937 Nomen
2150 5884 2291 5933 Deus
2330 5882 2487 5938 nulla
2533 5884 2955 5951 Scripturarum
3006 5889 3356 5955 exemplaria

1751 5953 1879 6007 heic
1901 5954 2145 6008 addunt.

2937 6125 3000 6183 31
