3884 6406
518 453 618 510 971

1576 442 1845 503 RUFINO
1875 440 2335 501 PRESBYTERO
2364 440 2748 499 ASCRIPTUS

3822 272 3853 321 ξ

3720 446 3820 505 972

517 570 681 631 caput
718 580 915 628 unum,
938 562 1289 638 etgascendent
1311 560 1385 638 de
1417 566 1577 638 terra.
1617 563 1800 626 Super
1821 574 1936 638 quo
1965 566 2113 638 tem-
2139 566 2201 638 Α
2217 560 2502 638 prosperis
2526 558 2702 612 ﬁdem
2723 558 3115 638 denunciandi
3130 559 3478 638 confidentia
3494 563 3816 638 subrogabat,

519 650 670 702 pore,
683 642 743 689 et
764 638 969 687 beatus
990 633 1176 686 David
1217 634 1313 696 ait,
1348 634 1392 681 A
1430 632 1631 696 ﬁnibus
1662 639 1813 682 terra:
1837 634 1911 683 ad
1935 638 1979 682 te
2001 634 2112 683 cla-

520 709 668 758 mavi
711 707 844 757 dum
873 715 891 736 ·
937 711 1227 770 angeretur
1262 708 1354 753 cor
1380 719 1580 769 meum,
1605 704 1667 753 in
1689 710 1844 769 petra
1868 705 2118 755 exaltasti

521 795 620 829 me.
661 778 944 829 Deduxisti
982 792 1065 826 me
1087 777 1225 841 quia
1244 776 1421 839 factus
1444 792 1494 825 es
1516 791 1631 840 spes
1654 792 1773 825 mea
1802 777 1962 841 (Psal.
1987 776 2116 839 60.).

520 851 847 903 Notandum
872 861 1102 912 quoque
1122 853 1213 900 est
1228 849 1365 912 quia
1379 848 1824 912 promissionem
1841 848 1951 899 loci
1971 851 2119 897 istius

520 935 690 986 super
705 920 1073 972 multitudine
1090 920 1369 982 ﬁdelium,
1384 919 1457 969 ad
1481 919 1942 983 praidicationem
1952 922 2120 968 Evan-

518 994 648 1056 gelii
672 991 1104 1055 conﬂuentium,
1118 991 1322 1042 beatus
1344 989 1554 1041 Paulus
1565 991 1866 1055 acceperit,
1892 1006 2119 1040 asserens

522 1064 781 1115 videlicet
828 1062 981 1127 quod
1013 1063 1187 1113 unius
1210 1062 1400 1126 gentis
1432 1062 1730 1125 angustias
1749 1064 2116 1115 annunciatio

520 1136 871 1199 evangelicae
888 1135 1115 1199 pietatis
1131 1134 1460 1185 excesserit.
1487 1135 1557 1184 Et
1578 1146 1694 1185 non
1718 1134 1906 1186 solum
1928 1134 1999 1186 de
2013 1136 2117 1186 Ju-

519 1208 681 1268 daiis,
708 1205 807 1269 qui
830 1206 965 1257 olim
980 1206 1228 1269 populus
1253 1205 1351 1256 Dei
1365 1205 1736 1269 vocabantur,
1752 1205 1854 1256 sed
1866 1206 2042 1257 etiam
2055 1208 2117 1254 de

518 1279 816 1341 Gentibus,
868 1288 1002 1339 quae
1042 1276 1105 1327 in
1151 1275 1452 1340 multiplici
1492 1289 1679 1328 errore
1719 1277 2013 1341 degerant,
2043 1277 2116 1329 ad

519 1349 936 1413 capessendam
975 1347 1155 1398 divini
1201 1348 1489 1411 stigmatis
1521 1347 1863 1413 dignitatem
1886 1349 2119 1411 agmina

520 1420 909 1478 convenirent,
936 1420 1086 1470 sicut
1108 1421 1169 1469 in
1194 1419 1355 1481 Osee,
1382 1419 1589 1482 inquit,
1608 1418 1771 1470 dicit:
1793 1420 1983 1470 vocabo
2004 1434 2117 1469 non

514 1491 719 1554 plebem
764 1504 960 1546 meam,
1002 1491 1203 1555 plebem
1246 1504 1443 1551 meam,
1468 1495 1513 1539 et
1535 1506 1645 1539 non
1673 1491 1938 1552 dilectam,
1962 1492 2119 1541 dilec-

520 1568 650 1611 tam.
693 1562 762 1612 Et
784 1562 883 1610 erit
918 1561 980 1609 in
1003 1562 1112 1611 loco
1136 1561 1228 1610 ubi
1252 1561 1543 1626 vocabitur,
1567 1577 1681 1613 non
1703 1563 1843 1627 plebs
1864 1579 1987 1613 mea
2007 1577 2116 1626 vos,

518 1634 593 1682 ibi
634 1632 966 1683 vocabuntur
995 1633 1107 1695 filii
1153 1634 1251 1682 Dei
1277 1633 1384 1682 vivi
1417 1634 1584 1698 (Rom.
1612 1633 1663 1688 9.
1691 1633 1816 1694 ‘25.).
1844 1635 2116 1687 Gentium

518 1718 654 1769 ergo
666 1705 941 1769 magister
963 1704 1213 1756 ostendit
1238 1704 1394 1768 quod
1407 1705 1696 1769 evangelii
1711 1711 1829 1757 tem
1834 1720 1971 1770 pore
1983 1708 2119 1754 fmli-

521 1778 711 1827 citatis
735 1777 913 1840 hujus
938 1777 1242 1841 promissio
1267 1777 1648 1840 compleretur
1666 1790 1678 1826 :
1695 1790 1814 1829 non
1831 1778 2032 1842 utique
2056 1783 2119 1830 ut

522 1852 760 1911 negaret
781 1847 923 1899 illud
940 1847 1095 1911 quod
1120 1847 1297 1898 totius
1321 1848 1638 1912 prophetia
1658 1854 1854 1901 textus
1872 1851 2119 1900 inculcat:

2217 645 2291 685 ne
2326 644 2425 697 per
2456 632 2565 683 hoc
2603 644 2816 696 ipsum,
2852 632 3111 695 inquam,
3136 637 3195 685 et
3214 634 3509 695 meritum,
3536 637 3597 687 et
3620 641 3816 689 votum

2217 703 2427 767 pariter
2443 703 2733 755 videretur
2753 702 3110 768 extinguere,
3123 705 3353 768 quando
3371 705 3604 769 quidem
3615 718 3692 759 ne
3708 720 3819 760 cor-

2218 773 2486 825 rectionis
2499 774 2758 825 studium
2771 774 3068 839 prodesset
3083 776 3326 840 assumi,
3344 775 3652 830 insistente
3669 783 3817 828 semel

2218 845 2636 908 praenuncianti
2664 843 2816 910 [forte
2836 846 3599 911 praenunciari]necessitate
3616 850 3821 914 suppli-

2218 916 2289 967 cii
2322 934 2332 964 :
2365 929 2469 967 nec
2505 929 2915 981 prosperorum
2949 917 3140 968 denuo
3177 920 3501 971 necessaria
3532 919 3822 972 videretur

2217 987 2452 1052 Optatio,
2466 1001 2597 1039 cum
2621 988 2971 1039 omnimodis
2988 993 3255 1054 essetpro
3272 989 3672 1043 denuntiantis
3683 993 3825 1044 veri-

2216 1063 2334 1110 tate
2358 1058 2664 1110 reddenda.
2690 1059 2821 1111 Ideo
2843 1059 2917 1110 ad
2933 1060 3174 1124 populos
3190 1073 3379 1113 sermo
3403 1061 3686 1128 dirigitur,
3706 1069 3757 1112 et
3773 1067 3821 1112 in

2217 1131 2680 1182 communionem
2711 1131 2916 1194 judicii
2953 1135 3325 1195 convocatur,
3350 1137 3416 1184 ut
3437 1134 3545 1198 ipsi
3570 1139 3823 1187 matrem

2217 1215 2380 1253 suam
2410 1201 2858 1265 (multitudinem
2882 1201 3150 1254 videlicet
3171 1209 3493 1268 parentum,
3518 1206 3691 1269 cujus
3714 1207 3824 1258 cri-

2215 1274 2471 1325 minibus
2486 1275 2635 1325 Deus
2650 1273 2835 1325 fuerat
2856 1279 3177 1338 asperatus,
3195 1275 3430 1328 intentis
3452 1282 3823 1341 pergantexa-

2215 1344 2437 1396 minare
2466 1343 2802 1406 luminibus,
2840 1349 3013 1408 atque
3041 1358 3170 1397 eam
3193 1345 3409 1399 divinae
3430 1346 3825 1400 admonitione

2216 1417 2297 1479 [F.
2323 1416 2650 1481 admonere]
2673 1415 3016 1481 clementiaa,
3032 1429 3163 1481 quia
3187 1417 3351 1480 solet,
3372 1418 3459 1470 vel
3481 1418 3826 1471 denuntiata

2217 1500 2512 1539 removere
2559 1492 2863 1551 tormenta,
2904 1488 2953 1537 si
3003 1501 3137 1539 reus
3165 1488 3239 1540 ad
3277 1490 3697 1543 correctionem
3742 1491 3826 1542 vi—

2216 1558 2348 1610 deat
2371 1559 2719 1622 confugisse.
2747 1560 2874 1610 Non
2895 1572 3027 1622 ergo
3051 1558 3178 1610 illos
3202 1561 3447 1612 salutem
3463 1562 3732 1622 desperare
3749 1564 3828 1610 de-

2219 1632 2350 1682 bere
2366 1630 2415 1681 si
2435 1630 2750 1681 reddantur
2768 1630 2969 1681 timore
2985 1630 3261 1691 meliores,
3276 1645 3408 1684 cum
3427 1633 3705 1698 magister
3720 1648 3827 1682 me—

2218 1702 2459 1753 ritorum
2478 1701 2786 1766 praesideat
2797 1706 3236 1766 expunctorum,
3249 1716 3422 1767 quem
3437 1706 3623 1756 multo
3639 1706 3828 1769 magis

2216 1772 2576 1837 indulgentia
2592 1774 2880 1836 renidens,
2901 1786 3075 1836 quam
3090 1775 3366 1827 severitas
3386 1787 3584 1828 amara
3599 1778 3825 1828 delectet.

2858 1865 3088 1916 CAPUT
3121 1866 3189 1915 II.

524 1920 932 2013 resolutionem
958 1918 1221 1971 videlicet
1242 1919 2117 2013 caipti‘vitatisaquoqueBabvloni-
2145 1938 2199 2013 B
2290 1936 2449 1987 νθτε,
2495 1935 2545 1989 ρ,
2592 1963 2652 1973 ..
2708 1935 2957 1985 ,Ῑηάίοαιε
3004 1941 3234 1986 matrem
3277 1941 3520 1999 vestram,
3561 1937 3823 2001 judged“,

523 2003 608 2042 cas
638 1990 818 2041 fuisse
830 2002 1200 2055 promissam;
1226 1991 1327 2041 sed
1342 1995 1406 2042 ut
1417 1992 1765 2056 ostenderet,
1784 2005 1959 2056 quam
1971 1996 2118 2043 intel-

522 2060 775 2125 ligentia:
798 2064 1058 2125 regulam
1082 2062 1372 2113 custodire
1395 2062 1457 2112 in
1477 2063 1825 2126 prepheticis
1846 2063 2005 2115 libris
2029 2065 2124 2116 de-

525 2134 766 2185 beamus
792 2150 805 2184 :
829 2134 994 2196 idest,
1022 2138 1088 2184 ut
1111 2146 1244 2183 cum
1269 2135 1377 2183 sub
1401 2136 1728 2185 narratione
1752 2135 2124 2187 Judaicarum

525 2217 717 2255 rerum
740 2205 1055 2268 ingentius,
1071 2216 1244 2267 quam
1257 2205 1433 2255 unius
1446 2205 1635 2267 gentis
1648 2205 2012 2259 mediocritas
2029 2220 2125 2259 ca-

524 2279 697 2339 peret,
724 2276 939 2339 aliquid
962 2275 982 2303 δ
1024 2280 1398 2339 promeretur,
1426 2282 1483 2326 et
1506 2288 1580 2327 ex
1604 2281 1764 2340 parte
1800 2277 1859 2328 in
1892 2277 1988 2329 illo
2022 2292 2125 2343 po-

522 2349 658 2410 pulo
673 2359 1048 2399 nosceremus
1064 2346 1241 2398 fuisse
1264 2348 1631 2411 completum,
1648 2350 1823 2399 etiam
1848 2362 1944 2412 per
1968 2350 2123 2401 theo-

524 2419 823 2481 riarn,aliis
848 2432 1094 2482 quoque,
1111 2419 1500 2470 idestcunctis
1522 2421 1813 2484 gentibus,
1831 2426 2120 2472 convenire.

587 2491 829 2541 'l‘heoria
850 2496 942 2541 est
962 2495 1154 2542 autem
1183 2492 1266 2552 (ut
1290 2490 1529 2541 eruditis
1544 2490 1776 2555 placuit)
1800 2494 1860 2542 in
1887 2495 2123 2543 brevibus

524 2561 860 2626 plerumque
877 2566 976 2612 aut
988 2561 1184 2612 formis
1206 2566 1307 2613 aut
1321 2564 1565 2623 caussis,
1580 2575 1775 2613 earum
1791 2575 1982 2615 rerum
2006 2579 2123 2625 quas

523 2634 774 2697 potiores
793 2638 948 2694 sunt,
968 2633 1329 2683 considerata
1341 2633 1648 2696 perceptio.
1669 2633 2124 2698 Haudigiturilla

523 2707 551 2754 J
563 2707 858 2755 udteorum
875 2703 946 2754 de
959 2704 1246 2767 Babylone
1258 2715 1317 2754 re
1326 2704 1847 2765 vocatio,secundum
1860 2710 2121 2756 historiam

522 2778 635 2827 ista
650 2788 785 2828 vero
801 2788 932 2839 quae
949 2787 1049 2839 per
1069 2775 1243 2826 iidem
1266 2775 1473 2826 Christi
1490 2780 1578 2827 est
1600 2776 1803 2828 collata
1818 2781 2019 2828 libertas
2042 2795 2123 2830 se-

525 2847 783 2900 cundum
793 2847 1121 2911 allegoriam
1137 2847 1476 2911 signiﬁcata,
1490 2848 1712 2911 proprie
1728 2850 1991 2915 diceretur,
2006 2866 2118 2901 cum

527 2932 713 2971 sermo
761 2919 1130 2982 propheticus
1152 2919 1331 2970 solide
1357 2923 1670 2983 utrumque
1692 2923 2033 2985 promiserit,
2059 2926 2124 2974 ut

524 2990 859 3057 praecedens
872 2991 1239 3042 mediocritas
1253 2996 1560 3053 sequentes
1573 2995 1837 3044 cumulos
1849 2997 2119 3044 intimaret.

529 3066 672 3115 Nam
695 3063 849 3126 quod
879 3062 1061 3127 primo
1095 3075 1195 3127 per
1218 3063 1719 3127 exaggerationem
1745 3064 1961 3117 dictum
1983 3071 2123 3131 erat,

524 3136 584 3188 id
595 3136 865 3200 deinceps
881 3148 1071 3187 rerum
1081 3136 1481 3199 magnitudine
1494 3137 1593 3188 vix
1610 3139 2125 3202 equuavitAtque

529 3210 627 3273 ita,
650 3220 782 3272 quin
802 3213 941 3259 tunc
966 3206 1243 3271 populum
1257 3207 1597 3259 Judaaorum
1614 3210 2128 3263 terruitdenunciata

522 3281 847 3346 captivitas,
893 3286 952 3331 et
983 3291 1116 3342 quin
1145 3284 1345 3343 postea
1364 3280 1547 3331 erexit
1568 3282 1836 3333 restituta
1869 3283 2121 3348 libertas,

526 3356 769 3407 aliarum
796 3364 1025 3415 quoque
1051 3352 1202 3414 (quas
1217 3351 1399 3402 multo
1412 3351 1708 3414 graviores
1725 3358 1883 3417 sunt)
1896 3358 2125 3416 etcapti-

527 3427 724 3481 vitatis
737 3429 792 3476 et
814 3424 1098 3475 libertatis
1120 3423 1330 3475 indicia
1352 3424 1731 3487 praeferebant
1751 3442 1761 3473 :
1787 3424 1943 3477 illius
1966 3429 2125 3479 nimi-

529 3512 677 3561 rum,
701 3490 914 3559 de'qua
938 3496 1018 3547 ait
1038 3494 1374 3559 Apostolus,
1398 3494 1641 3544 Eramus
1664 3502 1871 3547 natura
1891 3499 2007 3562 filii
2031 3500 2128 3550 irae

527 3572 663 3619 sicut
689 3575 736 3617 et
758 3568 946 3617 caeteri.
967 3567 1104 3615 Deus
1131 3572 1313 3616 autem
1338 3581 1462 3616 cum
1482 3569 1549 3616 sit
1573 3568 1716 3617 dives
1738 3570 1799 3617 in
1824 3572 2129 3621 misericor-

530 3643 644 3696 dia,
693 3644 916 3704 propter
936 3638 1175 3686 nimiam
1198 3638 1496 3698 caritatem,
1522 3654 1633 3703 qua
1656 3640 1844 3691 dilexit
1865 3657 1981 3707 nos,
2004 3659 2129 3693 cum

530 3726 759 3763 essemus
782 3710 986 3760 mortui
1004 3711 1250 3774 peccatis,
1285 3712 1683 3773 convivi/icavit
1711 3728 1811 3763 nos
1834 3714 1896 3764 in
1914 3715 2128 3765 Christo

530 3784 748 3850 (Ephes.
774 3780 827 3836 2.
852 3782 944 3844 4.).
960 3783 1129 3834 Illum
1147 3783 1435 3847 siquidem
1449 3784 1678 3837 hostem
1690 3789 1918 3850 generis
1928 3788 2127 3839 huma-

530 3858 605 3918 ni,
641 3856 741 3920 qui
763 3854 936 3919 longa
955 3854 1347 3908 dominatione
1370 3868 1500 3908 reos
1529 3858 1907 3923 depresserat,
1932 3860 2130 3913 fortior

529 3930 765 3982 veniens
786 3926 1061 3993 alligavit,
1080 3940 1222 3980 vasa
1245 3928 1293 3992 ej
1305 3942 1371 3979 us
1388 3934 1597 3980 cuncta
1608 3930 1863 3995 diripuit:
1883 3936 1940 3984 et
1950 3933 2131 3997 capti-

532 4003 772 4055 vitatem
786 4000 1051 4064 gentium
1066 4000 1289 4051 reddita
1298 4000 1563 4053 libertate
1576 4001 1859 4067 dissolvit,
1883 4006 2132 4066 donisque

534 4074 736 4141 gratiae
779 4072 1104 4124 nobitalivit
1139 4072 1450 4135 redemtos,
1474 4076 1540 4123 ut
1556 4075 1655 4136 qui
1676 4073 1984 4137 aliquando
2009 4089 2133 4129 era-

534 4159 667 4199 mus
690 4145 860 4197 alieni
879 4148 939 4195 et
959 4144 1240 4208 hospites,
1255 4144 1447 4196 subito
1470 4144 1633 4209 plebs
1656 4148 1783 4210 ejus
1807 4152 1863 4199 et
1884 4149 2134 4214 populus

533 4216 981 4270 misericordiam
999 4218 1411 4279 consequutus,
1428 4217 1604 4269 immo
1616 4216 1671 4284 4
1682 4216 1731 4286 ο
1742 4216 1794 4285 3
1814 4232 2000 4284 genus
2015 4224 2137 4271 elec-

535 4297 680 4347 tum,
699 4294 757 4340 et
773 4287 1123 4339 sacerdotale
1132 4299 1199 4338 ac
1215 4288 1439 4353 regium
1452 4287 1769 4341 diceremur
1786 4292 1852 4355 (1.
1872 4294 2014 4346 Petr.
2040 4291 2132 4357 2.).

539 4362 630 4414 Sic
653 4373 789 4425 ergo
808 4360 962 4424 quod
976 4360 1123 4411 Osee
1138 4361 1209 4411 de
1222 4360 1579 4424 temporibus
1595 4362 1906 4427 Babylonis
1916 4368 2138 4415 edixerat

538 4434 748 4486 Paulus
771 4435 844 4484 ad
868 4431 1110 4496 negocia
1134 4432 1425 4485 transtulit
1447 4434 1776 4501 Salvatoris,
1800 4449 1920 4489 non
1940 4441 2137 4502 utique

537 4507 833 4572 propheta,
881 4506 1051 4569 quasi
1083 4506 1398 4566 abnuente,
1418 4511 1521 4558 aut
1552 4520 1725 4573 aegre,
1759 4521 1874 4574 quo
1908 4510 2138 4563 ducitur

540 4580 931 4642 subsequente
945 4593 958 4641 ;
976 4577 1078 4629 sed
1090 4579 1417 4643 Apostolico
1430 4580 1742 4633 intellectui
1756 4583 1929 4635 nimis
1940 4585 2138 4633 favente

541 4663 641 4715 per
654 4655 909 4702 tenorem
922 4649 1194 4713 vaticinii,
1209 4662 1324 4714 quo
1336 4651 1710 4705 docuitaucta
1728 4666 1858 4707 esse
1872 4655 1967 4707 hic
1986 4670 2138 4718 prope

546 4735 731 4785 usque
772 4721 846 4771 ad
889 4723 1447 4776 consummationem
1478 4724 1571 4779 vel
1590 4726 1758 4789 dona,
1791 4725 1883 4779 vel
1905 4726 2134 4791 gaudia,

545 4805 676 4857 quas
718 4792 814 4844 illo
840 4792 963 4855 jam
987 4794 1180 4846 seculo
1203 4794 1429 4847 fuerant
1449 4796 1735 4849 inchoata.
1762 4798 1871 4849 Sed
1898 4799 2012 4851 huc
2039 4813 2139 4852 us-

542 4879 656 4931 que
680 4878 867 4918 sermo
891 4865 1187 4931 propheta:
1213 4881 1279 4920 eo
1297 4874 1492 4921 tenore
1515 4871 1809 4936 processit,
1829 4876 1896 4923 ut
1918 4872 1990 4924 de
2016 4874 2141 4937 qui-

544 4944 907 5004 buscumque
931 4946 1053 5003 erat
1075 4944 1322 5009 negotiis
1346 4945 1818 5010 temporibusque
1838 4944 2140 5001 locuturus

545 5013 692 5077 (Ant.
718 5013 967 5079 locutus]
994 5016 1237 5068 breviter
1263 5016 1557 5069 indicaret.

609 5088 773 5138 Nunc
796 5090 992 5138 autem
1024 5087 1097 5139 ad
1122 5088 1382 5140 ordinem
1404 5088 1694 5142 institutas
1723 5092 2028 5145 revertitur
2050 5091 2142 5145 vel

542 5172 822 5223 censurae,
848 5163 937 5213 vel
953 5162 1219 5224 querelae,
1240 5162 1391 5224 quod
1410 5163 1672 5214 consulte
1683 5165 2030 5231 provideque
2046 5182 2143 5221 cu—

545 5233 706 5298 ravit,
754 5245 830 5284 ne
873 5232 1028 5296 quod
1064 5233 1139 5305 ad
1168 5245 1441 5297 pompam
1478 5234 1868 5298 praedictionis
1896 5239 2137 5305 valebat,

546 5307 824 5371 inciperet
851 5304 1087 5356 salutari
1107 5305 1535 5357 incommodare
1552 5309 1846 5363 doctrinae.
1860 5314 2006 5365 Nam
2021 5304 2144 5375 quo-

545 5384 702 5437 niam
723 5376 1092 5432 vaticinantis
1110 5377 1331 5441 impetu
1350 5392 1418 5431 ea
1427 5380 1716 5445 attiherat,
1731 5395 1864 5446 quae
1880 5394 1989 5446 post
2001 5393 2143 5436 erant

543 5458 731 5523 longis
753 5457 1023 5509 secutura
1046 5456 1418 5522 temporibus,
1443 5462 1502 5510 et
1526 5462 1642 5510 tam
1665 5458 2140 5525 adversis,quam

608 5641 625 5659 ·
660 5633 898 5683 Lectum
931 5629 1136 5682 vitiose
1154 5634 1324 5682 antea
1344 5636 1648 5695 augeretur.
1678 5629 2143 5697 Vulgat.,ana:ia-

540 5707 708 5752 retur.

605 5772 627 5801 ι
658 5773 766 5834 Qui
808 5771 1030 5837 primus
1077 5774 1564 5826 Commentarium
1609 5774 1766 5826 hunc
1792 5774 1940 5839 typis
1963 5776 2143 5828 edidit

548 5843 802 5913 Renatus
822 5844 1166 5896 Laurentius
1188 5845 1260 5897 de
1283 5846 1340 5897 la
1367 5848 1539 5899 Barre
1562 5847 1876 5899 arbitratus
1906 5852 2014 5911 est,
2028 5848 2140 5913 legi

546 5911 673 5963 heic
695 5914 909 5965 rectius
925 5928 1094 5979 posse
1114 5924 1525 5981 promereretur.
1540 5918 1713 5982 Fugit
1735 5930 1871 5970 vero
1887 5932 2022 5971 eum
2051 5911 2139 5972 ra-

547 5984 643 6033 tio.
670 5985 885 6035 Sensus
900 5986 1054 6037 enim
1069 5993 1243 6051 atque
1258 5988 1396 6040 ordo
1423 5994 1533 6053 est,
1547 5996 1607 6039 ut
1630 5989 1844 6053 aliquid
1870 5990 2078 6056 ingenti
2085 6008 2143 6043 us

553 6060 906 6118 promeretur,
940 6071 1106 6120 quam
1138 6058 1479 6110 mediocritas
1518 6062 1688 6111 unius
1718 6063 1890 6127 gentis
1916 6071 2143 6131 caperet.

2228 2007 2493 2070 quoniam
2534 2006 2655 2071 ipsa
2686 2021 2801 2055 non
2824 2021 2968 2055 uxor
2990 2020 3129 2069 mea,
3154 2012 3200 2056 et
3223 2022 3314 2072 ego
3335 2023 3447 2057 non
3470 2008 3557 2057 vir
3576 2008 3712 2073 ejus.
3740 2012 3827 2061 In-

2223 2092 2367 2142 gens
2385 2080 2615 2142 (inquit)
2632 2078 3005 2143 benignitatis
3031 2091 3176 2131 meaa
3200 2080 3623 2132 monimentum
3637 2088 3827 2133 exstat

2223 2149 2481 2199 liberatio
2508 2155 2725 2200 vestra:
2745 2155 2802 2201 et
2817 2148 2945 2200 ideo
2967 2148 3139 2201 fmdm
3153 2150 3404 2213 parentis
3423 2157 3638 2203 vestrm
3653 2155 3829 2201 merita

2223 2220 2594 2284 deteguntur,
2608 2222 2817 2284 quibus
2834 2233 2868 2273 a
2888 2233 3016 2272 meo
3034 2220 3279 2285 depulsa
3290 2228 3380 2274 est
3401 2223 3713 2288 consortio,
3729 2224 3825 2275 sed

2222 2293 2364 2341 adeo
2388 2291 2575 2357 faedaa,
2594 2296 2779 2344 utnec
2789 2293 2952 2344 vobis
2965 2292 3366 2355 judicantibus
3381 2294 3565 2357 possit
3582 2295 3831 2346 absolvi.

2224 2364 2439 2414 Verum
2463 2364 2729 2427 quianon
2742 2376 2917 2414 unam
2932 2377 3255 2429 personam,
3274 2364 3371 2416 sed
3400 2370 3578 2417 totam
3595 2371 3827 2430 gentem

2223 2440 2500 2498 praesenti
2548 2436 2930 2487 aestimatione
2961 2442 3250 2500 taxamus,
3279 2450 3583 2499 speramus
3607 2438 3831 2501 aliquos

2224 2506 2357 2567 fore,
2407 2520 2558 2571 quos
2598 2508 2668 2558 ad
2705 2509 2940 2559 meliora
2964 2509 3157 2560 studia
3181 2510 3463 2560 severitas
3487 2510 3831 2562 denunciata

2221 2583 2605 2641 commoveat,
2635 2582 2692 2630 et
2714 2579 2842 2631 ideo
2859 2585 3212 2645 exspectate,
3238 2580 3371 2643 quid
3398 2581 3815 2645 praestoler.Au

2219 2651 2387 2711 fereat
2412 2650 2805 2712 fornicationes
2845 2665 2976 2701 suas
2999 2667 3035 2702 a
3055 2652 3197 2715 facie
3218 2667 3338 2713 sua,
3363 2659 3408 2701 et
3442 2652 3719 2703 adulteria
3743 2668 3834 2704 sua

2222 2721 2285 2770 de
2306 2723 2480 2771 medio
2513 2721 2739 2770 uberum
2760 2735 3009 2774 suorum.

2284 2795 2447 2845 Vers.
2497 2791 2550 2847 3.
2595 2821 2656 2829 —
2690 2793 2770 2842 Ne
2812 2793 2952 2856 forte
3001 2793 3291 2859 exspoliem
3338 2809 3457 2843 eam
3506 2793 3743 2855 nudam,
3794 2802 3836 2845 et

2217 2869 2459 2922 statuam
2485 2879 2606 2914 eam
2630 2866 2929 2914 secundum
2955 2866 3097 2915 diem
3124 2866 3430 2915 nativitatis
3448 2880 3573 2917 suae.
3604 2867 3671 2918 Id
3695 2873 3838 2931 est,a

2227 2938 2393 2989 vultu
2417 2950 2525 2989 suo
2551 2938 2962 2989 verecundiam
2980 2950 3114 3001 quin
3133 2937 3831 3001 soletobscmnitatiimpe-

2224 3009 2551 3061 dimentum
2580 3021 2727 3068 esse,
2774 3009 3087 3074 depulerat,
3131 3015 3190 3062 et
3225 3010 3427 3062 faciem
3455 3011 3829 3075 turpitudinis

2223 3080 2574 3146 professione
2598 3080 2926 3134 duraverat.
2955 3082 3124 3134 Nunc
3136 3094 3269 3146 ergo
3293 3082 3389 3133 his
3410 3082 3728 3134 contrarios
3744 3096 3829 3133 ca-

2223 3157 2421 3217 pessat
2443 3151 2704 3216 affectus,
2720 3152 3082 3218 frontemque
3094 3153 3448 3218 impudentia
3457 3158 3715 3213 exutam,
3730 3168 3823 3221 pu-

2234 3223 2369 3275 dore
2392 3224 2732 3287 convestiat,
2752 3232 2768 3253 ε
2790 3224 2935 3276 sciat
2954 3228 3141 3288 neque
3156 3226 3265 3277 hoc
3278 3226 3465 3277 solum
3480 3225 3646 3278 labiis
3658 3228 3826 3290 quasi

2232 3293 2292 3345 in
2338 3295 2637 3358 superﬁcie
2683 3294 2890 3347 fecisse
2932 3298 3221 3360 contenta,
3262 3296 3334 3349 de
3359 3297 3601 3348 uberum
3637 3297 3827 3349 medio

2154 3380 2203 3455 C
2230 3365 2943 3455 ξὲῖὲἓῖίυὲλὲτ.ίξ⁰ἷθέῗίὲίῖῗὲ’
2958 3372 3189 3455 ΒΡΕΟΨ
3205 3369 3473 3455 ἓῖοὲίξλίὲῗ
3496 3367 3666 3455 99rd}?
3686 3382 3825 3455 ,Pl’i'

2227 3442 2410 3502 getur.
2459 3438 2621 3500 Quod
2666 3438 2714 3507 si
2750 3440 2936 3491 facere
2957 3439 3290 3505 neglexerit,
3315 3440 3388 3491 ad
3412 3452 3583 3505 opera
3611 3442 3829 3494 severi-

2229 3510 2362 3561 tatis
2385 3512 2669 3575 accingar,
2692 3515 2749 3563 et
2771 3512 2964 3576 qualia
2992 3517 3248 3578 tempore
3272 3511 3367 3564 illo
3397 3525 3511 3577 quo
3533 3512 3664 3566 haec
3685 3514 3827 3566 mihi

2226 3582 2289 3632 in
2302 3583 2577 3645 populum
2594 3583 3440 3648 nascebatur,exercui.1ndicat
3451 3588 3647 3637 autem
3658 3601 3827 3647 egres-

2229 3654 2451 3705 sionem
2484 3655 2805 3719 Synagogm
2841 3654 2913 3707 de
2954 3660 3103 3707 terra
3131 3656 3376 3721 Egypti.
3422 3669 3532 3720 quo
3562 3656 3826 3711 videlicet

2229 3729 2485 3789 tempore
2510 3724 2669 3777 nulla
2680 3726 3108 3779 institutionum
3123 3726 3301 3795 404
3320 3728 3608 3793 legalium,
3624 3731 3713 3781 vel
3735 3742 3827 3781 or-

2230 3800 2519 3861 namenta,
2533 3797 2622 3849 vel
2632 3797 2972 3851 indumenta
2986 3805 3337 3865 susceperat,
3354 3813 3461 3853 nec
3476 3800 3827 3865 quibusdam

2229 3870 2711 3921 vestimentorum
2729 3871 3334 3936 pollebatinsignibus,
3354 3873 3455 3925 sed
3468 3878 3751 3937 quantum
3766 3876 3826 3922 ad

2230 3942 2418 4006 precia
2462 3954 2709 4005 morum,
2743 3942 2805 3993 in
2847 3942 3050 3995 eadem
3080 3955 3195 4008 qua
3216 3944 3463 4009 Egyptii
3488 3943 3662 3998 vitale
3691 3958 3830 3997 con-

2233 4014 2468 4077 sistens,
2494 4015 2722 4078 magnis
2747 4019 2940 4066 tamen
2965 4020 3195 4080 propter
3220 4021 3407 4067 solum
3427 4016 3706 4069 honorem
3729 4030 3828 4081 pa-

2230 4092 2479 4152 rentum,
2493 4089 2786 4141 miraculis
2803 4091 3156 4143 servabatur.
3171 4091 3430 4155 Denique
3440 4094 3679 4153 quoniam
3698 4108 3830 4154 pra:-

2232 4161 2410 4226 ceptis
2440 4161 2558 4223 Dei,
2598 4167 2726 4213 tum
2749 4162 3049 4227 protervia,
3078 4167 3199 4214 tum
3222 4163 3454 4227 ignavia
3475 4163 3827 4223 restiterunt,

2238 4246 2442 4285 omnes
2457 4234 2629 4285 etiam
2646 4236 2706 4285 in
2721 4234 2938 4287 heremi
2953 4234 3260 4287 solitudine
3272 4236 3541 4300 leguntur
3555 4238 3827 4299 absumpti,

2232 4318 2339 4357 nec
2388 4310 2597 4369 praeter
2633 4306 2778 4357 duos
2801 4306 2956 4358 viros
2978 4308 3120 4358 Jesu
3148 4311 3206 4359 et
3234 4306 3423 4370 Caleb,
3446 4307 3519 4359 de
3541 4310 3831 4360 sexcentis

2234 4376 2489 4428 millibus
2515 4378 2767 4429 virorum
2798 4378 3029 4431 militari
3052 4381 3222 4431 aetate
3245 4378 3650 4445 gradientium,
3671 4381 3831 4444 quis-

2235 4460 2409 4513 quam
2432 4449 2494 4501 in
2516 4453 2727 4502 terram
2756 4450 3240 4514 Repromissionis
3263 4451 3519 4504 intravit.

2297 4522 2419 4572 Hoc
2470 4525 2560 4573 est
2605 4535 2758 4587 ergo,
2803 4523 2959 4587 quod
2987 4536 3141 4575 nunc
3162 4535 3263 4588 per
3289 4523 3622 4589 prophetam
3638 4537 3831 4575 rerum

2235 4594 2521 4645 Dominus
2532 4594 3215 4659 comminatur,quoniam
3225 4607 3367 4661 gens
3382 4595 3598 4647 illanisi
3619 4600 3831 4657 pectoris

2241 4665 2331 4717 sui
2356 4677 2564 4718 arcana
2582 4666 2969 4731 mundaverit,
2988 4670 3045 4719 et
3069 4666 3218 4719 facta
3231 4668 3293 4719 in
3306 4667 3514 4720 melius
3537 4669 3830 4730 mutatione,

2161 4762 2218 4835 D
2239 4738 2563 4835 ἓξῗξθῖῗῖῗίέ
2585 4737 3426 4835 ἓιέἒῖίίῗῗηθῖἓὲῗεέξίὲῗοῗ.ῐίῗῖ
3434 4739 3832 4835 Ξῗξέθξλλῗηῗῖδ

2238 4810 2366 4863 aliis
2403 4810 2564 4876 egitd
2602 4811 2848 4863 discreta
2876 4811 3223 4872 nationibus,
3260 4816 3317 4865 et
3337 4812 3619 4864 institutis
3641 4812 3831 4877 Legis,

2239 4890 2414 4948 atque
2448 4883 2798 4947 spiritalibus
2842 4884 3011 4935 donis
3055 4884 3266 4948 floruit,
3292 4895 3617 4949 comparare
3641 4885 3832 4935 subsi—

2240 4956 2417 5007 dium.
2445 4957 2567 5017 Quo
2600 4955 2865 5008 videlicet
2885 4956 3161 5008 insistens
3184 4956 3517 5008 criminibus
3545 4956 3832 5008 sententia

2241 5027 2528 5090 moliatur,
2551 5029 2702 5079 sicut
2723 5040 2911 5092 neque
2934 5027 3047 5089 illa,
3064 5028 3272 5094 inquit,
3297 5032 3487 5093 aetate,
3505 5039 3622 5092 qua
3633 5042 3829 5089 egressa

2241 5102 2330 5152 est
2349 5098 2419 5150 de
2443 5101 2704 5164 Egypto,
2736 5103 2793 5152 et
2813 5100 3022 5152 recenti
3048 5100 3215 5164 quasi
3240 5100 3546 5165 adoptione
3569 5101 3830 5162 gaudebat,

2241 5172 2549 5236 quicquam
2597 5172 2825 5224 miseris
2870 5172 3098 5237 profuit,
3129 5173 3441 5237 quominus
3473 5184 3539 5223 ac
3564 5170 3615 5222 si
3635 5172 3833 5223 essent

2241 5245 2510 5295 omnibus
2532 5244 2674 5296 nudi
2688 5244 3021 5309 privilegiis,
3047 5245 3406 5310 disperirent.
3424 5246 3603 5306 Quem
3625 5255 3828 5292 sensum

2241 5320 2301 5367 et
2315 5317 2627 5381 Apostolus
2644 5315 2855 5369 Paulus
2869 5317 3130 5370 scribens
3141 5317 3213 5369 ad
3230 5316 3549 5368 Corinthios
3564 5315 3831 5377 diligenter

2241 5388 2512 5442 excoluit.
2542 5390 2774 5452 Omnes,
2801 5389 2987 5454 inquit
3010 5389 3079 5454 (1.
3106 5387 3522 5455 Cor.10.),unis
3544 5386 3828 5440 miraculis

2243 5562 2494 5615 Placeret
2517 5561 2714 5626 utique
2743 5560 3123 5626 subsequenti
3136 5573 3309 5615 versu
3332 5550 3575 5615 verb'um
3596 5558 3757 5609 etiam
3770 5557 3825 5607 in

2242 5635 2359 5687 duo
2388 5634 2763 5697 distinguere,
2787 5639 2833 5683 et
2848 5634 2992 5698 jam.

2306 5716 2323 5735 ο
2358 5705 2661 5758 Redundat
2683 5707 2815 5756 sciat
2838 5707 3100 5770 verbum,
3115 5704 3267 5770 quod
3284 5709 3341 5757 et
3363 5706 3602 5770 praestat
3619 5714 3824 5768 expun-

2240 5790 2390 5843 gere.

2305 5850 2326 5879 ⁴
2349 5853 2533 5903 Antea
2574 5854 2694 5902 erat
2736 5851 2959 5900 disc-rea.
2988 5848 3335 5913 Hujusmodi
3364 5847 3490 5912 alia,
3515 5859 3647 5912 qum
3670 5851 3818 5912 typo.

2240 5922 2537 5975 thetarum
2561 5924 2834 5975 videntur
2858 5922 3199 5987 sphalmata,
3224 5936 3353 5983 smpe
3366 5924 3497 5971 taciti
3513 5923 3819 5983 castigamus.

2241 6023 2301 6031 —
2316 5996 2635 6060 Supersunt
2649 5992 2833 6047 multa
2848 5996 2945 6048 vix
2966 5993 3411 6058 medicabilia,ut
3424 5991 3638 6059 legenti
3653 5992 3821 6054 patebit

2244 6068 2509 6131 quamvis
2525 6070 2584 6120 et
2605 6066 3026 6119 nosinnumera
3041 6068 3213 6119 etiam
3230 6067 3657 6127 castigaverimus.
3670 6065 3818 6116 EDIT.
