3884 6430
129 469 241 526 973

1018 475 1094 527 ΙΝ
1127 473 1366 528 OSEAM
1397 475 1977 531 COMMENTARIUS.
2012 478 2224 531 LIBER
2259 478 2540 534 PRIMUS.

3322 481 3429 537 974

127 582 376 665 liberati,
402 582 621 665 eisdem
643 583 785 634 cibis
798 583 1188 665 spiritualibus
1213 586 1305 665 usi
1334 590 1471 665 sunt
1493 590 1727 641 eosdem
1751 594 1812 665 Α
1832 589 1966 641 latio
1977 589 2326 665 destitutam
2353 609 2363 639 :
2395 604 2461 643 ac
2483 604 2720 665 rursum
2740 592 2810 645 de
2832 592 3233 646 occasionibus
3256 594 3431 646 verba

130 652 323 705 fontes
342 653 414 705 de
438 658 600 717 petra
615 660 981 719 erumpentes
1009 657 1421 710 biberuntznec
1444 662 1638 711 tamen
1653 672 1728 713 ex

125 724 240 784 his,
264 724 470 789 inquit,
498 727 615 776 Deo
640 726 1002 779 veluniversi
1024 726 1308 793 placuere,
1338 730 1428 782 vel
1449 730 1628 795 multi,
1649 735 1734 781 sed

125 796 189 847 in
222 795 319 847 illa
362 796 520 848 exilii
565 799 753 860 aetate,
794 797 1038 850 diversis
1061 797 1335 853 horruere
1359 803 1625 867 peccatis,
1652 804 1738 857 di-

126 868 317 919 versis
342 869 555 931 periere
582 868 909 920 tormentis:
938 881 1186 933 quorum
1209 884 1311 923 cur
1325 874 1738 937 recordaretur,

129 939 469 1003 ostendens,
492 939 705 1003 Scripta
729 944 874 1003 sunt,
899 940 1104 1005 inquit,
1118 942 1190 991 ad
1205 942 1597 995 institutionem
1620 962 1739 995 nos-

130 1016 295 1073 tram,
310 1022 382 1062 ne
399 1022 598 1060 eorum
610 1009 820 1074 studia,
835 1022 1080 1073 quorum
1094 1012 1292 1064 ruinas
1304 1013 1568 1081 legimus,
1589 1032 1741 1067 aemu-

127 1081 334 1133 lemur.
374 1082 477 1132 Per
519 1081 677 1131 hunc
713 1093 851 1144 ergo
876 1082 1214 1146 prophetam
1237 1086 1521 1138 Dominus
1543 1093 1741 1140 noster

128 1151 511 1204 consulentiaa
532 1163 659 1203 suae
685 1151 880 1215 pandit
901 1152 1191 1218 atfectum,
1205 1162 1539 1222 monetque,
1561 1164 1625 1211 ut
1645 1159 1742 1210 an

132 1224 298 1288 plebs
316 1222 585 1274 festinata
604 1223 1006 1276 emendatione
1024 1225 1460 1291 sibisuccurrat,
1479 1233 1536 1281 et
1558 1230 1742 1279 deme-

128 1296 222 1344 dio
233 1294 479 1357 uberum,
493 1293 759 1347 videlicet
774 1300 1020 1359 pectore,
1037 1296 1412 1363 impietatem,
1427 1313 1558 1364 quae
1575 1301 1743 1353 forni-

127 1368 279 1419 catio
299 1365 929 1438 nominatur,expellat,
954 1380 1026 1420 ne
1042 1367 1195 1420 illius
1212 1373 1541 1423 severitatis
1565 1386 1743 1438 expe-

128 1439 381 1490 rimenta
397 1436 687 1503 percipiat,
707 1436 869 1500 cujut
883 1437 1321 1504 dispositionem
1333 1436 1746 1496 difﬁcultas’re.

125 1514 405 1587 moratur.
425 1509 554 1560 Sive
578 1509 734 1587 enim
749 1514 958 1587 pergat
970 1511 1178 1587 impios
1196 1511 1411 1587 ultione
1422 1530 1740 1587 consumere,

129 1581 415 1633 obsistere
457 1592 576 1631 non
615 1579 829 1631 valebit
852 1583 1217 1645 pereuntium
1241 1585 1555 1639 multitudo
1580 1603 1592 1637 :
1615 1579 1742 1640 sive

130 1652 281 1705 filios
304 1651 654 1717 punitorum,
679 1664 778 1715 pro
800 1652 1147 1706 innocentiae
1161 1655 1400 1721 honore,
1420 1663 1522 1711 aut
1544 1671 1741 1710 emen-

131 1724 385 1775 dationis
407 1722 642 1782 meritis,
660 1723 829 1775 saluti
845 1726 1069 1776 restitui
1080 1727 1380 1789 mandarit,
1396 1730 1571 1781 etiam
1610 1732 1743 1784 nihil

134 1794 533 1859 impedimenti
555 1806 746 1865 creare
771 1795 1089 1858 prmmissse
1112 1797 1457 1850 calamitatis
1473 1800 1743 1865 adgestio

133 1869 362 1931 poterit.
401 1867 474 1917 Ut
495 1878 631 1929 ergo
659 1864 770 1915 hoc
796 1870 982 1918 totum
1012 1868 1291 1931 propheta
1314 1864 1739 1924 breviterindi—

135 1942 314 1999 caret,
347 1936 597 1989 eundem
617 1935 879 1987 ordinem
901 1937 962 1988 in
984 1940 1267 2004 exemplo,
1296 1954 1468 2004 quem
1502 1942 1563 1994 in
1598 1944 1744 1995 vati-

134 2008 285 2060 cinio
307 2007 658 2060 custodivit:
704 2011 760 2058 et
788 2008 935 2059 sicut
956 2008 1014 2060 in
1053 2009 1179 2073 ipso
1200 2011 1367 2063 titulo
1398 2017 1594 2074 totam,
1631 2028 1746 2079 qua

136 2080 541 2146 prophetasset
556 2082 1015 2143 a3tatem,regum
1029 2085 1571 2137 commemoratione
1585 2089 1750 2148 signa.

140 2154 225 2204 vit
249 2170 261 2201 :
286 2151 367 2203 ita
389 2150 582 2212 etiam,
610 2150 748 2223 quid
774 2154 1147 2215 negociorum
1189 2154 1524 2218 praedicatio
1562 2157 1748 2223 ipsius

137 2223 477 2294 contineret,
504 2221 796 2294 ostendit:
834 2224 1227 2287 captivitatem
1256 2227 1543 2289 videlicet,
1565 2221 1748 2294 primo

136 2294 388 2358 Israelis,
424 2292 631 2365 deinde
657 2293 827 2346 Judse
852 2309 865 2345 :
910 2295 1180 2360 deinceps
1204 2299 1537 2352 earumdem
1566 2292 1751 2365 popu-

136 2368 349 2428 lorum,
374 2363 565 2417 soluta
587 2365 919 2428 captivitate
938 2366 1321 2433 concordiam,
1349 2374 1407 2421 et
1430 2370 1505 2422 ad
1530 2363 1750 2424 cultum

135 2452 205 2492 ac
228 2436 512 2501 templum
542 2437 664 2488 veri
688 2436 805 2501 Dei,
826 2436 1046 2489 reddita
1069 2437 1349 2504 libertate,
1378 2454 1746 2495 concursum.

137 2511 321 2574 Cujus
344 2512 540 2589 tamen
562 2509 1018 2589 regressionisea
1043 2510 1469 2589 describeretur
1488 2516 1752 2589 ambitio,

139 2592 276 2647 qua)
299 2579 374 2631 ad
403 2579 639 2642 majoris
661 2580 885 2643 negocii
913 2580 1392 2645 signiﬁcationem
1428 2585 1664 2647 valeret,
1692 2579 1751 2639 id'

139 2658 252 2715 est,
277 2650 573 2715 Evangelii
595 2650 890 2703 libertates
914 2654 1126 2716 pariter
1139 2666 1207 2705 ac
1228 2655 1639 2711 liberalitatem
1657 2671 1751 2709 so—

141 2727 312 2778 naret
346 2740 357 2772 :
391 2734 525 2786 qum
549 2716 963 2775 transcenderis
988 2729 1121 2777 vota
1141 2728 1502 2793 muneribus,
1516 2741 1635 2781 non
1659 2742 1752 2782 so-

143 2797 272 2849 lum
299 2794 596 2859 populum,
622 2794 725 2846 sed
754 2796 927 2866 etiam
949 2796 1100 2848 ﬁlios
1123 2799 1225 2850 Dei
1257 2800 1751 2866 appellaret,quos

143 2882 181 2921 a
205 2867 488 2920 servitute
511 2866 745 2918 funerea
773 2865 1092 2921 liberasset.

211 2938 395 3004 Igitur
417 2938 664 2991 breviter
683 2937 797 2989 ista
816 2951 1159 3003 percurrens
1176 2941 1349 2995 rediit
1365 2943 1437 2995 ad
1455 2947 1746 2993 concionem

144 3011 263 3064 illis
288 3009 643 3074 temporibus
663 3016 1096 3075 congruentem,
1121 3017 1177 3065 et
1192 3017 1356 3078 quasi
1378 3015 1530 3080 ﬁliis,
1556 3016 1751 3080 objur-

146 3082 363 3151 gandae
401 3085 459 3134 et
502 3081 779 3134 docenda
819 3083 1020 3134 matris
1057 3096 1272 3138 munus
1294 3085 1509 3148 indicit,
1535 3091 1601 3139 ut
1623 3100 1752 3151 quas

147 3144 296 3209 nihil
339 3152 411 3205 de
434 3153 815 3206 custodienda
835 3156 1138 3209 sanctitate
1162 3164 1479 3222 curaverat,
1492 3144 1578 3209 'de
1610 3144 1751 3211 arri-

148 3226 361 3294 pienda
395 3225 601 3278 saltem
633 3226 970 3290 poenitentia
991 3225 1169 3295 405
1196 3233 1441 3293 curaret,
1452 3242 1633 3282 necse
1645 3244 1751 3294 pu-

151 3303 317 3362 taret,
361 3303 559 3349 contra
596 3298 787 3361 precia
811 3310 1058 3360 morum,
1080 3301 1378 3364 sanguinis
1401 3306 1626 3353 tantum
1648 3315 1751 3353 no-

1835 661 2177 726 suscipiens,
2222 669 2665 716 commemorata
2706 663 2922 716 heremi
2974 666 3261 726 vastitate,
3306 665 3432 716 sitis

1838 745 2068 797 quoque
2083 733 2389 785 discrimen
2413 735 2639 799 adjecit.
2658 735 3015 799 Inter/'iciam,
3029 736 3236 799 inquit,
3263 737 3432 788 eosi-n

1837 805 1946 867 siti,
1991 818 2107 856 non
2150 818 2265 869 quo
2302 807 2548 858 eductus
2593 808 2664 858 de
2701 810 2946 873 Egypto
2972 808 3236 873 populus,
3261 812 3435 872 atque

1839 877 2078 940 penuria
2121 875 2346 940 legatus
2390 880 2717 940 absumtus,
2750 880 2851 931 sed
2875 879 3148 942 quoniam
3181 880 3262 941 (ut
3285 881 3436 942 Apo-

1840 948 2023 1000 stolus
2046 947 2200 1010 dicit)
2216 948 2455 998 bibebant
2476 950 2537 999 de
2557 950 2794 1013 spiritali
2815 951 3054 1014 sequenti
3070 950 3432 1014 petra(1.Cor.

1841 1019 1965 1083 10.),
2002 1018 2061 1069 id
2085 1022 2190 1080 est,
2210 1020 2465 1083 potentia
2488 1020 2763 1084 ductoris,
2781 1034 2898 1073 non
2919 1020 3169 1072 conditio
3192 1024 3431 1081 regionis,

1840 1090 2044 1142 castris
2072 1090 2277 1154 pocula
2298 1092 2680 1143 ministrabat.
2696 1095 2836 1154 Quae
2860 1093 3122 1155 siutique
3137 1092 3435 1156 defuisset,

1840 1162 2021 1226 primo
2047 1162 2170 1212 sitis
2195 1162 2444 1225 periculo
2468 1162 2715 1227 populus
2732 1162 2935 1214 fuisset
2956 1163 3265 1227 extinctus,
3281 1162 3432 1213 idem

1839 1233 2216 1297 denuncians,
2264 1233 2417 1297 quod
2458 1233 2520 1284 in
2549 1236 2923 1286 necessitates
2949 1234 3167 1285 similes
3192 1233 3434 1298 improbi

1840 1304 2218 1369 deducantur,
2262 1317 2368 1357 nec
2420 1317 2588 1357 suam
2621 1318 2925 1357 occursum
2959 1305 3026 1356 iri
3049 1306 3431 1367 clementiam,

1841 1375 2311 1440 quandoquidem
2341 1375 2516 1427 etiam
2540 1376 2766 1428 soboles
2788 1377 3004 1439 talium,
3030 1377 3300 1428 obcmnos
3325 1375 3435 1425 sibi

1842 1451 2108 1511 parentes
2144 1459 2272 1498 esse
2296 1447 2563 1499 vitiorum
2592 1448 2910 1499 imitatione
2943 1446 3204 1510 fateatur,
3239 1451 3295 1498 et
3319 1451 3432 1497 tam

1843 1519 1941 1570 ﬁlii
1963 1519 2035 1571 de
2066 1518 2418 1583 parentibus,
2451 1531 2626 1582 quam
2648 1524 2917 1584 parentes
2946 1519 3017 1570 de
3040 1519 3171 1570 ﬁliis
3200 1519 3438 1570 erubes-

1843 1593 1976 1641 cant
2003 1604 2015 1639 :
2040 1589 2320 1653 promittit
2340 1602 2438 1641 eos
2461 1589 2557 1641 siti
2578 1602 2707 1641 esse
2731 1590 3035 1654 perituros.

1907 1663 2068 1711 Vers.
2115 1660 2166 1713 5.
2214 1662 2264 1715 6.
2291 1660 2340 1714 7.
2366 1688 2429 1698 —
2450 1661 2593 1720 Quia
2612 1662 2772 1725 dixit,
2807 1661 3015 1711 Vadam
3032 1665 3148 1724 post
3171 1664 3437 1709 amatores

1844 1747 2002 1793 meos,
2032 1732 2129 1798 qui
2143 1731 2275 1781 dant
2295 1747 2467 1796 panes
2489 1733 2511 1761 ’³
2532 1747 2692 1795 meos,
2718 1738 2766 1780 et
2786 1746 2976 1796 aquas,
2992 1731 3179 1780 lanam
3201 1745 3377 1780 meam
3393 1735 3438 1779 et

1845 1802 2023 1852 tinum
2042 1817 2238 1863 meum,
2254 1803 2428 1852 oleum
2450 1818 2633 1852 meum
2655 1809 2701 1852 et
2719 1808 2909 1867 potum
2924 1819 3121 1853 meum.
3141 1804 3207 1852 Et
3223 1809 3439 1868 propter

1855 1874 1966 1931 hoc,
1993 1889 2098 1923 ecce
2126 1889 2216 1938 ego
2238 1875 2445 1938 sepiam
2468 1874 2615 1924 viam
2642 1879 2795 1923 tuam
2814 1875 3007 1938 spinis,
3032 1880 3078 1923 et
3092 1875 3299 1939 sepiam
3320 1889 3439 1924 eam

1769 1941 1822 2016 B
1849 1946 2108 2008 maceria,
2125 1947 2397 1994 etsemitas
2417 1960 2545 1994 suas
2565 1961 2677 1994 non
2695 1946 2948 2008 inveniet,
2964 1950 3009 1994 et
3032 1951 3280 2009 sequetur
3294 1960 3443 1994 ama-

1851 2020 1983 2065 tores
2026 2030 2167 2075 suos,
2210 2021 2255 2064 et
2297 2031 2410 2065 non
2454 2016 2815 2080 apprehendet
2848 2030 2949 2076 eos,
2975 2021 3020 2064 et
3043 2021 3239 2079 quaeret
3266 2031 3368 2079 eos,
3394 2022 3439 2065 et

1847 2101 1959 2135 non
2004 2086 2255 2138 inveniet.
2302 2085 2450 2147 Qui°
2491 2088 2564 2137 ab
2607 2085 2771 2138 initio
2794 2085 2922 2137 libri
2944 2086 3259 2151 profanataa
3282 2086 3441 2151 genti

1846 2168 2154 2220 personam
2177 2156 2493 2208 meretricis
2515 2156 2750 2220 aptavit,
2776 2156 2951 2208 etiam
2965 2156 3187 2220 reliqua
3210 2156 3440 2208 sublimi

1848 2227 2231 2291 descriptione
2264 2227 2647 2291 prosequitur,
2683 2231 2740 2278 et
2762 2225 2835 2277 ad
2858 2227 3202 2279 locutionem
3226 2234 3442 2280 scorta-

1849 2299 2007 2350 tricis
2029 2299 2268 2359 inducit,
2292 2310 2468 2361 quam
2491 2297 2588 2349 illa
2610 2298 2884 2349 nimirum
2900 2298 3010 2350 etsi
3034 2311 3151 2350 non
3173 2300 3234 2350 in
3256 2298 3439 2362 labiis,

1849 2371 2112 2421 tamenin
2134 2371 2420 2434 operibus,
2445 2373 2707 2433 gestasse
2729 2369 3106 2421 convincitur.
3121 2370 3343 2433 Sicque,
3360 2383 3445 2423 se-

1849 2441 2104 2493 cundum
2149 2442 2568 2505 Scripturarum
2617 2437 2797 2507 406
2839 2452 3079 2504 morem,
3103 2453 3169 2492 ea
3190 2453 3322 2503 quae
3344 2454 3444 2506 per

1850 2512 2324 2576 consequentiam
2365 2512 2732 2563 sinisterioris
2758 2513 2890 2562 vitae
2920 2511 3112 2563 dicere
3133 2512 3293 2575 impii
3315 2513 3444 2575 qui-

1850 2597 1963 2648 que
1992 2589 2255 2647 possunt,
2280 2583 2415 2647 quia
2447 2583 2556 2634 sibi
2582 2588 2641 2635 et
2663 2595 2802 2635 voce
2825 2582 3091 2644 dixerint,
3103 2587 3444 2648 arguuntur.

1851 2658 1996 2719 Ergo
2017 2660 2073 2707 et
2094 2657 2207 2707 ista
2230 2654 2478 2719 (inquit),
2501 2653 2811 2718 impudens
2845 2652 3065 2715 mulier,
3092 2655 3446 2706 consectatui

1850 2726 2199 2790 ﬂagitiorum
2241 2726 2444 2777 faciem
2481 2725 2747 2776 utilitatis
2776 2724 3053 2787 obtendit,
3103 2729 3169 2775 ut
3193 2725 3360 2788 sequi
3382 2737 3445 2777 se

1850 2801 2136 2850 amatores
2155 2810 2293 2849 suos
2309 2798 2382 2848 ob
2405 2796 2805 2848 liberalitatem
2820 2795 3035 2860 potius,
3054 2807 3229 2860 quam
3240 2798 3313 2847 ob
3330 2798 3447 2847 tur-

1852 2869 2193 2934 pitudinem,
2216 2868 2535 2920 mentiatur
2564 2881 2577 2918 :
2602 2867 2730 2920 illos
2754 2867 2909 2919 enim
2935 2867 3060 2929 sibi,
3087 2866 3276 2919 lanam
3293 2871 3352 2919 et
3377 2867 3447 2918 li-

1849 2953 2009 3005 num,
2027 2945 2082 2992 et
2103 2939 2291 2993 oleum
2316 2945 2373 2991 et
2392 2943 2596 3004 potum
2618 2939 2713 2990 :id‘
2730 2943 2822 2990 est
2844 2938 3064 2990 victum
3087 2942 3146 2989 et
3168 2939 3446 2990 vestitum

1850 3024 2032 3076 usque
2045 3012 2115 3063 ad
2130 3011 2363 3063 delicias
2374 3011 2813 3070 redundantem,
2830 3010 3147 3072 praebuisse
3162 3021 3447 3060 commen-

1850 3083 2190 3143 dat.Quibus
2222 3095 2361 3134 sane
2383 3081 2572 3145 dictis,
2596 3091 2929 3145 quanquam
2944 3079 3016 3130 ad
3040 3084 3274 3143 peccata
3288 3084 3447 3128 sacri-

1848 3154 1935 3218 leg
1944 3154 2247 3218 ii,ingratm
2261 3165 2493 3218 quoque
2504 3151 2716 3205 mentis
2729 3151 2946 3203 crimen
2955 3151 3044 3215 adj
3054 3154 3235 3215 ungat
3251 3166 3264 3201 :
3280 3158 3444 3200 tamen

1850 3225 1991 3277 illud
2015 3237 2246 3289 quoque
2270 3225 2493 3277 videtur
2514 3223 2804 3284 inducere,
2822 3222 2977 3286 quod
2997 3222 3058 3273 in
3080 3223 3445 3285 profanorum

1852 3297 2024 3348 etiam
2046 3309 2199 3348 nunc
2228 3308 2325 3348 ore
2340 3299 2603 3348 versatur
2622 3312 2633 3344 :
2650 3295 2799 3345 inter
2824 3293 3027 3357 varias,
3054 3292 3447 3357 videlicetopi-

148 3371 372 3423 biiitate
408 3368 655 3433 defendi,
690 3370 965 3432 quoniam
986 3380 1005 3399 ·
1028 3374 1261 3434 quando
1285 3372 1430 3424 nihil
1457 3373 1754 3438 prodesset
1777 3364 1826 3439 ρ
1846 3369 2068 3430 niones,
2081 3367 2304 3420 nullum
2315 3366 2707 3439 essevalidius
2724 3369 2896 3417 certas
2913 3364 3203 3428 religionis
3222 3366 3445 3439 testimo-

145 3441 385 3506 adoptio
423 3440 536 3503 his,
578 3451 727 3503 quos
748 3453 868 3493 non
889 3442 1063 3493 etiam
1097 3442 1327 3495 devotio
1353 3445 1747 3508 communiret,

149 3516 299 3566 Nam
314 3516 380 3565 ut
390 3512 460 3564 de
471 3512 776 3577 prasteritis
791 3512 987 3565 futura
997 3513 1532 3579 colligeret,exitum
1544 3518 1749 3566 illorum

145 3586 474 3652 agminum,
499 3595 632 3648 qum
650 3583 723 3635 de
751 3587 996 3650 ngypto
1020 3587 1355 3640 mirabiliter
1387 3588 1596 3640 educta
1625 3589 1749 3641 fue-

144 3662 302 3721 rant,
327 3656 602 3721 cogitaret
626 3673 636 3705 :
658 3669 905 3720 quorum
930 3657 1128 3722 utique
1147 3660 1440 3725 iniquitas,
1460 3672 1648 3724 neque
1662 3673 1754 3725 pa-

142 3736 402 3790 rentum,
429 3732 494 3780 ut
503 3727 776 3793 diximus,
789 3729 1069 3793 dignitate
1089 3732 1119 3781 α
1129 3732 1322 3783 efensa
1337 3736 1444 3797 est,
1463 3737 1520 3784 et
1535 3747 1749 3793 quorum

145 3799 490 3865 interfectio,
504 3799 635 3851 ﬁliis
656 3801 726 3851 ad
742 3803 953 3864 gaudia
969 3804 1251 3866 promissa
1266 3802 1567 3868 ducendis,
1584 3805 1752 3852 obsta-

145 3873 282 3925 cula
314 3884 433 3923 non
475 3871 712 3924 creavit.
755 3874 813 3922 ls
856 3872 1071 3937 itaque,
1110 3873 1210 3934 ait,
1241 3875 1588 3938 judiciorum
1612 3874 1752 3927 ordo

145 3945 328 3999 etiam
370 3943 431 3994 in
480 3949 676 3996 vestra
714 3955 870 3995 nunc
906 3946 1290 4009 expunctione
1313 3947 1655 4010 servabitur,
1687 3949 1754 3997 ut

148 4014 511 4081 squallentes
537 4014 869 4079 sacrilegiis,
904 4017 1218 4069 obruantur
1239 4017 1450 4083 exitiis,
1471 4022 1529 4070 et
1552 4030 1751 4070 eorum

147 4088 388 4155 posteri,
409 4087 507 4151 qui
526 4086 819 4151 proposito
841 4089 1170 4151 genitorum
1188 4090 1396 4142 studiis
1419 4090 1752 4142 melioribus

150 4158 627 4225 discrepaverint,
648 4157 741 4212 vel
762 4158 1047 4224 desperati
1070 4161 1331 4214 libertate
1352 4161 1662 4226 potiantur,
1674 4163 1752 4209 vel

148 4230 509 4285 cumulatius
554 4242 959 4295 prosperorum
1005 4232 1369 4285 successibus
1411 4236 1750 4297 augeantur.

148 4307 297 4369 Qum
342 4302 774 4357 vicissitudines
816 4310 1158 4369 temporum,
1201 4306 1315 4371 ait,,
1335 4306 1611 4371 quoniam
1633 4310 1752 4358 tam

148 4376 414 4430 tristium
440 4374 722 4441 videlicet,
749 4387 925 4440 quam
946 4377 1232 4442 laetorum,
1246 4379 1528 4431 rationem
1539 4379 1753 4430 divinae

147 4462 258 4516 pro
266 4448 537 4501 videntise
552 4452 610 4500 et
626 4447 804 4511 justas
818 4448 1266 4514 dispensationis
1276 4450 1755 4516 assignant,nunc

139 4525 272 4588 jam
306 4520 385 4582 id,
418 4519 574 4584 quod
610 4531 819 4572 caussa
839 4532 1098 4585 praesens
1118 4522 1353 4586 ﬂagitat,
1379 4534 1755 4588 exequamur.

216 4592 538 4646 Denuntiat
553 4604 707 4656 ergo;
731 4595 796 4644 ut
816 4594 1203 4658 impendentis
1233 4594 1343 4646 sibi
1365 4593 1754 4647 damnationis

153 4664 374 4718 molem
396 4663 730 4728 anticipent,
746 4668 866 4717 tam
891 4665 1085 4718 studio
1110 4666 1448 4732 corrigendi,
1467 4677 1642 4730 quam
1657 4678 1755 4731 ge-

152 4738 305 4791 mitu
316 4735 651 4802 paenitendi,
662 4748 736 4788 ne
754 4750 888 4789 cum
904 4738 1111 4791 smvire
1122 4740 1272 4791 ultro
1288 4738 1541 4803 cmperit,
1565 4741 1753 4791 omnis

152 4812 289 4863 haec
311 4810 470 4862 natio
499 4810 652 4862 sicut
672 4810 849 4863 nullis
871 4823 1128 4875 unquam
1151 4811 1422 4875 insignita
1444 4811 1753 4876 priveligiis

155 4887 244 4936 sic
268 4881 657 4934 internecione
680 4881 964 4947 dispereat
988 4898 1000 4934 :
1026 4898 1092 4932 ne
1114 4883 1251 4945 forte
1267 4883 1490 4947 spoliem
1512 4897 1632 4932 eam
1654 4898 1754 4932 nu-

154 4956 313 5019 dam,
349 4958 396 5003 et
437 4958 675 5003 statuam
711 4968 835 5003 eam
852 4954 1147 5004 secundum
1166 4955 1307 5005 diem
1324 4954 1623 5004 nativitatis
1645 4969 1753 5004 suae

153 5035 204 5079 et
226 5041 441 5092 ponam
464 5040 585 5077 eam
607 5027 767 5090 quasi
789 5026 1158 5088 solitudinem,
1175 5031 1468 5077 etstatuam
1485 5040 1603 5077 eam
1618 5026 1757 5076 velut

156 5107 368 5152 terram
391 5101 620 5165 inviam,
646 5106 691 5150 et
715 5101 1046 5164 inter/ictam
1068 5116 1188 5151 eam
1210 5102 1273 5151 in
1293 5101 1384 5151 siti
1415 5098 1677 5164 [Vers.4.]
1711 5106 1756 5149 et

156 5172 418 5236 filiorum
433 5173 546 5237 ejus
561 5189 672 5223 non
692 5173 992 5235 miserebor,
1011 5174 1277 5237 quoniam
1299 5173 1412 5238 [itii
1432 5172 1756 5235 fornicatio-

158 5260 306 5295 num
331 5253 477 5306 sunt,
507 5246 640 5309 quia
668 5245 944 5309 fornicata
957 5250 1027 5295 est
1046 5251 1219 5295 mater
1233 5243 1759 5306 eorum,confusaest

159 5332 193 5382 q
203 5333 285 5368 uae
298 5318 532 5383 concipit
546 5334 650 5369 eos.
669 5319 813 5380 Quia
827 5319 1005 5379 semel
1021 5316 1624 5369 commemorationem
1639 5322 1686 5363 et
1698 5317 1763 5364 si-

1849 3442 2027 3504 nium,
2052 3452 2227 3504 quam
2261 3439 2417 3503 quod
2437 3451 2552 3491 vox
2575 3437 2773 3489 aﬁ‘erat
2794 3447 3215 3501 prosperorum.
3240 3435 3375 3487 Ideo
3392 3441 3447 3488 et

1848 3514 1979 3575 ista,
2003 3512 2065 3562 in
2087 3515 2482 3563 consectatum
2495 3513 2814 3561 amatorum
2838 3520 2899 3559 se
2921 3508 3002 3558 ire
3018 3506 3375 3570 pronunciat,
3390 3512 3447 3558 et

1848 3583 2132 3647 ﬂagitium
2159 3582 2386 3635 silentio
2412 3582 2637 3646 premit,
2659 3582 2716 3632 et
2732 3579 2898 3644 quasi
2912 3578 3272 3630 honestiores
3288 3590 3450 3629 caus-

1850 3667 1968 3718 sas,
1993 3656 2204 3719 quibus
2228 3654 2444 3718 illiciat,
2469 3653 2707 3718 efﬁngit.
2723 3655 3024 3703 Amatores
3041 3655 3237 3702 autem
3260 3654 3446 3715 vocat,

1850 3728 1941 3779 vel
1964 3726 2234 3778 Gentium
2257 3739 2537 3791 proceres,
2562 3737 2808 3789 quorum
2831 3723 3255 3774 consectatione
3266 3722 3450 3787 profa-

1850 3804 1986 3851 nata
2009 3802 2113 3860 est,
2142 3798 2234 3849 vel
2257 3800 2414 3862 ipsos
2435 3798 2732 3848 nationum
2756 3796 2896 3847 deos
2923 3794 3040 3845 risu
3064 3795 3257 3857 potius
3278 3805 3449 3857 quam

1850 3874 2124 3922 veneratu
2146 3868 2460 3932 digniores:
2490 3867 2702 3929 quibus
2717 3866 2863 3929 haec,
2883 3863 3087 3917 videlic
3099 3867 3154 3914 et
3169 3868 3446 3925 Synagoga,

1850 3944 2104 4005 paternae
2142 3938 2330 4003 Legis,
2361 3942 2418 3990 et
2441 3938 2563 3989 veri
2584 3941 2758 3999 atque
2790 3935 2891 3986 uni
2917 3934 3017 3985 Dei
3040 3932 3215 3985 oblita
3239 3948 3449 3986 succu-

1848 4013 1989 4064 buit.
2005 4011 2229 4075 Spebus
2254 4012 2400 4074 ejus,
2426 4009 2524 4071 ait,
2556 4009 2802 4060 adversa
2820 4005 3149 4067 succedant,
3174 4009 3233 4056 et
3255 4008 3448 4066 impro-

1849 4083 1994 4135 visis
2016 4082 2327 4147 angOribus
2346 4080 2728 4144 implicentur.
2755 4077 2961 4142 Primo,
2991 4080 3056 4127 ut
3077 4076 3315 4128 ineundi
3349 4077 3447 4129 foe-

1848 4156 2000 4208 deris
2023 4167 2157 4206 cum
2178 4154 2288 4217 his,
2308 4164 2452 4216 quas
2474 4150 2723 4204 maxime
2738 4150 2913 4215 cupit,
2935 4148 3215 4200 Gentibus
3240 4149 3449 4200 facultas

1849 4228 1900 4280 ei
1942 4226 2098 4279 nulla
2145 4228 2431 4291 suppetat,
2476 4230 2534 4277 et
2572 4236 2679 4276 nec
2701 4223 2759 4274 in
2784 4222 3039 4274 adversis
3074 4221 3196 4273 suis
3220 4220 3448 4276 illorum

1850 4304 2047 4352 utatur
2062 4298 2294 4362 auxilio,
2309 4309 2554 4362 quorum
2566 4296 2626 4347 in
2641 4295 2928 4360 prosperis
2944 4294 3184 4357 deliquit
3198 4295 3445 4355 exemplo.

1850 4372 2055 4436 Sicque
2080 4371 2297 4435 sepiam
2323 4369 2474 4421 viam
2492 4369 2620 4432 ejus
2637 4367 2837 4432 spinis,
2856 4371 2912 4416 et
2926 4377 3044 4416 non
3056 4363 3245 4416 solum
3260 4365 3448 4429 vepri-

1852 4435 1978 4505 bus,
2006 4442 2109 4494 sed
2124 4442 2299 4494 etiam
2309 4440 2589 4499 maceriis,
2615 4454 2627 4490 :
2644 4443 2707 4491 ut
2722 4450 2869 4501 quos
2883 4441 3017 4488 ante
3030 4435 3262 4489 triverat
3272 4439 3445 4500 callos,

1851 4516 2123 4578 deinceps
2146 4514 2290 4564 inire
2313 4525 2432 4563 non
2444 4512 2638 4573 possit.
2656 4512 2796 4572 Quae
2819 4508 3018 4571 utique
3029 4512 3449 4570 consequenter

1854 4589 2122 4640 universa
2144 4584 2461 4647 subtexuit,
2475 4582 2761 4647 aspiciens
2782 4580 2855 4632 ad
2879 4591 3182 4644 personam
3194 4581 3447 4644 mulieris,

1853 4671 2027 4724 quam
2050 4657 2299 4719 induxit,
2324 4652 2696 4707 clandestinis
2714 4652 2884 4724 quasi
2894 4650 3132 4711 semitis,
3149 4651 3450 4724 ﬁagitiisrui

1856 4721 2274 4794 frequentantis
2296 4730 2604 4778 auctorem.
2623 4722 2790 4775 Haud
2808 4722 3025 4786 utique,
3038 4721 3192 4785 quod
3207 4723 3452 4787 Israelis,

1785 4784 1842 4858 Ι)
1864 4784 2110 4867 populus
2133 4798 2393 4852 clanculo
2423 4796 2675 4863 profanis
2698 4784 2970 4859 gentibus
2981 4784 3337 4867 misceretur,
3352 4784 3451 4847 sed

1853 4866 2008 4938 quod
2030 4886 2065 4924 a
2085 4871 2327 4924 muliere
2349 4871 2433 4935 (ut
2455 4882 2611 4933 saepe
2636 4868 2908 4929 diximus)
2932 4866 3246 4938 similitudo
3269 4870 3455 4918 trans-

1852 4936 1984 5008 lata,
2034 4944 2192 4995 hunc
2233 4941 2636 5005 descriptionis
2669 4940 2930 4990 ordinem
2964 4936 3284 5002 postularit.
3310 4940 3453 4989 Cum

1854 5030 1988 5082 ergo
2012 5015 2247 5080 cmperit
2269 5013 2557 5065 ulciscens
2574 5012 2857 5064 severitas
2871 5010 2923 5062 ei
2939 5009 3188 5082 obviare,
3206 5008 3454 5082 nullam-

1853 5079 1966 5154 que
1996 5079 2164 5152 opem
2188 5086 2501 5151 angoribus
2534 5084 2657 5148 ejus
2690 5086 2960 5148 poterunt
2981 5080 3173 5154 cuncti
3199 5092 3346 5143 quos
3363 5079 3453 5131 di-

1854 5151 2087 5225 ligebat,
2111 5159 2309 5210 atl‘erre
2337 5157 2617 5219 :nonjam
2650 5154 2889 5225 ratione,
2918 5151 3020 5202 sed
3046 5164 3268 5225 angore
3298 5164 3456 5204 com-

1856 5222 2031 5293 mota,
2057 5230 2079 5258 ἰ
2112 5228 2404 5280 reminisci
2427 5226 2663 5290 incipiet
2684 5223 2996 5276 fcelicitatls
3021 5222 3296 5285 antiquas.

1920 5304 1989 5352 Et
2011 5302 2161 5361 dicet,
2196 5300 2423 5360 Vadam,
2455 5303 2501 5347 et
2524 5303 2762 5346 revertur
2798 5293 2871 5343 ud
2894 5293 3076 5342 virum
3102 5308 3279 5342 meum
3304 5295 3456 5359 prio—

162 5365 1211 5456 aiiittma‘éfg'rgasamg'y‘as
1220 5365 1653 5452 ’ὦάὰὲὲιὲἑῖρἓν
1667 5398 1764 5439 eo-

1860 5389 1992 5433 rem,
2010 5372 2143 5456 quia
2161 5370 2285 5419 bene
2297 5370 2439 5451 mihi
2454 5373 2567 5450 erat
2580 5365 2922 5456 tunchJagis,
2935 5378 3104 5427 quam
3118 5378 3274 5456 pune
3294 5365 3439 5446 [_Vers

162 5460 436 5514 rumdem
445 5436 702 5515 locorizim
712 5436 1155 5527 descriptignem
1167 5436 1763 5525 cucurrit,solitiidinem

1864 5446 1937 5511 8.]
1952 5446 2020 5495 Et
2045 5445 2151 5493 hac
2173 5440 2555 5527 nescivit,'quia
2572 5454 2663 5518 ego
2688 5436 2810 5486 dedi
2833 5438 2881 5486 ei
2890 5436 3257 5527 frumentum;
3266 5437 3459 5485 vinum

173 5533 449 5587 videlicet
468 5535 794 5600 nominans,
815 5538 872 5587 et
887 5508 1097 5587 {stram
1106 5533 1326 5586 inviam
1337 5545 1405 5586 ac
1420 5508 1667 5585 fontium
1681 5544 1766 5583 so-

1864 5508 2123 5569 et'oleum
2155 5527 2174 5548 ο
2198 5510 2555 5577 multiplicari
2593 5508 2660 5574 ei,
2705 5513 2752 5558 et
2801 5524 3036 5573 aurum,
3075 5523 3192 5574 quae
3226 5508 3463 5572 fecerant

231 5689 250 5709 ι
286 5678 447 5732 Idest
488 5678 933 5744 quandoquidem
977 5689 1095 5731 uno
1140 5678 1314 5731 verbo
1357 5689 1457 5741 pro
1503 5675 1767 5740 quoniam
1929 5657 2334 5744 fAnL6&,_qlfi8
2356 5653 2604 5744 (ξείνιαίο
2628 5652 3096 5744 librum,_vitiose.

167 5751 413 5818 quando.
496 5732 512 5744 ⁸
722 5732 740 5744 ⁸
1360 5732 1377 5741 ’
1511 5732 1526 5740 ’

1929 5742 1952 5772 ⁴¹
1988 5746 2175 5806 Atque
2198 5740 2324 5793 heic
2345 5738 2546 5791 vitiose
2566 5741 2735 5789 antea
2752 5737 2874 5787 erat
2887 5732 3149 5784 revivisci.

233 5825 256 5853 ι’
292 5821 562 5889 Vulgata,
593 5825 834 5889 ipsaque
856 5820 1187 5887 Hieronymi
1202 5819 1391 5874 versio
1413 5832 1486 5872 ex
1507 5820 1766 5882 Hebraeo,

1933 5832 1950 5853 ·
1984 5820 2379 5889 Supplendum
2401 5818 2527 5870 heic
2549 5817 2747 5880 utique
2760 5820 2807 5865 et
2832 5820 3135 5879 argentum,
3154 5812 3309 5889 quod
3332 5825 3466 5889 cum

175 5898 311 5948 dant
335 5887 508 5962 panes
547 5887 707 5959 mihi,
733 5887 779 5947 et
798 5910 971 5962 aquas
997 5909 1163 5959 meas,
1192 5893 1401 5954 lanam,
1430 5894 1539 5945 etc.
1564 5892 1766 5943 Noster

1870 5887 2081 5959 reliqui
2096 5892 2227 5945 libri
2245 5904 2467 5956 omnes,
2486 5896 2614 5970 tum
2635 5889 2916 5942 Hebrteus
2929 5892 3092 5970 textus
3116 5887 3461 5970 habetnon-1:

175 5959 630 6044 pressiushseret
658 5959 901 6032 Hebraeo
926 5978 1109 6031 textui
1138 5975 1323 6041 priore
1338 5974 1462 6027 loco
1483 5975 1616 6025 im
1643 5975 1659 6023 )
1686 5971 1769 6024 al—
1872 5971 2123 6044 Apparet
2155 5977 2293 6044 vero
2335 5977 2409 6018 ex
2449 5965 2712 6044 subnexa
2750 5960 3139 6044 expositione,
3175 5971 3244 6013 ea
3293 5959 3471 6012 verba

182 6034 298 6106 tero
330 6052 430 6107 Ἣ)
460 6054 576 6107 ΊἺΞῚ
613 6051 853 6107 abludit.
1138 6034 1156 6041 ’
1874 6043 2146 6094 Nostrum
2174 6038 2237 6091 in
2258 6051 2367 6091 suo
2391 6036 2705 6104 exemplari
2733 6049 2853 6090 non
2874 6034 3168 6090 habuisse.
