3884 6410
528 446 633 505 975

1583 438 1849 494 RUFINO
1894 441 2350 494 PRESBYTERO
2384 434 2773 495 ASCRIPTUS

3717 438 3817 493 976

527 560 686 611 Baat.
713 559 770 610 Si
801 559 988 610 erecta
1011 555 1216 607 saltem
1247 565 1439 606 rerum
1463 551 1747 627 periculis,
1774 551 1847 604 ad
1875 552 2119 627 priorem
2141 553 2200 627 Α
2223 552 2378 627 quod
2400 552 2608 627 aliquis
2621 551 2679 627 id
2705 555 2860 627 esset
2880 562 3153 612 ausurus,
3173 547 3275 627 sed
3298 548 3433 613 quia
3446 561 3546 627 per
3560 549 3821 627 similitu-

523 631 711 683 virum
734 628 915 682 redire
939 627 1230 684 deliberat,
1256 623 1548 689 quomodo
1576 628 1994 686 consequenter
2017 622 2121 675 ad-

522 704 741 767 jectum
786 704 876 751 est
903 715 913 744 :
943 698 1013 747 Et
1042 698 1147 746 haec
1167 697 1383 746 nescivit
1409 696 1544 760 quia
1569 695 1693 744 dedi
1715 695 1766 744 ei
1781 696 2122 759 frumentum

525 780 569 823 et
604 776 813 831 vinum,
854 775 898 819 et
934 769 1108 818 oleum
1124 771 1150 820 εἰ
1185 770 1286 819 Est
1306 780 1442 831 ergo
1462 779 1672 819 sensus
1695 767 1999 831 ejusmodi,
2022 778 2124 831 per

526 857 700 909 quem
722 841 1073 907 propheticis
1100 840 1404 892 sententiis
1428 839 1792 891 concinentia
1810 841 2119 889 vendicetur.

524 916 630 978 Qui
672 914 746 966 ad
791 913 1035 978 primam
1069 911 1462 975 castigationis
1485 910 1689 961 faciem
1714 911 1963 974 patiatur
1993 909 2123 962 huic

522 987 745 1049 mulier,
777 983 932 1048 quod
958 995 1161 1035 omnes
1197 984 1294 1046 qui
1318 994 1465 1033 vana
1488 985 1818 1033 sectantur:
1854 982 2122 1032 votorum

526 1056 788 1108 videlicet
836 1054 1204 1106 frustratione
1246 1052 1561 1118 perterrita,
1586 1064 1705 1103 non
1728 1064 1828 1116 per
1850 1051 2122 1104 emenda-

522 1131 734 1180 tionem
758 1126 1079 1186 sententiae,
1112 1125 1215 1177 sed
1240 1137 1340 1189 per
1350 1123 1549 1188 judicii
1566 1123 1860 1176 levitatem
1881 1136 1948 1176 ea
1973 1130 2123 1172 tentet

520 1211 654 1264 qum
684 1197 1008 1262 repudiaret
1033 1201 1328 1261 appetere:
1357 1199 1415 1246 et
1441 1194 1516 1245 ad
1538 1194 1647 1246 hoc
1670 1199 1898 1246 tantum
1924 1207 1985 1246 se
2007 1197 2122 1246 Deo

521 1269 813 1321 subditam
837 1268 1197 1331 repromittit,
1217 1271 1282 1318 ut
1306 1266 1699 1330 impendentia
1722 1266 1887 1329 quasi
1910 1265 2123 1316 damna

521 1339 916 1406 prosperitatis
942 1337 1194 1402 effugiat,
1228 1337 1551 1389 secundum
1571 1336 1898 1400 illud,quod
1923 1338 2121 1388 beatus

524 1412 698 1462 David
722 1422 899 1473 expro
910 1411 1005 1460 bat
1028 1424 1039 1460 :
1068 1412 1204 1459 Cum
1225 1408 1475 1458 occideret
1498 1422 1598 1468 eos,
1625 1407 1927 1471 quaerebant
1956 1423 2079 1457 eum
2106 1423 2117 1459 :

519 1489 566 1531 et
610 1480 1050 1530 convertebantur
1096 1485 1224 1529 ante
1262 1479 1447 1539 lucem,
1494 1483 1538 1527 et
1582 1478 1861 1528 veniebant
1883 1478 1956 1528 ad
1976 1494 2118 1544 eum,

719 1567 815 1601 cor
843 1556 1023 1601 autem
1048 1566 1233 1601 eorum
1247 1566 1361 1600 non
1384 1554 1497 1600 erat
1519 1554 1740 1610 rectum,
1766 1565 1889 1599 cum
1913 1565 1988 1610 eo,
2026 1567 2121 1605 nec

518 1626 694 1689 fideles
742 1621 913 1671 habiti
947 1627 1073 1670 sunt
1119 1622 1179 1670 in
1227 1626 1597 1671 testamentum
1633 1621 1746 1685 ejus
1781 1621 1942 1682 (Psat.
1992 1621 2117 1685 77.).

521 1696 699 1761 Igitur
713 1697 1082 1757 permanente
1100 1705 1209 1757 gen
1217 1693 1288 1744 tis
1300 1694 1348 1756 ej
1360 1707 1427 1744 us
1439 1697 1619 1757 reatu,
1636 1704 1768 1756 quae
1784 1693 1968 1743 instar
1978 1708 2121 1754 peco-

520 1780 649 1818 rum
680 1776 1049 1827 nequaquam
1091 1766 1421 1828 magisterio
1466 1766 1655 1829 verbi,
1701 1766 1800 1817 sed
1841 1768 1949 1817 sub
1985 1769 2119 1817 actu

520 1836 781 1889 verberis
805 1835 1167 1886 excitabatur
1192 1849 1204 1885 :
1224 1848 1412 1898 neque
1441 1836 1525 1887 ira
1546 1848 1676 1888 mea
1697 1837 2008 1888 tentabitur
2020 1850 2119 1901 per

2222 624 2417 676 dinem
2440 623 2696 676 mulieris
2716 627 2773 675 et
2793 622 3048 674 virorum
3070 622 3249 673 oratio
3280 625 3547 686 suscepta
3561 622 3819 673 contexi-

2221 699 2332 757 tur,
2356 695 2484 747 ideo
2506 696 2604 759 ait,
2640 696 2778 759 quia
2798 706 2931 745 cum
2961 704 3029 745 ea
3050 692 3370 757 indignatio
3393 692 3592 745 divina
3614 705 3817 757 percu-

2221 765 2366 829 lerit,
2399 771 2686 818 amatores
2708 766 2833 829 ejus
2854 762 3373 832 408mequibunt
3382 763 3434 817 ei
3450 777 3815 817 succurrere:

2223 850 2328 889 nec
2349 838 2618 901 miseriis,
2641 837 2854 902 quibus
2875 837 3171 889 obruenda
3182 835 3276 900 sit,
3294 836 3603 900 quicquam
3618 836 3816 889 afferre

2222 907 2446 1031 magis.
2471 977 2557 1034 11.
2582 1006 2642 1016 -
2666 989 2684 1008 ⁸
2700 978 2962 1041 Auferam
2989 992 3146 1027 omne
3167 977 3434 1041 gaudium
3457 977 3588 1042 ejus,
3621 978 3815 1028 solem-

2222 1052 2446 1100 nitatem
2460 1050 2591 1115 ejus,
2613 1051 2953 1100 neomeniam
2976 1049 3090 1113 ejus
3110 1048 3387 1098 sabbatum
3402 1049 3532 1112 ejus,
3554 1056 3599 1098 et
3626 1051 3814 1099 omnia

2219 1122 2356 1184 festa
2379 1127 2622 1186 tempora
2651 1122 2781 1185 ejus.
2819 1121 3018 1172 Pesuit
3040 1120 3277 1172 nomina
3298 1119 3585 1185 feriarum,
3611 1120 3670 1172 in
3694 1121 3815 1184 qui-

2223 1194 2332 1245 bus
2369 1194 2682 1257 plurimum
2714 1192 3040 1254 laetabatur,
3077 1203 3209 1242 cum
3244 1194 3364 1243 tota
3384 1191 3538 1255 regio
3572 1192 3816 1255 choreis,

2221 1265 2460 1317 canticis
2489 1264 2788 1329 epulisque
2810 1262 3099 1315 lasciviret
3124 1280 3135 1311 :
3172 1274 3305 1326 qum
3338 1264 3537 1326 utique
3558 1262 3817 1316 luxuries

2219 1349 2339 1389 non
2363 1337 2593 1401 vigebat
2629 1336 2759 1392 nisi,
2789 1348 2918 1386 cum
2942 1333 3193 1399 populus
3212 1333 3329 1385 alta
3348 1345 3487 1398 pace
3509 1334 3811 1387 frueretur.

2222 1409 2520 1471 Universa,
2533 1408 2740 1470 inquit,
2761 1406 2890 1458 hac
2901 1406 3201 1457 contrariis
3211 1407 3611 1470 mutabuntur,
3638 1411 3696 1459 et
3705 1422 3817 1456 ces-

2222 1484 2387 1532 sante
2410 1480 2450 1543 ¹³,
2474 1478 2667 1531 luctus
2692 1477 3075 1540 adhibebitur,
3097 1477 3365 1529 feriarum
3378 1482 3634 1542 tempora
3657 1482 3817 1541 capti-

2219 1551 2366 1603 vitas
2389 1551 2712 1614 occupabit,
2740 1549 2963 1601 sabbati
2985 1549 3101 1600 otia
3127 1548 3290 1600 labor
3303 1561 3649 1601 aerumnosas
3664 1552 3817 1599 servi-

2222 1623 2363 1675 tutis
2385 1622 2671 1687 implebit:
2700 1633 2805 1672 nec
2829 1620 3017 1673 solum
3040 1625 3201 1672 tanta
3223 1621 3554 1687 captivitate
3565 1621 3811 1685 libertas,

2220 1698 2322 1746 sed
2357 1682 2532 1745 etiam
2566 1698 2847 1744 terrarum
2892 1691 3237 1743 facunditas
3250 1682 3491 1756 lugubri
3515 1682 3815 1746 sterilitate

2218 1765 2550 1817 mutabitur.

2280 1837 2442 1887 Vers.
2471 1834 2556 1889 12.
2604 1862 2663 1873 —-
2709 1838 3074 1890 Cor-rumpam
3119 1834 3273 1885 enim
3304 1834 3518 1884 vineam
3542 1834 3656 1899 ejus
3677 1840 3724 1884 et
3744 1837 3815 1898 ﬁ-

520 1908 632 1959 hoc
661 1905 1012 1999 quiandixit:
1056 1907 1274 1999 Vada'm,
1299 1912 1345 1955 et
1370 1913 1605 1956 revertar
1627 1908 1699 1956 ad
1730 1909 1909 1956 virum
1932 1923 2111 1957 meum
2135 1923 2192 1999 B
2217 1922 2338 1956 cum
2390 1906 2524 1999 ejus,
2572 1905 2633 1957 de
2677 1905 2869 1999 quibus
2909 1904 3070 1967 discit,
3116 1905 3373 1955 Mereedes
3410 1906 3489 1955 hae
3509 1920 3634 1955 mete
3664 1913 3812 1967 sunt,

523 1981 753 1999 μ--ἔ-..--..
847 1987 1084 1999 ωορκ-..νεα
1113 1977 1166 1999 ζυ-
1219 1991 1359 1999 Ανιι-Α
1401 1979 1693 1999 -ιιηκΑ---.ηρ
1728 1980 2106 1999 -..μμ-ἒῌΑ-ι-
2230 1994 2359 1999 ~-__-
2427 1994 2444 1999 _
2490 1981 2641 1999 -..-.-.ι
2670 1978 2744 1999 -νιί
2789 1976 2809 1999 ἔ
2848 1977 3234 1999 ΑΜΑΙΑ-ΑΑΑυιλρὶ
3270 1990 3282 1999 ι
3310 1982 3349 1999 ΑΙ
3376 1991 3571 1999 ωΑ-Α-..Α
3613 1992 3721 1999 --μ
3753 1979 3806 1999 1,,

516 1981 777 2044 priorem.
803 1978 1090 2028 Castorum
1112 1977 1173 2027 in
1193 1977 1367 2041 longa
1401 1979 1700 2042 plagarum
1724 1980 2114 2043 experimenta

522 2061 651 2102 eam
675 2049 975 2111 deducam,
992 2048 1127 2111 quia
1156 2048 1302 2112 [Ant.
1336 2048 1468 2113 qua]
1495 2051 1641 2101 scire
1664 2054 1721 2101 et
1744 2051 1995 2103 indicare
2017 2065 2118 2103 ne-

521 2121 780 2187 glexerit,
805 2119 932 2170 haec
956 2120 1151 2171 omnia
1174 2119 1297 2170 dari
1320 2133 1491 2183 posse
1513 2135 1548 2171 a
1571 2120 1726 2172 nullo
1751 2122 1863 2173 nisi
1887 2135 1922 2174 a
1945 2136 2054 2185 me,
2086 2136 2119 2175 a

520 2204 634 2256 quo
659 2191 860 2252 utique
883 2189 1097 2242 fuerint
1118 2196 1177 2242 et
1198 2195 1407 2241 creata.
1437 2192 1582 2255 Ergo
1615 2193 1771 2255 quod
1794 2194 1892 2255 ait,
1921 2194 1989 2243 Et
2015 2195 2121 2243 haec

520 2262 753 2323 nescivit,
800 2261 932 2324 quia
978 2276 1069 2325 ego
1114 2263 1162 2310 ei
1206 2262 1327 2311 dedi
1373 2262 1733 2326 frumentum,
1778 2269 1822 2313 et
1854 2265 2046 2314 vinum
2076 2272 2122 2315 et

520 2336 713 2398 oleum,
728 2331 1069 2385 voluntaria)
1094 2333 1378 2384 tarditatis
1403 2339 1623 2398 spectat
1638 2335 2122 2398 invidiam,secun-

521 2409 656 2458 dum
681 2402 823 2455 illud
848 2404 1215 2469 Davidicum,
1239 2404 1428 2456 Noluit
1453 2406 1835 2470 intelligere,ut
1860 2408 2120 2473 beneage-

519 2484 597 2527 ret
629 2478 791 2541 (Psal.
825 2473 952 2537 35.).
988 2476 1192 2541 Incipit
1226 2476 1433 2540 itaque
1459 2478 1608 2529 inter
1632 2478 1882 2540 pericula
1907 2492 2120 2531 aerum—

518 2562 724 2603 narum
755 2552 939 2613 fateri,
966 2548 1125 2612 quod
1150 2548 1308 2611 prius
1336 2546 1482 2599 scire
1498 2548 1850 2613 neglexerat,
1866 2564 1959 2601 me
1985 2554 2121 2601 vide-

516 2620 650 2673 licet
688 2637 872 2675 unum
903 2633 1033 2673 esse
1066 2631 1102 2669 a
1124 2631 1239 2681 quo
1261 2618 1532 2679 alimonia
1552 2621 1895 2685 praebeatur,
1943 2624 2040 2686 qui
2061 2625 2120 2675 et

517 2693 705 2757 ipsam
742 2694 1045 2746 hominum
1077 2690 1461 2741 substantiam
1493 2692 1805 2754 procreavi.
1830 2694 1973 2752 Οαθα
1995 2709 2119 2756 ergo

518 2766 641 2814 dedi
664 2767 711 2815 ei
732 2766 1073 2829 frumentum
1099 2766 1145 2809 et
1181 2763 1373 2809 vinum
1392 2766 1438 2810 et
1465 2761 1658 2822 oleum,
1679 2768 1725 2811 et
1754 2778 1977 2826 aurum,
2001 2780 2119 2829 quae

515 2838 751 2901 fecerant
775 2836 1011 2886 Baalim.
1030 2835 1159 2884 Non
1173 2833 1360 2883 solum
1378 2844 1512 2897 ergo
1526 2833 1828 2897 instructa,
1844 2836 1946 2888 sed
1968 2841 2116 2886 etiam

518 2908 767 2972 copiosa,
811 2906 981 2960 donis
1014 2906 1159 2956 meis
1204 2905 1556 2956 abutebatur
1582 2907 1643 2955 in
1670 2906 1928 2972 crimina,
1953 2914 2011 2960 et
2043 2909 2116 2960 ad

518 2978 925 3032 contumeliam
944 2988 1150 3038 meam,
1174 2975 1325 3027 idola
1352 2976 1422 3027 de
1450 2975 1558 3040 his,
1591 2989 1723 3040 quae
1752 2991 1786 3029 a
1809 2991 1898 3030 me
1911 2995 2115 3042 accepe-

515 3057 619 3111 rat,
647 3052 855 3116 opibus
878 3048 1207 3101 fabricabat.
1233 3048 1467 3111 Idcirco,
1492 3054 1551 3100 et
1572 3062 1695 3112 ego,
1710 3051 1879 3114 cujus
1899 3054 2112 3112 dispen-

514 3124 797 3175 sationem
826 3121 1106 3187 propheta
1129 3118 1463 3171 collaudans
1478 3118 1861 3184 intelligenter
1872 3127 2105 3174 canebat:

517 3198 653 3245 Cum
691 3199 876 3244 sancto
912 3197 1129 3241 sanctus
1151 3192 1274 3251 eris,
1298 3196 1343 3240 et
1367 3205 1489 3241 cum
1513 3192 1627 3241 viro
1653 3193 1932 3243 innocente
1952 3194 2115 3244 inno-

514 3284 634 3317 cens
660 3268 783 3327 eris,
808 3271 856 3314 et
878 3280 1002 3314 cum
1018 3278 1262 3329 perverso
1284 3264 1596 3327 perverteris
1631 3264 1792 3327 (Psal.
1816 3264 1917 3329 17.)
1947 3280 1960 3316 :
1984 3280 2112 3318 cen-

2223 1994 2360 2043 quas
2383 1979 2641 2028 dederunt
2668 1976 2809 2025 mihi
2842 1981 3111 2026 amatores
3130 1977 3234 2024 mei
3269 1990 3282 2026 :
3304 1982 3349 2025 et
3370 1991 3575 2040 ponam
3607 1992 3727 2026 eam
3752 1979 3811 2027 in

2219 2050 2438 2110 saltum,
2482 2056 2527 2098 et
2571 2050 2799 2097 comedet
2829 2047 2983 2097 illam
3007 2047 3169 2096 bestia
3191 2047 3330 2111 agri.
3350 2050 3674 2100 Exsecutus
3703 2052 3810 2110 est,

2221 2122 2358 2186 quid
2379 2122 2625 2184 partium
2643 2119 2853 2171 damna
2870 2121 3238 2182 conﬁcerent,
3262 2118 3321 2170 id
3333 2122 3437 2183 est,
3450 2132 3583 2171 cum
3599 2122 3811 2169 culturae

2221 2192 2583 2244 sedulitatem
2590 2193 2609 2255 j
2619 2191 2749 2255 ugis
2762 2190 2931 2242 fuerit
2945 2195 3256 2242 consecuta
3269 2190 3291 2241 t
3290 2191 3575 2249 rustratio,
3588 2193 3816 2242 arumni-

2221 2269 2397 2316 tatem
2429 2264 2748 2328 pristinam,
2781 2262 3126 2314 succedente
3142 2260 3422 2326 squalore,
3444 2274 3593 2326 rura,
3621 2271 3639 2292 ε
3661 2278 3719 2312 ex
3727 2279 3817 2323 po-

2218 2341 2379 2397 nent,
2406 2336 2620 2398 iletque
2652 2334 2854 2386 lustris
2890 2334 3096 2396 potius,
3138 2346 3312 2398 quam
3336 2335 3485 2399 agris
3509 2335 3662 2399 regio
3688 2339 3816 2386 tota

2219 2408 2555 2469 consimilis,
2578 2406 2637 2457 id
2649 2411 2755 2465 est,
2780 2418 2912 2469 quas
2937 2405 3071 2457 feris
3100 2406 3341 2469 dignior,
3375 2418 3548 2469 quam
3572 2406 3818 2457 homini-

2219 2480 2330 2531 bus
2356 2482 2677 2530 censeatur.
2694 2478 2858 2539 Quod
2882 2478 3155 2541 quoniam
3166 2478 3313 2528 hanc
3330 2476 3811 2529 faciemcolentium

2217 2550 2421 2601 raritas
2473 2554 2597 2601 erat
2645 2547 2889 2609 illatum,
2944 2547 3235 2612 eleganter
3262 2548 3563 2613 expressit,
3594 2548 3813 2599 bestias

2214 2621 2337 2684 agri
2361 2622 2487 2685 ejus
2511 2619 2794 2671 fructibus
2829 2632 2959 2670 esse
2984 2619 3318 2670 vescendas.
3347 2621 3559 2684 Sponte
3583 2632 3705 2685 sua,
3732 2620 3815 2672 in-

2216 2694 2359 2756 quit.
2383 2694 2583 2743 lumen
2606 2690 2844 2742 rationis
2866 2690 3094 2753 abjecit,
3123 2694 3180 2740 et
3209 2693 3343 2754 post
3371 2691 3708 2755 satietatem,
3734 2694 3815 2743 at-

2216 2775 2329 2826 que
2349 2762 2866 2828 impinguationem
2890 2762 3203 2813 calcitravit
3225 2761 3485 2826 dilectus,
3496 2775 3562 2813 ac
3586 2765 3815 2814 tantum

2218 2834 2444 2899 proprio
2474 2833 2976 2897 impudentissima
3002 2844 3147 2897 gens
3172 2832 3313 2883 tavit
3334 2833 3528 2897 errori,
3546 2838 3609 2885 ut
3626 2837 3815 2894 gaudia

2217 2905 2393 2971 pacis,
2419 2909 2477 2956 et
2503 2916 2697 2955 rerum
2721 2904 2960 2968 c0piam,
2985 2915 3229 2967 quorum
3253 2904 3817 2967 continuationem,si

2216 2978 2595 3029 fuissetcasta
2608 2988 2675 3027 ac
2698 2975 2920 3037 devota,
2937 2975 2989 3027 ei
3007 2976 3399 3039 promiseram,
3417 2977 3536 3028 suis
3559 2986 3815 3039 corrupto.

2210 3050 2372 3101 ribus
2415 3049 2653 3099 auderet
2694 3047 3055 3098 adscribere:
3090 3046 3218 3098 ideo
3265 3046 3409 3108 haec,
3468 3048 3619 3100 sicut
3667 3049 3812 3112 dixi,

2215 3133 2349 3186 pars
2378 3119 2485 3171 erit
2509 3119 2690 3183 prima
2704 3118 2994 3181 vindictae,
3016 3119 3203 3182 uthis,
3230 3120 3442 3182 quibus
3454 3132 3572 3171 non
3587 3124 3816 3172 estbeue

2215 3205 2341 3255 usa,
2367 3194 2424 3243 et
2446 3190 2674 3256 gaudiis
2698 3195 2948 3242 exuatur
2969 3196 3029 3242 et
3050 3192 3248 3255 copiis,
3270 3191 3550 3256 sciatque,
3566 3195 3813 3254 quoniam

2217 3265 2343 3315 hac
2366 3261 2459 3314 ille
2484 3262 2768 3327 propicius
2796 3266 2930 3313 ante
2956 3263 3279 3326 contulerit,
3320 3263 3418 3327 qui
3441 3264 3628 3327 potuit
3649 3263 3812 3316 dein.

516 3351 670 3391 sura:
721 3322 957 3389 tandem
991 3322 1205 3387 munus
1247 3322 1538 3399 arripiam,
1586 3322 1649 3386 ut
1678 3322 1942 3400 ingratis,
1978 3351 2112 3402 quae
2139 3322 2189 3398 C
2213 3347 2348 3398 ceps
2384 3322 2566 3385 iratus
2590 3322 2843 3385 auferre.
2882 3333 3095 3383 Ponam
3135 3322 3502 3398 eam,i1iquit,
3530 3336 3587 3383 in
3611 3335 3814 3384 suumn

514 3412 743 3462 fuerant
765 3408 971 3460 collata
995 3407 1335 3470 subducam,
1370 3412 1628 3470 ipsaeque
1666 3420 1804 3472 Opes
1844 3406 2119 3463 liberatio-

512 3483 605 3533 nis
642 3480 936 3544 quoddam
968 3476 1315 3530 beneﬁcium
1353 3484 1802 3543 consequantur,
1825 3492 1959 3531 cum
1983 3494 2114 3547 pro-

512 3554 838 3618 phanorum
859 3550 1069 3601 usibus
1093 3549 1530 3601 subtrahuntur.

575 3625 709 3675 Ideo
750 3626 945 3674 autem
990 3620 1260 3671 distincte
1292 3618 1371 3669 ait
1402 3618 1584 3684 [Vers.
1610 3621 1710 3687 9.],
1738 3623 1967 3674 Sumam
1989 3627 2114 3690 fru-

512 3699 756 3744 mentum
778 3694 839 3742 in
860 3698 1090 3756 tempore
1105 3705 1219 3752 suo,
1239 3696 1282 3740 et
1306 3690 1500 3740 vinum
1523 3693 1584 3741 in
1608 3698 1838 3759 tempore
1860 3711 1976 3761 suo,
1995 3703 2115 3761 quia

512 3779 630 3818 non
642 3770 731 3818 est
748 3764 985 3829 frugum
998 3775 1111 3815 una
1132 3762 1408 3828 collectio,
1423 3768 1696 3817 caeterum
1712 3767 1958 3820 diversis
1974 3774 2115 3823 anni

512 3837 867 3902 temporibus
897 3835 1127 3901 singula
1148 3848 1395 3899 quaeque
1423 3836 1762 3902 rediguntur
1789 3844 1963 3905 atque
1986 3844 2113 3896 ideo

512 3922 765 3961 messem
780 3908 1016 3973 negabit
1038 3912 1234 3971 aestas,
1251 3911 1567 3959 autumnus
1579 3910 2115 3979 vindemiam,mobi-

510 3981 730 4034 litatem
740 3981 949 4032 bruma
958 3979 1325 4044 subducet,et
1341 3980 1637 4045 continget
1649 3982 2113 4048 (inquit)creaturis

513 4052 781 4117 quaedam
815 4052 1090 4115 liberatio,
1133 4051 1183 4102 si
1205 4051 1287 4102 eis
1310 4064 1427 4104 non
1451 4056 1694 4105 utantur
1726 4054 1994 4109 immeriti
2022 4071 2039 4109 :
2065 4065 2114 4108 et

511 4124 743 4175 liberabo
769 4129 955 4175 lanam
972 4136 1169 4183 meam,
1196 4128 1242 4171 et
1265 4123 1446 4173 linum
1462 4138 1661 4189 meum,
1679 4129 2113 4192 quaeoperiebant

509 4197 881 4260 ignominiam
924 4194 1055 4258 ejus.
1088 4193 1178 4245 Ad
1214 4195 1498 4247 mundum
1534 4198 1746 4261 quippe
1774 4200 2112 4255 muliebrem

509 4267 800 4332 eleganter
819 4265 1034 4326 allusit,
1048 4265 1201 4330 quod
1223 4266 1307 4317 ita
1320 4278 1490 4318 omne
1512 4281 1737 4333 corpus,
1761 4270 1823 4322 in
1842 4284 1958 4336 quo
1976 4280 2112 4327 sunt

508 4340 703 4402 aliqua
723 4338 1062 4400 verecunda,
1085 4339 1425 4397 contexerit,
1450 4343 1517 4390 ut
1531 4339 1670 4390 illud
1689 4345 1863 4394 etiam
1884 4354 2113 4395 venusta-

509 4414 615 4463 ret.
640 4413 825 4462 Acute
842 4415 1034 4482 tamen
1048 4408 1277 4461 videtur
1295 4410 1615 4475 ostendere,
1630 4414 1764 4475 quia
1778 4414 2112 4482 plerumque

510 4483 621 4533 sub
664 4479 1039 4554 prosperitate
1083 4482 1221 4534 vitae
1264 4494 1493 4554 reorum
1513 4483 1741 4536 fmditas
1765 4479 2103 4554 delitescet;

510 4565 658 4616 quos
704 4553 754 4605 si
803 4553 979 4618 digna
1023 4565 1228 4604 rursus
1265 4553 1458 4617 inopia
1480 4562 1883 4622 consequatur,
1911 4561 2113 4612 merita

510 4636 744 4687 quoque
764 4624 1068 4684 latuerant,
1099 4625 1463 4689 detegantur.

575 4697 735 4768 Vers.
785 4694 872 4749 10.
915 4723 976 4733 -
1018 4696 1100 4768 Et
1130 4711 1278 4768 nunc
1314 4698 1549 4748 revelabo
1570 4701 1857 4752 stultitiam
1898 4703 2012 4768 ejus
2046 4706 2107 4755 in

509 4766 678 4816 oculis
717 4771 1030 4839 amatorum
1052 4766 1184 4839 ejus.
1210 4767 1275 4819 Id
1298 4774 1406 4833 est,
1431 4770 1559 4823 illos
1582 4772 1762 4839 ipsos,
1785 4774 1886 4837 qui
1908 4766 2109 4828 aucto-

511 4850 624 4902 res,
640 4839 730 4891 vel
746 4838 1050 4903 participes
1064 4838 1297 4892 sceleris
1311 4843 1681 4907 exstiterunt,
1699 4838 2113 4911 ocnsequentia

511 4923 704 4962 rerum
735 4912 967 4977 subiget
990 4914 1267 4980 conﬁteri,
1290 4916 1431 4968 nihil
1455 4918 1565 4968 hac
1586 4918 1821 4970 natione
1844 4920 2111 4973 stolidius

509 4994 658 5046 esse,
687 4996 861 5047 quam
885 4998 992 5036 nec
1014 4985 1253 5039 consilia
1269 4987 1605 5049 direxerint,
1622 5001 1730 5041 nec
1742 4992 2111 5054 periculacor-

507 5054 782 5115 rexerint,
809 5055 910 5107 sed
935 5069 1070 5112 eum
1094 5059 1409 5110 Dominum
1436 5061 1677 5123 ingratas
1701 5062 1914 5114 mentis
1931 5065 2113 5116 crimi-

506 5126 680 5178 nibus
713 5128 1119 5193 asperaverint,
1134 5130 1306 5193 cujus
1322 5131 1654 5194 potentiam,
1671 5134 1931 5186 omnium
1948 5139 2107 5185 couti-

508 5204 764 5270 nentem,
779 5205 896 5251 tam
919 5201 1177 5252 adversis
1191 5201 1313 5252 suis
1338 5201 1415 5252 sit
1437 5206 1691 5266 experta,
1706 5216 1882 5268 quam
1902 5222 2110 5270 prospe-

507 5269 605 5321 ris.
629 5270 881 5322 Revelabo
905 5284 1042 5337 ergo
1062 5271 1354 5321 stultitiam
1376 5272 1490 5336 ejus
1516 5276 1575 5323 in
1600 5276 1767 5325 oculis
1796 5269 2109 5329 amatorum

505 5341 637 5405 ejus,
655 5347 701 5391 et
723 5344 810 5392 vir
841 5359 955 5393 non
980 5348 1124 5393 eruet
1146 5358 1267 5393 eam
1290 5343 1353 5393 de
1367 5359 1543 5395 manu
1562 5361 1701 5398 mea.
1722 5348 1787 5400 Id
1802 5356 1893 5403 est
1910 5352 2107 5403 nullus

506 5414 614 5466 erit
635 5414 983 5480 principum,
1008 5427 1257 5479 quorum
1288 5421 1380 5468 est
1405 5416 1601 5470 secula
1622 5421 2105 5487 prophanitatem,

505 5486 604 5549 qui
635 5486 824 5550 possit
853 5499 983 5539 eam
1007 5497 1043 5539 a
1065 5498 1196 5539 mea
1218 5487 1612 5554 indignatione
1628 5492 1962 5549 defendere:
1988 5486 2107 5549 non

567 5638 585 5657 ·
611 5628 810 5706 Versio
842 5633 1039 5706 autem
1074 5630 1521 5698 Hieronymiana
1549 5639 1607 5688 et
1630 5636 1895 5706 Vulgata,
1911 5639 1980 5689 Et
2002 5654 2106 5690 res-

501 5713 620 5749 sare
646 5700 871 5765 faciam,
898 5702 1141 5756 Hebraeo
1162 5706 1440 5770 pressius.

566 5772 586 5800 ι’
611 5772 1003 5837 Supplendum
1027 5776 1253 5841 gaudio,
1282 5783 1383 5830 aut
1401 5779 1541 5843 quid
1566 5780 1768 5834 simile.

563 5855 583 5876 °
605 5844 713 5921 P_ro
731 5844 1009 5921 deponent.
1045 5848 1255 5921 Initia
1284 5849 1695 5913 subsequentis
1734 5852 1967 5919 periodi,
2000 5868 2102 5921 pro

502 5913 656 5971 Quod
698 5913 940 5967 adnotat
974 5917 1128 5981 prior
1157 5918 1354 5971 Editor
1377 5921 1653 5986 scriptum
1671 5913 1755 5974 al.—
1787 5925 1873 5977 Et.
1898 5913 1965 5978 In
1987 5913 2103 5980 ﬁne

504 5988 700 6036 autem
714 5996 817 6048 pro
840 5988 1117 6039 vescendas
1137 5990 1570 6046 rescribendum
1592 5996 1893 6049 vescituras.

2134 4739 2193 4813 D

2216 3411 2261 3454 et
2284 3405 2510 3455 comedet
2549 3405 2703 3454 illam
2746 3404 2907 3454 bestia
2943 3406 3086 3469 agri.
3114 3406 3458 3470 Permittam,
3484 3406 3581 3469 ait,
3607 3411 3671 3459 ut
3706 3407 3816 3460 ho-

2217 3476 2334 3528 stili
2358 3482 2730 3529 consumatur
2750 3477 3006 3541 incursu,
3030 3478 3229 3541 sicque
3246 3476 3404 3529 nullo
3429 3490 3574 3530 meas
3586 3480 3812 3540 disposi-

2219 3549 2391 3600 tionis
2414 3548 2711 3600 muniatur
2731 3550 2979 3612 objectu,
3006 3549 3274 3601 sicutnec
3291 3548 3611 3611 saltus,nec
3626 3549 3813 3602 lustra

2215 3620 2486 3671 laboratis
2510 3620 2745 3684 sepibus
2768 3620 2986 3672 claudit
3006 3618 3274 3684 agricola.
3300 3622 3371 3673 Et
3391 3622 3530 3685 quia
3550 3624 3812 3672 videbatur

2216 3703 2414 3744 veram
2437 3692 2781 3744 sententiam
2798 3692 3125 3756 protulisse,
3144 3704 3413 3744 caussam
3425 3693 3809 3758 denuoipsius

2215 3762 2684 3815 commonitionis
2720 3761 2995 3827 adnectit,
3022 3769 3092 3816 ut
3121 3763 3326 3817 doceat
3349 3778 3411 3817 se
3425 3766 3670 3831 justltim
3693 3778 3812 3817 ma-

2215 3835 2306 3900 gis
2328 3847 2501 3899 quam
2527 3835 2648 3896 ira,
2687 3835 2963 3902 quicquid
2986 3835 3298 3899 infremuit,
3322 3839 3679 3902 prmstitisse.

2278 3894 2439 3959 Vérs.
2473 3906 2560 3962 13.
2578 3894 2645 3944 -ν
2662 3894 2732 3959 Et
2748 3894 2988 3971 visitabo,
3016 3909 3113 3973 ait,
3127 3894 3421 3973 «spuicam
3444 3910 3551 3959 dies
3562 3909 3802 3974 Baalim,

2214 3978 2411 4044 quibus
2434 3980 2744 4031 incendebat
2759 3982 3057 4041 incensum,
3082 3986 3129 4029 et
3150 3980 3454 4031 ornabatur
3475 3982 3673 4033 inaure
3700 3998 3805 4033 sua

2213 4056 2258 4100 et
2306 4052 2499 4102 monili
2524 4067 2641 4116 suo,
2666 4058 2711 4102 et
2735 4052 2827 4103 iba
2844 4058 2964 4117 post
2992 4059 3259 4104 amatores
3293 4069 3434 4119 suos,
3458 4060 3506 4104 et
3526 4056 3633 4104 mei
3663 4056 3804 4106 obli-

2212 4122 2526 4187 viscebatur,
2574 4124 2701 4174 dicit
2737 4125 3021 4175 Dominus.
3064 4126 3191 4178 Non
3221 4139 3396 4191 nunc,
3423 4127 3638 4192 inquit,
3664 4130 3816 4182 inter

2212 4195 2488 4260 peccandi
2517 4200 2784 4249 versatur
2807 4198 3059 4260 exordia,
3088 4202 3152 4251 ut
3184 4211 3453 4263 processu
3491 4202 3768 4265 temporis
3794 4203 3812 4231 ⁴

2213 4266 2602 4320 suifundenda
2626 4267 2892 4321 credatur
2918 4283 2932 4320 :
2957 4270 3093 4321 olim
3124 4283 3258 4322 cum
3291 4272 3415 4336 ejus
3447 4272 3814 4337 improbitate

2212 4338 2488 4404 patientia
2527 4343 2728 4392 nostra
2762 4340 3077 4405 contendit,
3130 4354 3236 4394 nec
3271 4347 3463 4395 tamen
3492 4343 3711 4407 aliquid
3740 4346 3812 4397 ad

2211 4410 2673 4463 emendationem
2696 4412 3104 4476 promovimus,
3118 4416 3350 4478 quando
3365 4415 3557 4467 haecin
3572 4429 3683 4469 sua
3694 4432 3810 4479 pro-

2211 4482 2447 4535 fanitate
2468 4486 2788 4537 consenuit.
2807 4487 2890 4537 Ne
2905 4499 3041 4551 ergo
3063 4488 3233 4539 etiam
3245 4488 3458 4552 judicis
3467 4488 3682 4542 famam
3706 4495 3806 4541 im-

2210 4555 2441 4627 punitas
2485 4554 2660 4621 longa
2681 4559 3078 4622 commaculet,
3103 4563 3163 4611 et
3188 4559 3386 4613 videar
3407 4561 3617 4627 fovere,
3645 4565 3804 4627 quod

2212 4626 2432 4679 tamdiu
2455 4628 2648 4692 vigere
2662 4629 2948 4696 permitto,
2974 4643 3306 4695 quanquam
3332 4645 3477 4695 sero,
3494 4626 3694 4686 tamen
3713 4636 3804 4687 vel

2215 4699 2451 4770 demum
2465 4699 2539 4751 ad
2554 4713 2701 4765 opus
2713 4701 2946 4754 ultionis
2956 4704 3311 4767 accingar,ut
3321 4717 3645 4770 expungam
3659 4710 3808 4758 etiam

2215 4769 2342 4843 illos
2377 4771 2519 4836 dies,
2547 4772 2760 4837 quibus
2785 4774 3020 4837 Baalim,
3041 4774 3194 4827 idolo
3216 4769 3481 4828 videlicet
3501 4778 3813 4843 turpitudi-

2211 4842 2323 4905 nis,
2348 4847 2578 4908 compta
2600 4846 2838 4909 insuper
2860 4846 3189 4910 monilibus,
3217 4850 3515 4904 serviebat.
3533 4842 3700 4913 Quod
3717 4866 3812 4904 au-

2214 4919 2329 4965 tem
2353 4928 2472 4967 non
2496 4916 2686 4968 solum
2708 4917 3028 4982 monilium,
3048 4919 3153 4971 sed
3176 4921 3351 4973 etiam
3374 4922 3665 4974 inaurium
3677 4924 3809 4976 fecit

2210 4986 2581 5059 mentionem,
2613 5002 2921 5053 possumus
2949 4991 3181 5055 quidem
3205 4992 3411 5057 dicere,
3440 4995 3572 5058 quia
3596 4997 3809 5059 quibus

2211 5056 2266 5124 4
2276 5056 2325 5126 ο
2336 5055 2388 5127 9
2408 5062 2990 5125 οοωωιιιιινῐωωὶηω,
3003 5064 3388 5117 nominaverit
3396 5055 3579 5131 pauca
3590 5055 3662 5120 de
3683 5072 3808 5117 mul-

2213 5133 2303 5181 tis.
2330 5132 2549 5184 Patitur
2572 5138 2767 5185 tamen
2789 5133 2950 5187 locus
2966 5174 2982 5199 ,
3004 5140 3068 5188 ut
3091 5137 3306 5201 aliquid
3332 5137 3603 5190 subtilius
3628 5144 3808 5189 an'era-

2208 5215 2360 5267 mus,
2408 5204 2465 5256 id
2500 5209 2609 5269 est,
2631 5205 2920 5260 inaurium
2943 5208 3175 5261 nomine
3196 5209 3518 5262 obedientia
3542 5210 3806 5264 videatur

2209 5281 2459 5328 ostensa.
2485 5280 2559 5330 Et
2576 5281 2846 5342 quoniam
2871 5285 3011 5333 tunc
3033 5282 3277 5346 populus
3293 5283 3628 5336 Judaaorum
3645 5284 3805 5336 solus

2208 5354 2499 5414 praecepta
2518 5349 2681 5413 legis,
2706 5353 2918 5415 quibus
2942 5353 3217 5420 obediret,
3241 5360 3565 5421 acceperat,
3595 5357 3803 5409 merito

2208 5421 2377 5483 quasi
2397 5420 2687 5475 inaurium
2713 5429 3051 5477 ornamenta
3062 5426 3344 5490 gestabat.
3364 5427 3472 5480 Sed
3493 5420 3800 5492 pestquam

2210 5493 2438 5547 funesto
2463 5495 2736 5561 deceptus
2760 5500 3065 5563 esterrore,
3078 5503 3143 5550 ut
3156 5498 3442 5551 Idolorum
3459 5500 3663 5553 ritibus
3680 5503 3800 5550 sub—

2269 5636 2290 5667 ⁴¹
2318 5639 2596 5701 Quaedam
2630 5641 2691 5694 in
2714 5641 2972 5708 proxime
2995 5642 3283 5709 superiore
3306 5645 3610 5712 Scriptum
3634 5646 3799 5698 textu

2205 5712 2599 5772 emendamus,
2644 5719 2712 5766 ut
2750 5719 2843 5768 est
2873 5715 3015 5768 illud
3048 5717 3359 5769 incendebat
3381 5732 3483 5784 pro
3511 5718 3797 5769 incedebat.

2203 5784 2345 5835 Heio
2370 5784 2596 5837 videtur
2631 5786 2802 5852 priori
2835 5788 3049 5840 Editori
3072 5789 3277 5842 deesse
3312 5790 3536 5856 pudore,
3560 5793 3665 5841 aut
3690 5790 3797 5842 tale

2203 5856 2516 5920 quidpiam.
2540 5860 2607 5911 In
2632 5860 3042 5927 subsequentis
3070 5861 3287 5926 periodi
3310 5863 3490 5928 priore
3512 5867 3671 5928 parte
3696 5874 3795 5928 pro

2201 5928 2377 5978 videat
2397 5928 2588 5993 fovere,
2614 5932 3011 5997 rescripsimus
3031 5933 3236 6000 videar,
3262 5938 3369 5987 etc.
