3884 6448
64 468 175 524 977

958 475 1031 526 IN
1066 474 1308 529 OSEAM
1341 472 1926 527 COMMENTARIUS.
1961 476 2171 529 LIBER
2205 466 2483 531 PRIMUS.

3255 478 3360 534 978

63 581 321 663 deretur,
337 580 592 663 idipsum
615 584 902 663 pmcipue
929 598 1084 663 nunc
1111 586 1491 652 exprobatum
1503 591 1666 663 pute-
1693 587 1751 663 Α
1771 598 1868 663 cor
1889 585 2122 651 directa,
2142 590 2659 663 promulgationem
2687 589 2904 645 indicat
2925 590 3087 655 legis,
3114 604 3245 655 quin
3261 605 3361 645 au-

61 664 222 705 mus.
250 654 335 704 Ac
358 653 418 727 si
441 653 655 707 diceret
678 670 691 706 :
717 657 941 727 Aurum
966 662 1024 710 et
1045 663 1349 722 argentum
1373 658 1547 721 quod,
1574 670 1668 710 me
1693 653 1751 663 “’
1768 656 2018 710 ditorum
2047 660 2219 712 corda
2240 653 2524 724 formavit,
2547 661 2695 712 Dabo
2714 669 2880 715 autem
2903 653 3156 713 vinitores
3168 664 3362 727 ejuseac

61 726 322 787 creante,
351 725 500 777 terra
544 726 876 791 protulerat,
918 741 1011 780 me
1056 729 1350 794 largiente,
1377 742 1669 795 synagoga

60 798 421 860 susceperat,
434 796 901 863 reliquarumque
913 814 1106 853 rerum
1119 801 1435 866 copiam,ad
1447 802 1663 853 cultum

60 871 118 918 et
166 870 440 919 ornatum
484 868 771 922 Idolorum
815 871 1048 938 impiata
1071 882 1088 903 ι
1121 873 1396 935 convixit,
1430 878 1488 925 et
1528 872 1668 924 illud

58 938 297 1009 insigne
321 939 683 1005 obedientiaa,
699 954 812 1006 quo
837 945 986 995 inter
1008 944 1259 1008 reliquos
1284 945 1526 1009 populos
1549 945 1671 996 sola

58 1008 336 1073 pollebat,
368 1013 837 1066 erubescentibus
871 1016 1077 1067 ritibus
1111 1008 1471 1079 mancipavit.
1495 1017 1667 1067 Esti-

57 1094 360 1146 mansque
404 1084 561 1147 quod
603 1084 666 1136 in
713 1099 781 1139 ea
823 1087 958 1139 olim
994 1087 1197 1151 fuerat,
1244 1086 1668 1151 pulchritudine

56 1159 451 1217 permaneret,
476 1157 827 1220 sequebatur
857 1162 1145 1211 amatores
1174 1171 1311 1210 suos
1342 1172 1475 1210 cum
1510 1161 1670 1211 tanta

58 1224 299 1307 ﬁducia,
338 1239 461 1279 eam
498 1227 667 1293 plene
695 1231 760 1282 ut
790 1230 972 1283 nostri
1000 1230 1259 1283 numinis
1283 1231 1502 1283 subiret
1525 1230 1670 1283 obli-

57 1309 180 1347 V10.

121 1370 297 1420 Vers.
338 1368 541 1425 14.-17.
580 1399 639 1408 -
675 1372 902 1438 Propter
934 1374 1031 1424 hoc
1053 1389 1161 1424 ecce
1185 1388 1276 1438 ego
1297 1373 1499 1424 iactabo
1527 1388 1664 1433 eam,

56 1446 102 1489 et
135 1440 342 1490 ducam
370 1457 488 1492 eam
511 1443 573 1492 in
612 1444 978 1507 solitudinem,
1020 1451 1066 1496 et
1109 1445 1304 1511 loquar
1328 1446 1401 1495 ad
1422 1461 1512 1496 cor
1535 1447 1667 1510 ejus,

56 1517 104 1560 et
161 1512 305 1562 dabo
350 1514 398 1562 ei
438 1514 693 1564 vinitores
728 1518 842 1579 ejus
874 1533 942 1567 ex
984 1517 1163 1567 eodem
1215 1518 1343 1578 loco,
1389 1523 1435 1567 et
1477 1517 1669 1567 vallem

53 1582 252 1633 Achar
266 1584 341 1633 ad
355 1586 707 1648 aperiendum
722 1602 867 1650 spem
893 1606 903 1638 :
922 1594 971 1639 et
994 1594 1145 1639 canet
1167 1588 1242 1637 ibi
1255 1588 1423 1651 juxta
1446 1588 1557 1637 dies
1570 1588 1669 1652 ju-

54 1655 300 1704 ventutis
321 1671 430 1706 suae
445 1663 492 1706 et
505 1658 676 1722 juxta
711 1660 821 1709 dies
837 1661 1162 1710 ascensionis
1184 1676 1292 1709 suae
1316 1660 1379 1709 de
1402 1665 1547 1709 terra
1568 1660 1667 1709 1E-

52 1726 235 1790 gypti,
263 1727 331 1776 Et
364 1729 465 1777 erit
487 1730 547 1778 in
572 1730 656 1779 die
682 1730 794 1791 illo,
818 1732 896 1780 ait
917 1732 1205 1793 Dominus,
1227 1731 1431 1781 vocabit
1454 1746 1538 1782 me
1574 1733 1669 1782 Vir

52 1812 233 1859 meus,
256 1803 304 1847 et
328 1814 441 1849 non
456 1814 539 1850 me
564 1800 763 1852 vocabit
778 1802 922 1852 ultra
946 1803 1181 1853 Baali-m.
1206 1804 1273 1853 Et
1296 1803 1547 1866 auferam
1569 1818 1667 1852 no-

54 1869 223 1917 mina
249 1870 468 1922 Baalim
485 1873 546 1921 de
561 1888 650 1922 ore
660 1873 790 1937 ejus,
809 1880 858 1923 et
880 1890 990 1924 non
1004 1874 1372 1924 recordabitur
1403 1875 1546 1924 ultra
1564 1889 1665 1925 nc-

53 1942 238 1991 minis
259 1957 465 1995 eorum.
479 1945 781 1997 Notandus
800 1950 890 1998 est
912 1946 1214 2012 diligenter
1225 1946 1536 2011 prophetici
1554 1960 1665 1999 ser-

1763 729 1942 779 eodem
1967 731 2093 791 loco,
2115 738 2160 781 et
2183 733 2568 783 vatlemAchor
2582 734 2656 784 ad
2682 734 3032 795 aperiendum
3042 749 3208 799 spem,
3236 739 3360 798 quid

1766 799 2087 864 significet‘
2109 804 2370 868 accipito.
2405 806 2733 868 Antequam
2756 804 3004 869 populus
3029 807 3259 859 Terram
3271 820 3362 860 re-

1767 870 2163 933 promissionis
2211 874 2467 940 intraret,
2493 876 2658 928 missi
2694 876 3084 941 exploratores
3109 876 3359 931 fructum

1766 941 1900 993 vitis
1918 944 2210 1007 egregium
2223 951 2605 1011 portaverunt,
2619 947 2676 999 id
2700 950 2806 1011 est,
2828 959 3006 999 uvam
3020 948 3070 1011 ej
3080 960 3149 999 us
3162 952 3361 1011 magni-

1765 1011 2005 1075 tudinis,
2031 1026 2203 1077 quam
2229 1021 2424 1069 vector
2444 1031 2597 1070 unus
2621 1018 2814 1070 subire
2835 1031 2952 1072 non
2977 1020 3178 1083 possit.
3199 1022 3361 1072 Post-

1766 1095 1940 1156 quam
1961 1098 2100 1156 vero
2128 1089 2329 1141 urbem
2346 1090 2862 1154 opulentissimam,
2878 1092 3063 1142 Jerico
3078 1091 3358 1156 videlicet,

1766 1154 2011 1206 mirabili
2027 1169 2375 1223 occupavere
2393 1161 2647 1225 victoria,
2664 1162 2752 1213 vir
2762 1161 2833 1213 de
2850 1162 3037 1214 tribuJ
3044 1162 3176 1225 uda,
3193 1154 3360 1214 Achar

1767 1226 2019 1307 nomine,
2032 1228 2422 1307 filius_(_3harim
2432 1270 2445 1295 ,
2463 1232 2740 1307 quiddam
2760 1234 2830 1284 de
2843 1233 3055 1298 praeda,
3073 1246 3206 1298 quas
3218 1248 3360 1287 exu-

1768 1297 1941 1378 stioni
1964 1297 2149 1378 fuerat
2159 1302 2387 1378 dicata,
2403 1305 2706 1378 subripuit.
2724 1297 2981 1378 Quinque
2991 1297 3147 1358 esset
3161 1310 3361 1356 vincen-

1766 1371 1932 1449 tium,
1945 1371 2204 1449 adversis
2218 1376 2425 1449 subitis
2437 1376 2712 1449 impedita
2737 1376 3019 1442 fmlicitas,
3035 1380 3247 1428 admotis
3259 1381 3362 1428 for-

1764 1440 1941 1505 tibus,
1962 1453 1982 1477 °
2005 1443 2099 1495 fur
2120 1447 2507 1500 anathematis
2522 1440 2884 1513 ’vestigatur:
2911 1453 2970 1500 et
2990 1440 3125 1501 cum
3149 1449 3361 1511 omnia,

1766 1522 1900 1585 quas
1911 1515 2238 1569 occuluerat
2248 1519 2599 1583 protulisset,
2617 1519 2904 1584 lapidante
2915 1520 3143 1585 populo,
3158 1521 3218 1572 in
3228 1523 3361 1570 valle

1765 1582 1958 1636 Achor
1971 1582 2312 1641 interemtus
2344 1591 2555 1655 legitur
2577 1595 2634 1644 et
2670 1582 2935 1655 sepultus
2958 1582 3082 1653 (Jos.
3109 1591 3200 1653 7.).
3223 1594 3362 1656 Quaa

1767 1666 1905 1736 sane
1928 1658 2178 1736 expiatio
2201 1660 2281 1736 ita
2303 1661 2482 1713 valuit
2503 1662 2574 1713 ad
2597 1663 2805 1736 melius
2826 1661 2844 1691 ¹
2863 1661 3209 1736 placendum
3224 1664 3360 1727 Deo,

1847 1730 2163 1807 incruentis
2187 1730 2460 1798 deinceps
2492 1734 2769 1807 potiretur
2807 1734 3143 1807 triumphis.
3159 1734 3364 1807 Sicque

1764 1794 1862 1847 illa
1889 1800 2078 1866 vallis,
2103 1815 2254 1855 nova
2278 1794 2416 1857 arva
2447 1794 2825 1871 capientibus,
2866 1794 3028 1869 spem
3052 1794 3365 1858 fmlicitatis

1769 1873 2093 1949 apparuit,
2119 1886 2294 1939 quam
2317 1877 2777 1949 praecedentibus
2793 1877 2961 1940 culpa
2983 1878 3362 1930 concluserat.

1763 1934 1868 1989 His
1884 1954 2018 2007 ergo
2034 1934 2519 2011 commemoratis,
2530 1961 2663 2013 qum
2674 1948 2769 2000 illo
2785 1934 3039 2012 tem-pore
3055 1953 3218 2011 gesta
3230 1960 3369 2000 con-

53 2014 261 2067 monis
295 2014 452 2068 ordo.
489 2017 596 2079 Qui
640 2017 989 2082 ubicumque
1014 1998 1203 2070 “fuerit
1225 1998 1571 2077 necessitas,
1598 1998 1664 2071 ut
1690 1998 1745 2072 Β
1773 1998 1981 2075 Stabat:
2018 2017 2192 2069 etiam
2226 2018 2298 2070 de
2336 1998 2656 2084 Babylonia
2669 1998 3003 2084 captivitate
3018 1998 3145 2071 itaum
3168 1998 3367 2072 laetum

54 2091 360 2140 tormenta
381 2087 691 2140 denunciet
721 2094 778 2141 et
801 2090 1071 2142 meritum
1103 2090 1317 2142 divinae
1342 2091 1666 2142 severitatis

51 2158 363 2223 ostendat,
381 2159 578 2211 statim
601 2173 860 2224 caussas,
886 2173 1017 2224 quae
1033 2161 1142 2213 hoc
1165 2174 1445 2224 meruere,
1458 2162 1671 2214 subne-

50 2230 199 2290 ctit;
230 2242 424 2294 neque
447 2231 775 2283 mortalium
798 2232 999 2296 culpas
1023 2232 1422 2284 dinumerasse
1447 2238 1674 2285 conten-

51 2307 176 2363 tus,
224 2301 439 2365 gaudia
487 2307 822 2365 sequuturaa
877 2303 1273 2368 prosperitatis
1316 2304 1670 2368 exsequitur,

49 2372 387 2425 ostendens
397 2373 550 2437 quod
562 2375 793 2426 brevem
810 2373 966 2426 illam
978 2374 1494 2426 dissimulationem
1506 2379 1671 2425 venias

47 2446 219 2497 Deus
232 2447 436 2497 noster
448 2446 508 2497 in
525 2451 861 2512 apparatum
877 2446 1292 2498 conciliationis
1303 2449 1672 2507 quodammodo

47 2519 349 2569 assumat.
376 2518 499 2579 Quo
522 2520 636 2568 tam
647 2529 718 2569 en
729 2522 1092 2583 argumento,
1117 2517 1462 2569 utlaudatur
1476 2517 1672 2569 divina

47 2587 396 2653 clementia,
417 2588 498 2641 ita
516 2588 795 2653 iniquitas
819 2589 1077 2641 humana
1099 2589 1464 2654 deprimitur:
1503 2590 1671 2653 cujus

48 2659 357 2724 videlicet,
382 2659 557 2712 emcit
586 2660 936 2724 magnitudo,
966 2665 1031 2711 ut
1054 2662 1231 2712 tantae
1256 2660 1531 2712 bonitatis
1558 2661 1673 2711 Do-

47 2733 266 2784 minus
291 2731 579 2782 interdum
592 2731 664 2783 ad
679 2731 1032 2783 iracundiam
1049 2731 1385 2783 concitetur.
1410 2734 1672 2792 Postquam

47 2816 201 2868 ergo
226 2803 728 2866 pronunciaverat,
754 2802 909 2866 quod
932 2803 1215 2854 universis
1238 2801 1467 2867 gaudiis
1491 2802 1672 2853 tristis

47 2879 223 2928 esset
241 2873 537 2926 inferenda
549 2875 816 2939 cessatio,
840 2888 947 2927 nec
970 2874 1177 2938 aliquis
1199 2873 1444 2936 miseris,
1462 2874 1555 2925 vel
1582 2886 1675 2923 au-

47 2947 274 3000 xilium
298 2946 394 2998 vel
417 2946 687 2999 solatium
702 2947 927 2998 laturus
953 2949 1309 3001 occurreret:
1340 2945 1537 2997 statim
1562 2944 1673 2997 cri-

47 3020 225 3072 mina
250 3017 464 3084 populi,
488 3018 548 3070 id
570 3023 677 3079 est,
696 3031 933 3071 caussas
951 3030 1075 3071 sum
1091 3018 1506 3083 indignationis
1521 3033 1672 3078 expo-

47 3092 202 3146 suit.
227 3094 406 3154 atque
429 3101 628 3142 eorum
665 3089 1124 3156 magnitudinem
1149 3092 1495 3153 aetatemque
1518 3101 1674 3140 com-

48 3175 428 3227 memorans,
451 3162 701 3214 ostendit
733 3179 746 3214 :
792 3164 925 3228 quia
951 3174 1194 3214 censura
1217 3163 1342 3226 ejus
1364 3160 1506 3213 nulli
1542 3172 1672 3213 esse

51 3238 335 3297 deberet,
368 3234 439 3287 de
462 3234 756 3287 nimietate
785 3235 1122 3301 suspectior,
1148 3246 1282 3285 cum
1308 3246 1370 3284 se
1395 3233 1672 3284 scelerum

47 3308 152 3361 vel
166 3306 618 3372 quantitatibus,
634 3305 728 3358 vel
743 3308 1015 3359 aetatibus
1032 3304 1374 3368 conferatur,
1389 3315 1672 3356 excusan-

47 3384 203 3436 dam
220 3378 578 3444 parcitatem,
593 3377 986 3430 excusandam
998 3377 1208 3428 habeat
1218 3375 1672 3428 tarditatem.Ve-

47 3466 198 3507 rum
224 3462 348 3502 non
392 3463 510 3501 uno
551 3449 661 3501 hoc
705 3448 907 3506 colore.
937 3449 1195 3511 inquam,
1222 3450 1242 3476 ι’
1266 3447 1491 3499 dulcem
1515 3452 1571 3498 et
1594 3445 1675 3497 fa-

47 3524 357 3578 miliarem
396 3521 504 3574 sibi
540 3521 904 3574 clementiam
945 3518 1379 3581 commendans,
1412 3519 1583 3570 etiam
1606 3516 1677 3569 de

47 3606 481 3664 prosperorum
506 3593 761 3646 illatione
784 3593 969 3657 plagis
992 3591 1347 3664 adhaerente,
1369 3591 1523 3664 idem
1545 3592 1675 3664 istud

47 3662 168 3722 eon
176 3666 398 3731 signat,
423 3668 479 3717 et
495 3669 654 3718 tanto
670 3677 737 3717 ea
757 3665 977 3717 ambitu
991 3664 1209 3728 majore
1225 3662 1515 3725 describit,
1532 3663 1678 3722 quasi

47 3741 160 3807 qui
186 3736 369 3790 vellet
395 3750 511 3790 non
535 3736 724 3790 solum
747 3747 1139 3807 compensare,
1167 3735 1268 3787 sed
1293 3733 1467 3807 etiam
1501 3745 1679 3784 excu-

47 3806 196 3865 sare
222 3809 382 3873 quod
408 3808 665 3873 perculit.
691 3811 838 3874 Ergo
861 3820 995 3859 cum
1019 3806 1281 3871 dixisset,
1304 3806 1680 3870 quiaponeret

47 3896 196 3937 eam
224 3881 287 3932 in
313 3881 539 3946 saltum,
563 3885 629 3933 ut
651 3879 1019 3933 comederent
1039 3878 1193 3929 illam
1216 3878 1421 3930 bestias
1442 3876 1584 3940 agri,
1621 3875 1679 3926 id

47 3963 170 4019 est,
205 3953 434 4005 cunctis
462 3953 621 4018 regni
645 3952 944 4004 eturbium
966 3949 1387 4002 munitionibus
1411 3950 1680 4009 amputatis

47 4022 525 4097 potestatidlo
575 4024 836 4076 hostium
882 4022 1200 4097 traderetur
1239 4022 1277 4083 (°
1305 4031 1569 4097 censura,
1615 4022 1681 4069 ut

47 4091 374 4169 quondam
420 4091 768 4163 in’zEgypto,
807 4094 1230 4169 contumeliam
1244 4091 1337 4144 vel
1361 4103 1681 4169 aerumnam

47 4163 246 4228 intem
271 4169 589 4233 servitutis)
613 4169 820 4234 quippe
844 4180 977 4231 quae
1007 4166 1341 4219 consectatu
1377 4163 1679 4224 idolorum,

47 4247 164 4300 Dei
196 4242 300 4295 sui
324 4241 530 4294 fuisset
553 4241 729 4293 oblita
754 4258 765 4290 :
793 4244 989 4293 tamen
1006 4239 1142 4303 quia
1163 4237 1284 4301 ipse
1310 4235 1614 4287 miserator
1626 4236 1683 4285 et

47 4314 408 4371 misericors
431 4315 641 4378 ageret,
656 4317 789 4378 post
804 4309 1152 4375 captivitatis
1169 4307 1478 4378 terminum
1498 4307 1684 4367 gaudia

47 4384 460 4455 regressionis
475 4377 667 4439 adnun
675 4384 802 4436 ciat.
827 4384 893 4433 Et
910 4382 1049 4455 quia
1056 4393 1231 4455 supra
1248 4377 1530 4455 Egyptim
1559 4378 1681 4425 libe-

47 4451 321 4516 rationis
332 4455 526 4509 intulit
539 4456 916 4519 mentionem,
932 4454 1005 4506 ad
1016 4452 1171 4505 illius
1187 4452 1386 4513 instar,
1404 4451 1552 4501 hanc
1562 4462 1684 4510 quo-

47 4546 179 4601 que
207 4528 547 4601 Israeliticis
566 4527 791 4601 populis
803 4538 1070 4601 asserens
1087 4522 1507 4601 conferendam,
1528 4530 1683 4601 nunc

47 4594 313 4671 quoque
334 4600 508 4653 latius
529 4600 783 4665 quidem,
800 4598 902 4651 sed
914 4598 1067 4650 idem
1090 4595 1368 4671 percurrit
1377 4594 1680 4671 exemplum.

48 4663 345 4739 Ecce-ego,
377 4663 585 4737 inquit,
611 4670 815 4722 lactabo
851 4686 993 4733 eam,
1029 4673 1076 4719 et
1100 4668 1299 4739 loquar
1317 4666 1391 4716 ad
1412 4680 1512 4739 cor
1531 4663 1645 4728 ejus
1671 4677 1681 4739 ξ

1770 2084 1887 2137 fore
1901 2087 2237 2141 Judworum
2249 2090 2495 2144 reditum
2509 2091 2827 2156 pollicetur.
2844 2091 3102 2155 Denique
3118 2094 3367 2152 sequitur.

1769 2156 1838 2205 Et
1860 2164 2012 2208 canet
2045 2160 2119 2209 ibi
2144 2163 2311 2225 juxta
2345 2162 2455 2212 dies
2477 2163 2777 2227 juventutis
2810 2177 2938 2225 suae,
2983 2167 3029 2211 et
3054 2160 3223 2226 juxta
3258 2161 3370 2211 dies

1768 2230 2097 2281 ascensionis
2132 2248 2241 2282 suae
2280 2233 2344 2282 de
2387 2238 2529 2283 terra
2559 2234 2801 2299 Egypti.
2841 2234 2999 2284 Sicut
3030 2232 3183 2284 enim
3208 2236 3367 2295 tunc,

1769 2299 1969 2353 incisis
1990 2303 2286 2367 ﬂuctibus,
2320 2305 2474 2357 sicco
2513 2317 2613 2369 per
2638 2305 2876 2370 pelagus
2898 2304 3102 2356 itinere
3126 2304 3369 2355 transie-

1770 2377 1922 2435 runt,
1945 2386 2013 2426 ac
2057 2376 2231 2427 Maria
2277 2389 2436 2428 soror
2480 2377 2681 2441 Moysi,
2728 2376 2949 2428 musica
2977 2375 3369 2427 instrumenta

1770 2445 2100 2510 corripiens,
2126 2446 2328 2499 laudes
2344 2449 2462 2509 Dei,
2477 2448 2665 2499 choris
2682 2447 3079 2512 sequentibus,
3096 2446 3367 2511 praecine-

1771 2516 1869 2568 bat
1890 2530 1902 2567 :
1927 2516 1987 2567 in
2010 2517 2166 2570 hunc
2188 2519 2426 2571 modum
2450 2524 2733 2572 exeuntes
2759 2519 2830 2570 de
2854 2518 3093 2583 Assyria
3126 2517 3369 2581 captivi-

1772 2591 1887 2638 tate
1911 2590 2237 2653 cantabant,
2260 2602 2379 2642 non
2405 2592 2603 2655 utique
2618 2591 2803 2643 Jerico
2827 2590 3079 2653 aliquam
3103 2588 3366 2653 deleturi,

1771 2663 1873 2711 aut
1893 2661 2122 2713 botrum
2137 2662 2328 2714 denuo
2351 2663 2629 2728 reperturi
2652 2679 2666 2712 :
2686 2662 2786 2715 sed
2813 2660 3026 2726 quibus
3052 2662 3132 2712 ita
3148 2668 3370 2721 tempora

1771 2730 2027 2784 laetanda
2056 2734 2387 2797 succedant,
2422 2738 2485 2786 ut
2522 2734 2677 2787 illam
2711 2733 3020 2787 videantur
3060 2744 3231 2795 quam
3261 2730 3369 2782 sub

1773 2803 1966 2867 Moyse
1996 2808 2053 2855 et
2075 2805 2252 2858 Josue
2279 2806 2619 2870 habuerant,
2644 2804 2885 2870 gloriam
2910 2802 3274 2867 consequuti.

1834 2875 2013 2939 Cujus
2037 2879 2233 2928 tamen
2255 2877 2516 2930 historia
2539 2875 3028 2941 quemadmodum
3047 2874 3372 2926 sitmemoria

1772 2943 1907 2996 lata
1922 2947 2225 3011 perpende,
2252 2948 2518 3001 videlicet
2530 2954 2647 3000 tam
2659 2948 2731 3000 ad
2749 2947 3080 3011 exemplum
3098 2945 3370 3005 tristium,

1773 3028 1949 3079 quam
1972 3016 2258 3070 laetorum.
2282 3020 2518 3072 Dixerat
2541 3020 2753 3084 quippe
2786 3029 2959 3082 supra
2982 3030 3046 3065 ne
3081 3015 3218 3078 forte
3251 3030 3372 3078 spo-

1772 3086 1896 3136 liem
1906 3102 2023 3136 eam
2037 3090 2266 3150 nudam,
2280 3096 2573 3140 etstatuam
2582 3104 2703 3140 eam
2713 3088 3008 3139 secundum
3019 3086 3159 3136 diem
3172 3086 3367 3135 nativi-

1774 3160 1896 3208 tatis
1910 3174 2035 3219 sua,
2067 3167 2113 3210 et
2132 3176 2337 3225 ponam
2361 3177 2479 3212 eam
2504 3162 2665 3227 quasi
2691 3160 3056 3223 solitudinem,
3075 3164 3120 3207 et
3134 3162 3371 3207 statuam

1775 3230 1928 3280 illam
1944 3231 2081 3281 velut
2106 3237 2306 3283 terram
2334 3234 2564 3298 inviam,
2588 3238 2633 3283 et
2656 3233 2982 3295 interficiant
3001 3244 3122 3280 eam
3164 3229 3226 3278 in
3258 3229 3366 3278 siti.

1775 3300 1863 3352 Ad
1877 3301 2107 3354 illorum
2129 3305 2327 3368 utique
2345 3305 2800 3367 similitudinem,
2830 3317 3065 3368 quorum
3086 3300 3369 3360 cadavera.

1702 3369 1751 3444 ί]
1891 3372 1910 3442 Ι
1953 3377 2020 3425 ut
2040 3374 2121 3426 ait
2143 3376 2355 3428 Paulus
2378 3376 2709 3441 Apostolus,
2749 3379 3025 3440 prostrata
3047 3378 3173 3421 sunt
3196 3371 3258 3420 in
3283 3370 3373 3419 de-

1774 3450 1909 3493 serto
1933 3445 2081 3507 (Heb.
2107 3445 2157 3500 3.
2188 3446 2292 3512 17.)
2323 3463 2334 3499 ;
2365 3461 2522 3500 nunc
2547 3460 2681 3500 vero
2711 3459 2845 3499 cum
2883 3444 3222 3498 solvendam
3243 3454 3373 3507 pro-

1775 3516 2027 3569 mitteret
2050 3518 2412 3581 servitutem,
2433 3524 2490 3571 et
2505 3518 2716 3584 gaudia
2730 3517 2802 3569 de
2823 3517 3085 3569 libertate
3108 3517 3371 3574 ventura,

1775 3588 2031 3652 ipsorum
2056 3589 2295 3643 totidem
2320 3590 2423 3654 [Αι.
2445 3590 2665 3654 itidem]
2690 3594 3012 3654 temporum
3037 3584 3374 3638 recordatus

1776 3664 1883 3723 est,
1909 3660 2123 3721 quibus
2150 3661 2415 3714 videlicet
2436 3662 2685 3727 gloriosa
2706 3660 2964 3713 liberatio
2989 3658 3167 3710 sacris
3189 3656 3376 3709 fuerat

1775 3731 2005 3783 laudata
2037 3732 2413 3785 carminibus.
2446 3734 2623 3798 Cujus
2659 3745 2800 3785 sane
2842 3729 3171 3793 fmlicitatis,
3205 3727 3374 3790 idest,

1778 3804 1911 3868 post
1933 3802 2324 3866 captivitatem
2335 3804 2706 3869 Babyloniam
2728 3800 3064 3862 sentiendae,
3080 3801 3144 3851 ut
3163 3800 3376 3848 dulcedo

1778 3873 2180 3926 consolabatur
2200 3875 2457 3939 Judaeos,
2481 3876 2561 3927 ita
2583 3873 2923 3938 magnitudo
2941 3872 3207 3935 signabat
3222 3884 3377 3931 popu-

1777 3951 1863 3998 los
1884 3945 1957 3997 ad
1980 3945 2442 4009 praedicationem
2467 3945 2763 4010 Evangelii
2781 3941 3236 4008 congregandos.
3269 3939 3377 4001 Qui

1781 4031 1915 4071 vero
1939 4028 2157 4070 novum
2190 4030 2422 4070 carmen
2459 4020 2576 4069 Deo
2600 4020 2817 4069 canunt
2839 4016 3049 4078 (notum
3073 4012 3229 4064 enim
3255 4010 3377 4072 fecit

1780 4091 1896 4141 orbi
1918 4092 2154 4141 salutare
2185 4104 2365 4150 suum,
2381 4095 2426 4139 et
2452 4094 2576 4139 ante
2598 4092 2933 4154 conspectum
2958 4084 3208 4135 Gentium
3233 4096 3376 4131 reve~

1782 4162 1911 4213 lavit
1916 4162 2191 4228 justitiam
2213 4175 2368 4211 suam
2390 4160 2553 4226 [Psal.
2571 4158 2778 4223 97.2.]),
2811 4158 2831 4188 ¹³
2858 4167 3101 4220 eamque
3125 4154 3378 4228 servitu-

1782 4225 1931 4300 tem,
1947 4247 2063 4299 qua
2086 4233 2334 4300 peccatis
2358 4225 2415 4285 et
2436 4231 2754 4284 immundis
2773 4229 3069 4293 spiritibus
3094 4225 3381 4300 subdeba-

1782 4297 1929 4368 mur,
1948 4297 2202 4370 gratuita
2216 4305 2569 4370 indulgentia
2587 4308 2643 4356 et
2660 4300 3112 4354 sanctificatione
3124 4297 3375 4357 dissolvit,

1783 4380 1849 4429 ut
1869 4377 2092 4430 liberati
2112 4379 2184 4430 ab
2203 4377 2629 4450 iniquitatibus,
2641 4370 3274 4450 justitiieserviremus,
3290 4371 3380 4450 at-

1783 4461 1895 4513 que
1919 4450 2168 4514 populus
2193 4448 2598 4514 adquisitionis
2622 4446 2821 4505 effecti,
2848 4443 3029 4495 divini
3059 4443 3382 4493 stemmatis

1780 4521 2109 4586 insignibus
2131 4519 2791 4587 fulgeremus,habentes
2822 4515 2892 4568 de
2907 4518 3105 4587 nostro
3129 4522 3380 4587 corpore,

1785 4593 1857 4646 de
1881 4581 2099 4654 nostro,
2142 4581 2401 4657 inquam,
2428 4581 2640 4658 populo
2684 4589 2976 4646 vinitores,
3004 4584 3099 4658 vel
3129 4581 3383 4658 ingentis

1786 4665 1933 4717 botri
1958 4651 2202 4729 gratiam
2224 4651 2408 4717 'nobis
2432 4651 2491 4716 in
2505 4651 2817 4729 'mysteriis
2844 4657 3275 4729 contradentes,‘
3296 4651 3386 4704 vel

47 4726 125 4801 Egi
140 4726 303 4801 ξίαιῖο
328 4726 591 4795 vinitores
639 4758 704 4793 ea:
737 4742 913 4793 eodem
948 4726 1076 4802 loco,
1122 4726 1175 4790 et
1196 4738 1387 4813 vallem
1412 4726 1595 4813 Achar
1617 4732 1689 4782 ad
1709 4740 1768 4813 D
1784 4726 2173 4813 ipsam'artem
2182 4738 2358 4813 atque
2377 4726 2869 4813 indus_triam,qua
2883 4727 3187 4813 vineaD‘eiA
3184 4726 3384 4813 colitur:

47 4799 441 4890 aperiendum
454 4814 775 4890 spem:quia
795 4799 1163 4890 nativitatem
1190 4812 1511 4890 §ynagogee
1538 4810 1683 4890 tem:-
1709 4799 1763 4813 ³¹
1783 4799 2127 4889 indicantes.
2153 4808 2219 4859 In
2243 4799 2920 4890 illo_proinde.tempor_e,_
2934 4799 3243 4890 E19339.
3254 4807 3386 4890 illi?

47 4882 176 4963 pus
206 4888 498 4963 Egyptian
521 4886 875 4963 liberationis
902 4883 1170 4963 appellat,
1201 4882 1431 4963 iactatio
1455 4888 1684 4963 quoque

47 4948 271 5020 Eibum
285 4948 518 5013 Hennae
540 4960 768 5011 videtur
783 4948 1109 5009 ostendere.
1134 4954 1371 5008 Locutio
1386 4957 1584 5006 autem
1611 4948 1684 5002 ad

118 5121 138 5141 ·
172 5105 334 5161 Heic
356 5103 545 5169 legere
568 5102 767 5155 malim
790 5100 1064 5152 convexit:
1101 5109 1439 5163 quanquam
1463 5101 1521 5149 et
1552 5098 1687 5158 quod

48 5176 364 5251 praecedit
372 5175 631 5242 proxime
643 5174 885 5251 verbum
898 5170 1223 5251 impiata,de
1234 5170 1491 5236 graviore
1506 5170 1688 5251 mendo

50 5239 479 5318 suspicionem
511 5248 722 5318 movet.
759 5242 1147 5318 Subsequenti
1186 5255 1361 5318 versu
1384 5239 1689 5318 proel-ube-

48 5311 370 5383 mentibus,
409 5322 605 5372 monet
638 5317 791 5383 prior
825 5315 1019 5368 Editor
1057 5314 1365 5379 legendum
1389 5311 1690 5363 erubescen-

53 5402 173 5451 dis.
207 5392 480 5456 Denique
512 5389 683 5455 paulo
718 5392 852 5454 post
874 5388 985 5440 sub
1009 5385 1184 5438 finem
1208 5384 1443 5451 periodi,
1470 5383 1568 5435 ubi
1600 5383 1690 5434 in-

52 5462 398 5525 commoda
441 5463 585 5515 serie
630 5461 940 5515 verborum
984 5464 1040 5511 et
1080 5470 1254 5509 sensu
1298 5456 1521 5515 dicitur,
1570 5470 1689 5505 eam

47 5546 246 5611 plena
276 5541 355 5611 Aut
392 5534 562 5585 nostri
598 5533 1029 5611 _numinis,_etc.,
1060 5529 1271 5611 legesis
1309 5542 1589 5611 eam-pene
1611 5534 1687 5587 ut,

51 5600 178 5669 etc.
217 5626 234 5675 ;
263 5609 512 5661 fortasse
535 5606 706 5660 etiam
731 5604 974 5655 nominis
1001 5603 1211 5656 rectius
1230 5600 1483 5661 haberet,
1515 5611 1690 5663 quam

52 5694 364 5738 nummis.

128 5760 154 5789 ι’
178 5750 539 5816 Aut,colore,
569 5750 666 5800 hoc
689 5748 941 5814 inquam,
957 5750 1059 5799 aut
1074 5745 1283 5796 dulcem
1305 5744 1559 5816 inquam,
1584 5744 1692 5816 etc.

50 5813 392 5900 prastabit
428 5822 669 5883 legisse:
712 5813 813 5900 sed
846 5817 1117 5884 persequi
1161 5817 1384 5869 minuta
1406 5813 1694 5879 ejusmodi

50 5895 323 5958 menda,
346 5895 586 5958 longum
623 5896 795 5946 esset.

130 5987 153 6007 ο
182 5975 342 6034 Quae
370 5957 700 6034 parenthesi
744 5961 1107 6027 inclusimus,
1140 5974 1214 6034 ex
1264 5957 1695 6034 unaalteraque

54 6049 141 6103 ad
175 6028 318 6098 libri
364 6028 524 6092 eram
547 6041 687 6091 nota
716 6034 777 6089 in
811 6036 1036 6088 textum
1078 6033 1347 6086 videntur
1375 6028 1691 6097 irrepsisse.

1785 4878 2255 4935 enumeravimus
2268 4868 2462 4942 optata
2476 4868 2836 4942 contigerint,
2850 4874 3067 4939 quanta
3077 4868 3248 4923 fuerit
3264 4882 3391 4942 prae-

1785 4952 1987 5004 missa:
2002 4940 2395 5014 castigationis
2412 4940 2660 5013 utilitas,
2669 4948 2841 5002 etiam
2854 4955 3082 4998 morum
3107 4940 3386 4991 emendatio

1851 5094 1873 5124 δ
1892 5092 2316 5177 Rescripsimus
2336 5091 2464 5145 heic
2489 5092 2735 5158 accipito,
2760 5102 2861 5156 pro
2891 5100 3006 5154 quo
3030 5087 3153 5140 erat
3183 5082 3389 5137 vitiose

1789 5171 2283 5290 acfgrtncendamus
2304 5234 2417 5297 fur,
2439 5247 2541 5298 pro
2565 5246 2679 5299 quo
2702 5237 2875 5286 antea
2898 5228 3057 5284 nullo
3082 5237 3258 5299 sensu
3268 5228 3392 5276 erat

1789 5325 1905 5360 suo.
1931 5311 2014 5360 De
2037 5308 2165 5372 ejus
2194 5297 2642 5370 nomine,’quein
2666 5304 3054 5367 Hieronymus
3084 5297 3393 5372 Achan_vo-

1792 5384 1902 5439 cat.
1928 5368 2222 5443 vide’qu'ae
2256 5390 2364 5430 nos
2389 5368 2556 5429 Tom.
2586 5378 2682 5428 III.
2718 5375 2790 5427 ad
2815 5375 2937 5427 Lib.
2964 5376 3247 5425 Locorum
3270 5368 3390 5420 He-

1794 5452 2115 5505 braicorum
2151 5451 2546 5502 observamus.

1856 5524 1872 5553 ί
1908 5522 2205 5576 Maluisset
2271 5524 2439 5573 vetus
2489 5518 2684 5571 Editor
2748 5517 2984 5569 rescribi
3057 5516 3393 5581 placandum

1798 5595 2306 5659 Deum.Malimego
2323 5591 2492 5657 paulo
2524 5594 2671 5655 post,
2703 5588 2804 5640 ubi
2831 5587 3056 5649 dicitur,
3089 5603 3233 5639 nova
3257 5601 3393 5637 arva

1795 5667 2059 5735 capientib
2067 5681 2144 5728 us,
2166 5664 2397 5718 rescribi
2420 5677 2599 5714 arma.
2622 5659 2821 5735 Confer
2834 5660 3010 5710 Josue
3024 5670 3147 5735 cap.
3180 5660 3329 5711 VIII.

1859 5729 1876 5780 ἓ
1911 5740 2069 5793 Idem
2095 5745 2264 5792 vetus
2283 5736 2480 5790 Editor
2502 5732 2829 5797 suspicatur
2849 5729 3245 5795 reponendum
3268 5743 3392 5795 ape-

1798 5813 1912 5861 ruit
1939 5829 1951 5862 :
1980 5824 2087 5873 ego
2112 5809 2341 5861 mallem
2374 5804 2682 5873 apparavit.

1861 5884 1882 5913 δ
1907 5870 2112 5936 Ηὶυἷοει
2136 5882 2314 5935 oratio
2338 5870 2600 5945 est,'qua
2622 5874 2846 5952 restitui
2863 5870 3163 5952 commode
3177 5871 3393 5952 posset,

1796 5954 1909 6007 nisi
1946 5953 2213 6009 Auctoris
2265 5939 2573 6017 ipsiusmet
2614 5949 2822 6005 vitium
2856 5942 3049 6012 potius
3089 5952 3265 6008 quam
3294 5939 3396 5992 lib-

1797 6026 2081 6081 rariorum
2103 6025 2412 6080 videretur.
