3884 6410
509 396 615 454 979

1537 377 1831 434 -RUFINO
1871 371 2336 428 PRESBYTERO
2369 370 2751 424 ASCRIP’I‘US

3703 364 3820 420 980

509 508 841 576 publicavit.
868 508 1011 558 Toto
1036 490 1923 576 siquidem,inquit,corde,mihi
1940 492 2102 538 socia-
2126 492 2186 562 Α
2246 482 2671 576 “Vera-2132.4.
2713 509 2775 576 τ
2808 483 2887 576 Et.
2908 483 3009 576 erit
3034 483 3093 530 in
3120 478 3697 576 illa‘diez-ematdiam,
3722 480 3817 529 di-

511 563 684 643 bitur,
701 582 782 633 ita
804 584 867 630 ut
882 589 997 629 non
1010 563 1366 643 meulterius
1378 581 1450 643 ex_
1462 563 1917 643 interpolatione.
1929 572 2104 612 vene-

513 635 687 717 retur,
714 650 814 703 sed
839 648 1180 700 continuum
1206 639 1347 692 mihi
1359 635 1746 717 cultum,mihi
1768 635 2107 717 continuum

513 705 805 789 impendet
826 721 1130 789 allectum;
1161 724 1179 743 ³
1204 724 1411 775 meque
1438 712 1693 789 tantum“
1719 718 1889 789 suum
1919 705 2107 789 virum

513 775 818 860 appellabit
861 795 919 842 et
949 786 1262 840 Dominum
1294 794 1445 860 :_nec
1481 779 1632 860 ultra
1655 775 2107 860 Baalim,“idest,

515 847 704 931 idolis,
729 876 925 916 meum
948 871 1165 912 nomen
1186 855 1449 931 ascribat.
1484 853 1566 902 De
1590 864 1705 915 quo
1732 861 1871 931 sane
1894 847 2111 931 Baalim

514 920 794 991 vocabulo
808 933 1147 986 Judzeorum
1163 927 1395 981 traditio
1410 925 1431 953 ι’
1449 935 1685 975 sensum
1702 923 1924 983 aliquem
1953 920 2112 966 voluit

514 1006 887 1062 comminisci.
913 1003 1022 1057 Sed
1045 1004 1285 1066 apparet
1306 998 1415 1049 hoc
1439 1008 1567 1047 esse
1590 991 2110 1066 solidius,perquod

516 1078 932 1143 consequentia
956 1062 1368 1143 tota-decurrit,
1399 1070 1463 1118 ut
1487 1066 1557 1118 de
1582 1078 1676 1117 ore
1689 1062 1967 1143 videlicet
1986 1074 2112 1143 corf

514 1156 686 1205 rectas
703 1135 895 1214 gentis
911 1143 1223 1198 auferenda
1237 1140 1529 1192 Idolorum
1544 1136 1786 1214 nomina
1805 1135 2112 1214 repromittat

515 1228 571 1276 et
596 1205 779 1275 Deuum
802 1232 870 1271 ac
882 1217 1187 1269 Dominum
1206 1225 1268 1264 se
1286 1214 1509 1263 tantum
1532 1207 1877 1260 vocandum.
1898 1205 2114 1276 Dicendo

516 1275 707 1347 autem
727 1307 834 1341 non
850 1287 1218 1339 recordabitur
1235 1283 1379 1333 ultra
1395 1280 1637 1331 nominis
1652 1293 1857 1336 eorum,
1872 1275 1967 1328 vel
1989 1287 2115 1326 cor-

516 1365 852 1426 rectionem,
880 1371 1014 1424 quaa
1036 1360 1193 1410 esset
1205 1356 1376 1419 plena
1399 1351 1670 1426 signavit,
1686 1347 2013 1426 veladillud
2026 1359 2114 1398 as-

518 1437 694 1502 pexit,
750 1422 917 1497 quod
953 1443 1131 1502 supra
1170 1428 1462 1502 posuerat,
1512 1422 1803 1502 Ibat_post
1849 1424 2115 1502 amatores

517 1491 691 1566 ἕκασθ’
736 1491 787 1553 el
860 1502 965 1551 mei
1027 1491 1447 1558 obliviscebatur,
1504 1494 1591 1566 fait
1642 1493 1929 1566 Dominus.
1992 1491 2115 1566 _Hoc

518 1562 652 1641 ergo
674 1575 886 1627 vitium
910 1569 1284 1636 castigatione
1300 1565 1653 1641 discludens,
1764 1562 2115 1641 contrarium

519 1634 791 1712 migrabit
834 1634 1121 1706 affectum,
1176 1644 1241 1691 ut
1274 1638 1533 1691 studium
1562 1635 1924 1702 profanitatis
1949 1634 2118 1699 plena

520 1719 810 1771 oblivione
841 1716 1115 1780 deponat.

584 1792 746 1841 Vers.
795 1775 1006 1842 18.520.
1039 1811 1100 1822 —
1144 1781 1502 1833 Perculiam‘
1547 1778 1790 1839 eifcedus
1823 1777 1885 1825 in
1914 1775 1999 1825 die
2024 1775 2123 1824 illa

2208 558 2275 606 cit
2298 557 2583 616 Dominus,
2610 563 2629 584 ⁸
2654 554 2817 618 celos,
2842 559 2887 602 et
2911 553 2993 603 illi
3016 552 3307 603 exaudient
3332 557 3551 615 terram,
3583 557 3631 601 et
3665 558 3822 602 terra

2209 629 2460 678 exaudiet
2477 628 2735 685 triticum,
2761 628 2972 687 vinum,
2998 631 3044 674 et
3069 625 3275 675 oleum:
3301 629 3346 672 et
3382 622 3486 673 haec
3507 624 3820 673 exaudient

2208 700 2464 751 Jesrahcl.
2483 701 2550 749 Et
2564 698 2843 748 seminabo
2859 713 2979 748 eam
2992 697 3135 747 mihi
3152 698 3209 746 in
3225 703 3443 755 terram,
3462 703 3506 745 et
3520 696 3825 746 miserebor

2209 772 2341 835 ejus,
2389 788 2507 836 quae
2548 773 2657 835 fuit
2697 769 2909 836 Absque
2955 769 3350 819 misericordia.
3385 768 3451 818 Et
3477 768 3663 817 dicam
3690 767 3823 817 Non

2212 843 2407 908 papula
2424 858 2555 903 meo,
2588 841 2829 907 Populus
2863 856 3014 890 meus
3045 856 3095 891 es
3120 847 3205 890 tu:
3227 846 3272 889 et
3294 840 3403 904 ipse
3426 840 3574 900 dicet,
3616 840 3823 889 Domi-

2213 929 2319 963 nus
2346 928 2493 963 meus
2515 928 2566 963 es
2600 919 2673 962 tu.
2701 914 2914 964 Seriem
2949 913 3163 965 votivm
3189 911 3584 975 promissionis
3605 915 3826 963 exten-

2214 985 2315 1051 dit,
2334 998 2402 1037 ac
2423 999 2523 1050 per
2542 985 2773 1037 diversa
2796 984 3037 1049 species,
3062 986 3297 1035 schema
3321 982 3727 1036 voluminibus
3738 997 3825 1030 sa-

2214 1057 2326 1109 cris
2349 1056 2625 1108 familiare
2648 1055 2956 1118 componit,
2981 1059 3046 1106 ut
3069 1054 3619 1106 elementainvicem
3644 1053 3825 1116 fungi

2215 1141 2383 1191 opere
2411 1140 2517 1180 suo
2534 1127 2769 1192 cupiant
2779 1126 2851 1178 ad
2865 1126 3348 1179 sustentationem
3361 1124 3693 1189 fragilitatis
3713 1125 3825 1177 hu-

2217 1212 2426 1261 manae,
2439 1212 2546 1251 nec
2568 1203 2762 1250 tamen
2779 1201 3016 1262 queant,
3031 1198 3385 1249 nisiCreator
3398 1198 3690 1249 annuerit.
3711 1198 3823 1258 Qui

2218 1284 2358 1323 sane
2379 1271 2474 1322 illo
2499 1276 2771 1333 tempore,
2808 1282 2925 1333 quo
2950 1269 3208 1334 placidus
3244 1269 3489 1321 adversa
3511 1269 3825 1333 depulerit.

2216 1343 2434 1395 affatim
2449 1342 2827 1408 praebiturum
2851 1355 2914 1394 se
2931 1342 3124 1393 omnia
3135 1339 3434 1406 pollicetur
3455 1359 3466 1390 :
3484 1341 3733 1406 incipiet
3750 1342 3829 1392 si-

2218 1414 2451 1478 quidem
2475 1413 2795 1466 claudicare
2820 1413 3106 1475 fcnlicitas,
3126 1413 3175 1464 si
3197 1412 3481 1465 desideret
3506 1416 3742 1477 c0piam
3764 1421 3831 1460 tot

2220 1487 2429 1539 seculis
2473 1486 2725 1551 expetita
2747 1485 2998 1537 libertas.
3025 1486 3164 1537 Haec
3186 1490 3396 1548 autem,
3446 1490 3513 1536 ut
3535 1483 3829 1547 diximus,

2220 1559 2477 1609 suavitas
2487 1557 2833 1621 gaudiorum
2844 1559 2901 1608 et
2913 1558 2973 1608 in
2988 1556 3085 1608 illa
3101 1560 3270 1610 aetate
3287 1555 3599 1621 prmclusit,
3618 1572 3741 1605 cum
3758 1564 3831 1605 est

2220 1629 2527 1694 Babylonis
2545 1628 2733 1681 soluta
2754 1629 3083 1692 captivitas:
3108 1632 3165 1680 et
3186 1628 3413 1680 reddita
3457 1631 3545 1679 est
3567 1629 3830 1692 Aposto-

2220 1702 2409 1754 lorum
2430 1704 2685 1766 tempore
2699 1713 2830 1752 cum
2838 1699 3196 1761 ulatior,cum
3215 1700 3293 1751 ita
3307 1699 3495 1751 omnis
3506 1702 3829 1749 credentium

2224 1772 2531 1825 multitudo
2551 1772 2756 1823 sobriis
2780 1783 2973 1824 rerum
2989 1772 3169 1836 copiis
3192 1773 3466 1835 uteretur,
3484 1776 3550 1823 ut
3568 1776 3739 1824 esset
3756 1775 3831 1819 eis

521 1876 643 1912 cum
668 1860 829 1909 bestia
872 1857 1013 1921 agri,
1060 1860 1106 1905 et
1129 1869 1251 1903 cum
1293 1851 1502 1901 volucre
1550 1850 1676 1936 caeli,
1722 1855 1769 1900 et
1798 1863 1919 1899 cum
1942 1846 2120 1936 reptijli
2146 1862 2200 1936 B
2226 1845 2417 1896 anima
2451 1848 2513 1936 ei;
2542 1857 2639 1894 cor
2670 1856 2849 1936 unum
2894 1846 3028 1926 (Act.
3185 1844 3542 1936 AtqueAtun‘c
3563 1842 3828 1936 primum

525 1938 673 1981 terra
718 1947 730 1982 :
790 1919 982 1979 arcum
1005 1919 1050 1977 et
1092 1925 1362 1990 gladium,
1408 1928 1453 1971 et
1500 1921 1693 1971 bellum
1737 1926 2011 1970 conteram
2057 1919 2119 1968 de

523 2010 686 2065 terra,
710 2007 757 2051 et
783 1999 1021 2050 dormire
1055 1997 1263 2060 faciam
1286 2009 1370 2045 eos
1405 1993 1751 2065 ﬁducialiter.
1778 1990 2052 2065 Sponsabo
2079 1996 2123 2039 te

524 2075 666 2123 mihi
677 2062 741 2122 in
755 2072 1161 2136 sempiternum,
1186 2073 1233 2117 et
1254 2064 1516 2131 sponsabo
1544 2071 1587 2113 te
1612 2064 1753 2136 mihi
1776 2064 1839 2112 in
1854 2062 2064 2136 judicio
2075 2067 2124 2112 et

516 2144 751 2210 justitia,
770 2149 814 2193 et
839 2134 901 2191 in
930 2140 1303 2191 misericordia
1326 2142 1371 2186 et
1396 2134 1849 2210 miserationibus.
1871 2135 1938 2183 Et
1960 2149 2125 2210 sp_on-

522 2206 647 2265 ἑαὸο
672 2221 717 2265 te
740 2214 883 2264 mihi
912 2214 972 2261 in
1000 2212 1121 2274 ﬁde,
1146 2215 1191 2259 et
1220 2210 1345 2259 scies
1370 2208 1505 2272 quia
1558 2222 1651 2267 ego
1681 2206 1971 2255 Dominus.
2005 2208 2124 2269 Est,

526 2287 732 2351 inquit,
750 2296 1136 2348 consequens,
1154 2286 1220 2333 ut
1244 2293 1375 2344 qua:
1388 2278 1571 2344 plagis
1583 2277 1797 2351 foedata
1813 2276 2122 2351 subjacuit,

527 2348 694 2411 bonis
724 2357 994 2410 omnibus
1018 2358 1275 2407 correcta
1306 2352 1577 2417 potiatur.
1626 2352 1693 2401 Et
1715 2349 1843 2401 ideo
1888 2349 2039 2399 sicut
2075 2348 2127 2399 ei

526 2443 730 2483 omnes
754 2434 1048 2481 creaturas
1063 2439 1183 2478 non
1207 2424 1396 2477 solum
1416 2425 1704 2483 adversas,
1733 2420 1834 2472 sed
1852 2420 2021 2472 etiam
2037 2419 2127 2470 in-

528 2502 725 2553 fensas
742 2498 1059 2563 indignatio
1076 2498 1273 2548 nostra
1288 2493 1630 2557 reddiderat,
1646 2492 1725 2543 ita
1739 2504 1943 2544 rursus
1960 2491 2129 2542 bene-

528 2572 692 2624 volas
714 2576 775 2623 et
811 2568 1144 2622 commodas
1173 2566 1406 2618 easdem
1444 2564 1615 2615 faciat
1640 2566 1839 2615 nostra
1864 2563 2124 2626 placatio.

530 2644 839 2694 Percutiam
860 2642 1051 2704 itaque
1067 2639 1242 2701 foedus
1267 2639 1312 2686 ei
1331 2651 1453 2685 cum
1478 2635 1640 2685 bestia
1657 2635 1798 2698 agri,
1817 2638 1883 2685 ut
1905 2647 2011 2686 nec
2033 2646 2127 2685 ar-

531 2727 739 2767 vorum
760 2714 955 2778 fruges
971 2711 1222 2763 smvities
1240 2709 1419 2760 ferina
1449 2707 1770 2772 populetur,
1795 2718 1902 2757 nec
1926 2705 2130 2778 vinde-

530 2787 678 2838 mias
708 2775 907 2836 eorum
933 2787 1034 2834 aut
1058 2781 1263 2833 oliveta
1301 2779 1602 2831 volucrum
1641 2778 1935 2843 praecipiat
1968 2775 2125 2844 4|2

532 2856 860 2916 multitudo,
887 2867 992 2905 nec
1011 2866 1108 2917 per
1119 2852 1379 2903 membra
1400 2850 1683 2902 lassorum
1702 2861 1921 2913 angues
1936 2865 2131 2897 venena

531 2928 874 2981 diffundant.
894 2928 1033 2987 Quae
1065 2924 1397 2977 omniacum
1413 2920 1766 2974 liberationis
1791 2928 2009 2981 tempore
2032 2935 2131 2969 ces-

535 3004 729 3052 satura
748 3000 1037 3063 dicuntur,
1061 2997 1266 3048 diebus
1301 2995 1499 3057 utique
1528 2994 1827 3057 plagarum
1851 2992 2129 3044 docentur

529 3072 703 3125 illata.
732 3073 869 3123 Cum
896 3070 987 3121 his
1005 3069 1265 3121 cladibus
1280 3067 1453 3119 etiam
1475 3066 1623 3117 bella
1638 3065 1971 3127 cessabunt,
1984 3063 2065 3115 ita
2077 3071 2132 3112 ut

527 3144 588 3195 in
612 3143 810 3207 patriis
826 3142 1038 3193 ﬁnibus
1054 3140 1302 3192 dormire
1324 3138 1563 3203 possint,
1581 3136 1747 3199 idest,
1771 3135 2131 3199 requiescere

533 3215 902 3273 confidenter,
919 3213 1129 3277 quippe
1142 3224 1249 3263 nec
1264 3210 1613 3275 irruptiones
1639 3222 1745 3260 nec
1768 3208 2009 3259 insidias
2026 3207 2131 3259 for-

530 3287 835 3338 midantes.
874 3283 1149 3349 Sponsabo
1196 3289 1241 3332 te
1262 3283 1406 3331 mihi
1431 3282 1491 3331 in
1517 3281 1924 3355 sempiternum,
1958 3278 2126 3355 idest,
2154 3280 2202 3355 [ζ

531 3360 707 3411 rebus
721 3357 862 3424 ipsis
875 3357 1098 3409 erudita
1113 3368 1448 3419 cognosces,
1462 3367 1581 3405 non
1598 3366 1745 3415 meo,
1765 3351 1866 3404 sed
1885 3356 1982 3403 tuo
1997 3352 2131 3399 vicio

528 3428 806 3494 illud,quo
829 3428 1039 3480 afﬂicta
1054 3426 1455 3491 es,contigisse
1479 3424 1805 3476 dissidium.
1825 3424 2130 3485 Caeterum,

532 3515 625 3552 me
646 3504 914 3565 paratum
946 3511 1095 3563 esse,
1130 3503 1196 3550 ut
1224 3498 1285 3548 in
1307 3497 1723 3561 sempiternum
1750 3494 1895 3545 mihi
1918 3504 2135 3565 sponsa

532 3564 890 3637 permaneas,
916 3570 1083 3633 idest,
1098 3570 1148 3621 si
1171 3566 1754 3631 talisfueris,qualem
1778 3579 1936 3617 nunc
1960 3564 2135 3637 casti-

531 3636 729 3708 gantia
745 3641 963 3706 judicia
985 3639 1448 3700 reddiderunt,in
1472 3638 1885 3703 sempiternum
1910 3637 2012 3688 tibi
2030 3636 2132 3688 fas-

534 3714 752 3765 deratio
785 3713 975 3777 prisca
1010 3710 1353 3763 servabitur.
1404 3711 1494 3761 Sic
1518 3711 1671 3762 enim
1697 3709 1969 3774 paciscor,
1998 3713 2053 3760 te
2077 3708 2138 3759 in

533 3791 731 3838 nostro
756 3797 1087 3849 permanere
1104 3784 1410 3845 consortio,
1438 3785 1501 3834 ut
1530 3782 1831 3847 explorent
1850 3779 2135 3846 justitiam

536 3862 693 3909 tuam
715 3856 947 3908 admota
965 3854 1199 3919 judicia.
1225 3853 1331 3905 Vel
1354 3855 1402 3905 si
1416 3859 1469 3906 te
1495 3853 1971 3918 subrepens[Ant.
1999 3852 2138 3903 sub-

533 3928 762 3994 ripiens]
796 3927 1144 3992 negligentia
1173 3925 1579 3989 vulneraverit,
1594 3930 1649 3978 et
1670 3938 1705 3977 a
1726 3938 1819 3977 me
1844 3930 2039 3977 tamen
2059 3936 2142 3975 re-

535 4000 796 4052 medium
820 4003 940 4052 toto
954 3998 1362 4051 ﬂendiambitu
1383 3997 1783 4062 postulaveris,
1799 3998 2139 4047 nihilominus

537 4072 903 4137 desponsabo
928 4076 984 4123 te
1008 4070 1148 4121 mihi
1171 4070 1231 4121 in
1252 4069 1647 4122 misericordia
1666 4074 1725 4121 et
1739 4069 1799 4120 in
1820 4068 2140 4121 miseratio-

540 4144 714 4195 nibus
740 4158 751 4193 :
770 4155 915 4207 quas
928 4155 1062 4194 cum
1076 4154 1215 4193 sane
1232 4140 1430 4193 fideles
1446 4145 1899 4207 constantesque
1911 4140 1931 4169 τι
1946 4155 2142 4201 persen-

539 4215 682 4266 seris
720 4214 848 4276 (hoc
889 4217 981 4264 est
1017 4212 1175 4263 enim
1210 4211 1366 4275 quod
1409 4211 1507 4272 ait,
1536 4211 1810 4276 Sponsabo
1849 4217 1893 4261 le
1930 4212 1990 4261 in
2011 4211 2138 4274 ﬁde)

538 4285 833 4337 alacritate
847 4284 1040 4336 debita
1059 4282 1417 4347 praedicabis,
1436 4283 1571 4346 quia
1595 4295 1701 4347 ego
1721 4295 1853 4335 sum
1876 4286 2137 4332 Dominus.

540 4355 704 4419 Quod
724 4361 906 4407 totum
934 4355 1017 4406 sic
1046 4354 1422 4415 instituimus,
1441 4354 1488 4405 si
1510 4354 1582 4406 ad
1604 4354 1960 4407 vocationem
1978 4357 2142 4402 Evan-

539 4428 673 4492 gelii
703 4427 1131 4488 transferamus,
1143 4425 1505 4477 manifestius
1521 4427 1806 4478 constabit
1820 4426 2138 4491 impletum.

545 4500 826 4564 Speciosus
840 4501 974 4548 enim
990 4498 1172 4563 forma
1186 4513 1300 4563 prae
1314 4497 1443 4560 ﬁliis
1456 4497 1745 4547 hominum
1761 4498 1921 4559 (Psal.
1942 4497 2027 4552 44.
2047 4497 2138 4561 3.),

543 4571 615 4622 de
640 4572 809 4635 cujus
826 4570 994 4622 labiis
1018 4570 1150 4621 fusa
1173 4569 1584 4633 gratiamundo
1594 4570 1756 4623 dedit
1772 4569 2140 4629 salutem,re-

540 4643 735 4707 ginam
749 4655 922 4705 quam
940 4642 1047 4694 sibi
1071 4641 1132 4693 in
1143 4642 1498 4694 consortium
1513 4641 1741 4694 thalami
1756 4655 1857 4707 pro
1869 4645 1995 4701 virgi
2006 4658 2033 4690 υ
2043 4644 2055 4689 i
2065 4650 2138 4688 ta-

542 4715 617 4764 tis
636 4713 852 4765 honore
874 4713 1197 4777 despondit,
1215 4713 1461 4767 adscivit
1476 4715 1535 4765 in
1553 4714 1798 4778 justitia,
1811 4726 1985 4778 quam
1993 4716 2011 4773 j
2020 4715 2141 4763 usti-

544 4784 772 4837 ilcando
796 4784 980 4836 dedit:
1008 4784 1253 4837 adscivit
1270 4785 1327 4836 in
1345 4785 1563 4850 judicio
1584 4799 1715 4838 cum
1746 4798 1891 4850 eam,
1916 4785 2140 4851 qumle-

539 4856 738 4920 gitime
754 4855 1259 4921 essetlaboratura,
1285 4856 1499 4922 delegit
1522 4873 1535 4908 :
1560 4858 1809 4910 adscivit
1829 4858 1890 4909 in
1913 4858 2132 4910 miseri-

541 4928 733 4980 cordia
753 4932 810 4980 et
845 4928 902 4979 in
947 4927 1432 4991 miserationibus,
1476 4942 1608 4981 cum
1632 4929 1922 4993 praeterita
1945 4929 2136 4981 debita

538 5000 834 5065 relaxavit,
865 5003 925 5053 et
946 4999 1254 5064 despondit
1268 5001 1328 5052 in
1350 5001 1482 5064 fide,
1500 5013 1614 5064 qua
1628 5001 1884 5053 velcorde
1899 5002 2137 5050 creditur

539 5073 612 5122 ad
613 5072 908 5138 justitiam,
935 5088 1024 5122 ore
1047 5077 1227 5122 autem
1249 5072 1510 5135 confessio
1534 5074 1594 5135 ﬁt
1616 5072 1690 5123 ad
1712 5072 1935 5122 salutem
1960 5074 2130 5135 (Rom.

538 5142 731 5199 10.10.
757 5143 910 5207 )zvel
934 5143 1089 5207 quod
1116 5155 1233 5194 non
1257 5148 1346 5193 est
1361 5143 1619 5205 dubium,
1643 5144 1778 5207 quia
1805 5146 2133 5206 diligentibus

538 5214 851 5267 Dominum
880 5216 1075 5268 omnia
1088 5213 1403 5280 procedant
1426 5213 1485 5265 in
1508 5214 1726 5267 bonum
1754 5214 1907 5277 (Ibid.
1926 5214 1977 5269 8.
2003 5213 2131 5280 98.).

601 5386 728 5508 -bltta
750 5384 1126 5437 emendamus
1158 5397 1364 5450 meque,
1389 5396 1491 5450 pro
1529 5396 1643 5448 quo
1667 5390 1840 5439 antea
1865 5401 2032 5452 neque
2055 5387 2133 5440 le-

601 5472 607 5504 ι
651 5468 683 5508 a
713 5469 798 5508 ur.

536 5468 798 5521 genatur.

599 5526 619 5555 ⁴
643 5526 847 5592 Fallor,
873 5532 975 5580 aut
1010 5539 1144 5592 qum
1179 5528 1249 5579 de
1276 5526 1493 5580 Baalim
1527 5541 1599 5580 ex
1652 5529 1902 5584 Hebrwa
1935 5529 2138 5595 lingua

538 5599 926 5662 Hieronymus
960 5600 1074 5652 huc
1099 5601 1285 5662 refert,
1314 5603 1517 5652 Noster
1542 5600 1795 5666 sugillat.

603 5681 619 5700 ε
644 5671 852 5723 Verius
876 5672 1053 5725 habet
1071 5673 1519 5737 Hieronymiana
1556 5674 1742 5742 Editip
1770 5673 1861 5726 eis.
1889 5674 2135 5727 Omnino

535 5746 731 5792 autem
759 5743 1085 5807 supplenda
1100 5745 1197 5797 illa
1220 5745 1326 5797 fuit
1347 5744 1517 5809 paulo
1542 5751 1674 5809 post
1695 5758 1828 5809 pars
1851 5746 2137 5807 versiculi,

538 5812 603 5860 Et
630 5814 894 5876 sponsabo
918 5822 963 5865 te
990 5817 1133 5866 mihi
1158 5817 1217 5864 in
1269 5816 1676 5880 sempiternum,
1717 5829 1893 5880 quam
1917 5830 2137 5870 eorum-

539 5880 671 5934 dem
698 5895 944 5938 occursu
983 5888 1287 5940 verborum
1312 5888 1587 5951 deceptus
1610 5887 1989 5951 Antiquarius
2012 5889 2140 5943 heic

545 5954 1000 6019 praetermiserat,
1013 5963 1079 6010 ut
1088 5970 1162 6010 ex
1179 5957 1304 6021 ipso
1321 5957 1700 6022 expositionis
1713 5959 1992 6015 subnexa
2003 5974 2138 6016 con-

2226 1917 2554 1979 exaequatio
2570 1927 2604 1966 a
2627 1915 2850 1966 cunctis
2875 1915 3232 1980 sapientibus
3248 1913 3556 1979 praedicata
3570 1917 3826 1975 conluin,

2222 1986 2380 2056 413
2408 1992 2474 2039 ut
2495 1987 2555 2039 in
2583 1991 2742 2039 tanto
2759 1986 3171 2051 discipulorum
3193 1990 3343 2039 coetu
3367 2000 3537 2040 nemo
3561 1991 3725 2038 esset
3738 1986 3830 2037 di-

2224 2060 2380 2110 vitiis
2392 2059 2651 2122 erectior,
2663 2071 2834 2110 nemo
2845 2062 3179 2124 paupertate
3196 2059 3545 2123 depressior:
3579 2065 3826 2109 caeterum

2225 2132 2375 2185 sicut
2398 2144 2513 2182 una
2535 2136 2875 2182 cunctorum
2899 2132 2960 2182 in
2982 2132 3216 2195 virtute,
3234 2132 3535 2184 consensio
3557 2148 3569 2183 :
3590 2132 3828 2183 itacom-

2224 2202 2385 2254 muni
2394 2203 2413 2266 j
2424 2215 2521 2252 ure
2534 2206 2690 2253 esset
2701 2202 3007 2266 possessio.
3026 2204 3226 2266 Neque
3238 2203 3391 2255 enim
3406 2202 3612 2267 aliquis
3623 2218 3826 2264 eorum,

2225 2286 2356 2337 quae
2380 2272 2773 2338 possidebant,
2790 2287 2962 2325 suum
2986 2275 3293 2338 quicquam
3306 2274 3698 2327 essedicebat:
3720 2275 3822 2326 sed

2226 2358 2357 2397 cum
2372 2345 2687 2397 essentillis
2699 2346 2970 2398 universa
2998 2346 3342 2404 communia,
3357 2358 3621 2411 agrorum
3646 2346 3827 2398 etiam

2226 2418 2408 2480 pretia
2427 2417 2671 2481 pedibus
2693 2418 3100 2482 Apostolorum
3114 2418 3512 2481 offerebantur,
3530 2422 3596 2470 ut
3607 2431 3712 2483 pro
3724 2420 3829 2467 sin-

2226 2489 2491 2552 gulorum
2503 2489 2945 2541 necessitatibus
2971 2488 3301 2541 distributio
3322 2492 3616 2551 proveniret.
3632 2493 3827 2552 thuia

2229 2560 2502 2625 spiritalis
2525 2560 2717 2626 populi
2734 2564 2924 2613 status
2935 2561 3084 2614 intra
3098 2562 3391 2613 historiam
3406 2564 3436 2614 J
3444 2561 3625 2614 udaici
3644 2565 3826 2624 populi

2230 2633 2531 2684 tenebatur
2558 2650 2567 2681 :
2599 2634 2905 2686 revertitur
2924 2633 2996 2685 ad
3019 2634 3114 2686 illa
3125 2634 3380 2698 nomina,
3403 2634 3656 2703 aquibus
3677 2634 3826 2686 vati-

2228 2704 2442 2755 cinium
2479 2704 2664 2756 fuerat
2694 2717 2954 2765 exorsus,
2982 2710 3041 2757 et
3062 2705 3180 2758 ait:
3214 2707 3375 2756 Terra
3410 2706 3657 2756 exaudiet
3677 2706 3830 2757 triti-

2228 2791 2371 2836 cum,
2396 2776 2588 2824 vinum
2612 2776 2919 2841 eloleum,et
2936 2777 3041 2827 haec
3062 2777 3355 2828 exaudient
3376 2777 3635 2842 Jesrahel,
3651 2777 3830 2838 idest,

2232 2848 2526 2910 pOpulum,
2545 2847 2826 2900 vocabulo
2851 2847 3035 2913 vallis,
3052 2849 3114 2900 in
3131 2862 3248 2913 qua
3270 2855 3360 2902 est
3376 2855 3697 2915 superatus.
3712 2849 3826 2901 Os-

2232 2924 2485 2983 tensum,
2512 2921 2684 2984 cujus
2708 2924 2959 2985 peccata,
2988 2933 3121 2979 aute
3146 2923 3265 2973 erat
3292 2922 3616 2987 puniturus,
3648 2934 3830 2987 supra

2229 2991 2531 3054 expressit,
2568 2990 2775 3056 ipsam,
2807 2991 3064 3055 inquam,
3102 2998 3332 3057 gentem
3377 3006 3495 3046 non
3518 2994 3577 3045 in
3599 2993 3825 3046 eisdem

2232 3062 2509 3127 personis,
2543 3063 2643 3114 sed
2664 3063 2723 3114 in
2756 3063 2973 3116 eisdem
3009 3065 3257 3118 tribulus
3281 3069 3733 3132 permanentem,
3766 3070 3831 3117 et

2230 3133 2526 3198 plagarum
2539 3135 2875 3187 verberibus
2892 3137 3201 3202 expiatam,
3224 3138 3284 3189 in
3309 3138 3659 3190 consortium
3673 3152 3824 3187 suum

2230 3206 2570 3269 propitiatus
2586 3206 2893 3271 adsciscat,
2905 3211 2961 3259 et
2977 3209 3142 3272 quasi
3160 3214 3326 3262 terrm
3336 3212 3510 3262 etiam
3522 3210 3686 3261 bona:
3699 3224 3829 3270 prae-

2229 3281 2524 3339 ceptorum
2539 3277 2760 3329 semina
2772 3279 3003 3331 diversa
3019 3281 3341 3343 concredat,
3366 3284 3432 3333 ut
3444 3293 3541 3344 per
3554 3280 3829 3345 amplitu-

2230 3346 2424 3398 dinem
2452 3349 2884 3402 succedentium
2927 3363 3349 3417 prosperorum,
3382 3352 3554 3405 etiam
3586 3351 3676 3404 ille
3699 3352 3829 3404 dies

2229 3418 2561 3484 Jesrahelis,
2610 3434 2724 3485 quo
2763 3427 2852 3475 est
2901 3422 3139 3475 inducta
3179 3423 3492 3488 calamitas,
3538 3424 3826 3489 pretiosus

2230 3489 2411 3542 fuisse
2433 3494 2607 3555 atque
2632 3493 2896 3557 optabilis
2921 3498 3246 3548 censeatur.
3271 3496 3593 3561 Mlserebor,
3614 3497 3826 3560 quippe

2237 3561 2409 3626 [Forte
2425 3563 2631 3627 inquit]
2646 3576 2803 3617 nunc
2820 3567 2948 3631 ejus
2962 3568 3133 3632 cujus
3145 3567 3314 3632 paulo
3338 3572 3470 3621 ante
3482 3580 3687 3621 nomen
3704 3570 3826 3616 hor-

2233 3646 2478 3695 rueram,
2505 3638 2563 3687 et
2584 3637 2858 3701 populum
2882 3652 3078 3691 meum
3094 3641 3331 3701 vocabo,
3359 3640 3459 3704 qui
3480 3639 3823 3692 meidesertor

2234 3706 2555 3768 exstiterat,
2569 3712 2625 3759 et
2635 3708 3074 3763 adversantium
3086 3711 3225 3763 mihi
3240 3712 3370 3775 jure
3382 3710 3678 3764 defecerat.
3697 3713 3823 3774 Ipsi-

2236 3790 2348 3842 que
2365 3778 2617 3831 vicissim
2633 3780 2861 3845 ilducia,
2886 3786 3054 3835 utme
3077 3782 3323 3848 appellet
3334 3796 3529 3835 verum
3545 3787 3602 3836 et
3616 3786 3819 3833 unicum

2240 3851 2563 3916 Dominum,
2589 3854 2929 3907 conferetur.
2955 3856 3171 3907 Verum
3192 3855 3305 3907 huc
3329 3868 3515 3919 usque
3536 3866 3827 3921 prospero-

2237 3935 2363 3974 rum
2404 3923 2849 3978 denunciatione
2894 3924 3131 3990 prolata,
3180 3939 3379 3979 rursus
3430 3926 3502 3978 ad
3526 3925 3825 3992 prmsentis

2241 3996 2515 4076 temporis
2585 4000 2804 4049 statum
2864 4010 3186 4050 sermonem
3239 3997 3501 4051 reducit:
3558 3996 3827 4063 Sequitur

2238 4079 2390 4119 enim
2416 4082 2428 4118 ἒ

2860 4168 3090 4220 CAPUT
3116 4168 3209 4220 III.

2304 4286 2464 4337 Vers.
2516 4283 2641 4337 1.-5.
2689 4311 2747 4320 -
2787 4283 2855 4333 Et
2889 4283 3018 4333 dicit
3062 4282 3329 4334 Dominus
3365 4284 3439 4334 ad
3484 4298 3604 4335 me:
3636 4284 3824 4335 Adhuc

2240 4357 2388 4415 vade,
2429 4356 2592 4419 dilige
2624 4354 2904 4405 mulierem
2942 4356 3188 4405 dilectam
3222 4356 3415 4420 amico,
3441 4360 3486 4405 et
3508 4355 3821 4418 adulteram,

2240 4429 2376 4478 sicut
2405 4428 2582 4491 diligit
2598 4428 2866 4478 Dominus
2876 4427 3023 4493 filios
3049 4427 3231 4492 Israel,
3255 4432 3299 4477 et
3322 4428 3427 4493 ipsi
3448 4432 3736 4493 respectant
3757 4429 3825 4478 ad

2242 4501 2380 4549 Deus
2404 4499 2631 4563 alienos,
2656 4504 2701 4549 et
2726 4500 2965 4565 diligunt
2984 4500 3203 4549 vinacia
3225 4499 3561 4549 uvarum.Et
3581 4498 3697 4563 fodi
3711 4514 3825 4550 eam

2241 4571 2385 4620 mihi
2410 4571 2721 4635 quindecim
2757 4572 3041 4637 argenteis,
3080 4576 3126 4620 et
3167 4586 3288 4621 coro
3329 4571 3494 4632 ordei,
3522 4577 3566 4621 et
3603 4571 3824 4621 dimidio

2246 4658 2366 4693 coro
2399 4642 2564 4701 ordei,
2598 4648 2642 4691 et
2683 4642 2806 4692 disci
2857 4643 2930 4693 ad
2964 4657 3081 4692 eam
3111 4657 3123 4695 :
3162 4643 3283 4692 Dies
3304 4642 3496 4693 multos
3516 4644 3825 4708 exspectabis

2246 4729 2351 4775 me,
2372 4729 2485 4764 non
2505 4713 2874 4777 fornicaberis,
2892 4719 2938 4764 ct
2958 4730 3068 4764 non
3087 4714 3192 4764 eris
3208 4716 3342 4775 viro,
3359 4714 3451 4764 sed
3472 4720 3521 4766 et
3536 4730 3627 4779 ego
3649 4731 3826 4781 exspe-

2241 4785 2387 4836 ctabo
2424 4790 2485 4838 te.
2518 4787 2660 4844 Quia
2705 4786 2817 4836 dies
2859 4785 3054 4835 multos
3092 4785 3340 4835 sedebant
3373 4784 3486 4850 filii
3516 4785 3679 4837 Israel
3717 4788 3825 4837 sine

2234 4859 2384 4922 Rege,
2430 4862 2476 4907 et
2522 4858 2639 4906 sine
2689 4857 2960 4923 Principe,
3013 4863 3059 4907 et
3092 4858 3208 4907 sine
3230 4858 3522 4921 sacrificio,
3553 4863 3596 4908 et
3617 4858 3731 4909 sine
3754 4859 3824 4909 al-

2236 4929 2364 4993 tari,
2407 4934 2452 4978 et
2494 4929 2610 4978 sine
2644 4929 2856 4995 Ephod,
2904 4935 2949 4978 et
2987 4930 3102 4979 sine
3148 4930 3438 4994 Teraphin.
3471 4930 3539 4979 Et
3579 4933 3824 4995 posthaec

2235 5005 2566 5049 revertentur
2600 5000 2714 5064 filii
2746 5000 2927 5061 Israel,
2970 5005 3016 5051 et
3058 5005 3297 5066 quaerent
3341 5001 3638 5051 Dominum
3663 5002 3823 5052 Deum

2235 5087 2416 5133 suum,
2443 5076 2487 5120 et
2524 5071 2705 5121 David
2738 5088 2916 5136 regem
2956 5088 3135 5131 suum,
3176 5078 3221 5122 et
3258 5073 3528 5139 pavebant
3550 5074 3623 5123 ad
3644 5073 3823 5125 Domi-

2236 5158 2389 5208 num,
2412 5151 2457 5193 et
2481 5144 2553 5193 ad
2573 5143 2773 5193 bonum
2796 5144 2909 5209 ejus
2931 5144 2993 5194 in
3005 5145 3293 5195 novissimo
3309 5145 3539 5195 dierum.
3555 5148 3680 5203 Quia
3699 5162 3826 5196 exor-

2236 5215 2397 5267 dium
2431 5215 2707 5281 vaticinii,
2745 5216 3135 5282 captivitatem
3177 5217 3369 5283 populi
3406 5217 3558 5271 illius
3588 5219 3823 5272 reversis

2263 5392 2401 5440 extu
2416 5386 2620 5452 liquet.

2301 5459 2322 5488 ά
2348 5459 2554 5511 Visum
2579 5463 2669 5511 est
2692 5460 2866 5512 scribi
2891 5459 3096 5513 vitiose
3114 5464 3286 5514 antea
3295 5465 3626 5526 persenseret.
3654 5462 3824 5514 Inter-

2232 5526 2568 5595 'punctionis
2586 5532 2725 5584 vitia
2743 5533 3159 5597 propemodum
3173 5534 3495 5597 innumera,
3511 5545 3689 5597 eaque
3710 5546 3826 5599 gra-

2244 5604 2484 5656 vissima
2511 5605 2662 5656 taciti
2688 5605 3058 5670 castigamus.

2303 5685 2319 5705 ο
2343 5677 2573 5741 Repetit
2614 5676 3061 5741 Hieronymiana
3105 5681 3162 5728 et
3192 5676 3360 5742 Vulg.
3407 5676 3589 5728 Editio
3625 5675 3695 5728 ad
3720 5678 3822 5727 lie-

2243 5746 2463 5800 brseum
2499 5749 2752 5813 pressius
2775 5749 3093 5799 cacaudiam.
3124 5748 3355 5801 Rectius
3384 5759 3616 5812 quoque
3642 5747 3697 5799 in
3720 5750 3821 5799 tino

2240 5818 2431 5875 habet.
2467 5827 2513 5869 et
2547 5821 2654 5884 ipse
2697 5821 2848 5880 dicet,
2886 5822 3023 5870 Deus
3056 5836 3204 5869 meus
3226 5836 3280 5869 es
3305 5827 3378 5868 tu.
3406 5824 3587 5871 Antea
3608 5826 3727 5872 erat
3748 5820 3823 5869 di-

2240 5892 2326 5953 cit,
2353 5900 2460 5945 etc.
