3884 6394
85 353 205 411 981

998 359 1070 410 IN
1105 355 1346 411 OSEAM
1376 356 1963 414 COMMENTARIUS.
1998 359 2210 413 LIBER
2243 362 2526 415 PRIMUS.

3307 366 3412 424 982

88 451 216 550 [41,
241 468 514 550 diversis]
539 470 779 550 vocibus
803 470 1141 534 pollicentis,
1165 470 1283 550 hic,
1308 470 1461 523 sicut
1483 470 1541 523 in
1556 472 1714 550 pr_in-_-
1733 477 1795 550 Α
1815 471 2224 550 lium,_cornua
2243 474 2561 550 circumdet
2588 476 2803 550 altaris,
2835 476 3087 531 reddens
3116 478 3234 531 Deo
3256 483 3416 547 vota,

86 541 255 604 cipio
288 541 506 605 docuit,
540 541 821 606 Propheta
852 547 1203 607 susceperat,
1231 547 1291 595 et
1330 556 1579 607 persona
1607 544 1710 597 Dei

93 612 315 675 tristia,
335 613 435 665 sed
445 614 567 678 jam
580 612 970 677 impendentia
981 614 1316 672 nunciabat,
1333 619 1389 665 et
1406 614 1611 667 eodem
1625 628 1717 667 sa-

89 683 184 735 cri
208 684 461 749 Spiritus
486 685 830 749 gubernatu,
849 686 1013 749 quasi
1038 700 1110 737 ex
1126 687 1424 737 contrariis
1444 688 1587 740 texit
1601 703 1716 737 ora-

91 755 326 807 culum.
346 758 490 807 Nam
503 769 637 809 cum
648 756 1006 809 infremuerit
1017 758 1381 821 truculentis,
1396 760 1588 811 statim
1607 762 1718 821 qui-

93 827 216 879 bus
229 828 539 880 confoveat
555 829 862 889 sauciatos,
879 829 1014 883 lteta
1033 829 1299 892 subjecit,
1311 834 1377 882 ut
1393 829 1484 882 vel
1501 833 1713 880 audien-

93 898 195 950 dis
210 899 485 952 tristibus
497 900 743 965 populus
759 904 1077 965 assuescat,
1091 901 1185 953 vel
1196 901 1388 966 ipsum
1403 902 1713 954 Dominum

93 975 508 1035 cunctantem,
522 974 578 1023 et
597 972 747 1024 sicut
764 972 1211 1037 supradiximus,
1235 973 1427 1026 studio
1449 973 1716 1026 differen-

95 1046 252 1103 tem,
281 1055 416 1095 cum
442 1043 945 1105 sitvindicaturus,
963 1043 1245 1096 ostendat.
1271 1046 1373 1097 Per
1388 1046 1541 1109 quod
1557 1048 1714 1096 simul

96 1113 303 1175 docet,
343 1127 418 1167 ne
449 1126 710 1179 unquam
745 1116 854 1166 sub
888 1115 985 1167 tali
1014 1115 1207 1179 judice
1229 1116 1533 1181 desperent
1556 1116 1713 1169 salu-

98 1190 249 1247 tem,
278 1186 552 1238 nimirum
579 1186 742 1239 itaad
773 1186 1191 1251 indulgendum
1214 1192 1429 1253 parato,
1454 1192 1521 1240 ut
1542 1188 1714 1253 placi-

96 1256 198 1308 dis
214 1257 371 1309 inter
393 1257 638 1310 adversa
659 1260 959 1310 narrandis
980 1259 1247 1312 videatur
1272 1260 1331 1311 in
1347 1260 1711 1323 sedulo,quod

97 1330 292 1380 iratus
307 1329 488 1392 fuerit,
507 1342 803 1382 excusare.
818 1331 1077 1396 Praecipit
1098 1332 1293 1395 itaque
1309 1332 1607 1395 Propheta,
1638 1345 1711 1384 ne

95 1401 405 1454 caritatem
423 1414 599 1465 quam
618 1402 910 1455 obscoenas
934 1404 1155 1455 mulieri
1174 1404 1547 1469 impenderat,
1565 1417 1713 1468 prae-

97 1474 199 1527 via
220 1472 547 1526 oii‘ensione
570 1473 837 1538 deponat,
874 1475 977 1527 sed
1002 1489 1135 1527 cum
1159 1476 1518 1540 impudentia
1537 1475 1708 1541 illius,

96 1545 373 1610 professa
401 1545 756 1609 benignitate
781 1547 1106 1607 contendat,
1134 1550 1189 1598 et
1205 1548 1327 1599 sive
1348 1547 1475 1611 ipsa
1489 1561 1566 1607 re,
1586 1547 1710 1600 sive

95 1617 164 1669 id
196 1616 359 1681 quod
388 1629 756 1680 consequens
786 1618 1033 1679 videtur,
1061 1619 1263 1681 spiritu
1297 1623 1525 1671 tantum
1548 1631 1709 1671 reve-

98 1687 285 1749 lante,
314 1693 647 1752 cognoscat,
694 1688 830 1751 quia
859 1688 955 1740 illa
996 1693 1263 1741 meretrix
1293 1690 1405 1742 levi
1446 1689 1709 1741 mercede

99 1763 312 1823 posset
334 1758 595 1819 conduci,
623 1771 742 1811 non
768 1758 957 1811 solum
982 1765 1045 1812 ut
1069 1759 1123 1827 4
1140 1760 1226 1828 14
1252 1761 1584 1826 prophetica
1613 1774 1707 1813 so-

98 1830 317 1922 cietate
340 1835 496 1922 esset
524 1834 814 1922 contenta,
840 1831 944 1922 sed
964 1836 1031 1884 ut
1051 1832 1204 1914 illius
1224 1836 1280 1883 et
1303 1833 1543 1922 aliorum
1565 1845 1704 1922 con-
1732 1848 1787 1922 B

98 1905 288 1953 ventu
311 1901 522 1966 pariter
548 1902 885 1966 abstineret,
927 1904 1095 1967 quasi
1118 1916 1251 1967 quas
1275 1904 1489 1956 valeret
1510 1908 1705 1955 osten-

97 1972 260 2036 dere,
275 1972 463 2037 magis
479 1973 823 2025 necessitate
852 1974 1090 2038 parandi
1116 1975 1324 2039 victus,
1342 1988 1517 2039 quam
1534 1991 1712 2025 conse-

97 2048 268 2096 ctatu
290 2042 546 2095 libidinis
570 2056 632 2095 se
643 2045 1035 2109 prostituisse:
1067 2046 1313 2110 denique
1338 2047 1386 2098 si
1411 2046 1503 2099 vel
1521 2047 1712 2099 tenuis

97 2115 381 2168 alimonia
406 2116 777 2179 praeberetur,
825 2129 954 2168 eam
994 2117 1159 2169 facile
1196 2118 1397 2183 ﬂagitii
1422 2119 1711 2184 voluptate

98 2187 436 2239 carituram.
463 2188 587 2249 Quo
606 2188 805 2251 utique
830 2188 1093 2253 exemplo
1118 2190 1379 2242 redditur
1391 2191 1710 2255 Synagogm

98 2270 320 2311 caussa
355 2258 623 2320 deterior,
656 2272 791 2323 quae
814 2271 942 2311 eam
966 2261 1233 2313 videlicet
1259 2263 1581 2325 pactionem
1604 2275 1709 2314 nec

97 2330 291 2395 copiis
320 2329 566 2383 invitata
612 2332 947 2391 servaverit,
1001 2345 1176 2396 quam
1206 2334 1524 2398 prostibula
1549 2346 1711 2398 qum-

99 2404 282 2469 piam,
310 2402 405 2455 vel
429 2403 540 2454 sub
558 2402 738 2454 nimia
759 2403 1055 2468 parcitate,
1069 2410 1315 2458 veretur.
1334 2404 1708 2469 Indulgemus

97 2487 260 2539 ergo,
277 2474 379 2535 ait,
394 2478 623 2533 tempus
640 2475 987 2540 errantibus,
1004 2480 1071 2527 ut
1088 2476 1182 2528 vel
1202 2476 1276 2529 ad
1295 2477 1707 2530 correctionem

100 2547 345 2599 ﬂetibus
369 2550 694 2610 erumpant,
718 2546 808 2599 vel
834 2548 998 2611 gravi
1013 2547 1247 2599 demum
1265 2549 1468 2601 ultioni
1482 2564 1710 2599 succum-

96 2619 267 2669 bant.
294 2616 401 2679 Qui
424 2629 579 2669 nunc
604 2617 853 2682 pretiosa
890 2618 1104 2670 vilibus
1140 2622 1536 2684 postfercntes,
1563 2620 1708 2672 obli-

96 2690 411 2741 viscuntur
435 2690 641 2754 proprii
663 2690 784 2755 Dei,
800 2695 856 2742 et
878 2696 1203 2754 sequuntur
1226 2691 1460 2755 alienos,
1478 2692 1706 2744 nonali-

98 2766 193 2813 ter
217 2772 394 2824 quam
421 2760 471 2812 si
487 2760 694 2825 spretis
710 2761 865 2821 uvis,
884 2762 1107 2814 vinacia
1120 2762 1322 2815 suibus
1339 2764 1522 2828 magis
1534 2776 1707 2827 quam

95 2831 439 2885 hominibus
454 2833 585 2895 apta
609 2832 955 2896 colligerent.

166 2906 372 2968 Itaque
395 2903 579 2968 primo
606 2916 885 2957 mensura
907 2906 1024 2957 cori
1048 2906 1346 2958 nominata
1369 2911 1459 2958 est
1476 2903 1707 2973 triginta

97 2974 335 3027 modios
349 2975 720 3028 continentis.
745 2976 1006 3028 Secundo
1021 2976 1126 3029 ait:
1143 2976 1440 3025 dimidium
1454 2980 1566 3027 cori
1585 2980 1705 3029 hor-

95 3047 208 3112 dei,
232 3046 370 3100 inde
386 3046 647 3112 pactione
674 3049 1037 3100 constituens
1057 3048 1427 3101 continentia
1451 3050 1703 3103 cilicium

86 3119 383 3173 amuliere
398 3119 733 3184 comparari,
747 3119 820 3171 ad
833 3120 1143 3185 imaginem
1159 3119 1313 3171 illius
1330 3120 1695 3186 conditionis,

87 3203 277 3257 quam
298 3192 603 3257 Synagoga
618 3204 862 3256 passura
884 3197 976 3245 est
997 3192 1381 3256 inBabylonia
1393 3196 1693 3253 captivitate.

1817 556 1951 607 qum
1974 544 2365 598 distinxerunt
2379 546 2528 599 labia
2550 548 2809 613 ipsius,et
2828 550 3100 614 pavebant
3122 550 3197 602 ad
3212 544 3417 604 bonum

1815 614 1928 688 ejus
1951 617 2335 688 mgnovissimo
2380 618 2464 668 die
2508 619 2670 681 (Psal.
2708 618 2835 683 65-).
2862 622 3142 674 Caussam
3175 625 3418 688 proinde

1814 684 1995 749 ipsius
2008 686 2363 752 depulsionis
2379 691 2662 755 exposuit,
2681 696 2749 744 ut
2769 704 2868 756 per
2883 704 3009 744 eam
3021 684 3292 748 videlicet
3306 700 3416 747 abs-

1816 756 2479 831 tinentiaaprofanorum,
2492 774 2636 826 gens
2651 763 2862 816 amicta
2876 770 3299 831 consuesceret,
3316 772 3414 819 do-

1814 840 1919 879 nec
1934 829 2203 893 legitimis
2215 843 2277 882 ca
2285 832 2495 897 stigata
2503 835 2857 901 verberibus,
2871 836 2932 888 in
2942 829 3298 892 consortium
3315 840 3411 893 de-

1813 905 2267 976 nuo_mereretur
2286 902 2552 976 adscisci,
2595 916 2669 957 ex
2702 918 2818 971 quo
2853 920 3096 962 examen
3119 910 3279 976 pium
3308 911 3413 976 lai-

1814 969 2173 1035 tandumque
2213 973 2481 1036 prodiret.
2722 969 2738 971 “
3120 969 3139 976 ’
3386 974 3389 977 ’

2433 1073 2665 1125 CAPUT
2689 1075 2785 1125 IV.

1877 1164 2193 1244 Yers.
2225 1194 2298 1244 -—-_
2309 1169 2507 1244 Audite
2540 1170 2775 1244 verbum_
2797 1173 3033 1238 Domini,
3075 1175 3189 1239 filii
3219 1177 3405 1239 Israel,

1811 1235 1945 1297 quia
1959 1235 2234 1308 judicium
2256 1240 2491 1291 Domino
2527 1257 2649 1292 cum
2684 1235 3084 1295 habitatoribus
3099 1251 3268 1308 terrae,
3295 1235 3410 1299 non

1810 1308 1883 1384 est
1903 1306 2050 1384 enim
2092 1310 2304 1384 peritas,
2343 1317 2389 1360 et
2422 1328 2532 1361 non
2569 1319 2641 1363 est
2677 1315 3068 1380 misericordia,
3108 1323 3155 1367 et
3201 1306 3315 1369 non
3339 1323 3410 1369 est

1807 1377 2033 1454 sfieritia
2073 1380 2178 1454 _Dei
2209 1383 2284 1454 Vin
2328 1387 2488 1432 terra.
2536 1385 2904 1448 Maledictum,
2939 1392 2985 1437 et
3028 1377 3398 1454 mendacium,

1807 1444 1863 1512 4
1879 1445 1898 1514 Ι
1914 1446 1965 1513 5
1999 1455 2045 1499 et
2067 1450 2444 1519 homicidium,
2460 1461 2506 1505 et
2516 1456 2749 1522 furtum,
2764 1462 2808 1507 et
2821 1444 3154 1510 adulterium
3170 1444 3409 1512 inunda-

1807 1524 2015 1600 verunt,
2033 1526 2078 1571 et
2100 1526 2325 1589 sanguis
2340 1529 2665 1600 sanguinem
2689 1530 2873 1593 tetigit.
2899 1533 3042 1592 Quae
3067 1536 3220 1585 esset
3242 1535 3403 1595 ratio,

1990 1593 2118 1675 ipso
2151 1598 2617 1675 comminationis
2653 1601 2894 1666 impetu,
2934 1604 3005 1654 de
3039 1603 3149 1655 illis
3173 1593 3407 1668 quoque

1807 1671 2115 1741 prosperis,
2135 1679 2268 1731 qum
2292 1674 2424 1733 post
2447 1671 2689 1724 multam
2708 1675 2939 1725 aetatem
2956 1679 3119 1727 erant
3142 1680 3405 1741 ventura,

1808 1730 2169 1812 loqueretur,
2193 1730 2371 1792 semel
2399 1741 2724 1808 iterumque
2763 1746 3114 1811 commonui,
3137 1746 3308 1812 idest,
3342 1730 3409 1800 ut

1810 1804 1902 1854 vel
1924 1820 2030 1869 gen
2039 1821 2065 1859 s
2077 1808 2316 1863 haberet
2327 1804 2645 1866 exulatura'
2657 1815 2952 1879 solacium,
2978 1817 3075 1868 vel
3101 1804 3411 1870 'clementia

1813 1879 2030 1951 pateret
2055 1882 2326 1946 auctoris,
2345 1884 2442 1948 qui
2465 1884 2537 1936 ad
2561 1885 2977 1939 vindicandum
2992 1888 3159 1951 quasi
3188 1890 3409 1942 invitus

1812 1948 2127 2002 accederet.
2162 1955 2285 2005 Hoc
2310 1967 2444 2019 ergo
2468 1956 2707 2009 consilio
2731 1958 2905 2009 etiam
2927 1959 2998 2011 de
3012 1948 3233 2012 futuris
3248 1960 3409 2012 locu-

1813 2022 1925 2082 tus,
1961 2020 2035 2072 ad
2058 2026 2452 2087 praesentium,
2496 2032 2563 2079 ut
2616 2041 2794 2092 supra
2833 2029 3064 2093 fecerat,
3113 2033 3410 2084 revertitur

1811 2093 2059 2166 aetatem,
2104 2100 2162 2147 et
2195 2097 2399 2151 merita
2426 2100 2739 2163 punienda)
2776 2102 2960 2166 plebis
3000 2103 3313 2163 examinat,
3344 2109 3411 2155 ut

1812 2162 2147 2246 solvateam
2173 2178 2348 2246 quam
2379 2162 2594 2223 divina)
2623 2162 2855 2246 pietatis
2891 2172 3157 2246 allegatio
3203 2162 3409 2227 fecerat

1810 2238 2545 2305 quaestionemﬂpportune
2557 2242 2710 2294 enim
2723 2243 3007 2307 ejusmodi
3019 2245 3286 2308 cogitatio
3299 2261 3406 2296 nas-

1810 2313 2053 2380 ceretur,
2068 2309 2385 2364 simaneret
2399 2313 2514 2365 fixa
2532 2315 2836 2377 sententia,
2850 2319 2915 2365 ut
2942 2316 3249 2380 captivitas
3265 2318 3404 2366 illata

1811 2379 2087 2445 solvatur,
2113 2385 2169 2433 et
2203 2385 2484 2447 regressio
2528 2385 2779 2448 gloriosa
2810 2379 3120 2451 contingat.
3149 2390 3261 2440 Cur
3284 2401 3403 2441 non

1810 2454 1899 2500 est
1926 2452 2270 2505 continuata
2293 2453 2544 2518 libertas,
2569 2460 2670 2508 aut
2689 2455 2710 2484 δ
2733 2462 3018 2519 quantum
3052 2458 3239 2521 potuit
3272 2471 3403 2511 esse

1809 2521 2125 2586 culparum,
2139 2526 2294 2589 quod
2305 2526 2361 2576 in
2374 2530 2490 2578 tam
2502 2538 2773 2591 magnam
2796 2527 3158 2581 severitatem
3171 2533 3398 2579 animum

1808 2594 1988 2644 nostri
2024 2596 2425 2659 gubernatoris
2468 2598 2856 2650 accenderet?
2882 2600 3206 2653 necessario
3230 2601 3403 2665 igitur

1809 2666 2140 2718 subtexitur
2151 2669 2459 2721 criminum
2474 2671 2853 2734 enumeratio,
2879 2675 2945 2722 ut
2955 2673 3203 2735 gravitas
3215 2673 3405 2724 vindi-

1807 2736 1991 2788 cautis
2003 2744 2290 2803 appareat.
2311 2741 2511 2791 Audite
2534 2756 2656 2805 ergo
2683 2741 2780 2806 ait,
2800 2741 3016 2791 verbum
3040 2744 3281 2802 Domini,
3297 2744 3402 2806 ﬁlii

1806 2807 1991 2871 Israel,
2016 2810 2149 2872 quia
2172 2823 2288 2864 non
2318 2817 2546 2865 recusat
2561 2813 2863 2865 vobiscum
2883 2813 3026 2865 inire
3048 2816 3404 2879 conﬂictum,

1807 2883 1864 2930 et
1884 2881 2164 2934 rationem
2187 2896 2396 2947 ponere
2420 2884 2768 2948 judiciorum
2795 2898 3056 2948 suorum,
3082 2889 3402 2936 meritorum-

1807 2962 1918 3013 que
1946 2958 2292 3019 vestrorum,
2318 2955 2413 3006 cui
2435 2955 2572 3006 dicit
2589 2957 2792 3007 beatus
2809 2957 3011 3015 David,
3030 2963 3087 3005 ut
3090 2957 3404 3021 justiﬁceris

1807 3022 1864 3070 in
1878 3025 2215 3073 sermonibus
2238 3026 2362 3089 tuis,
2386 3031 2431 3075 et
2448 3026 2630 3076 vincas
2652 3042 2776 3075 cum
2792 3027 3065 3091 judicaris
3084 3028 3243 3091 (Psal.
3270 3026 3398 3091 50.).

1804 3094 2018 3156 Audite,
2030 3096 2289 3160 inquam,
2316 3097 2531 3146 verbum
2553 3099 2789 3160 Domini,
2806 3099 2911 3160 ﬁlii
2937 3099 3120 3158 Israel,
3147 3113 3251 3151 vos
3275 3112 3401 3152 om-

1796 3165 1933 3218 nino
1957 3166 2085 3230 ipsi,
2109 3167 2179 3219 de
2201 3167 2415 3231 quibus
2438 3169 2644 3233 agitur,
2682 3169 2937 3235 judicate
2964 3187 2974 3218 :
2999 3174 3057 3222 et
3084 3170 3154 3222 de
3179 3172 3390 3235 quibus

86 3232 1697 3328 3Βῑῖοιέἱὲἅὲῐιῖιῖἅὲιῖἵὲέἆὲῑιῑιῗεᾙξὲέξτῐξίξξίέξ’ξέῐ
1722 3232 1771 3309 C
1798 3238 2257 3328 arsisses
2273 3232 2772 3328 ,εφξιιξθξίιξλὲξλ
2789 3241 3083 3328 nunc:
3125 3232 3394 3328 sseae“

80 3336 256 3395 lium,
281 3347 385 3387 nec
421 3334 535 3387 Deo
580 3334 853 3400 legitime,
895 3348 1001 3388 nec
1039 3334 1206 3386 idolis
1234 3335 1566 3398 cohaerebit,
1594 3337 1696 3387 sed

86 3406 265 3472 quasi
288 3406 446 3458 omni
468 3406 638 3471 deget
658 3406 879 3459 nudata
901 3406 1127 3459 solatio.
1155 3409 1389 3471 Propter
1409 3406 1518 3459 hoc
1543 3409 1697 3460 enim

90 3490 108 3509 ⁸
125 3479 231 3542 ait,
256 3493 371 3529 non
387 3477 762 3544 fornicaberis,
802 3484 849 3529 et
870 3494 981 3529 non
1007 3478 1111 3528 eris
1134 3479 1271 3542 viro,
1305 3479 1395 3528 sed
1423 3488 1467 3527 et
1491 3495 1582 3544 ego
1603 3496 1699 3529 etc-

86 3549 334 3617 spectabo
352 3554 413 3602 te.
440 3551 609 3603 Hunc
641 3550 834 3602 locum
856 3550 1064 3615 Judmi,
1104 3550 1197 3603 vel
1220 3563 1321 3602 eos
1348 3551 1598 3617 sequuti,
1623 3551 1696 3603 ad

85 3620 401 3688 prmsentis
418 3621 692 3687 temporis
705 3621 989 3685 judicium
1006 3621 1293 3687 pertinere
1309 3623 1693 3675 contendunt:

87 3692 258 3757 Quod
280 3693 507 3757 expulsi
531 3693 797 3746 videlicet
814 3694 886 3746 de
894 3696 926 3746 ,Ι
931 3694 1273 3759 erosolymis
1290 3694 1447 3747 nulla
1462 3694 1695 3757 quidem

87 3766 349 3819 habeant
371 3765 541 3818 ofﬁcii
563 3765 935 3819 sacerdotalis
958 3766 1229 3829 insignia,
1260 3779 1393 3830 quae
1417 3767 1696 3831 propheta

87 3842 415 3903 enumerat,
440 3837 564 3890 sine
585 3851 719 3903 rege
751 3850 870 3901 eos,
888 3837 1014 3890 sine
1042 3837 1315 3901 principe,
1344 3837 1466 3889 sine
1480 3838 1695 3889 sacriﬁ-

88 3910 205 3972 cio,
250 3909 375 3962 sine
418 3909 601 3974 altari,
647 3910 772 3963 sine
794 3909 995 3973 Ephod
1019 3913 1077 3961 et
1100 3909 1223 3960 sine
1265 3908 1551 3974 Teraphin
1573 3909 1693 3963 fore

89 3979 370 4047 pollicens
395 3996 409 4033 :
438 3982 788 4035 reversionis
813 3986 1007 4033 tamen
1031 3993 1094 4032 se
1120 3981 1356 4045 pignora
1378 3980 1689 4045 continere,

89 4053 267 4118 idest,
290 4065 495 4105 vocem
508 4053 631 4115 Dei,
664 4052 763 4117 qui
786 4065 849 4105 se
878 4065 1105 4117 quoque
1129 4066 1229 4105 eos
1253 4055 1691 4116 expectaturum

89 4137 228 4177 esse
255 4125 613 4190 promiserat.
646 4124 757 4177 Sed
790 4124 907 4177 falli
939 4137 1039 4176 eos
1082 4124 1144 4175 in
1174 4124 1282 4176 hac
1307 4124 1570 4188 opinione
1594 4122 1693 4176 vel

89 4195 659 4260 fallere,adscitarum
672 4197 734 4249 in
745 4196 919 4249 fidem
929 4195 1136 4248 Christi
1150 4196 1452 4248 nationum
1463 4199 1690 4245 omnium

93 4268 449 4321 documenta
468 4268 839 4322 convincunt.
866 4271 1178 4332 Postquam
1199 4268 1356 4321 enim
1380 4267 1691 4332 Evangelio

89 4340 311 4394 Christi
331 4340 562 4394 credere
583 4340 909 4405 noluerunt,
935 4339 1164 4392 sublata
1186 4344 1277 4392 est
1301 4341 1374 4392 ab
1403 4339 1486 4391 eis
1509 4340 1687 4402 vinea,

89 4416 155 4467 et
177 4412 305 4465 aliis
321 4412 634 4465 commissa
648 4412 984 4477 cultoribus,
1002 4412 1102 4476 qui
1117 4411 1425 4464 redderent
1436 4412 1561 4475 ejus
1580 4411 1692 4462 fru-

88 4483 598 4549 ctumintempore
634 4498 739 4537 suo
774 4484 934 4549 (Psal.
962 4484 1051 4545 1.).
1104 4484 1251 4548 Ergo
1265 4482 1359 4535 illo
1391 4481 1601 4546 seculo,
1632 4482 1690 4533 in

90 4568 212 4622 quo
227 4555 555 4622 Babyloniis
580 4557 924 4619 serviebant,
962 4555 1166 4609 merito
1193 4568 1253 4606 se
1276 4555 1525 4606 invicem
1549 4567 1692 4619 gens

89 4632 155 4683 et
174 4630 332 4681 Deus
355 4633 728 4693 exspectasse
746 4629 1034 4693 dicuntur,
1052 4640 1171 4680 non
1180 4625 1335 4691 quod
1349 4630 1505 4678 totus
1521 4637 1695 4690 popu-

90 4702 190 4754 lus
210 4699 511 4764 gentilium
530 4700 940 4764 profanitatum
963 4704 1121 4751 esset
1140 4698 1436 4761 immunis,
1457 4710 1589 4761 quae
1610 4697 1692 4748 eis

90 4773 543 4826 etiamasanctis
557 4773 684 4825 aliis
696 4772 1031 4825 doctoribus
1047 4772 1430 4836 imputantur:
1447 4771 1546 4822 sed
1562 4786 1687 4832 quo-

90 4845 253 4898 niam
275 4849 399 4897 erat
421 4844 539 4897 illic
560 4845 1161 4911 permixtojustorum
1190 4843 1467 4905 virorum,
1494 4842 1694 4906 etquia

89 4916 301 4970 melior
324 4916 550 4970 soboles
584 4929 761 4981 quam
795 4921 1068 4980 parentes
1100 4915 1313 4979 gaudia
1344 4913 1695 4966 liberationis

90 4993 222 5043 erat
233 4988 518 5041 habitura.
547 4991 780 5055 Propter
794 4988 1003 5040 horum
1029 4992 1249 5052 partem
1264 4989 1418 5039 Deus
1434 4998 1496 5038 se
1519 4987 1695 5047 utique

91 5063 570 5125 exspectaturum
585 5060 885 5125 promittit,
903 5058 1292 5123 idest,nullam
1306 5059 1475 5112 aliam
1501 5063 1693 5120 gentem

89 5134 159 5186 in
181 5132 373 5184 locum
398 5132 676 5198 depulsae,
711 5132 975 5198 protinus
998 5132 1376 5195 adsciturum,
1401 5130 1582 5183 donec
1603 5142 1692 5182 re-

93 5205 254 5268 deat,
267 5203 416 5255 sicut
431 5208 489 5256 et
514 5215 690 5269 supra
712 5203 990 5264 diximus,
1005 5202 1382 5265 castigatione
1398 5202 1619 5263 melior,
1641 5204 1697 5251 et

92 5275 380 5340 recipiens
412 5274 639 5339 antiqui
670 5274 1058 5339 pontificatus,
1094 5285 1226 5336 quae
1247 5272 1517 5324 amiserat
1545 5272 1690 5335 [.4an

91 5346 450 5412 admiserat],
486 5350 844 5410 ornamenta,
882 5345 941 5397 in
973 5345 1427 5408 confrequentati
1457 5358 1532 5397 ne
1556 5344 1695 5411 iide-

162 5528 179 5547 ι
206 5516 425 5570 Vitiose
447 5520 618 5569 antea
640 5520 736 5567 aut
760 5516 1071 5581 legebatur,
1096 5527 1204 5567 nec
1231 5513 1541 5579 Scriptura
1565 5526 1692 5566 ver-

96 5592 188 5653 ba,
217 5594 284 5642 ut
305 5589 445 5642 alias
469 5588 811 5655 smpissime,
846 5588 1407 5641 internoscebantur.

160 5663 182 5693 "
202 5662 488 5727 Scriptum
512 5666 634 5715 erat
655 5660 994 5714 anteanullo
1010 5662 1112 5712 aut
1133 5656 1501 5711 incommodo
1518 5670 1695 5711 sensu

94 5750 290 5802 quum,
323 5747 423 5800 pro
454 5747 568 5799 quo
590 5746 701 5786 nos
724 5738 995 5799 quantum
1008 5732 1384 5785 restituimus.

161 5808 287 5860 Ἐκ
331 5799 539 5872 prioris
584 5805 831 5859 Editoris
872 5804 1093 5858 monito
1123 5803 1371 5869 jungunt
1406 5799 1697 5867 rescripsi-

96 5893 234 5934 mus
261 5891 363 5945 pro
377 5879 684 5946 jungentes,
708 5876 864 5945 quod
894 5879 1065 5931 antea
1086 5876 1400 5931 obtinebat.

160 5953 182 5983 ⁸
205 5951 412 6007 Minori
431 5962 673 6006 numero
686 5949 862 6005 habet
876 5948 1519 6015 HieronymianaEditio,
1534 5950 1697 6016 inﬁr-

1799 3310 1964 3361 vobis
1987 3309 2202 3373 aliquid
2234 3324 2461 3372 sensus,
2487 3312 2560 3363 ad
2584 3312 3005 3364 confessionem
3034 3318 3091 3363 et
3114 3313 3390 3377 pmniten-

1796 3381 1939 3432 tiam
1964 3382 2285 3435 convolate.
2316 3383 2444 3433 Non
2476 3389 2545 3432 est
2568 3384 2714 3432 enim
2740 3384 2953 3446 veritas,
2978 3389 3024 3432 et
3058 3399 3169 3433 non
3193 3390 3265 3433 cst
3286 3386 3392 3434 mi-

1795 3454 2110 3515 sericordia,
2136 3460 2179 3503 et
2197 3470 2309 3504 non
2333 3460 2405 3504 est
2429 3456 2651 3504 scientia
2666 3456 2761 3505 Dei
2787 3456 2845 3503 in
2864 3462 3025 3505 terra.
3040 3455 3208 3507 Haud
3225 3457 3393 3519 quasi

1797 3537 1869 3577 ex
1892 3524 2192 3578 intervallo
2217 3527 2424 3591 aliquo,
2442 3527 2648 3590 inquit,
2667 3526 3022 3591 delinquunt,
3040 3531 3105 3578 ut
3125 3526 3392 3589 quaedam

1801 3597 2089 3649 videretur
2099 3597 2390 3650 ultionum
2414 3603 2471 3651 et
2484 3599 2763 3651 virtutum
2784 3600 2927 3650 facta
2941 3598 3295 3662 commixtio,
3306 3603 3391 3649 sed

1796 3668 1878 3721 ita
1910 3669 2183 3733 pessimis
2206 3669 2494 3723 laudanda
2518 3676 2836 3734 cesserunt,
2862 3672 3057 3722 utnec
3080 3671 3391 3736 vestigium

1795 3740 2096 3804 probitatis
2132 3740 2360 3805 uspiam
2403 3748 2691 3806 appareat,
2731 3755 2845 3794 non
2870 3741 3015 3793 ﬂdes
3042 3741 3298 3805 inquam,
3331 3742 3392 3794 in

1795 3810 2163 3874 testimoniis,
2190 3824 2307 3863 non
2332 3812 2561 3875 justitia
2584 3812 2644 3864 in
2678 3813 2932 3877 judiciis,
2961 3825 3078 3863 non
3100 3812 3283 3877 pietas
3305 3826 3394 3865 re-

1795 3883 2006 3933 mansit
2021 3882 2080 3933 in
2092 3882 2315 3934 ritibus.
2335 3883 2481 3946 Quid
2515 3883 2642 3934 dico
2669 3883 2729 3948 [A
2740 3882 2772 3933 ι.
2801 3883 3006 3946 dicam]
3031 3895 3233 3935 vacare
3255 3896 3391 3948 pec-

1796 3956 1917 4005 tora
1940 3953 2132 4005 timore
2156 3953 2372 4018 divino,
2396 3966 2528 4005 cum
2555 3966 2754 4005 omnes
2778 3954 2950 4005 etiam
2979 3954 3233 4007 nominis
3261 3956 3390 4019 ejus

1792 4025 2083 4090 occuparit
2105 4024 2336 4088 oblivio,
2350 4030 2525 4089 atque
2549 4024 2794 4075 invicem
2818 4037 3016 4076 secum
3044 4027 3314 4075 crudelitas
3344 4033 3393 4075 et

1791 4096 1966 4150 libido
1980 4097 2308 4161 contendat,
2322 4096 2552 4160 quando
2564 4096 2909 4147 irruentibus
2922 4111 2954 4158 q
2964 4108 3148 4159 uoque
3165 4099 3387 4159 ﬂagitiis,

1790 4168 2211 4222 inundantibus
2230 4168 2597 4230 facinoribus,
2622 4180 2730 4219 nec
2765 4179 2800 4219 a
2819 4166 3054 4232 pudoris
3077 4180 3183 4219 nec
3205 4180 3240 4219 a
3261 4181 3388 4221 san-

1791 4241 1986 4306 guinis
2019 4240 2341 4293 discrimine
2365 4241 2734 4305 temperatur,
2765 4238 2866 4291 sed
2892 4249 2910 4269 °
2926 4239 3184 4305 jungunt
3210 4239 3390 4292 male-

1792 4312 1947 4364 dicta
1968 4312 2304 4373 mendaciis,
2327 4311 2635 4365 homicidia
2649 4310 2836 4374 furtis,
2861 4310 3143 4363 adulteria
3163 4310 3391 4363 sacrile-

1791 4383 1899 4447 giis
1914 4386 1941 4434 ?
1957 4383 2180 4448 Omnia,
2207 4385 2424 4436 sanctae
2447 4383 2739 4447 quondam
2762 4382 3015 4447 regionis
3036 4383 3157 4433 loca
3167 4385 3389 4433 caedibus

1791 4455 2266 4520 impleverunt,ut
2280 4468 2375 4518 per
2385 4454 2818 4507 multitudinem
2835 4454 3263 4506 interfectorum
3279 4468 3369 4504 san

1792 4528 1922 4593 guis
1950 4526 2218 4591 sanguini
2238 4527 2585 4579 misceretur.
2615 4526 2777 4588 Quod
2806 4538 2925 4577 non
2959 4538 3057 4590 per
3078 4537 3388 4590 exaggera-

1794 4600 2029 4662 tionem,
2049 4598 2151 4651 sed
2175 4611 2275 4663 per
2299 4597 2471 4651 fidem
2498 4598 2719 4650 dictum
2735 4610 2882 4655 esse.
2918 4596 3107 4662 prodit
3128 4596 3385 4650 historia.

1795 4673 1928 4735 Ipsa
1953 4675 2088 4722 sunt
2114 4670 2398 4734 siquidem
2417 4673 2675 4735 tempora
2694 4669 2754 4721 in
2773 4669 2985 4732 quibus
2997 4672 3055 4721 et
3070 4669 3274 4722 beatus
3293 4672 3388 4718 He-

1792 4741 1901 4793 lias
1928 4741 2286 4807 interogatus
2310 4754 2345 4794 a
2363 4743 2478 4794 Deo
2496 4741 2635 4805 quid
2654 4741 2716 4794 in
2727 4741 3258 4805 solitudineageret;
3275 4757 3389 4791 cum

1794 4813 1988 4865 dolore
2027 4813 2365 4877 respondit:
2401 4814 2632 4865 Domine
2664 4833 2678 4866 :
2725 4813 3019 4878 Prophetas
3055 4819 3172 4865 tuos
3200 4812 3390 4864 occide-

1792 4889 1943 4946 runt,
1977 4884 2182 4935 altaria
2221 4891 2316 4935 tua
2359 4886 2762 4949 destruxerunt,
2809 4891 2853 4935 et
2891 4901 2982 4950 ego
3026 4885 3240 4935 relictus
3269 4899 3389 4933 sum

1793 4957 1954 5021 solus,
1979 4962 2025 5006 et
2051 4962 2303 5022 quaerunt
2336 4959 2590 5009 animam
2612 4973 2789 5008 meam
2817 4956 2887 5024 (3.
2911 4958 3033 5022 Reg.
3058 4956 3184 5020 19.).
3209 4958 3391 5009 Tanta

1794 5040 1930 5092 ergo
1955 5028 2292 5093 profanitate
2321 5031 2569 5095 populus
2598 5034 2721 5083 erat
2743 5033 3066 5093 corruptus,
3092 5030 3392 5085 utiuterne-

1794 5100 1958 5152 cione
1983 5099 2184 5152 ultima
2205 5100 2330 5165 pios
2348 5114 2629 5166 quosque,
2654 5101 2824 5165 idest,
2847 5100 3097 5154 cultores
3108 5100 3391 5153 Deidelere

1794 5171 2219 5224 contenderent.
2237 5174 2374 5233 Quae
2398 5172 2641 5226 nefanda
2661 5171 2956 5235 religionis
2968 5172 3255 5237 corruptio
3271 5187 3393 5234 quo-

1793 5243 1949 5296 niam
1965 5243 2187 5296 nullum
2198 5243 2430 5309 quidem
2443 5245 2710 5305 habebat,
2725 5248 2951 5308 propter
2962 5243 3115 5308 quod
3126 5248 3392 5309 expecte-

1794 5321 1949 5369 retur
1964 5316 2217 5383 precium
2241 5316 2571 5381 voluptatis,
2589 5315 2988 5381 impunitatem
3016 5319 3208 5367 tamen
3224 5315 3392 5367 factis

1794 5390 1851 5442 et
1866 5389 2131 5453 turpibus
2142 5387 2512 5453 pollicebatur
2527 5391 2586 5439 et
2603 5387 2876 5439 trucibus.
2891 5386 3026 5439 Ideo
3042 5386 3255 5438 Baalim
3267 5397 3397 5438 vac-

1794 5474 2112 5525 carumque
2136 5461 2404 5521 cultores,
2429 5456 2588 5528 4|6
2611 5458 2895 5511 Jezabelis
2939 5456 3390 5521 furori,funden-

1794 5534 1869 5588 do
1895 5534 2120 5599 piorum
2144 5532 2506 5597 sanguinem,
2541 5530 2890 5584 serviebant.

1857 5622 2018 5674 Vers.
2052 5620 2101 5677 3.
2140 5649 2199 5660 -
2224 5622 2449 5686 Propter
2481 5621 2577 5671 hoc
2602 5617 2797 5683 lugebit
2822 5622 2985 5681 terra,
3018 5622 3063 5667 et
3093 5616 3115 5646 δ
3136 5616 3393 5681 infirma-

1794 5694 1999 5747 buntur
2013 5710 2199 5745 omnes
2216 5694 2313 5761 qui
2330 5693 2581 5744 habitant
2598 5691 2659 5740 in
2672 5706 2732 5741 ea
2750 5708 2760 5739 :
2778 5690 2839 5739 in
2855 5689 3019 5740 bestia
3039 5689 3163 5754 agri
3173 5694 3219 5739 et
3236 5689 3293 5738 in
3314 5704 3396 5738 υοο

1793 5874 2035 5927 mabitur
2076 5888 2280 5941 omnes,
2326 5873 2483 5940 quod
2527 5873 2734 5925 Noster
2774 5870 3018 5935 ipsemet
3051 5868 3112 5922 in
3133 5868 3395 5923 subnexa

1791 5947 1904 6004 loci
1922 5945 2262 6012 repetitione
2276 5946 2497 6013 probat.
3381 5953 3396 5967 ·
