3884 6396
472 344 582 402 983

1530 337 1798 393 RUFINO
1830 332 2295 388 PRESBYTERO
2327 333 2714 389 ASCRIPTUS

3666 342 3781 400 984

474 458 620 509 luere
647 457 776 523 caeli,
805 457 897 507 sed
917 462 962 506 et
976 457 1145 521 pisces
1168 452 1340 504 maris
1363 451 1852 517 congregabantur.
1880 451 2067 523 Propo-
2089 447 2147 522 Α
2173 448 2386 523 nectit:
2413 447 2680 523 Conticuit
2701 450 2935 515 populus
2953 465 3101 502 meus
3122 467 3179 503 eo
3204 453 3350 519 quod
3371 468 3483 506 non
3513 455 3781 507 habuerit

474 529 602 583 sitis
623 517 1033 592 indignationis
1058 538 1183 578 sua:
1196 524 1433 586 caussis,
1448 523 1867 586 consequenter
1882 517 2065 592 excla-

475 606 613 663 mat,
642 591 825 665 ipsam
851 604 1057 650 terram
1079 596 1445 661 operiendam
1468 594 1739 658 luctibus,
1783 591 1951 643 sicuti
1978 593 2068 643 est

475 674 673 745 operta
687 670 1045 745 criminibus.
1059 669 1277 745 Quibus
1290 673 1408 745 tam
1425 666 1623 745 multis
1635 671 1868 745 tamque
1882 666 2067 745 ingen-

476 735 653 805 tibus,
696 742 744 792 si
788 741 1127 805 contigisset
1149 740 1485 804 impunitas,
1511 739 1683 791 etiam
1710 735 2068 802 providentia

474 818 795 879 negaretur.
837 810 1218 876 Inﬁrmitabur
1248 823 1384 876 ergo
1406 811 1584 861 omnis
1606 808 1791 861 cultor
1816 806 2067 879 regionis

469 889 535 938 in
550 875 735 935 Vbestia
767 875 911 947 agri,
947 888 993 932 et
1018 883 1081 932 in
1104 883 1312 933 volucre
1334 882 1444 932 caeli
1479 882 1705 934 Restias
1729 879 1852 944 agri
1876 875 2067 942 appel-

466 959 605 1019 lare,
630 958 906 1019 armenta,
934 960 993 1007 et
1014 968 1221 1020 greges
1246 954 1418 1006 etiam
1435 953 1829 1006 soletdivinus
1855 960 2062 1001 sermo.

466 1032 622 1093 Ergo
637 1040 769 1079 cum
795 1027 1027 1091 frugum
1054 1027 1167 1091 (ait)
1191 1031 1248 1079 et
1266 1025 1560 1078 fructuum
1576 1022 1903 1077 incubuerit
1924 1035 2067 1083 eges-

467 1107 577 1167 tas,
603 1117 876 1170 pecorum
907 1116 1136 1169 quoque
1165 1102 1423 1155 defectus
1446 1104 1503 1152 et
1522 1098 1714 1162 inopia
1746 1106 2062 1159 conseque-

469 1182 579 1231 tur.
606 1180 721 1230 Nec
744 1177 825 1228 sic
851 1189 993 1251 sane
1012 1176 1144 1251 finis
1167 1174 1396 1251 angoris
1422 1174 1549 1251 :sed
1568 1173 1731 1251 etiam
1752 1171 1916 1251 pisces
1939 1182 2066 1251 con-

469 1249 856 1315 gregabuntur,
901 1249 1070 1312 idest,
1100 1248 1370 1300 deficient
1411 1247 1478 1298 ut
1517 1244 1726 1306 desint,
1768 1246 1835 1294 ut
1874 1252 1981 1292 nec
2006 1244 2064 1291 in

467 1323 635 1387 aquis
668 1321 855 1395 possit
875 1320 1147 1395 alimonia
1170 1319 1419 1385 reperiri.
1606 1392 1615 1395 Α
1926 1386 1939 1395 1
2002 1384 2037 1395 η

533 1384 695 1447 vers:
724 1394 772 1448 4.
792 1393 843 1448 5.
869 1420 931 1432 -
968 1384 1346 1444 Verumtamen
1371 1392 1745 1465 unusquisque
1770 1401 1881 1465 non
1909 1384 2066 1465 judij

468 1472 558 1527 cet,
599 1471 644 1516 et
678 1481 791 1515 non
812 1470 1084 1529 arguatur
1105 1465 1207 1515 vir.
1230 1464 1473 1529 Populus
1496 1455 1641 1513 enim
1668 1467 1808 1520 tuus,
1834 1458 1969 1507 sicut
2005 1455 2064 1504 hi

467 1538 565 1603 qui
610 1537 989 1588 contradicunt
1029 1535 1309 1587 sacerdoti.
1345 1536 1412 1585 Et
1446 1549 1657 1585 corrues
1684 1543 1701 1563 ³
1732 1538 1806 1592 tu,
1856 1532 2064 1603 corruet

468 1599 631 1660 etiam
675 1609 937 1674 propheta
978 1613 1165 1657 tecum.
1192 1608 1248 1660 Si
1278 1612 1486 1671 stante,
1525 1605 1731 1670 inquit,
1756 1599 2061 1669 republica,

468 1694 569 1746 per
593 1680 937 1733 sententiam
962 1680 1222 1744 judicum
1244 1683 1523 1731 nocentes
1547 1676 1725 1742 aliqui
1741 1677 2062 1738 disperirenl,

467 1755 803 1816 argueretur
839 1756 993 1804 certe
1016 1750 1175 1814 alter,
1202 1753 1260 1803 et
1282 1751 1423 1803 alter
1445 1754 1740 1817 argueret:
1773 1747 2066 1813 proprium

2170 519 2469 591 scientiam.
2497 522 2526 570 Ι
2532 523 2727 573 ustum
2751 527 2875 574 erat
2899 523 3126 589 (inquit)
3151 529 3219 577 ut
3240 525 3389 578 labia
3410 527 3595 591 plebis
3621 540 3778 581 mea;

2171 590 2398 655 lugubri
2416 591 2645 646 silentio
2657 594 3078 660 clauderentur,
3089 608 3221 659 quae
3232 590 3503 648 noluerunt
3513 600 3777 662 loquendo

2172 663 2517 718 condiscere.
2555 665 2809 725 Proinde,
2857 667 3010 730 quod
3056 668 3203 720 dixit
3227 669 3521 722 scientiam
3552 670 3775 735 populo

2171 735 2441 800 defuisse,
2488 750 2561 790 ne
2605 742 2670 789 tu
2703 737 2776 789 ad
2804 738 3054 802 aliquam
3077 740 3480 794 necessitatem
3503 741 3777 805 referres,

2172 807 2463 873 continuo,
2502 808 2639 872 quid
2670 816 3021 873 accusasset,
3056 812 3325 864 ostendit.
3356 813 3494 872 Quia
3519 819 3581 862 tu
3601 814 3777 864 scicn-

2171 881 2307 930 tiam
2354 881 2616 943 repulisti,
2666 881 2920 945 repellam
2952 889 2997 932 te
3027 888 3072 932 et
3096 899 3206 946 ego,
3231 900 3297 933 ne
3317 886 3610 935 sacerdotio
3633 888 3777 950 fun-

2171 952 2319 1015 garis
2352 952 2495 1001 mihi
2521 969 2532 1000 :
2586 957 2631 1002 et
2660 952 2824 1002 oblita
2844 968 2894 1001 es
2919 953 3046 1017 legis
3067 955 3163 1005 Dei
3187 956 3283 1011 tui,
3319 956 3603 1007 obliviscar
3623 958 3777 1023 ﬁlio-

2172 1039 2298 1071 rum
2346 1029 2566 1073 tuorum
2610 1030 2656 1073 et
2679 1040 2787 1088 ego.
2813 1024 3056 1077 Noluisti
3095 1027 3316 1091 (inquit)
3339 1029 3680 1094 intelligere,
3702 1035 3777 1082 ut

2172 1096 2314 1148 bene
2359 1108 2560 1161 ageres
2600 1096 2760 1159 (Psal.
2798 1096 2926 1160 35.),
2974 1098 3071 1149 sed
3098 1099 3461 1163 iniquitatem
3496 1102 3562 1153 in
3589 1102 3775 1154 cubili

2171 1167 2465 1231 meditata,
2502 1181 2604 1233 pro
2640 1168 2914 1221 arbitratu
2952 1172 3052 1221 tuo
3081 1183 3224 1223 ausa
3261 1184 3324 1224 es
3350 1172 3505 1236 apud
3529 1175 3585 1226 te
3615 1174 3775 1239 legis

2171 1250 2315 1311 mea;
2337 1240 2599 1291 membra
2619 1239 2905 1305 dirimere,
2932 1242 3254 1304 utjustitiee
3292 1249 3449 1307 parte
3482 1246 3772 1311 neglecta,

2168 1310 2485 1362 hostiarum
2510 1311 2774 1364 instituta
2788 1312 3085 1364 retineres:
3114 1313 3243 1366 ideo
3265 1314 3372 1366 ibit
3392 1315 3624 1368 obviam
3650 1310 3777 1381 per-

2170 1384 2429 1435 versitati
2456 1388 2573 1437 tua)
2597 1384 2772 1449 digna
2794 1384 3108 1446 frustratio,
3122 1392 3187 1439 ut
3206 1399 3321 1439 non
3344 1387 3420 1439 sit
3441 1388 3677 1441 licentia
3692 1390 3773 1441 of-

2172 1454 2534 1509 ferendarum
2568 1456 2907 1521 hostiarum,
2945 1458 3039 1510 cui
3066 1459 3487 1522 sequendarum
3510 1473 3626 1512 non
3656 1460 3775 1513 fuit

2171 1539 2308 1577 cura
2331 1527 2611 1581 virtutum
2630 1543 2642 1580 :
2664 1528 2807 1581 dura
2824 1530 2926 1582 tibi
2937 1529 3260 1583 imminebit
3275 1530 3636 1584 taciturnitas
3647 1549 3771 1595 quae

2170 1600 2241 1650 ab
2265 1599 2501 1652 auribus
2532 1600 2648 1653 tuis
2683 1600 2964 1653 salutares
2996 1602 3216 1654 monitu
3240 1601 3558 1667 propulisti.
3586 1604 3771 1655 Oblita

2169 1686 2219 1720 es
2252 1672 2374 1731 mei,
2422 1672 2703 1723 obliviscar
2744 1677 2789 1722 et
2832 1689 2923 1737 ego
2972 1673 3214 1737 ﬁliorum
3246 1679 3495 1739 tuorum,
3527 1680 3595 1728 ut
3628 1689 3773 1739 qua

2170 1749 2513 1807 spontanam
2542 1758 2713 1808 passa
2737 1758 2800 1797 es
2820 1746 2881 1798 in
2907 1745 3110 1798 ofﬁciis
3135 1747 3472 1811 cmcitatem,
3506 1749 3773 1814 experia-

468 1824 754 1889 siquidem
778 1836 993 1875 munus
1005 1835 1248 1875 censura
1264 1828 1575 1898 exerceret.
1594 1816 1704 1874 Per
1715 1821 1871 1898 quod
1890 1818 2059 1898 simul
2088 1822 2142 1896 B
2170 1816 2248 1898 ris
2270 1816 2793 1898 acerbissimamde
2812 1818 3003 1898 liberis
3019 1818 3519 1898 orbitatem:_Quod
3530 1819 3609 1872 ita
3638 1835 3772 1898 sane

468 1895 808 1957 ostenditur,
833 1894 969 1958 quia
983 1907 1100 1946 non
1124 1907 1356 1946 omnem
1382 1894 1555 1945 simul
1579 1894 1855 1959 populum
1882 1892 2061 1944 scele-

469 1980 597 2020 rum
620 1967 801 2027 tabes,
824 1966 1011 2018 morbi
1030 1966 1230 2029 instar,
1249 1971 1351 2019 aut
1367 1965 1727 2031 pestilentia,
1741 1964 1763 1994 ’³
1778 1963 2071 2030 possedis-

471 2042 592 2091 set:
620 2037 721 2090 sed
770 2037 921 2089 sicut
952 2037 1046 2089 alii
1089 2037 1295 2101 turpia,
1320 2037 1398 2089 ita
1423 2036 1681 2101 plerique
1706 2036 1951 2088 honesta
1979 2046 2069 2085 se-

472 2114 811 2174 querentur.
866 2110 943 2160 At
965 2108 1063 2160 ubi
1088 2108 1393 2160 universos
1414 2121 1560 2172 pene
1583 2111 1770 2159 ccetus
1793 2106 2069 2170 iniquitas

470 2180 636 2244 quasi
661 2180 961 2245 conjurata
984 2179 1327 2243 possederit,
1344 2179 1499 2244 quod
1517 2179 1637 2230 suis
1648 2177 1927 2231 accidisse
1945 2183 2069 2226 tem-

472 2251 706 2316 poribus
735 2251 879 2303 Osee
910 2250 1191 2315 propheta
1212 2250 1488 2315 deplorat,
1520 2250 1723 2303 merito
1747 2250 1920 2301 etiam
1950 2254 2069 2300 tam

471 2321 733 2375 doctrina
747 2334 920 2386 quam
948 2333 1195 2374 censura
1216 2322 1485 2383 cessabit,
1504 2324 1570 2374 ut
1593 2320 1848 2374 etlusain
1863 2319 2070 2385 impios

471 2406 643 2460 paena
671 2392 965 2446 desmviat.
1004 2395 1152 2458 Ergo
1188 2393 1297 2445 sub
1326 2392 1513 2459 specie
1535 2392 1821 2458 praecepti,
1852 2392 1943 2444 vis
1980 2395 2072 2444 est

470 2477 747 2531 expressa
764 2464 986 2529 judicii.
1010 2466 1389 2516 Verumtamen
1406 2465 1777 2529 unusquisque
1795 2480 1905 2513 non
1914 2463 2072 2527 judi-
2096 2468 2105 2471 ”

470 2542 561 2598 cet,
602 2542 649 2587 et
690 2552 804 2586 non
832 2542 1101 2602 arguatur
1129 2537 1233 2600 rir,
1257 2536 1424 2596 idest,
1449 2548 1621 2588 nemo
1640 2535 1937 2599 judicabit,
1973 2548 2073 2586 ne-

472 2620 585 2672 que
609 2608 819 2672 aliquis
847 2614 1151 2674 arguetur:
1175 2607 1373 2661 hostili
1399 2609 1552 2661 enim
1577 2607 1767 2660 furore
1791 2606 2074 2659 vastanda

470 2693 554 2743 es,
597 2693 715 2733 non
760 2681 1020 2745 judicum
1062 2681 1453 2746 expungenda
1490 2681 1806 2733 sententiis.
1832 2679 2074 2744 Populus

470 2752 619 2803 enim
645 2758 770 2803 tuus
790 2755 925 2804 sicut
946 2754 1004 2804 hi
1028 2754 1126 2818 qui
1148 2753 1524 2805 contradicunt
1553 2751 1831 2813 sacerdoti,
1859 2766 2073 2801 corrues

472 2832 550 2889 tu,
593 2832 802 2877 corruet
845 2827 1007 2876 etiam
1048 2826 1308 2890 propheta
1339 2831 1525 2875 tecum.
1555 2826 1662 2876 Pro
1689 2823 1923 2888 judicio,
1954 2835 2073 2874 non

471 2910 574 2962 pro
599 2897 1026 2961 comparatione
1051 2898 1229 2959 istud,
1253 2897 1407 2959 sicut,
1439 2897 1718 2962 propheta
1751 2894 2068 2947 constituit.

472 2972 618 3034 Ergo
647 2970 790 3022 nihil
823 2982 1045 3022 novum
1084 2970 1144 3020 in
1170 2969 1389 3021 ultione
1413 2968 1753 3033 conspicies,
1791 2967 1893 3020 sed
1917 2966 2070 3031 quod

470 3042 778 3095 exercuisti
820 3042 879 3093 in
904 3041 1109 3106 culpis,
1138 3053 1515 3101 recognosces
1540 3039 1599 3092 in
1622 3040 1826 3107 poenis.
1856 3041 2073 3100 Populus

472 3113 683 3180 quippe
713 3118 852 3167 tuus
878 3113 1090 3166 restitit
1106 3112 1407 3171 sacerdoti,
1432 3112 1600 3176 idest,
1628 3125 1661 3164 a
1686 3125 1823 3164 vero
1851 3110 2078 3174 pontifi-

2169 1887 2602 1952 intelligendum
2637 1891 2744 1953 est,
2781 1894 2847 1941 ut
2868 1903 2985 1942 non
3007 1895 3281 1955 putemus
3303 1890 3461 1943 illum
3484 1891 3770 1956 populum

2165 1959 2330 2010 idolis
2367 1961 2782 2025 mancipatum,
2822 1963 2941 2014 Deo
2967 1975 3118 2024 vero,
3151 1962 3238 2014 vel
3270 1962 3590 2017 hostiarum
3612 1964 3773 2018 obla-

2168 2031 2316 2083 tione
2341 2033 2615 2096 servisse,
2645 2046 2775 2085 cum
2798 2032 2928 2087 haec
2963 2034 3335 2099 potissimum
3363 2035 3532 2087 fuerit
3551 2048 3771 2088 caussa

2168 2104 2687 2156 consecrandorum
2710 2105 2768 2156 in
2789 2106 3022 2169 regione
3038 2106 3368 2166 vitulorum,
3397 2119 3472 2159 ne
3496 2108 3771 2172 perobla-

2168 2175 2384 2227 tionem
2407 2175 2725 2228 hostiarum
2755 2176 3005 2229 adeundi
3041 2177 3321 2242 templum
3344 2177 3510 2230 detur
3535 2178 3655 2230 illis
3679 2191 3771 2230 οο·

2168 2247 2340 2299 casio.
2362 2248 2638 2299 Geminus
2654 2260 2791 2313 ergo
2802 2248 3126 2301 intellectus
3138 2248 3310 2302 debet
3324 2251 3563 2315 assumi,
3588 2256 3655 2302 ut
3674 2251 3769 2303 vel

2171 2320 2278 2370 sub
2323 2319 2645 2373 conditione
2669 2319 2822 2372 illius
2846 2321 3099 2384 positum
3126 2321 3218 2385 sit,
3239 2333 3307 2374 ac
3326 2321 3375 2373 si
3399 2322 3724 2374 diceremus
3753 2340 3764 2371 :

2172 2391 2407 2443 Etiamsi
2443 2392 2744 2445 sacerdotii
2770 2396 2962 2456 partes
2994 2394 3249 2458 graviter
3272 2393 3769 2460 impleretis,nihii

2170 2462 2417 2525 profecto
2439 2463 2512 2516 ad
2536 2463 2928 2517 defensionem
2946 2469 3201 2517 vestram
3219 2465 3452 2530 valeret,
3470 2478 3616 2528 quos
3637 2479 3767 2519 mo-

2170 2546 2297 2585 rum
2315 2534 2543 2589 fceditas
2554 2537 2858 2599 arguebat:
2875 2536 2977 2589 sed
2994 2542 3417 2601 consequenter
3425 2538 3596 2591 etiam
3611 2544 3769 2588 amit-

2171 2606 2365 2658 teretis
2391 2607 2814 2670 superstitionis
2837 2613 3049 2661 vestrae
3092 2615 3340 2675 angusta
3380 2610 3585 2663 isthwc
3606 2614 3664 2663 et
3687 2612 3767 2663 ri-

2170 2675 2357 2728 denda
2391 2678 2612 2739 solatia,
2653 2680 2751 2743 qui
2789 2680 3128 2731 meritorum
3168 2680 3383 2732 auxilia
3413 2680 3761 2745 perdidistis.

2172 2747 2273 2799 Vel
2297 2753 2466 2812 certe,
2493 2750 2629 2814 quia
2648 2755 2809 2803 erant
2831 2750 2892 2802 in
2923 2750 3065 2815 ipsis
3088 2751 3376 2803 Tribubus
3404 2752 3644 2818 sparsim
3660 2752 3764 2805 ha-

2170 2818 2419 2872 bitantes
2452 2827 2510 2873 et
2542 2822 2837 2887 propheta
2866 2828 2921 2875 et
2952 2823 3193 2888 legitimi
3217 2824 3558 2889 sacerdotes,
3583 2824 3765 2888 aliqui

2171 2891 2344 2944 etiam
2374 2893 2445 2948 de
2468 2895 2633 2959 plebe
2655 2895 2853 2948 eadem
2871 2895 3220 2947 munuscula
3232 2896 3432 2948 otferre
3443 2909 3765 2950 consueve-

2170 2969 2318 3025 rant,
2336 2970 2393 3017 et
2408 2979 2507 3030 per
2530 2966 2639 3018 hoc
2658 2967 3061 3031 impunitatem
3078 2968 3359 3022 scelerum
3381 2968 3685 3021 credebant
3699 2982 3761 3021 se

2171 3048 2342 3099 posse
2389 3038 2683 3091 obtinere:
2719 3038 2809 3091 his
2856 3052 3085 3105 quoque
3131 3038 3361 3100 talibus,
3395 3042 3503 3092 sub
3527 3052 3767 3105 persona

2177 3107 2369 3171 populi
2399 3111 2783 3162 comminatur
2811 3110 2959 3177 [Ant.
3001 3110 3426 3177 comminatus],
3453 3112 3607 3176 quod
3631 3125 3765 3164 cum

472 3179 634 3247 catu,
680 3183 1070 3238 consectando
1102 3182 1278 3242 idola,
1335 3184 1642 3236 recessisti.
1672 3180 2078 3236 Contradixisti
2109 3239 2144 3248 _
2177 3179 2402 3232 irruerit
2432 3186 2627 3247 aperta
2650 3182 2971 3247 captivitas,
2989 3182 3159 3235 etiam
3177 3182 3329 3234 illius
3352 3184 3767 3248 opinionisam-

468 3270 604 3322 ergo
623 3239 936 3318 sacerdoti,
962 3255 1061 3317 ait,
1087 3267 1220 3307 cum
1234 3239 1428 3308 sacras
1444 3255 1800 3309 ceremonias
1814 3253 2074 3320 repulisti
2099 3239 2148 3315 Ο
2178 3239 2486 3304 ωἱηίοιιΙίεῘ
2507 3239 2796 3307 exuant-ur
2825 3267 2941 3319 qua
2962 3239 3037 3307 'se
3065 3267 3205 3320 erga
3224 3239 3554 3320 Dominum,
3581 3254 3673 3308 vel
3695 3269 3767 3308 ex

471 3342 604 3381 cum
652 3328 936 3382 salutares
982 3326 1257 3389 monitus,
1289 3331 1347 3379 et
1371 3333 1662 3393 praecepta
1696 3340 1884 3378 mores
1910 3326 2080 3378 infor-

470 3402 691 3455 mantia
737 3400 1004 3466 respuistl
1033 3416 1045 3451 :
1086 3403 1141 3450 et
1168 3401 1228 3450 ut
1271 3400 1464 3466 impiis
1497 3401 1763 3462 ducibus,
1800 3400 1878 3450 ita
1902 3399 2076 3451 etiam

467 3474 719 3539 profanis
734 3474 964 3524 vatibus
989 3478 1044 3524 te
1062 3472 1368 3525 tradidisti.
1396 3472 1597 3524 Merito
1610 3471 1783 3535 igitur
1795 3473 2076 3533 utrosque

472 3544 758 3596 sententia
779 3556 938 3595 nunc
960 3544 1223 3596 immissa
1244 3542 1525 3607 involvet,
1539 3547 1604 3594 ut
1629 3544 1687 3593 et
1712 3546 1775 3593 tu
1799 3554 1930 3593 cum
1956 3554 2078 3605 pro-

470 3614 659 3681 phetis
683 3614 818 3677 tuis,
843 3613 1011 3677 idest,
1037 3614 1231 3666 ariolis
1257 3614 1603 3666 conlabaris.

534 3687 698 3738 Vers.
736 3683 787 3739 6.
831 3712 895 3722 -
935 3685 1095 3735 Nocte
1134 3692 1302 3736 tacere
1323 3686 1424 3749 feci
1446 3690 1675 3735 matrem
1696 3689 1866 3733 tuam.
1888 3681 2076 3734 Conti-

475 3758 583 3808 cuit
605 3756 835 3821 populus
872 3772 1037 3817 meus,
1072 3773 1130 3807 eo
1162 3758 1306 3821 quod
1337 3774 1445 3807 non
1474 3757 1718 3807 habuerit
1740 3754 2073 3805 sententiam.

479 3829 620 3889 Quia
643 3835 701 3878 tu
722 3830 1004 3879 scientiam
1027 3830 1291 3894 repulisti,
1320 3831 1575 3891 repellam
1601 3835 1645 3879 te
1668 3835 1713 3879 et
1746 3845 1856 3893 ego,
1881 3843 1948 3876 ne
1985 3842 2076 3876 sa-

477 3902 708 3951 cerdotio
730 3901 991 3965 fungaris
1014 3903 1176 3960 mihi,
1201 3908 1246 3952 et
1280 3902 1443 3952 oblita
1476 3918 1525 3952 es
1550 3902 1674 3965 legis
1699 3902 1795 3951 Dei
1817 3900 1914 3960 tui,
1938 3898 2073 3949 obli-

477 3974 653 4022 viscar
674 3972 916 4037 ﬁliorum
944 3978 1163 4023 tuorum
1186 3978 1231 4023 et
1264 3989 1374 4034 ego.
1407 3973 1626 4025 Idioma
1655 3973 2073 4039 Scripturamm

476 4050 567 4096 est
583 4044 907 4097 secundum
919 4046 1074 4108 quod
1094 4045 1422 4107 frequenter
1432 4045 1729 4108 admonui,
1748 4050 1810 4096 ut
1833 4046 2073 4107 quoniam

474 4117 547 4170 ad
564 4121 795 4182 gentem
816 4131 1004 4170 sermo
1024 4118 1309 4183 dirigitur,
1330 4123 1450 4170 tum
1479 4117 1725 4183 proprio,
1752 4120 1876 4169 tum
1902 4132 2076 4177 paren-

479 4192 571 4251 tis,
618 4193 788 4254 cujus
817 4190 933 4241 tilia
957 4190 1049 4254 sit,
1084 4190 1337 4252 nomine,
1376 4190 1637 4242 videatur
1671 4189 1978 4241 conveniri.
2007 4190 2076 4240 Et

476 4262 604 4316 ideo
628 4276 761 4315 cum
786 4262 1047 4317 dixisset,
1080 4276 1294 4311 corrues
1316 4262 1490 4321 hodie,
1515 4267 1560 4311 et
1583 4267 1789 4311 corruet
1813 4262 2075 4326 propheta

477 4341 683 4385 tecum:
727 4334 896 4393 idest,
937 4333 1276 4385 vastationis
1322 4337 1439 4386 tua;
1479 4339 1709 4397 tempus
1739 4334 1994 4397 advenit,
2018 4337 2076 4385 et

477 4420 609 4471 qum
634 4405 767 4459 olim
794 4418 829 4459 a
851 4401 1008 4472 4|7
1037 4397 1312 4456 discenda
1334 4408 1390 4457 et
1411 4404 2076 4468 loquendajustitiades-

475 4478 662 4534 titisti.
687 4484 843 4530 nunc
866 4476 1040 4529 etiam
1065 4488 1099 4526 a
1122 4477 1351 4541 profana
1374 4490 1518 4528 voce
1533 4478 1806 4530 cessabis.
1826 4480 2076 4537 Subdidit,

478 4556 622 4601 nocte
646 4556 812 4599 tacere
835 4549 937 4611 feci
962 4553 1192 4597 matrem
1222 4555 1393 4600 tuam.
1427 4549 1491 4600 Id
1514 4553 1709 4603 autem
1732 4564 1850 4602 non
1877 4550 1959 4601 sic
1982 4563 2078 4602 ac-

2176 3323 2495 3385 intervallo,
2520 3328 2825 3379 munificas
2854 3327 3240 3379 aestimabant.

2239 3397 2401 3448 Vers.
2444 3396 2494 3451 7.
2540 3426 2600 3435 —
2644 3398 2951 3449 Secundum
2992 3399 3397 3449 multitudinem
3440 3414 3641 3462 eorum,
3693 3400 3768 3449 sic

2172 3474 2519 3532 peccaverunt
2540 3470 2710 3520 mihi:
2733 3471 2965 3533 gloriam
2977 3471 3236 3520 eorumin
3246 3471 3609 3536 ignominiam
3625 3485 3767 3522 com-

2176 3540 2410 3591 mutabo.
2443 3542 2617 3603 Quasi
2642 3542 2837 3594 dedita
2849 3555 3021 3607 opera
3040 3542 3417 3608 impensoque
3429 3543 3621 3595 studio
3631 3554 3769 3594 con-

2178 3614 2263 3661 tra
2308 3612 2589 3664 beneficia
2636 3626 2763 3666 mea
2807 3614 3057 3678 populus
3098 3619 3313 3666 certare
3346 3615 3655 3679 proposuit,
3704 3619 3770 3665 ut

2176 3688 2392 3744 quanto
2441 3698 2545 3748 ego
2579 3683 2817 3738 fuissem
2840 3688 2897 3739 in
2924 3686 3218 3752 largiendo
3241 3687 3577 3745 afﬂuentior,
3609 3690 3767 3739 tanto

2175 3753 2265 3805 hic
2292 3755 2352 3806 in
2383 3756 2673 3809 abutendo
2701 3764 2999 3823 appareret
3027 3758 3298 3810 insanior.
3325 3759 3603 3822 Denique,
3633 3771 3764 3810 cum

2174 3825 2258 3876 ita
2285 3826 2588 3892 pignorum
2614 3831 2983 3884 successibus
3007 3843 3140 3882 eum
3165 3828 3766 3889 extulissem,utlatis-

2174 3898 2451 3951 simarum
2476 3901 2663 3962 spatia
2687 3906 2962 3955 terrarum
2987 3903 3355 3969 proarediens
3369 3901 3554 3955 cultor
3568 3902 3766 3967 imple-

2174 3973 2260 4043 ret
2287 3986 2298 4017 :
2324 3971 2418 4022 hic
2452 3977 2615 4023 actus
2647 3986 2784 4025 suos
2810 3975 3178 4028 tendentibus
3203 3975 3360 4043 418
3392 3974 3451 4026 in
3470 3978 3763 4026 contume-

2171 4042 2307 4093 liam
2332 4056 2518 4095 meam
2541 4044 2870 4109 sceleribus,
2893 4042 3256 4112 equuabat’.
3272 4042 3437 4101 Prors
3449 4059 3517 4099 us
3529 4050 3594 4097 ut
3604 4044 3765 4097 vide-

2171 4115 2327 4165 retur
2351 4115 2550 4178 vereri,
2574 4128 2648 4168 ne
2672 4116 2834 4181 plura
2856 4125 3052 4171 essent
3075 4119 3269 4185 populi
3293 4118 3568 4181 membra,
3592 4128 3766 4181 quam

2175 4185 2415 4238 scelera.
2445 4188 2592 4247 Ergo
2624 4187 2759 4251 quia
2790 4189 3031 4253 gloriam
3063 4203 3227 4244 suam
3254 4191 3315 4243 in
3339 4188 3765 4241 multitudinem

2174 4261 2292 4309 tam
2317 4258 2625 4311 facinorum
2661 4272 2920 4323 posuere,
2958 4275 3132 4325 quam
3164 4263 3431 4321 militum,
3457 4260 3770 4327 ignominia

2175 4331 2520 4382 succedente
2542 4330 2696 4382 illam
2720 4334 2956 4385 mutabo
2980 4348 2992 4384 :
3018 4337 3083 4386 ut
3104 4335 3175 4387 ad
3193 4341 3511 4388 extremam
3535 4333 3770 4382 videlicet

2174 4401 2550 4467 paucitatem,
2578 4404 2854 4457 aerumnis
2879 4408 3355 4459 consumentibus
3372 4445 3387 4471 ,
3413 4404 3768 4469 perducatur.

2239 4475 2400 4526 Vers.
2448 4472 2499 4528 8.
2534 4502 2594 4511 ι-
2640 4475 2862 4526 Peccata
2901 4479 3092 4543 populi
3139 4480 3244 4529 mei
3289 4476 3575 4535 comedent,
3619 4480 3665 4526 et
3696 4474 3771 4524 ad

2177 4546 2523 4610 iniquitatem
2546 4562 2732 4596 eorum
2755 4548 3098 4600 sublevabunt
3119 4552 3357 4601 animas.
3371 4552 3513 4602 Cum
3526 4550 3767 4610 exproba-

476 4620 995 4697 cipiendum,quasi
1029 4633 1130 4697 per
1152 4620 1298 4697 diem
1324 4619 1483 4697 loqui
1514 4621 1853 4697 permiserit,
1877 4627 1934 4674 et
1958 4624 2074 4672 lan-
2096 4620 2155 4697 Ι)
2182 4618 2362 4697 tione_
2383 4620 2568 4697 totum
2609 4620 2958 4697 legendum:
2992 4622 3047 4697 id
3072 4628 3161 4675 est
3179 4619 3640 4697 saee_rdotes,_vel
3665 4618 3768 4697 illi,

480 4696 603 4743 tum
628 4696 793 4743 nocte
817 4692 1072 4743 reticere.
1096 4690 1202 4742 Sed
1228 4692 1526 4744 cumulum
1543 4693 1971 4745 voluitindictw
1986 4697 2073 4745 ta-

478 4761 825 4813 citumitatis
872 4762 1211 4826 exprimere,
1247 4768 1303 4815 et
1337 4764 1482 4825 ideo,
1507 4769 1574 4817 ut
1596 4765 1926 4817 ostenderet
1948 4777 2075 4816 eam

479 4833 863 4896 obmutuisse,
886 4833 1140 4886 irruente
1166 4835 1430 4897 pernicie,
1456 4835 1847 4889 noctisintulit
1864 4838 2079 4885 mentio-

478 4918 632 4968 nem,
675 4917 743 4957 ac
798 4904 845 4957 si
892 4904 1123 4970 diceret,
1176 4907 1265 4959 Sic
1297 4921 1422 4959 eam
1461 4907 1643 4960 effuso
1680 4920 1925 4960 maerore
1950 4920 2079 4960 con-

479 4977 742 5040 vestiam,
767 4977 918 5029 sicut
940 4991 1055 5029 nox
1082 4984 1264 5031 terras
1291 4980 1512 5043 operire
1524 4979 1844 5036 consuevit,
1863 4984 1929 5031 ut
1948 4982 2078 5029 sicut

478 5048 744 5109 generale
766 5051 822 5101 et
841 5062 1155 5103 commune
1179 5049 1477 5102 silentium
1509 5050 1765 5102 conditio
1790 5050 2075 5102 tenebrosi

478 5119 753 5184 temporis
779 5120 1094 5173 introducit
1117 5136 1128 5169 :
1155 5120 1236 5173 ita
1253 5122 1363 5172 ista
1381 5121 1549 5172 turba
1574 5120 1883 5179 seniorum,
1901 5134 2074 5185 quam

477 5196 723 5243 matrem
761 5196 921 5245 tuam
960 5191 1186 5256 vocavi,
1211 5204 1343 5255 quas
1378 5192 1545 5255 paulo
1568 5197 1703 5244 ante
1735 5191 2076 5257 profanitate

475 5262 706 5327 garrula
748 5263 1163 5328 perstrepebat,
1192 5263 1302 5315 sub
1344 5264 1513 5315 nocte
1545 5264 1767 5316 adversi
1804 5265 2078 5329 temporis

477 5334 846 5387 conticescet.
860 5336 1145 5386 Postvero
1161 5334 1482 5387 secundum
1499 5334 1828 5388 institutum
1846 5339 2076 5387 ordinem

477 5404 577 5457 ubi
625 5410 839 5458 terrore
882 5406 1199 5471 personuit,
1240 5418 1508 5459 caussam
1543 5408 1946 5461 commotionis
1979 5409 2079 5461 ad-

540 5558 557 5578 ·
582 5548 797 5601 Eadem
832 5548 1016 5602 Editio
1053 5562 1153 5614 pro
1190 5553 1249 5601 tu
1277 5548 1451 5603 habet
1481 5551 1638 5601 hodie
1661 5564 1794 5603 cum
1831 5554 2077 5606 Hebraeo

476 5620 645 5673 mm.
688 5623 895 5674 Noster
930 5621 990 5673 in
1014 5634 1082 5674 ea
1121 5622 1329 5675 iterum
1352 5622 1597 5677 lectione
1618 5626 1854 5690 perstat,
1881 5625 1983 5677 sed
2017 5625 2077 5677 in

474 5692 888 5758 subsequentis
934 5693 1205 5747 versiculi
1237 5695 1615 5760 expositione,
1651 5708 1785 5748 cum
1811 5696 1979 5750 tertio
2002 5696 2079 5749 lo-

470 5775 603 5815 cum
626 5777 761 5818 eum
789 5765 1012 5829 repetit,
1040 5770 1193 5819 recte
1215 5766 1449 5820 demum
1478 5767 1652 5821 habet
1684 5782 1897 5820 οονναεε
1920 5769 2078 5821 hodie

470 5838 515 5880 et
532 5838 759 5885 corruet.
784 5840 893 5889 etc.

2178 4690 2277 4754 qui
2311 4689 2594 4743 idolorum
2619 4698 2781 4745 erant
2803 4694 3069 4754 ministri,
3096 4700 3154 4747 et
3175 4708 3275 4759 per
3296 4694 3406 4746 hoc
3431 4706 3494 4745 se
3518 4693 3635 4744 Deo
3663 4691 3771 4743 im-

2177 4761 2391 4813 molare
2421 4762 2706 4817 dicebant.
2736 4764 2822 4816 vel
2853 4766 3136 4831 principes
3150 4779 3283 4819 cum
3304 4763 3527 4830 populis
3543 4763 3641 4827 qui
3663 4768 3765 4812 slu-

2178 4835 2335 4886 dium
2382 4833 2598 4886 funesti
2628 4836 2833 4888 erroris
2862 4836 3189 4898 induerant,
3213 4839 3362 4891 inter
3385 4841 3609 4898 caetera,
3636 4846 3769 4898 quas

2177 4905 2479 4969 plectenda
2505 4906 2805 4971 faciebant,
2831 4911 3431 4974 usurpabantquoque
3447 4908 3687 4957 vocabula
3709 4921 3767 4954 ex

2175 4976 2321 5041 legis
2346 4976 2647 5030 traditione
2667 4979 2968 5033 venientia.
2996 4984 3140 5034 Nam
3164 4980 3454 5045 quomodo
3477 4976 3772 5030 circumci-

2178 5049 2401 5101 sionem
2447 5062 2513 5101 ac
2558 5050 2797 5103 sabbata
2832 5054 3141 5105 servabant
3165 5052 3515 5106 Samariticaa
3544 5050 3768 5110 Tribus,

2178 5122 2447 5184 quamvis
2462 5120 2628 5173 idolis
2656 5123 2972 5176 servientes
2998 5140 3010 5176 :
3041 5126 3121 5178 ita
3145 5126 3313 5178 etiam
3338 5123 3528 5187 aliqua
3548 5123 3769 5172 instituta

2177 5192 2321 5258 legis
2372 5206 2691 5258 usurpasse
2733 5196 3086 5248 credendum
3125 5202 3215 5249 est
3242 5197 3399 5260 ipsos
3421 5193 3646 5248 ariolos.
3670 5194 3771 5243 Per

2176 5265 2598 5317 institutionem
2624 5266 2800 5331 igitur
2824 5268 2975 5320 beati
3002 5269 3182 5321 Mosis
3201 5268 3447 5321 diversas
3458 5268 3766 5316 oblatiouum

2178 5338 2397 5402 species
2430 5343 2614 5401 erant,
2654 5340 2806 5391 inter
2841 5353 2986 5403 quas
3014 5347 3071 5393 et
3103 5341 3233 5405 ista,
3259 5352 3391 5404 quae
3416 5351 3515 5403 pro
3537 5341 3769 5403 peccato

2177 5411 2539 5463 offerebatur.
2587 5411 2669 5462 Ex
2715 5423 2830 5474 qua
2875 5417 3067 5465 tamen
3111 5412 3296 5477 adipis
3325 5412 3494 5464 certis
3518 5409 3771 5475 partibus

2176 5483 2310 5547 igne
2326 5482 2665 5545 consumtis,
2681 5482 2904 5547 reliqua
2922 5485 2982 5536 in
3007 5485 3200 5537 cibum
3218 5483 3582 5536 sacerdotum
3591 5492 3771 5533 mem-

2180 5555 2281 5604 bra
2297 5554 2597 5605 cedebant.
2621 5556 2687 5605 Et
2707 5556 2841 5619 quia
2856 5555 2951 5607 his
2962 5556 3167 5609 ritibus
3181 5555 3605 5621 propiciabatur
3629 5555 3768 5609 Deus,

2177 5625 2475 5690 pontiﬁces
2507 5630 2740 5690 peccata
2764 5627 2977 5691 populi,
2996 5640 3095 5691 pro
3113 5627 3323 5692 quibus
3335 5627 3593 5686 orabant,
3611 5626 3770 5685 edere,

2176 5697 2233 5749 id
2258 5701 2368 5761 est,
2393 5698 2699 5751 absumere
2723 5698 3094 5753 dicebantur:
3122 5700 3443 5752 secundum
3467 5708 3771 5767 quemme-

2177 5768 2333 5827 dum,
2364 5768 2542 5830 arioli,
2567 5775 2635 5822 ut
2658 5771 2954 5825 variorum
2988 5772 3326 5826 delictorum
3351 5769 3768 5837 impunitatem.

535 5920 555 5948 λ
593 5923 853 5987 Negandi
886 5924 1242 5987 particulam,
1280 5938 1411 5990 qua
1436 5927 1565 5981 heic
1598 5939 1892 5993 perperam
1919 5931 2300 5998 repetebatur,
2324 5931 2684 5988 induximus.
