3884 6392
72 368 193 429 985

923 385 996 435 IN
1030 384 1268 438 OSEAM
1303 386 1884 441 COMMENTARIUS.
1923 389 2129 442 LIBER
2163 390 2546 446 SECUNDUS.

3273 400 3378 457 986

70 497 192 575 per:
203 486 1280 575 inflauit-emolumentapromitterent,
1313 498 1597 575 dicebant,
1625 512 1685 551 se
1710 502 1907 575 Aeam
1937 502 2275 555 temulentia
2297 503 2637 570 conciliaret,
2662 507 2720 560 et
2745 507 2979 572 crapula
3003 525 3015 558 :
3044 512 3218 573 atque
3249 510 3379 563 ideo

75 559 901 637 populipeccataconsumere,
938 568 1058 619 Hoc
1079 582 1213 631 ergo
1238 559 1337 633 per
1348 559 1684 634 prophetam

68 632 242 703 nunc
259 631 433 703 Deus,
451 632 559 683 sub
578 645 720 685 voce
736 638 793 686 et
808 635 973 688 vultu
989 631 1415 703 indignationis,
1438 631 1651 702 exagitat
1671 657 1684 691 :

72 712 147 752 ac
183 700 235 751 si
260 701 495 754 diceret.
522 705 607 755 En
629 717 761 768 quas
787 708 1061 773 prodigia,
1093 700 1301 761 famam
1319 700 1436 762 non
1458 700 1684 764 de'ullis

72 784 349 835 unquam
367 774 635 847 pulchris
667 777 1033 845 facinoribus,
1074 782 1175 833 sed
1200 782 1271 833 de
1298 782 1434 833 solis
1453 784 1683 847 ﬂagitiis

72 845 433 907 expetentia,
447 848 780 901 reverendae
795 850 937 915 legis
958 852 1225 905 instituta
1250 854 1359 904 sub
1376 845 1683 906 verborum

71 918 463 989 usurpatione
492 922 863 987 temerarunt,
888 929 954 975 ut
978 925 1393 989 promitterent,
1418 926 1684 979 videlicet

70 987 482 1041 circumvento
505 990 729 1055 populo,
756 987 1023 1056 quoniam
1054 996 1102 1046 si
1127 1009 1225 1059 per
1250 987 1460 1048 manus
1483 1010 1681 1050 eorum

68 1059 307 1110 hostias
350 1060 717 1125 obtulissent,
766 1065 963 1116 statim
996 1066 1200 1119 ﬂerent
1233 1068 1588 1131 innocentes,
1627 1075 1684 1121 et

67 1139 578 1205 consequerentur
607 1133 1023 1199 indulgentiam
1057 1140 1440 1203 peccatorum.
1478 1140 1682 1205 Sicque

64 1201 445 1275 sublevabant,
458 1202 626 1267 idest,
640 1201 1106 1272 consolabantur,
1127 1214 1183 1261 et
1209 1210 1509 1275 superbire
1527 1201 1677 1261 fecie-

66 1274 222 1325 bant
251 1286 484 1326 reorum
529 1276 772 1341 animas,
809 1278 867 1329 in
907 1280 1118 1343 quibus
1153 1281 1295 1334 nihil
1320 1282 1586 1335 sinebant
1609 1284 1681 1335 de

65 1346 529 1411 compunctione
551 1348 815 1401 residere.

132 1419 298 1492 Ergo
321 1418 583 1492 quianec
606 1420 878 1484 magister
900 1421 1075 1487 loqui,
1099 1437 1205 1476 nec
1228 1425 1545 1492 discipulus
1578 1439 1681 1479 au-

64 1488 201 1541 dire
222 1488 285 1541 id
321 1490 477 1565 quod
509 1489 583 1542 ad
607 1492 849 1565 salutem
879 1495 1102 1557 attinet,
1148 1488 1554 1565 assueverunt,
1580 1498 1678 1550 sed

64 1565 366 1624 utrosque
388 1561 573 1627 culpa,
600 1575 733 1626 quin
762 1564 977 1628 polluit,
995 1570 1343 1631 exasquavit,
1364 1561 1568 1622 merito
1579 1583 1680 1623 eos

61 1633 254 1684 etiam
282 1634 569 1685 sententia
592 1640 838 1698 sequuta
860 1643 1164 1702 componet
1185 1644 1251 1693 ut
1276 1642 1521 1693 fructum
1541 1656 1679 1706 ope-

63 1718 206 1757 rum
230 1718 474 1758 suorum
491 1707 615 1759 sine
638 1707 838 1761 fraude
865 1712 1199 1777 suscipiant,
1224 1718 1281 1765 et
1299 1727 1474 1767 unam
1503 1716 1678 1768 inter-

61 1778 375 1829 necionem
403 1780 671 1831 sacerdos
695 1793 762 1833 ac
789 1782 1037 1847 p0pulus
1062 1785 1332 1848 patiatur.
1364 1788 1679 1839 Possumus

56 1854 275 1902 autem
299 1849 359 1901 in
382 1850 493 1903 hoc
516 1852 641 1904 loco
663 1852 974 1907 faciliorem
1007 1856 1363 1911 intellectum
1387 1872 1599 1922 creare,
1626 1862 1673 1913 si

59 1934 380 1994 personam
404 1923 574 1977 Judaa
590 1937 835 1989 quoque,
860 1940 1030 1991 quem
1048 1935 1177 1993 post
1196 1931 1491 1994 paululum
1507 1936 1675 1982 nomi-

59 1999 194 2067 nat,
218 1993 559 2067 inferamus.
585 1999 658 2049 Ut
681 1999 957 2061 quoniam
980 2005 1039 2052 et
1070 1993 1255 2066 ipsam
1274 2004 1530 2067 Tribum,
1546 2004 1679 2057 licet

57 2065 275 2116 minus
298 2064 490 2141 adhuc
520 2079 700 2141 ream,
719 2082 836 2122 non
861 2074 1053 2123 tamen
1077 2064 1235 2125 omni
1259 2087 1328 2125 ex
1353 2064 1527 2139 parte
1543 2089 1677 2141 pur-

56 2142 294 2211 gatam,
312 2136 461 2211 seria
474 2137 860 2192 admonitione
876 2144 1137 2207 castigat,
1157 2144 1293 2196 illud
1312 2136 1675 2211 quoquejnm,

54 2208 227 2273 quod
251 2208 589 2261 sacerdotes
614 2211 836 2263 oblatas
857 2226 958 2277 pro
982 2216 1234 2278 peccatis
1254 2208 1474 2270 hostias
1497 2208 1677 2270 come?

52 2280 238 2343 dunt,
264 2279 533 2333 intulisse
565 2281 848 2350 videatur,
872 2284 1090 2349 ﬂatque
1115 2300 1327 2340 sensus
1352 2289 1633 2349 ejusmodi
1659 2303 1672 2341 :

54 2351 180 2405 Sed
202 2351 350 2417 quid
378 2352 606 2412 mirum,
635 2354 818 2407 tribus
842 2367 877 2408 a
901 2357 1003 2409 Dei
1026 2357 1185 2409 cultu
1216 2363 1273 2411 et
1300 2360 1499 2412 timore
1522 2374 1675 2412 rece-

52 2424 278 2476 dentes
298 2427 474 2495 atque
499 2424 753 2478 colendis
772 2426 942 2480 idolis
963 2430 1340 2495 mancipatas,
1365 2432 1541 2484 variis
1553 2445 1674 2484 sor-

51 2495 205 2568 dere
240 2494 602 2568 criminibus,
640 2510 774 2549 cum
812 2498 984 2551 etiam
1019 2499 1113 2551 illa
1146 2494 1276 2565 pars
1300 2503 1513 2568 populi,
1540 2516 1674 2568 qum

55 2566 204 2619 vide
212 2570 312 2619 tur
332 2567 672 2637 cerimonias
687 2569 876 2622 adhuc
891 2572 1168 2635 mysticas
1191 2566 1497 2639 continere,
1514 2566 1673 2625 simili

50 2652 260 2694 errore
280 2640 625 2704 lymphetur,
649 2643 705 2692 et
727 2643 978 2706 corrupti
1004 2644 1329 2697 sacerdotes
1353 2649 1673 2707 poematibus

49 2712 466 2774 blandiantur,
514 2712 665 2776 quod
712 2715 815 2773 eis,
860 2713 1143 2778 videlicet,
1190 2728 1289 2779 per
1323 2717 1671 2771 oblationem

48 2784 417 2846 hostiarum,
442 2796 588 2847 quas
601 2784 711 2849 ipsi
722 2784 1021 2850 devorant,
1042 2786 1337 2851 contingat
1356 2792 1633 2849 impunitas
1648 2794 1670 2838 ?

48 2855 465 2911 Sublevabant
475 2855 648 2920 igitur
656 2854 748 2907 his
761 2856 1274 2920 consolationibus,
1288 2859 1531 2919 animos,
1545 2876 1672 2921 quos

48 2928 392 2981 facinorum
404 2926 753 2979 conscientia
771 2927 1124 2992 deprimebat
1142 2944 1155 2981 :
1169 2935 1226 2982 et
1238 2931 1391 2994 quod
1410 2932 1673 2983 sacerdo-

51 3007 150 3053 tes
177 2997 685 3064 impudentissime
707 2998 1140 3063 pollicebantur,
1165 3001 1275 3053 hoc
1296 3001 1674 3055 libentissime

48 3070 325 3138 populus
369 3070 670 3122 audiebat:
697 3070 829 3122 ideo
867 3074 926 3123 et
947 3071 1007 3123 in
1032 3077 1289 3134 tempore
1314 3073 1672 3138 calamitatis,

48 3142 229 3197 nulla
244 3142 402 3194 inter
417 3139 471 3208 4
487 3140 505 3209 |
520 3138 573 3210 9
591 3142 816 3207 plebem
828 3142 954 3197 erit.
969 3144 1408 3208 sacerdotesque
1420 3148 1669 3211 discretio,

50 3214 166 3269 sed
185 3212 293 3278 qui
310 3213 583 3266 vixerunt
599 3214 942 3279 promiscue,
970 3215 1163 3268 viliter
1178 3216 1349 3268 etiam
1368 3220 1667 3269 interibunt.

114 3289 297 3338 Vers.
328 3284 379 3339 9.
424 3284 511 3340 10.
557 3313 617 3322 -
660 3285 892 3336 Visitabo
929 3302 1091 3351 super
1126 3303 1249 3337 eum
1298 3289 1414 3338 vias
1453 3287 1585 3352 ejus,
1625 3294 1671 3338 et

46 3356 419 3423 cogitationes
442 3356 556 3420 ejus
576 3357 805 3407 reddam
830 3358 895 3409 ei.
918 3358 1219 3420 Comedent,
1241 3364 1287 3409 et
1312 3375 1424 3409 non
1452 3365 1672 3410 satura-

47 3431 310 3480 bunlur:
361 3428 623 3490 fornicati
664 3435 810 3489 sunt,
871 3434 916 3479 et
970 3445 1083 3480 non
1126 3438 1476 3483 cessaverunt.
1528 3435 1670 3485 Cum

48 3501 279 3566 inquit,
331 3500 569 3562 cmperit
616 3512 679 3552 se
720 3513 985 3553 exercere
1015 3502 1251 3554 ultionis
1288 3516 1551 3564 censura,
1578 3504 1671 3557 hee

47 3580 365 3626 mensuras
403 3570 683 3630 dolorum,
719 3583 865 3635 quas
902 3573 1012 3637 ipsi
1042 3573 1101 3625 in
1126 3575 1375 3639 peccatis
1399 3576 1668 3639 fecerant,

44 3643 480 3709 implebuntur,
496 3647 561 3694 ut
570 3644 1007 3707 experianturin
1026 3646 1333 3711 suppliciis,
1347 3647 1573 3710 quodin
1583 3651 1674 3698 de-

46 3715 297 3769 sideriis
314 3719 728 3779 perpetrarunt,
752 3715 1014 3767 fornicati
1033 3721 1173 3768 sunt
1196 3718 1424 3783 quippe,
1449 3719 1539 3770 vel
1555 3722 1673 3768 obs-

43 3788 388 3845 cmnitates,
404 3785 497 3837 vel
509 3786 881 3850 profanitates
894 3787 1204 3849 sequendo,
1220 3803 1312 3837 nec
1323 3805 1406 3838 eos
1417 3796 1672 3850 usurpatae

43 3856 275 3925 puduit
293 3856 769 3922 fmditatismtqui
786 3857 856 3908 de
867 3858 1041 3921 prima
1060 3859 1304 3911 statione
1328 3861 1669 3925 deciderant,

48 3932 279 3983 saltem
291 3928 363 3981 de
380 3928 651 3980 secundis
668 3929 938 3981 remediis
964 3930 1298 3995 cogitarent,
1312 3936 1367 3982 et
1385 3932 1538 3995 quod
1554 3945 1671 3983 non

46 4002 344 4055 decuerat
385 4000 715 4065 contigisse,
763 3999 853 4052 vel
908 4001 1269 4064 frequentare
1324 4003 1671 4065 desinerent,

44 4075 270 4136 sicque
294 4070 617 4124 imitaretur
638 4072 1049 4125 abstinentiam
1072 4074 1279 4126 erroris
1303 4076 1537 4127 admota
1548 4087 1672 4126 ces-

45 4145 232 4197 satio.
266 4142 378 4196 Sed
406 4156 541 4195 cum
564 4143 824 4195 fornicati
850 4149 1066 4209 essent,
1114 4158 1230 4197 non
1275 4152 1670 4199 cessaverunt.

48 4220 213 4281 Ergo
258 4214 418 4278 quod
463 4220 848 4267 exercuerunt
888 4216 948 4267 in
991 4217 1173 4280 viciis,
1220 4218 1588 4281 experiantur
1615 4218 1673 4269 in

42 4287 277 4355 pugnis,
305 4289 372 4338 ut
393 4286 699 4339 comedant
722 4291 779 4339 et
811 4299 928 4339 non
958 4291 1303 4351 saturentur,
1330 4290 1676 4355 impleantur

47 4358 341 4412 videlicet
383 4357 810 4419 afﬂictionibus,
876 4358 976 4410 sed
1020 4359 1097 4409 ita
1140 4372 1238 4411 eas
1285 4360 1515 4412 haurire
1558 4373 1674 4412 non

45 4433 323 4490 cessent,
344 4432 410 4480 ut
430 4430 676 4481 esuriem
694 4429 885 4493 quand
895 4442 988 4481 am
1011 4430 1153 4482 ferre
1167 4430 1487 4483 vidcantur.
1506 4436 1674 4493 Neque

44 4502 218 4556 enim
239 4512 376 4553 cum
394 4500 823 4554 fornicationem
845 4501 1031 4562 audis,
1050 4503 1485 4566 usurpationem
1504 4506 1672 4552 modi-

46 4587 193 4628 cam
213 4572 529 4637 corporalis
557 4571 709 4624 illius
734 4572 1049 4636 voluptatis
1064 4574 1380 4631 existimes,
1400 4574 1501 4626 sed
1523 4578 1670 4638 sacri,

47 4645 279 4709 inquit,
306 4643 540 4696 fmderis
564 4649 733 4708 pacta
761 4643 1061 4704 violantes,
1088 4646 1541 4709 omnipotentem
1553 4647 1670 4697 Do-

49 4719 294 4771 minum
318 4715 378 4767 in
403 4716 572 4779 cujus
583 4716 933 4768 consortium
957 4717 1158 4769 adsciti
1175 4717 1415 4776 fuerant,
1429 4716 1671 4781 relique-

49 4793 218 4843 runt.
247 4788 322 4839 Et
346 4786 476 4839 ideo
513 4787 906 4848 intelligentiae
949 4787 1077 4840 luce
1121 4789 1328 4852 privati
1376 4793 1529 4847 sunt,
1556 4801 1674 4840 non

49 4858 508 4915 considerantes
532 4862 664 4924 post
678 4870 811 4922 qua:
826 4858 1113 4922 religionis
1135 4860 1401 4925 insignia,
1414 4860 1486 4913 ad
1498 4862 1672 4922 quales

48 4933 470 4987 essentsortes
494 4931 710 4983 rituum
734 4928 1010 4989 devoluti,
1033 4943 1163 4994 qum
1190 4932 1434 4994 profecto
1455 4932 1673 4996 opinio-

48 5015 214 5058 num
241 5002 506 5066 stultitia,
532 5000 971 5066 nequaquamin
994 5003 1218 5055 animos
1242 5004 1531 5068 irreperet,
1563 5002 1673 5054 nisi

1696 4672 1753 4745 D

1783 572 2039 625 dicentes
2058 587 2118 626 se
2141 587 2271 627 esse
2294 576 2603 641 sapientes,
2631 576 2790 629 stulti
2809 578 2941 631 facti
2962 572 3299 644 sunt,’adeo,
3319 586 3383 633 ut

1784 645 2187 709 prophetarum
2223 660 2438 699 munus
2463 660 2498 700 a
2526 648 2699 712 lignis
2722 650 2895 701 aridis
2922 651 3300 714 postularent,
3324 659 3383 705 et

1782 728 1913 779 qum
1953 722 2150 768 essent
2187 718 2377 771 futura
2418 720 2749 784 unicuique,
2784 722 3020 774 baculus
3045 723 3328 776 indicaret
3364 743 3376 775 :

1783 798 1955 850 quam
2014 788 2367 851 profanitatis
2420 792 2665 855 speciem
2726 793 2907 845 Graeci
2947 794 3379 847 rabdomantias

1782 858 2085 922 appellant.
2112 860 2352 923 Spiritus
2368 874 2502 924 ergo
2526 864 3107 929 profanitatis,quem,
3132 865 3377 918 fornica-

1783 930 1995 981 tionem
2030 935 2251 993 vocant,
2299 931 2523 995 decepit
2566 947 2683 992 eos,
2718 939 2781 986 ut
2820 935 3236 989 discederenta
3258 938 3377 989 Deo

1783 1013 1936 1062 vero,
1963 1006 2020 1053 et
2042 1001 2259 1064 multis,
2295 1003 2583 1067 variisque
2611 1004 2993 1069 daemonibus,
3018 1008 3077 1058 in
3111 1020 3207 1059 ore
3237 1020 3375 1059 sane

1781 1076 1838 1123 et
1862 1071 2045 1124 fronte
2057 1072 2519 1137 adulterantium,
2545 1076 2941 1128 miscerentur.

1843 1146 2007 1195 Vers.
2043 1143 2128 1199 13.
2156 1173 2217 1180 -
2241 1145 2415 1208 Super
2454 1148 2636 1210 capita
2684 1149 2955 1197 montium
2978 1149 3371 1212 sacriﬁcabant,

1780 1219 1825 1264 et
1847 1230 2008 1278 super
2020 1216 2170 1265 colles
2186 1216 2539 1267 accendebant
2559 1218 2869 1282 thymiama
2891 1234 2903 1270 :
2921 1220 3102 1269 subtus
3118 1236 3374 1284 quercum

1781 1293 1825 1336 et
1848 1288 2115 1353 populum
2131 1293 2177 1337 et
2192 1288 2570 1350 therebintum,
2596 1290 2731 1353 quia
2751 1290 2891 1340 bona
2914 1297 3027 1341 erat
3048 1292 3241 1341 umbra
3264 1293 3376 1356 ejus

1781 1361 1907 1411 Non
1929 1373 2066 1421 uno,
2092 1360 2296 1424 inquit,
2327 1360 2497 1412 modo
2520 1374 2743 1413 errasse
2768 1364 3042 1427 contenti,
3060 1363 3158 1426 qui
3183 1363 3380 1416 divina

1779 1430 2043 1484 instituta
2065 1436 2509 1493 contemserunt,
2523 1438 2851 1484 commenta
2861 1432 3033 1486 anilia
3044 1437 3376 1498 sectabantur,

1779 1507 1971 1555 utnon
1997 1503 2183 1555 solum
2210 1503 2425 1554 baculis
2445 1503 2499 1554 in
2518 1503 2776 1555 fraudem
2793 1505 3373 1570 aliquamlaevigatis,

1780 1575 1882 1625 sed
1895 1574 2014 1637 jam
2038 1574 2312 1625 colliculis
2334 1573 2503 1638 paulo
2520 1576 3008 1641 eminentioribus,
3026 1582 3129 1629 aut
3151 1576 3373 1628 umbris

1777 1647 2044 1697 arborum
2063 1646 2231 1711 paulo
2255 1646 2617 1698 densioribus
2636 1650 3022 1712 moverentur,
3044 1650 3099 1699 et
3112 1652 3374 1698 crederent

1775 1717 1890 1769 illic
1901 1718 2215 1769 divinitatis
2229 1731 2357 1769 esse
2380 1716 2712 1781 plurimum,
2726 1719 2822 1771 ubi
2840 1719 3053 1784 aliquid
3071 1720 3375 1772 amaenita-

1780 1788 1853 1841 tis
1870 1788 2171 1841 vidissent.
2189 1790 2589 1842 Sacrificabant
2604 1791 2796 1853 itaque
2810 1792 2871 1842 in
2887 1792 3196 1843 verticibus
3209 1804 3375 1843 mon-

1706 1871 1758 1943 B
1781 1861 1970 1943 tium,‘
1982 1858 2178 1943 420"
2196 1861 2615 1943 quoduhistoria
2632 1863 2957 1943 frequenter
2970 1868 3225 1943 accusat,
3242 1876 3376 1915 cum

1778 1931 1915 1983 dicit
1938 1932 2009 1984 de
2042 1933 2294 1997 regibus,
2343 1934 2500 1985 Fecit
2531 1934 2640 1985 hoc
2685 1940 2787 1987 aut
2823 1935 2981 1997 illud,
3006 1941 3375 1986 verumtamen

1774 2003 1977 2053 excelsa
2001 2018 2113 2052 non
2145 2003 2380 2064 abstulit,
2407 2005 2497 2053 sed
2510 2005 2693 2055 adhuc
2719 2006 3033 2055 immolabat
3061 2006 3294 2071 populus
3314 2007 3373 2055 in

1776 2076 2018 2126 excelsis:
2044 2075 2138 2126 hic
2155 2080 2350 2127 autem
2373 2075 2587 2139 adjicit,
2616 2077 2767 2140 quod
2787 2082 2844 2128 et
2869 2079 3076 2129 subtus
3097 2089 3375 2141 quercum

1775 2151 1832 2197 et
1847 2145 2123 2211 populum
2134 2146 2383 2198 adoleret
2400 2148 2722 2210 incensum,
2738 2160 3123 2212 caussamque
3135 2148 3375 2200 admira-

1775 2216 1950 2268 tionis
1974 2229 2287 2282 exponens,
2313 2220 2558 2268 subdidit.
2584 2218 2722 2276 Quia
2747 2218 2885 2268 bona
2900 2226 3012 2269 erat
3030 2218 3224 2268 umbra
3239 2220 3370 2284 ejus.

1774 2288 2164 2353 Repudiantes
2177 2287 2320 2340 lucis
2333 2292 2391 2341 et
2417 2288 2649 2339 luminis
2674 2289 3047 2349 conditorem,
3061 2303 3195 2342 vere
3206 2292 3372 2354 quasi

1773 2357 1871 2410 filii
1897 2360 2283 2423 tenebrarum,
2308 2360 2559 2411 nemoris
2584 2360 2970 2425 capiebantur,
2998 2362 3367 2414 umbraculis.

1773 2429 2090 2482 Audiamus
2102 2443 2238 2496 ergo
2251 2431 2385 2494 quid
2400 2443 2697 2495 pcenarum
2714 2432 2966 2485 amentia
2977 2432 3090 2484 ista
3101 2439 3367 2484 mereatur.

1834 2504 1997 2553 Vers.
2045 2501 2129 2556 14.
2177 2530 2237 2539 -
2282 2502 2401 2552 ldco
2457 2502 2879 2565 fornicabuntur
2920 2504 3047 2566 ﬁliae
3090 2509 3283 2568 vestrae,
3327 2510 3371 2554 et

1771 2588 1975 2636 sponsae
1991 2573 2429 2623 vestraeadulterae
2450 2579 2609 2623 erunt
2645 2574 2770 2624 Non
2797 2575 3020 2624 visitabo
3040 2590 3200 2640 super
3225 2576 3370 2639 ﬁlias

1770 2650 1985 2707 vestras,
2002 2660 2127 2695 cum
2140 2646 2352 2708 fuerint
2370 2645 2652 2707 fornicata:
2680 2651 2725 2695 et
2747 2661 2907 2711 super
2919 2661 3145 2709 sponsas
3159 2651 3369 2707 vestras,

1772 2732 1894 2767 cum
1911 2716 2348 2767 adulteraverint.
2365 2717 2767 2778 Commisistis,
2781 2717 2973 2782 inquit
2985 2718 3190 2782 turpia,
3205 2734 3295 2767 nec
3311 2720 3372 2766 ab

1772 2801 1940 2853 opere
1953 2787 2280 2848 destitistis,
2293 2792 2359 2840 ut
2370 2788 2418 2840 si
2435 2801 2553 2840 non
2564 2801 2664 2841 eos
2680 2801 2828 2853 quos
2839 2789 3276 2854 innocentes,vel
3287 2804 3373 2838 eos

1774 2859 1994 2919 saltem,
2012 2872 2159 2923 quos
2172 2860 2251 2911 rei
2264 2859 2450 2910 solent
2466 2859 2754 2911 sentiretis
2764 2860 3022 2917 affectus,
3038 2862 3088 2908 id
3102 2866 3191 2920 est,
3209 2867 3263 2909 ut
3280 2862 3372 2908 ho-

1770 2931 1921 2983 nesti
1934 2931 2236 2982 violatores
2248 2930 2487 2994 puderet
2501 2930 2758 2993 admissi,
2773 2931 2876 2983 sed
2886 2931 2947 2982 in
2957 2934 3191 2992 operibus
3203 2932 3371 2980 noxiis

1772 3002 2079 3053 conﬂrmas
2087 3003 2158 3053 tis
2168 3001 2463 3055 audaciam
2472 3014 2558 3063 ,eo
2569 3014 2757 3066 usque
2775 3006 3218 3066 sectantes,quaa
3229 3010 3371 3051 erant

1770 3074 2137 3138 probrosa,ut
2149 3073 2407 3138 stipitum
2422 3084 2810 3136 saxorumque
2821 3074 3058 3125 umbras
3072 3074 3369 3133 prreferretis

1772 3143 2186 3197 elementorum
2200 3143 2457 3195 omnium
2469 3145 2725 3196 creatori.
2739 3146 2901 3196 Hanc
2916 3144 3090 3208 igitur
3110 3143 3369 3208 impieta-

1773 3220 1885 3267 tem
1914 3216 2255 3267 calamitatis
2279 3214 2499 3267 ultimaz
2515 3214 2829 3280 dispungat
2843 3216 3040 3276 illatio,
3058 3214 3212 3267 itaut
3226 3215 3371 3267 miro

1771 3299 1979 3347 genere
2002 3286 2275 3338 vindictae
2302 3285 2373 3337 ad
2399 3285 2699 3349 culparum
2725 3286 3177 3350 similitudinem,
3200 3298 3373 3351 paena

1771 3358 2048 3409 formetur
2073 3376 2083 3407 :
2130 3370 2314 3421 eoque
2340 3357 2415 3408 sit
2438 3358 2714 3415 acerbior,
2748 3358 2904 3422 quod
2926 3370 3044 3409 non
3081 3358 3249 3409 fuerit
3270 3370 3373 3410 ex-

1773 3434 1933 3493 perta
1961 3442 2235 3480 censura:
2263 3428 2461 3480 libidni
2478 3429 2765 3492 siquidem
2783 3430 3369 3491 vincentium,sponsee

1774 3505 1987 3553 vestrm
1999 3512 2065 3551 ac
2078 3499 2209 3552 filim
2226 3500 2607 3563 subjacebunt
2621 3515 2633 3549 :
2647 3512 2752 3551 nec
2765 3500 2918 3561 apud
2936 3500 3160 3565 aliquos
3175 3502 3377 3549 Iudices

1772 3573 1941 3625 istam
1960 3572 2354 3637 ignominiam,
2376 3572 2466 3622 vel
2489 3572 2681 3623 mariti
2698 3576 2963 3635 urguent,
2981 3573 3071 3624 vel
3089 3576 3376 3636 parentes.

1772 3645 2057 3697 Caeterum
2069 3646 2254 3695 totum
2268 3644 2546 3707 ﬂagitium
2560 3656 2664 3695 con
2672 3650 2933 3697 sumetur
2943 3645 2998 3696 in
3012 3646 3307 3702 dedecus,ut
3318 3644 3378 3691 de

1772 3728 1839 3766 eo
1858 3716 2107 3779 supersit
2132 3714 2273 3765 nihil
2289 3714 2363 3765 ad
2389 3718 2626 3766 reatum.
2653 3716 2829 3777 Quasi
2851 3719 3018 3768 acute
3033 3728 3184 3778 ergo,
3200 3719 3379 3781 negata

1773 3787 1971 3851 flagitii
1994 3786 2411 3849 objurgatione,
2438 3786 2737 3849 conclusit,
2772 3786 2913 3837 nihil
2946 3799 3076 3837 esse
3095 3786 3375 3846 acerbius,

1773 3870 1946 3921 quam
1968 3859 2079 3909 sub
2091 3857 2417 3908 conditione
2442 3857 2739 3907 servitutis
2754 3856 3039 3920 ejusmodi
3075 3859 3376 3919 constitisse,

1772 3931 1831 3981 in
1854 3942 1971 3993 qua
2002 3932 2259 3980 extrema
2274 3927 2768 3978 necessitudinum
2787 3928 3001 3991 ﬂagitia
3029 3927 3223 3979 videre
3246 3938 3377 3990 per-

1772 4013 1896 4063 gas,
1912 4012 2181 4052 accusare
2208 4011 2327 4051 non
2349 3999 2583 4050 audeas.
2604 4000 2770 4063 Ergo,
2794 4011 2923 4050 cum
2940 3998 3049 4050 hoc
3073 4010 3205 4051 esse
3222 4000 3373 4047 mise-

1772 4073 1984 4124 riarum
2001 4071 2273 4124 ultimum
2289 4070 2671 4136 prmvidisset,
2689 4070 2901 4134 quippe
2925 4070 3099 4134 quod,
3124 4068 3236 4121 nisi
3249 4081 3379 4132 cap-

1777 4144 1973 4195 tivitas
2006 4155 2126 4195 non
2160 4146 2359 4207 posset
2392 4141 2620 4205 inferre,
2661 4142 2858 4193 statim
2896 4153 3161 4193 caussam
3198 4144 3376 4193 tantm

1774 4214 2199 4277 commotionis,
2248 4213 2678 4278 praemissorum
2724 4212 3062 4276 repetitione
3112 4210 3377 4274 subjecit.

1774 4286 2049 4345 Quoniam
2081 4286 2207 4349 ipsi,
2250 4300 2371 4334 cum
2397 4284 2763 4333 meretricibus
2787 4283 3159 4342 versabantur,
3181 4288 3225 4331 et
3255 4296 3378 4331 cum

1773 4357 2117 4421 effwminatis
2143 4355 2541 4417 sacriﬁcabant,
2576 4362 2623 4403 et
2664 4356 2896 4419 papulas
2942 4370 3054 4403 non
3077 4354 3377 4415 intelligens

1770 4427 2065 4492 vapulabit.
2112 4427 2408 4491 Nesciunt,
2441 4426 2647 4489 inquit,
2700 4431 2982 4490 quantum
3025 4425 3279 4477 dolorem
3303 4423 3375 4476 de

1775 4500 2148 4565 perversitate
2181 4499 2327 4562 ejus,
2368 4509 2500 4561 qum
2525 4497 2584 4548 in
2618 4497 2905 4549 consortio
2928 4509 3058 4549 meo
3081 4495 3376 4559 quondam

1774 4572 1908 4636 egit,
1926 4570 2189 4635 experiar
2207 4583 2221 4632 ;
2237 4569 2365 4622 ideo
2380 4569 2441 4620 in
2452 4569 2949 4621 necessitudinum
2967 4579 3205 4620 suarum
3222 4569 3376 4616 dede-

1780 4656 1928 4707 core,
1965 4642 2425 4707 magnitudinem
2463 4640 2766 4692 criminum
2795 4641 3045 4704 priorum
3066 4651 3373 4705 recognos-

1781 4718 1988 4766 centut
2004 4714 2101 4777 qui
2121 4713 2508 4765 eﬂmminotos
2533 4718 2589 4764 et
2622 4713 2957 4777 prostibula,
2975 4712 3235 4777 aquibus
3260 4710 3378 4763 cul-

1773 4791 1897 4838 tum
1910 4785 2242 4837 daemonum
2254 4788 2610 4849 acceperant,
2640 4798 2706 4836 su
2714 4784 2982 4849 bsequuti
2998 4789 3152 4845 sunt,
3171 4786 3377 4832 abuten-

1775 4858 1927 4910 tibus
1953 4870 2034 4920 se,
2055 4857 2347 4909 obscaenis
2366 4856 2633 4908 hostibus
2657 4857 3067 4920 distrahantur,
3084 4858 3379 4905 voluntariae

1775 4928 2036 4982 stultitiae
2052 4928 2273 4981 fructus
2297 4928 2357 4980 in
2373 4928 2759 4995 contumeliis,
2777 4942 2924 4992 quas
2948 4927 3175 4994 tyranni
3199 4927 3378 4978 victo-

1774 5014 1866 5054 res
1890 5000 2205 5063 intulerint,
2233 5000 2567 5053 sentientes.
2750 5010 2757 5015 '

1061 5374 1529 5476 EIBER
1602 5370 2422 5476 SECUNDUS.

548 5587 779 5642 CAPUT
816 5589 887 5638 IV
914 5587 1211 5653 (sequitur).

131 5737 306 5787 Vere.
333 5731 420 5788 15.
449 5760 509 5772 -
535 5732 597 5783 Si
614 5732 921 5793 ‘fornicaris
962 5737 1038 5792 tu,
1066 5731 1244 5793 Israel,
1272 5745 1382 5780 non
1402 5729 1682 5794 delinquat

136 5890 155 5910 ⁸
185 5876 475 5933 Versiculi
494 5879 732 5944 partem,
758 5892 928 5942 neque
955 5874 1291 5942 juraveritis,
1332 5873 1467 5925 Vivit
1490 5871 1680 5924 Domi-

72 5973 104 6004 η
116 5967 201 6013 us,
235 5962 372 6018 quae
395 5950 608 6012 deerat,
633 5949 986 6013 suii’ecimus,
1010 5948 1136 6013 ipso
1159 5946 1510 6011 ﬂdejubente
1532 5946 1674 5997 Auc-

1780 5582 1969 5632 saltem
1992 5582 2157 5633 Juda.
2185 5582 2362 5632 Nolite
2394 5579 2607 5642 ingredi
2624 5578 2683 5627 in
2708 5578 2954 5641 Galgala,
2980 5583 3025 5626 et
3050 5593 3111 5627 ne
3133 5577 3383 5627 ascende-

1779 5655 1902 5703 ritis
1917 5654 1979 5703 in
1999 5654 2302 5713 Bethauen;
2326 5664 2342 5683 ι
2368 5667 2535 5717 neque
2563 5650 2901 5715 juraveritis,
2936 5650 3073 5699 Vivit
3091 5649 3378 5701 Dominus.

1781 5726 2053 5785 Quoniam
2075 5727 2214 5776 sicut
2224 5740 2386 5776 vacca
2407 5724 2681 5775 lasciviens
2711 5721 2993 5773 declinavit
3018 5719 3181 5771 Israel
3205 5735 3381 5770 :nunc

1780 5875 1900 5923 tore
1923 5875 2139 5931 nostro,
2170 5870 2271 5934 qui
2293 5882 2421 5923 eam
2444 5870 2503 5923 in
2531 5866 3160 5934 subnexaoxpositione
3179 5865 3376 5931 singil-

1780 5942 1957 6000 latim.
1981 5955 2089 5994 nec
2113 5942 2291 5996 semel
2323 5942 2579 6007 exponit.
