3884 6396
524 364 632 422 987

1591 367 1860 421 RUFINO
1892 364 2358 419 PRESBYTERO
2390 364 2779 419 ASCRIPTUS

3728 362 3844 420 988

519 485 695 554 pascet
718 481 1471 554 cosDominusiquasiagnum
1568 478 1876 554 latitudine.
1891 481 2131 554 Quamvis
2150 480 2205 554 Α
2233 489 2345 554 que
2377 477 2515 554 ioca.
2547 478 2677 554 ista,
2729 488 2864 554 quae
2886 476 3258 554 celeberrima
3290 475 3587 554 sacrilegis
3607 475 3841 554 _ritibus

525 552 828 605 universas
852 553 1053 615 tribus,
1077 552 1361 604 idolorum
1378 550 1631 603 cultibus
1645 550 1955 612 sorduisse,
1973 550 2123 599 vati-

524 623 656 675 cinii
684 624 866 689 ipsius
892 636 1133 675 censura
1158 624 1532 687 demonstret,
1558 627 1753 675 tamen
1784 621 2121 673 deteriorem

529 695 751 746 Israelis
776 697 991 745 statum
1003 695 1334 758 denunciat,
1350 700 1408 747 et
1427 695 1525 759 qui
1542 693 1929 745 damnationis
1942 694 2120 753 magis,

528 777 701 829 quam
727 765 1092 817 correctionis
1115 778 1298 831 capax
1327 778 1454 817 esse
1471 764 1767 817 videatur:
1794 777 1911 815 non
1932 762 2120 814 solum

528 835 681 887 enim
706 834 821 902 42
839 834 857 903 Ι
891 836 1248 901 profanitatis
1260 837 1558 889 audaciam
1571 835 1877 887 intraflnes
1893 836 2121 896 proprios

525 918 831 970 moresque
854 908 1158 970 continuit,
1194 908 1296 960 sed
1320 908 1869 961 contaminationem
1893 916 2122 970 quoque

524 976 714 1028 fratris
738 979 902 1042 quasi
921 980 1142 1032 lucrum
1158 980 1390 1045 aliquod
1406 979 1701 1044 expetivit.
1717 981 1837 1030 Hoc
1848 980 2118 1039 siquidem,

527 1047 597 1098 ad
628 1048 865 1100 crimina
890 1050 1248 1103 sollicitantis
1283 1052 1540 1104 studium
1563 1051 1837 1115 propheta
1850 1050 2120 1111 convincit,

526 1131 659 1170 cum
681 1119 994 1174 denunciat
1009 1124 1227 1183 Israeli,
1253 1128 1319 1176 ut
1341 1136 1459 1176 non
1483 1123 1777 1186 delinquat
1802 1122 2007 1173 saltem
2018 1123 2049 1172 J
2057 1133 2122 1171 u-

527 1189 617 1253 da,
650 1203 838 1255 neque
870 1194 1022 1245 enim
1057 1207 1194 1246 cura
1221 1196 1487 1248 fraternas
1512 1192 2030 1246 commiserationis
2072 1192 2124 1243 ei

526 1260 710 1313 fuerat
731 1263 1015 1329 imposita,
1041 1267 1140 1331 qui
1162 1271 1228 1318 ut
1251 1266 1327 1318 sit
1350 1266 1615 1331 diligens,
1642 1264 2006 1329 admonetur,
2023 1263 2125 1315 sed

526 1345 627 1396 Per
646 1335 821 1386 istam
843 1339 1396 1403 praaceptispeciem,
1416 1339 1587 1389 etiam
1600 1336 1740 1389 illud
1758 1337 1973 1387 crimen
1989 1347 2127 1386 exa-

525 1404 688 1468 gitat,
708 1408 862 1470 quod
889 1409 1212 1462 similiorem
1243 1411 1351 1462 sibi
1362 1410 1667 1462 malueritJ
1675 1408 1848 1460 udam
1869 1407 2127 1471 reddere,

527 1488 702 1540 quam
737 1484 799 1530 ut
828 1479 951 1544 ipse
984 1482 1055 1533 de
1080 1482 1479 1534 emendatione
1516 1480 1812 1545 quippiam
1834 1480 2127 1542 cogitaret.

590 1549 795 1612 Fitque
826 1564 1031 1605 sensus
1057 1554 1345 1618 ejusmodi
1370 1569 1383 1605 :
1409 1554 1455 1606 Ο
1480 1558 1545 1605 tu
1572 1551 1769 1617 Israel,
1797 1552 1893 1616 qui
1915 1551 2130 1615 princi-

526 1632 655 1700 pem
691 1623 905 1700 erroris
945 1631 1206 1700 secutus,
1232 1626 1291 1677 id
1334 1630 1440 1700 est,
1463 1625 1793 1700 Jeroboaln,
1816 1637 1851 1675 ει
1872 1620 2134 1700 ἕβτωθουί

525 1692 628 1755 tui,
648 1692 916 1747 videlicet
935 1698 966 1748 J
975 1697 1121 1759 udae,
1138 1698 1424 1750 consortio
1440 1697 1870 1758 recessisti,non
1883 1696 1956 1747 ob
1972 1698 2132 1759 aliud,

525 1774 700 1824 quam
724 1777 798 1816 ne
828 1767 932 1819 tibi
961 1781 1060 1833 per
1084 1770 1362 1822 honorem
1386 1767 1584 1833 templi
1609 1771 1665 1821 et
1702 1779 1992 1819 sacrorum
2017 1767 2137 1819 die-

525 1845 653 1905 r_um
697 1835 1104 1903 celebritatem,
1144 1840 1461 1905 respirandi
1484 1846 1659 1905 atque
1688 1840 1762 1892 ad
1784 1838 2022 1891 meliora
2044 1854 2135 1892 re-

528 1902 742 1986 deundi
765 1914 922 1986 esset
942 1902 1186 1975 occasio,
1280 1924 1398 1986 non
1413 1902 1668 1986 generis,
1678 1910 2041 1986 veleriminis
2058 1916 2130 1962 tui

530 1978 853 2037 pactionem
877 1984 1058 2046 tuere,
1079 1987 1137 2033 et
1160 1983 1259 2047 qui
1283 1982 1520 2035 noluisti
1537 1983 1886 2035 laudabilem
1907 1996 2135 2036 servare

527 2049 909 2115 concordiam,
938 2060 1270 2118 susceptam
1298 2055 1475 2107 semel
1499 2054 1902 2106 discissionem
1917 2059 2134 2120 teneto,

528 2129 717 2182 neque
739 2121 797 2173 in
821 2124 1234 2184 professionem
1257 2126 1575 2192 repudiata
1589 2127 2007 2190 germanitatis,
2025 2135 2133 2177 astu

528 2195 877 2257 corruptoris
902 2196 1138 2261 irrepas,
1164 2199 1264 2250 sed
1282 2199 1508 2263 propria
1525 2198 1731 2251 saltem
1747 2198 1840 2251 lue
1852 2206 2130 2253 contentus.

528 2266 718 2327 patere
745 2270 1135 2322 innocentiam
1164 2271 1179 2336 [
1185 2273 1222 2321 Α
1234 2278 1306 2321 nt.
1315 2271 1731 2337 innocentium]
1756 2284 1988 2323 manere
1999 2284 2131 2322 con-

528 2342 719 2401 sortis,
757 2344 815 2390 et
848 2340 1093 2394 invitare
1110 2344 1359 2395 cessaad
1374 2356 1510 2396 eum
1531 2346 1763 2406 statum,
1788 2343 1849 2394 in
1872 2355 2047 2407 quem
2072 2346 2133 2395 tu

426 2450 431 2456 .
527 2410 753 2463 venisse
769 2412 1024 2466 deflebis.
1053 2418 1221 2468 Nunc
1246 2416 1404 2469 enim
1418 2417 1692 2480 majorem
1708 2417 1764 2467 in
1782 2415 2134 2467 modumin:-

524 2481 826 2544 prudentia
860 2490 1181 2551 grassatur,
1209 2488 1257 2539 si
1282 2501 1528 2552 quorum
1555 2487 1778 2552 elegisti
1803 2486 2037 2538 remedii
2062 2488 2133 2538 tl-

526 2564 683 2604 more
699 2554 1023 2621 dissidium,
1050 2572 1186 2610 cum
1215 2559 1420 2611 iisdem
1441 2560 1605 2611 ineas
1633 2558 1913 2621 sacrilegii
1937 2571 2132 2611 amore

525 2622 844 2687 collegium.
868 2626 1037 2678 Illum
1058 2632 1263 2681 saltem
1285 2630 1383 2681 tibi
1398 2630 1669 2682 affectum
1694 2643 1880 2693 serva,
1906 2631 2004 2695 qui
2019 2647 2132 2693 pec-

525 2696 793 2767 cantibus
830 2700 1140 2752 consuevit
1168 2701 1409 2765 innasci,
1447 2706 1510 2753 ut
1536 2704 1591 2753 te
1630 2701 1898 2754 videlicet
1920 2703 2134 2767 pudeat

526 2764 798 2819 deformis
841 2769 1099 2822 admissi.
1145 2774 1259 2823 Cur
1281 2785 1315 2824 a
1355 2778 1410 2825 te
1443 2773 1660 2826 scilicet
1683 2778 1855 2826 tenue
1875 2764 2131 2827 solamen

524 2838 804 2898 excludis,
825 2845 888 2891 ut
900 2841 1127 2893 videare
1140 2844 1415 2907 deceptus
1430 2848 1457 2896 ‘I
1474 2858 1608 2896 nam
1633 2851 1858 2897 reatum
1881 2859 1998 2897 non
2012 2862 2131 2895 eva-

524 2907 619 2989 det
641 2913 932 2989 ascensio:
962 2917 1159 2965 tamen
1184 2916 1552 2989 essealiquid
1568 2916 1957 2989 distinctionis
1980 2919 2131 2971 inter

524 2984 785 3052 incautos
824 2988 880 3034 et
925 2998 1197 3049 procaces
1243 2988 1475 3051 indicat,
1524 2988 1677 3052 quod
1724 2988 1868 3040 alios
1891 2990 2130 3043 audacia

523 3051 723 3104 reddat
745 3067 977 3118 exosos,
1002 3057 1145 3109 alios
1173 3054 1415 3111 formido
1438 3051 1822 3112 miserandos.
1839 3063 1924 3113 Tu
1940 3069 2126 3122 autem,

524 3126 908 3205 cum_nullum
931 3130 1138 3191 pateris
1174 3134 1293 3183 tua)
1325 3131 1605 3205 fmditatis
1634 3132 2127 3198 immunem,quid

526 3193 701 3267 aliud,
727 3210 901 3261 quam
925 3212 1042 3250 non
1066 3213 1273 3267 errore,
1294 3203 1394 3254 sed
1412 3208 1732 3266 spontaneo
1746 3193 2127 3267 detestabilique

2232 548 2601 611 effecistis,eo
2629 547 2822 600 studio
2839 548 3218 612 frequentare,
3235 552 3301 600 ut
3322 548 3496 601 etiam
3510 547 3688 600 Judai
3703 560 3843 611 pec-

2221 624 2345 672 tora
2370 624 2559 672 vestro
2593 620 2829 672 crimine
2856 624 3221 672 venenentur
3252 619 3542 684 Respiciet
3558 618 3721 672 enim
3742 621 3843 672 Ju-

2220 691 2343 755 das,
2370 691 2420 742 si
2440 691 2630 743 adhuc
2653 703 2774 742 non
2809 696 2969 743 totus
3005 691 3305 755 emarcuit,
3327 690 3425 754 qui
3452 694 3648 744 status
3674 702 3840 741 com-

2219 764 2584 829 prehenderit
2602 764 2898 815 Israelem:
2918 765 2977 815 et
3000 768 3161 825 tunc,
3197 762 3337 827 quid
3358 762 3535 815 etiam
3560 761 3699 825 sibi,
3723 762 3841 813 nisi

2221 835 2449 896 caverit,
2481 840 2869 900 recognoscat.

2282 909 2451 960 Vers.
2487 906 2576 961 16.
2621 934 2680 944 -
2706 907 2980 965 Quoniam
3013 905 3149 955 sicut
3181 919 3341 955 vacca
3363 904 3649 955 lasciviens
3673 902 3844 954 decli-

2222 979 2371 1029 navit
2403 978 2594 1041 Israel,
2626 993 2774 1027 nunc
2794 982 2970 1042 pascet
2998 992 3081 1027 eos
3112 977 3395 1037 Dominus,
3421 978 3582 1040 quasi
3610 989 3841 1041 agnum

2223 1051 2283 1100 in
2298 1050 2601 1100 latitudine.
2619 1053 2767 1115 Apte
2776 1062 3055 1115 prorsusa
3070 1061 3246 1101 vacca
3262 1048 3575 1102 similitudo
3598 1053 3844 1108 suscepta

2223 1129 2331 1187 est,
2358 1127 2426 1175 ut
2448 1123 2665 1188 peccati
2685 1123 2868 1186 ipsius
2894 1121 3130 1186 species,
3156 1126 3215 1173 et
3236 1125 3426 1173 tumor
3446 1120 3843 1186 peccantium,

2224 1202 2283 1248 et
2304 1196 2561 1259 mugitus
2585 1195 2949 1260 pereuntium
2977 1194 3324 1259 signaretur.
3345 1196 3409 1245 In
3434 1194 3617 1254 cultu,
3634 1193 3837 1257 inquit

2225 1267 2559 1331 vitulorum,
2579 1268 2720 1331 jugo
2733 1279 2880 1317 meai
2896 1266 3039 1330 legis
3068 1278 3336 1328 excusso,
3349 1264 3573 1318 Israelis
3589 1264 3844 1328 deliquit

2227 1339 2484 1401 audacia,
2510 1343 2568 1390 et
2590 1350 2625 1390 a
2645 1338 2873 1391 virtutis
2900 1337 3124 1390 semitis
3153 1336 3476 1400 declinavit,
3502 1336 3760 1389 credens
3783 1349 3841 1387 se

2228 1410 2435 1476 opimis
2460 1409 2630 1461 bonis
2658 1410 2778 1460 suis
2801 1408 3234 1472 interpolatione
3256 1407 3598 1460 fruiturum:
3621 1406 3846 1459 sedim-

2230 1483 2349 1544 pios
2382 1483 2544 1534 tanta
2578 1484 2843 1533 votorum
2873 1480 3166 1531 frustratio
3192 1484 3501 1532 consecuta
3527 1483 3637 1542 est,
3664 1484 3739 1530 ut
3775 1478 3843 1529 ad

2230 1555 2365 1617 agni
2389 1554 2765 1618 exiguitatem
2782 1552 2854 1604 de
2873 1551 3098 1604 taurina
3109 1551 3275 1616 quasi
3294 1551 3444 1603 mole
3458 1553 3841 1601 descenderint.

2234 1628 2322 1677 Sic
2365 1628 2485 1677 tota
2521 1638 2682 1689 gens,
2717 1636 2848 1688 quas
2877 1623 3202 1675 confidebat
3235 1623 3296 1675 in
3328 1623 3566 1685 viribus,
3592 1622 3843 1686 gloriam

2237 1711 2402 1751 suam
2414 1697 2728 1761 ignominia
2744 1700 3022 1760 sequente
3040 1695 3493 1756 viditmutatam,
3505 1700 3564 1747 et
3580 1694 3698 1745 sub
3710 1706 3843 1759 pas-

2239 1772 2373 1822 toris
2396 1769 2599 1821 baculo
2623 1768 3017 1833 constitutam,
3051 1769 3211 1819 tanta
3255 1770 3473 1830 quanta
3488 1766 3840 1831 soletagnus

2238 1842 2507 1895 facilitate
2519 1840 2824 1905 compesci.
2841 1843 3036 1904 Neque
3050 1839 3158 1891 hoc
3172 1844 3358 1890 tamen
3381 1838 3587 1902 solum,
3600 1840 3692 1887 sed
3712 1840 3841 1886 sicut

2236 1927 2424 1979 agnus
2451 1914 2509 1965 in
2541 1918 2704 1966 vasta
2724 1912 2850 1963 loca
2874 1908 3683 1976 perductus,etimbecillus,et
3700 1912 3841 1958 solus

2232 1988 2353 2037 tam
2379 1985 2602 2045 matris,
2630 1996 2803 2048 quam
2822 1983 3015 2047 gregis
3045 1982 3249 2034 solatio
3272 1981 3603 2045 destitutus,
3629 1981 3843 2033 metuit

2234 2057 2511 2121 quicquid
2522 2055 2829 2121 aspexerit,
2850 2055 3022 2118 quicq
3031 2053 3127 2105 uid
3144 2053 3412 2105 audierit:
3437 2053 3516 2104 ita
3526 2053 3706 2104 etiam
3720 2067 3843 2114 gens

2235 2131 2497 2193 subjecta
2510 2128 2777 2180 hostibus
2799 2125 3159 2187 truculentis,
3179 2138 3279 2190 per
3291 2124 3657 2177 solitudinem
3672 2137 3842 2189 coge-

2236 2209 2328 2255 tur
2349 2201 2630 2254 incedere.
2656 2202 2839 2262 Quam
2860 2202 3057 2249 tamen
3071 2209 3190 2248 non
3212 2208 3627 2261 usquequaque
3642 2208 3751 2261 pro
3762 2195 3841 2245 vi-

2234 2275 2426 2327 dentia
2468 2272 2669 2325 divina
2712 2269 2996 2333 destituit,
3040 2271 3269 2334 propter
3300 2268 3454 2332 quod
3488 2267 3644 2325 dicit,
3672 2267 3837 2317 Nunc

2230 2352 2402 2413 pascet
2426 2360 2509 2395 eos
2534 2345 2698 2405 Deus;
2726 2342 2828 2394 sed
2853 2345 2919 2393 ut
2941 2340 3228 2403 impositae
3250 2340 3592 2392 calamitatis
3616 2338 3837 2413 magis.

2233 2409 2374 2471 terio
2423 2414 2705 2479 intelligat
2748 2418 2920 2477 atque
2962 2412 3224 2475 fateatur,
3278 2424 3387 2463 nec
3421 2409 3838 2462 contemtibilia

2233 2490 2408 2542 fuisse
2455 2497 2635 2539 sacrm
2672 2484 2814 2549 legis
2838 2484 3142 2547 praecepta,
3169 2495 3277 2534 nec
3301 2495 3408 2535 sua
3435 2480 3526 2534 vel
3548 2481 3837 2546 impunita

2232 2562 2489 2625 crimina,
2514 2558 2607 2611 vel
2629 2554 2911 2609 desideria
2933 2554 3248 2616 fructuosa,
3274 2554 3402 2618 subj
3413 2553 3592 2625 ungit.

2294 2635 2458 2685 Vers.
2498 2628 2704 2685 17.-19.
2740 2655 2801 2664 -
2838 2626 3112 2691 Particeps
3143 2625 3415 2677 idolorum
3436 2624 3676 2690 Eﬂ‘raim
3705 2641 3716 2673 :
3745 2624 3835 2673 di-

2231 2707 2378 2755 mitte
2400 2718 2541 2754 eum.
2568 2702 2895 2766 Separatum
2919 2703 2994 2747 est
3016 2697 3324 2747 convivium
3357 2711 3559 2757 eorum,
3583 2696 3835 2758 fornica-

2232 2780 2373 2827 tione
2414 2773 2675 2839 fornicati
2714 2775 2862 2833 sunt,
2909 2770 3216 2819 dilexerunt
3245 2768 3439 2833 afferre
3463 2768 3833 2833 ignominiam

2227 2854 2541 2915 protectores
2583 2845 2715 2909 ejus,
2754 2842 2941 2906 ligavit
2986 2856 3112 2915 eum
3151 2839 3596 2915 spiritus‘inalis
3617 2840 3753 2915 suis,
3784 2846 3834 2889 et

2227 2911 2593 2985 confundetur
2620 2916 2719 2982 [ΑΙ.
2750 2913 3173 2985 confuttdcntur]
3196 2930 3230 2985 ᾳ
3254 2911 3676 2985 sacrificiissuis:
3694 2913 3833 2962 Post

2228 2982 2399 3058 quam
2426 2988 2604 3042 Israel
2636 2988 2707 3039 de
2731 2984 3087 3058 desolatione
3127 2984 3234 3058 [Αιέ
3261 2984 3334 3036 de
3374 2982 3676 3058 solutione]
3706 2995 3833 3058 pro-

2227 3054 2491 3129 phelicus
2509 3072 2693 3113 sermo
2718 3056 3009 3121 convenit,
3027 3056 3191 3121 eique
3202 3054 3396 3129 finem,
3422 3054 3556 3118 quia
3571 3066 3689 3105 non
3704 3054 3823 3105 fue-

2224 3127 2313 3188 rat
2336 3135 2505 3188 dictis
2529 3133 2655 3197 ejus
2667 3130 2931 3193 audiens,
2948 3127 3261 3192 nunciavit,
3276 3129 3687 3192 consequenter
3701 3138 3828 3178 mo-

2226 3209 2475 3269 niturus,
2501 3202 2799 3261 convertit,
2833 3215 2895 3253 se
2918 3201 2990 3254 ad
3014 3203 3046 3253 J
3052 3201 3245 3253 udam.
3270 3200 3351 3251 Ne
3373 3198 3518 3249 enim
3540 3197 3830 3249 videretur

520 3265 768 3347 judicio,
805 3273 875 3347 te_
896 3284 1026 3347 esse
1050 3265 1551 3347 nocentissimum,
1578 3275 1905 3347 confiteris?
1932 3277 1992 3327 Si
2014 3265 2122 3339 for-

2229 3279 2425 3332 Israeli
2464 3265 2689 3329 intenta
2710 3286 2972 3347 censura,
3000 3275 3031 3347 ,Ι
3039 3273 3212 3347 udam
3235 3270 3488 3347 reatibus
3517 3269 3823 3332 exemisse,

523 3322 827 3415 nicarisjtu,
853 3342 1033 3415 Israel,
1066 3359 1179 3393 non
1204 3322 1897 3409 agamnam—1.13;;
1908 3322 2025 3400 cl;
2042 3322 2127 3400 iu-
2151 3322 2199 3397 C
2229 3322 3354 3415 aﬁiﬁiiq‘is'gaadiaamsiiussam
3371 3322 3829 3415 corrumperetur

523 3420 715 3481 quam,
733 3411 910 3465 istum
928 3414 1211 3477 prioribus
1225 3416 1425 3481 jungis
1450 3430 1717 3480 errorem,
1735 3422 1801 3469 ut
1826 3419 2043 3472 minore
2068 3425 2123 3472 te

523 3480 716 3554 dolore
762 3484 1097 3549 periturum,
1145 3487 1193 3538 si
1240 3480 1374 3540 cum
1411 3488 1691 3554 pluribus,
1717 3502 1891 3553 quam
1918 3492 1966 3542 si
1990 3505 2155 3545 cum.

523 3553 723 3627 paucis
746 3568 963 3620 pereas,
989 3558 1285 3610 arbitreris
1299 3563 1327 3610 ?
1353 3562 1467 3611 Cur
1479 3560 1755 3625 prodigus
1770 3565 2124 3627 propriorum

526 3624 825 3697 bonorum,
849 3628 1023 3679 etiam
1046 3629 1235 3681 fratris
1254 3632 1386 3694 jura
1409 3624 1768 3685 contaminas
1786 3637 1813 3685 ‘2
1836 3624 1983 3697 Quid
2007 3649 2124 3688 uno

526 3695 747 3778 tumulo
792 3710 978 3778 genus
1014 3702 1297 3778 omnevis
1320 3702 1574 3778 involvi?
1597 3706 1791 3757 Patere
1821 3695 2124 3771 superesse

523 3766 775 3841 aliquam
826 3771 907 3821 tui
932 3772 1234 3836 sanguinis
1258 3775 1600 3839 portionem,
1636 3778 1804 3841 cujus
1830 3766 2125 3841 adjuveris

525 3838 813 3917 suffragio,
832 3841 1154 3917 reformeris
1167 3838 1449 3912 exemplo.
1486 3847 1548 3897 Si
1558 3838 1856 3911 form-iam
1867 3838 1922 3899 tu
1943 3852 2123 3917 Israel,

523 3924 635 3959 non
663 3910 946 3978 delinquat
962 3915 1143 3965 saltem
1166 3917 1316 3967 Juda
1339 3910 1355 3969 Ξ
1388 3910 1791 3983 ηοιὶιείίηρ-νεάί
1813 3925 1871 3971 in
1897 3910 2124 3984 Galgata

522 3986 567 4064 et
594 3985 1019 4064 neascenderitis
1041 3989 1099 4064 in
1126 3989 1416 4052 Bethaven,
1430 4006 1599 4055 neque
1617 3993 1950 4055 juraveritis,
1987 3996 2124 4044 Vivit

522 4053 807 4134 pominus.
840 4059 1150 4134 Quomodo
1185 4062 1398 4126 Israeli,
1445 4053 1519 4113 ne
1537 4064 1719 4115 Judas
1745 4053 2122 4131 delinqueret,

519 4133 878 4200 imperasset,
904 4142 1005 4194 per
1028 4133 1289 4196 subjecta
1311 4134 1960 4200 patefecit,prohibendo
1980 4140 2124 4192 nein

518 4197 750 4278 Qalgala
792 4203 1213 4278 et;_Bethaven,
1249 4197 1382 4278 quae
1424 4205 1548 4278 loca
1574 4197 1736 4260 erant
1760 4210 1932 4262 tribui
1953 4212 2123 4264 Judae

515 4273 734 4350 juncta,
755 4273 951 4350 studio
977 4275 1394 4350 permiscenda
1411 4276 1702 4350 religionis
1724 4283 2120 4345 escenderent,

520 4343 578 4391 et
583 4343 863 4424 jurarent,
890 4346 1027 4424 Viuit
1043 4347 1343 4424 pommus;
1358 4349 1513 4412 quod
1526 4351 1607 4403 ita
1620 4350 1949 4419 intelligend
1960 4369 2058 4407 um
2070 4343 2124 4406 ut

519 4414 655 4476 quia
668 4414 727 4465 in
741 4414 948 4468 iisdem
964 4417 1104 4470 locis
1117 4418 1289 4471 sicut:
1308 4419 1365 4472 in
1376 4424 1597 4471 Samaria
1613 4414 2126 4478 vitulosconsecrave-

520 4489 743 4555 rant,et
757 4486 899 4563 ipsis
923 4489 1099 4541 etiam
1116 4490 1236 4543 veri
1259 4492 1361 4544 Dei
1375 4505 1585 4546 nomen
1598 4497 1987 4563 adscripserant,
2007 4515 2123 4562 per-

520 4565 633 4640 que
645 4559 980 4640 eorumdem
992 4574 1206 4640 nomen
1216 4575 1547 4640 numenque
1559 4567 1578 4631 j
1588 4574 1839 4629 urarent,
1857 4559 2120 4621 ideo'n'uuc

518 4630 793 4707 prasgipit,
819 4636 885 4684 ut
908 4634 1183 4707 quoniam
1200 4647 1273 4686 ex
1297 4630 1589 4691 vicinitate
1611 4640 1801 4703 Judte,
1818 4641 1913 4693 illo
1930 4642 2116 4707 populi

517 4699 902 4778 confluebant,
916 4704 989 4755 ad
1000 4705 1296 4778 Bethaven
1310 4708 1595 4773 videlicet,
1609 4698 2112 4778 atque'Galgela’Jsti
2137 4698 2195 4772 D

517 4768 1002 4854 illuc‘ascendere
1024 4776 1313 4831 facessant
1334 4783 1392 4832 et
1409 4768 1622 4854 jurare.
1664 4768 1802 4833 Vivit
1824 4768 2112 4851 Dominus,

516 4838 574 4919 i_d
587 4844 693 4919 est,
706 4843 766 4894 in
774 4843 1038 4919 illisilocis
1054 4861 1345 4904 consensu
1361 4838 1553 4917 populi
1569 4856 1938 4919 consecratis,
1953 4872 2016 4907 ne
2025 4838 2114 4907 Jul

516 4911 621 4998 das
640 4913 753 4998 hac
765 4915 1145 4998 familiaritate
1162 4911 1466 4998 verborum
1478 4923 1776 4998 deceptus,
1793 4911 2115 4991 ipsequoque

514 4985 924 5067 vitulos‘primo
949 5004 1067 5045 non
1091 4994 1340 5067 horrere,
1360 4995 1568 5067 dehinc
1590 4985 1829 5063 incipiat
1836 5004 1892 5051 et
1901 4985 2113 5064 jurare.

574 5057 817 5137 Videtur
847 5067 1040 5137 autem
1086 5070 1143 5117 et
1186 5065 1325 5117 illud
1371 5057 2111 5137 ostenderefquod'popun

512 5129 897 5214 confundebat
919 5135 1203 5214 impietas.
1217 5142 1284 5188 ut
1306 5138 1405 5200 qui
1415 5129 1689 5214 videlicet
1705 5129 1882 5209 4‘22
1911 5129 2111 5196 vit-uiis

516 5204 864 5277 serviebant,
881 5207 1057 5259 etiam
1078 5220 1180 5273 per
1195 5222 1399 5262 verum
1414 5211 1723 5264 Dominum
1733 5204 1913 5277 quam
1928 5216 1961 5267 J
1967 5215 2111 5267 udas

516 5272 757 5357 colebat,
772 5278 834 5329 in
854 5272 1297 5357 quibuscunque
1308 5283 1564 5357 negociis
1574 5283 1664 5348 adj
1675 5272 1920 5347 orarent,
1940 5292 1998 5339 et
2009 5288 2112 5339 ob-

516 5347 855 5430 testationes
880 5361 1027 5430 suas
1040 5350 1194 5430 illius
1208 5353 1605 5430 appellatione,
1631 5347 2110 5430 Constringerent,

514 5420 681 5480 quasi
709 5420 992 5494 optimum
1008 5422 1343 5489 judicando,
1357 5430 1660 5490 utramque
1672 5420 2111 5494 appellationem

516 5501 682 5572 sequo
711 5491 946 5572 ﬂh‘onore
990 5497 1274 5563 venerari,
1298 5499 1361 5549 ut
1406 5499 1513 5572 hoc
1539 5491 1949 5564 colere—{etiam
1976 5501 2107 5563 illis,

515 5561 683 5641 quiin
706 5561 820 5645 fide
841 5572 1200 5645 manserant,
1212 5561 1644 5645 persuaderent,
1668 5561 1962 5645 et'cultum
1980 5561 2112 5625 sus?

514 5636 700 5695 cipere
743 5636 1074 5700 vitulorum,
1122 5640 1435 5707 religionis,
1469 5645 1723 5706 inquam,
1760 5644 1964 5708 prioris
1988 5657 2111 5697 ma-

514 5709 689 5784 nente
711 5710 1028 5784 reverentia
1054 5728 1065 5760 :
1093 5712 1288 5784 sicque
1300 5714 1625 5768 devotionis
1649 5727 1766 5767 non
1786 5719 1905 5767 tam
1921 5718 2108 5768 muta-

518 5777 612 5851 tio,
640 5788 815 5840 quam
831 5782 1259 5843 quaedamfacta
1272 5786 1557 5839 videretur
1579 5786 1842 5851 adjectio.
1872 5790 1994 5839 Hoc
2004 5800 2110 5840 au-

518 5846 635 5897 tem
678 5851 880 5923 contra
918 5852 1063 5918 legis
1086 5861 1376 5921 praecepta
1398 5846 1754 5923 susceptum,
1778 5858 1904 5911 sine
1938 5858 2111 5912 dubio

516 5918 807 5970 cumulata
828 5918 1167 5983 profanitate
1188 5918 1433 5982 miseros
1456 5918 1767 5995 polluebat.
1791 5927 1978 5984 Nolite
2002 5930 2111 5984 ita-

2222 3413 2495 3483 assensu;
2511 3420 2637 3473 ideo
2656 3420 2847 3485 ipsum
2864 3430 3093 3482 quoque
3108 3416 3277 3468 simili
3295 3416 3487 3481 vigore
3502 3413 3823 3478 compellat.

2223 3495 2448 3557 Vidisti,
2496 3492 2700 3556 inquit,
2736 3492 3011 3555 quoniam
3035 3489 3267 3541 Effraim
3290 3501 3324 3539 a
3342 3490 3483 3553 jugo
3506 3486 3647 3551 legis
3674 3497 3822 3537 mea:

2223 3567 2446 3631 ingrata
2470 3570 2527 3616 et
2548 3562 2820 3615 infelicia
2833 3562 2977 3614 colla
2989 3561 3337 3624 subducens,
3351 3558 3631 3631 idolorum
3646 3557 3820 3622 parti-

2223 3628 2358 3703 ceps
2382 3649 2509 3689 esse
2534 3634 2871 3688 decreverit.
2892 3632 3060 3686 Nullo
3084 3645 3220 3697 ergo
3241 3631 3455 3703 fmdere
3475 3635 3537 3682 tu
3551 3628 3631 3681 illi
3653 3641 3819 3703 copu-

2222 3700 2374 3771 leris,
2432 3709 2532 3759 sed
2571 3706 2795 3758 dimitte
2828 3719 2979 3765 eum,
3011 3709 3069 3757 et
3100 3708 3239 3767 toto,
3267 3704 3416 3755 sicut
3444 3702 3717 3763 locorum,
3740 3700 3815 3751 ita

2225 3780 2550 3833 studiorum
2573 3778 2684 3829 fine
2714 3778 2997 3830 dirimere.
3015 3778 3298 3829 Caeterum
3311 3775 3358 3826 si
3375 3775 3425 3826 ei
3455 3778 3508 3825 te
3528 3771 3644 3824 ulla
3657 3776 3814 3822 socie-

2226 3858 2313 3906 tas
2341 3850 2683 3914 alligaverit:
2705 3850 2876 3902 etiam
2894 3849 3208 3909 calamitas,
3224 3846 3493 3899 nimirum
3506 3857 3689 3908 aequa,
3714 3860 3818 3892 cor-

2222 3924 2402 3989 ripiet.
2438 3913 2541 3974 Vis
2565 3922 2966 3986 contagionem
2991 3917 3350 3985 profanitatis
3365 3917 3613 3981 effugere
3627 3918 3654 3966 ?
3670 3913 3814 3989 vallo

2223 3987 2515 4048 continuas
2540 3992 2917 4058 separationis
2931 3992 3169 4056 ambire,
3186 4002 3482 4055 nunquam
3498 4000 3632 4041 cum
3645 3987 3814 4040 sacri-

2221 4068 2365 4133 legis
2388 4081 2550 4119 meas
2574 4066 2667 4119 vel
2697 4065 2924 4132 publica
2940 4065 3168 4126 foedera,
3189 4064 3282 4117 vel
3307 4062 3523 4129 privata
3533 4060 3811 4133 convivia.

2222 4131 2363 4203 Quae
2385 4140 2536 4192 enim
2555 4138 2801 4190 societas
2822 4138 2933 4189 luci
2959 4150 3091 4190 cum
3105 4136 3356 4190 tenebris
3373 4134 3441 4198 (ἓ.
3456 4137 3575 4186 σον.
3593 4132 3643 4187 6.
3670 4131 3813 4195 14.)?

2222 4213 2323 4277 qui
2360 4223 2680 4264 consensus
2704 4208 2881 4277 423
2903 4210 3115 4275 templo
3138 4210 3260 4273 Dei,
3292 4220 3424 4260 cum
3446 4204 3653 4277 idolis?
3688 4205 3811 4277 Eor-

2221 4275 2494 4335 nicatione
2523 4275 2964 4346 {ornt-catmum.
2992 4284 3062 4333 Et
3083 4293 3158 4332 ne
3178 4279 3291 4333 hnc
3313 4283 3481 4344 putes
3505 4275 3810 4341 contigisse

2222 4368 2409 4409 errore
2432 4354 2704 4419 deceptiS,
2722 4354 2983 4403 dixerunt
3003 4350 3204 4417 afferre
3227 4350 3596 4417 ignominiam
3614 4353 3810 4419 protec-

2223 4433 2356 4479 lares
2378 4428 2509 4492 ejus,
2541 4418 2735 4478 dedito
2757 4425 2967 4483 studio,
2989 4428 3046 4476 et
3068 4424 3304 4477 incenso
3330 4434 3540 4480 amore,
3565 4418 3810 4492 profani-

2224 4503 2372 4551 tates
2397 4490 2735 4563 sequuntur,
2764 4510 2871 4549 nec
2906 4497 3095 4549 solum
3127 4497 3190 4548 in
3213 4494 3431 4561 plebeia
3454 4495 3613 4557 parte
3633 4490 3808 4543 delin-

2222 4575 2412 4635 quunt
2433 4583 2466 4622 a
2488 4570 2821 4635 proceribus
2843 4568 3075 4620 adimos
3092 4568 3323 4620 funerea
3335 4564 3673 4632 profanitate
3696 4568 3809 4611 sunt

2222 4642 2469 4707 pervasi.
2500 4643 2632 4694 Ideo
2655 4654 2947 4705 nusquam
2972 4652 3172 4693 eorum
3184 4638 3380 4691 sensui
3391 4636 3678 4701 cmtuique
3688 4636 3810 4684 mis-

2222 4727 2388 4766 ceare
2416 4714 2565 4777 fAnt.
2606 4713 2890 4778 miscere],
2928 4714 2975 4764 si
3002 4718 3057 4765 te
3081 4716 3259 4764 castae
3293 4710 3424 4763 fidei
3458 4711 3809 4762 sacramenta

2218 4785 2511 4838 delectant.
2558 4786 2790 4837 Provisa
2829 4789 2921 4837 est
2950 4783 3255 4847 siquidem,
3290 4795 3323 4835 ο
3349 4782 3530 4834 tribus
3560 4782 3591 4832 J
3599 4779 3729 4842 uda,
3754 4780 3809 4830 in

2214 4856 2822 4922 adjumentumjudicii
2843 4857 2943 4919 tui,
2964 4856 3164 4908 talium
3184 4865 3199 4885 ·
3220 4855 3487 4907 festinata
3497 4853 3806 4913 damnatio,

2214 4942 2287 4981 ne
2307 4934 2371 4980 tu
2394 4928 2600 4981 videns
2634 4927 2814 4979 differi
2849 4927 3023 4980 exitia
3045 4939 3295 4990 reorum,
3330 4926 3493 4978 fieres
3515 4924 3689 4976 etiam
3723 4924 3808 4975 in—

2215 5004 2372 5052 certa
2398 5000 2751 5052 meritorum.
2775 4999 2980 5052 Adhuc
3002 4998 3361 5061 téincolumi,
3380 4996 3605 5049 subitus
3618 4997 3807 5048 Sama—

2219 5072 2361 5123 riam
2382 5072 2547 5135 quasi
2574 5076 2787 5124 ventus
2808 5072 3058 5136 arripiet,
3075 5077 3120 5121 et
3135 5070 3539 5132 confundantur
3550 5085 3583 5118 a
3594 5067 3805 5131 sacrifi—

2218 5144 2315 5194 ciis
2329 5145 2465 5206 suis,
2481 5143 2649 5207 idest,
2666 5146 3023 5205 erubescent,
3036 5148 3094 5197 et
3109 5143 3534 5196 confitebuntur
3545 5143 3804 5191 vanitatem

2217 5215 2339 5279 spei
2362 5228 2579 5279 eorum,
2606 5216 2707 5280 qui
2732 5216 2843 5267 sibi
2866 5216 3189 5268 libertatem
3201 5220 3259 5266 et
3274 5214 3635 5267 securitatem
3648 5213 3806 5278 polli-

2213 5288 2451 5339 cebatur
2482 5287 2543 5338 in
2570 5287 2640 5338 iis
2676 5287 2901 5350 hostiis,
2942 5299 3088 5351 quas
3126 5286 3295 5338 idolis
3318 5286 3639 5338 offerebant.
3674 5284 3804 5337 Alas

2212 5363 2406 5410 autem
2420 5359 2895 5423 spiritus,quibus
2908 5372 3053 5423 gens
3065 5358 3287 5424 illigata
3302 5357 3802 5418 discesseritposuit

2216 5430 2539 5482 secundum
2565 5430 2859 5494 vulgarem
2871 5431 3355 5496 opinionem,quee
3371 5434 3674 5483 ventorum
3692 5432 3805 5477 ima-

2212 5502 2380 5566 gines
2404 5502 2609 5566 pennis
2641 5503 2923 5556 instruere
2947 5504 3268 5561 consuevit.
3293 5505 3439 5567 Ergo
3464 5502 3546 5555 sic
3565 5503 3644 5554 ait
3671 5519 3681 5550 :
3710 5501 3802 5553 Isti

2213 5573 2313 5637 qui
2340 5573 2634 5637 sacrilegia
2659 5576 2893 5638 sequuti
2919 5579 3074 5638 sunt,
3100 5574 3631 5640 pessundabuntur,
3667 5574 3800 5627 etad

2215 5645 2386 5697 exilia
2396 5645 2623 5698 diversa
2638 5647 2993 5709 captivitatis
3013 5647 3237 5700 turbine
3254 5646 3617 5712 perferuntur
3632 5654 3687 5695 ut
3699 5661 3800 5694 ven-

2219 5724 2407 5770 torum
2426 5718 2532 5769 alis
2559 5718 2742 5770 innixi
2770 5718 2951 5771 fuisse
2974 5720 3292 5772 videantur.
3319 5721 3436 5771 Nos
3461 5723 3652 5770 autem
3676 5731 3794 5769 cum

2215 5790 2327 5841 ista
2358 5789 2623 5853 legimus,
2662 5791 2912 5855 cogitare
2937 5791 3232 5855 debemus,
3259 5803 3434 5856 quam
3459 5789 3661 5841 leviter
3684 5802 3798 5854 pro-

2280 5941 2296 5962 '
2331 5932 2549 5986 Vitiosa
2578 5937 2751 5987 antea
2770 5933 3036 5997 festivam.
