3884 6436
70 408 197 466 989

987 411 1061 463 IN
1095 407 1334 463 OSEAM
1367 405 1948 461 COMMENTARIUS.
1977 401 2191 460 LIBER
2220 405 2509 459 PRIMUS.

3293 402 3398 460 990

66 522 406 595 phetarum
430 533 604 574 voces
618 522 1140 595 _vesanuspopulus
1154 519 1700 595 mstimaretﬁeque
1720 522 1772 595 Α
1795 517 2129 595 antefertur,
2167 522 2234 570 ut
2276 517 2401 595 haec
2440 515 2577 595 _s_ola
2602 514 2908 595 iniquitas,
2945 513 3049 595 vel
3072 514 3273 595 prima,
3304 515 3396 569 vel

65 592 251 645 enim
280 606 415 645 cum
440 593 767 646 sacerdotes
791 595 850 645 et
880 606 1065 657 reges,
1106 605 1173 645 ac
1200 591 1489 658 popularis
1524 591 1697 643 etiam

68 678 132 715 ω
143 664 432 728 ultitudo,
445 665 507 716 in
528 667 793 729 apertum
813 666 1201 728 conspirasset
1215 675 1481 721 errorem,
1498 663 1698 726 paucis

68 734 495 799 spiritualibus
519 741 693 800 atque
719 736 1199 801 pauperibus,aut
1225 734 1575 799 increpandi,
1601 734 1700 785 aut

66 807 479 859 concionandi
516 807 759 860 facultas
792 808 983 872 aliqua
1004 808 1388 872 prrebebatur;
1421 806 1521 861 sed
1550 806 1699 858 sicut

68 878 199 929 alia
225 879 524 944 Scriptura
544 882 809 940 testatur,
835 879 1111 943 arreptitii
1130 879 1494 938 vocabantur,
1519 881 1577 928 et
1602 890 1700 941 pu-

70 949 241 1001 blico
279 955 446 1003 erant
482 951 649 1014 quasi
686 954 946 1016 portenta
981 950 1213 1002 derisui.
1254 950 1472 1001 Tamen
1504 949 1619 1012 isti,
1641 953 1699 1000 et

64 1033 270 1084 opum
302 1026 361 1073 et
399 1021 689 1074 honorum
724 1022 937 1087 pariter
957 1021 1301 1086 indigentes,
1328 1021 1699 1073 merebantur

66 1105 224 1143 cum
251 1095 376 1144 Deo
399 1093 541 1145 inire
566 1093 921 1158 colloquium
948 1114 958 1143 :
989 1098 1046 1145 et
1072 1093 1235 1157 quasi
1262 1093 1334 1143 ab
1352 1092 1699 1143 Etherisso—

68 1163 177 1225 lio,
207 1163 276 1215 in
312 1168 524 1217 stratas
553 1166 699 1230 [Ant.
723 1166 1015 1230 instratas]
1039 1164 1311 1228 humique
1340 1163 1698 1216 cohaerentes

68 1236 339 1299 animas,
360 1236 608 1301 proferre
633 1236 992 1288 sententiam.

742 1327 974 1379 CAPUT
993 1328 1059 1377 V.

146 1397 325 1447 Vers.
376 1395 427 1450 1.
472 1395 547 1450 2η
573 1424 630 1432 -
674 1397 870 1446 Audite
916 1399 1031 1461 hoc,
1063 1397 1267 1461 inquit,
1300 1395 1616 1458 sacerdotes,
1652 1402 1699 1445 et

70 1467 370 1531 attendite,
414 1466 607 1517 domus
650 1469 831 1533 Israel,
870 1474 916 1518 et
962 1470 1153 1518 domus
1192 1470 1348 1533 regis,
1383 1468 1694 1531 auscultate,

71 1540 226 1601 quia
252 1538 400 1588 vobis
415 1539 694 1604 judicium
717 1546 805 1591 est.
835 1550 852 1569 ·
876 1541 1153 1594 Universa
1185 1553 1393 1605 nempe
1429 1540 1501 1592 ad
1527 1540 1698 1591 sacri-

73 1610 243 1675 legia
285 1611 519 1675 vaditis,
556 1625 663 1666 nec
698 1613 931 1677 aliquod
963 1614 1024 1665 in
1052 1615 1341 1679 peccando
1367 1615 1695 1676 discrimen,

73 1681 264 1745 quale
310 1682 612 1735 habebatis
654 1685 714 1735 in
758 1685 1074 1749 ordinibus,
1120 1686 1492 1750 praestitistis.
1532 1688 1696 1737 Nunc

72 1766 245 1817 ergo,
277 1754 370 1806 vel
395 1755 758 1818 sacerdotati,
784 1756 875 1808 vel
896 1757 1075 1821 regali
1096 1757 1376 1821 dignitate
1399 1758 1696 1823 sublimes,

74 1830 141 1877 et
190 1830 319 1877 tota
354 1826 584 1878 Israelis
620 1828 803 1887 turba,
830 1829 1101 1892 quoniam
1122 1830 1243 1892 jam
1266 1830 1546 1893 impendit
1569 1831 1696 1881 exi-

1796 590 2051 642 maxima
2071 593 2392 652 censeatur,
2429 589 2558 641 Non
2580 587 2804 649 dabunt,
2827 586 3032 651 inquit,
3056 586 3398 651 cogitationes

1795 677 1938 723 suas,
1968 667 2015 712 et
2043 666 2382 712 revertantur
2419 661 2492 711 ad
2524 661 2828 710 Dominum
2850 659 3025 708 Deum
3056 673 3234 723 suum,
3257 659 3397 723 quia

1795 734 2020 797 spirit-us
2042 732 2424 796 fornicationis
2449 733 2509 781 in
2540 732 2714 781 medio
2738 744 2941 780 earum.
2970 731 3267 792 Caussam,
3296 743 3399 781 cur

1797 804 1941 855 nihil
1972 803 2044 856 de
2073 803 2470 856 emendatione
2515 803 2848 866 cogitarent,
2889 801 3042 852 hanc
3074 812 3203 852 esse
3228 813 3396 853 mon-

1798 874 2022 939 stravit,
2048 874 2203 939 quod
2236 874 2576 925 immundus
2615 874 2852 938 spiritus
2883 871 3007 935 ipse
3031 870 3278 936 daemon,
3305 872 3397 924 vel

1799 945 2229 1008 sacrilegiorum
2249 957 2409 997 amor
2441 944 2503 996 in
2524 957 2725 996 eorum
2751 942 2941 995 medio
2967 943 3309 994 versaretur.
3337 943 3395 995 Si

1797 1018 1952 1069 enim
2000 1030 2074 1069 ex
2102 1015 2404 1069 intervallo
2437 1016 2856 1079 delinquerent,
2896 1014 3260 1078 appropriare
3305 1012 3393 1065 eis

1797 1088 2133 1140 immundus
2178 1088 2415 1152 spiritus
2449 1086 2793 1138 crederetur.
2826 1087 2990 1137 Nunc
3014 1087 3232 1143 autem,
3254 1097 3389 1135 cum

1797 1173 1970 1213 omne
1991 1160 2131 1213 vitae
2151 1163 2380 1225 tempus
2403 1156 3082 1221 sceleribusimpendant,
3098 1156 3205 1208 rite
3230 1155 3398 1207 sacri-

1796 1232 2079 1297 legiorum
2106 1234 2307 1283 auctos
2335 1242 2706 1294 nequaquam
2726 1228 2955 1281 vicinus
2971 1240 3170 1280 eorum
3191 1227 3400 1279 dicitur

1797 1316 1946 1368 esse,
1978 1303 2081 1355 sed
2124 1303 2366 1355 medius.
2404 1302 2505 1355 Illo
2524 1314 2664 1367 ergo
2687 1300 3017 1366 pectoribus
3040 1311 3239 1351 eorum
3254 1299 3397 1351 insi-

1797 1375 1984 1435 dente,
2006 1375 2077 1427 de
2102 1375 2504 1429 emendatione
2528 1373 2675 1428 nihil
2709 1374 2983 1439 cogitant,
3022 1376 3081 1425 et
3101 1370 3230 1424 ideo
3257 1372 3396 1424 sub-

1798 1446 2018 1499 duntur
2043 1447 2251 1499 exitiis.

1860 1521 2020 1571 Vers.
2059 1517 2111 1573 5.
2140 1546 2200 1555 —
2249 1515 2616 1582 Respondebit,
2660 1520 2856 1578 inquit,
2885 1514 3210 1579 arrogantia
3229 1514 3395 1565 Israel

1797 1590 1858 1638 in
1880 1590 2019 1653 facie
2049 1592 2180 1653 ejus,
2213 1594 2258 1639 et
2290 1589 2470 1649 Israel,
2495 1594 2541 1638 et
2564 1587 2805 1652 Effraim
2833 1592 2993 1637 ruent
3015 1587 3079 1635 in
3100 1586 3393 1650 iniquitate

1795 1677 1913 1721 sua,
1940 1667 2055 1709 ruet
2086 1662 2247 1710 etiam
2279 1661 2453 1710 Judas
2468 1675 2591 1710 cum
2615 1660 2706 1710 eis.
2732 1659 2821 1710 Ad
2849 1657 3283 1710 similitudinem
3299 1671 3392 1710 ru-

1796 1732 2001 1783 ralium
2024 1732 2457 1794 laboriosorum,
2483 1731 2695 1794 quibus
2718 1743 2874 1794 saepe
2903 1728 3215 1794 respondet
3228 1729 3392 1781 uber-

1798 1807 1904 1865 tas,
1937 1807 1995 1854 et
2029 1802 2154 1864 hos,
2195 1803 2275 1853 ait
2299 1801 2624 1854 mercedem
2656 1802 2978 1853 studiorum
3015 1799 3282 1865 protinus
3305 1813 3394 1851 re-

78 1871 1691 1966 ίίῶξεοῐθειῑῑῖυῖίῐιξῑιῖέεῐιῑέῑῖοδὲιῖὸὲῗὸι-ἒῗξῐιῖίὖὶἰὲ,
1720 1891 1774 1963 Β
1800 1883 2113 1966 essent
2128 1878 2571 1966 ιὲἓὲηξςὲιξειξξξι
2585 1871 3392 1966 ,τὲἕέἓδξλέἓῗιῗίδὶὲαὶξὲἓῖὲξῆἱί

76 1969 191 2021 sed
214 1980 323 2033 pro
349 1969 851 2034 mquitatejudicis
887 1970 1176 2035 disperire.
1218 1973 1371 2025 Duas
1410 1972 1693 2036 siquidem

74 2052 197 2100 res,
228 2053 367 2104 qua
389 2041 720 2095 viderentur
741 2054 871 2093 esse
895 2043 1612 2108 contrariaa,perpetrastis,
1631 2048 1698 2096 ut

76 2112 309 2164 ﬂeretis
353 2112 639 2177 videlicet,
686 2113 911 2178 laqueus
942 2119 988 2162 et
1030 2120 1149 2175 rete,
1174 2115 1275 2166 sed
1296 2115 1377 2167 ita
1400 2117 1459 2167 in
1480 2116 1694 2167 montis

75 2184 331 2246 vertice,
358 2197 423 2235 ac
448 2185 495 2235 si
521 2184 581 2236 in
609 2184 733 2236 loco
758 2185 1012 2249 speculas
1034 2186 1341 2237 eminentis
1370 2192 1690 2239 extentum.

76 2255 333 2306 Hostias
363 2268 500 2320 vero
522 2268 669 2320 quas
691 2256 968 2308 caelorum
992 2258 1225 2320 praesuli
1249 2258 1476 2311 deceret
1490 2259 1691 2317 offerri,

76 2330 140 2377 et
167 2326 346 2389 quasi
365 2314 610 2380 «chen-te
637 2328 797 2379 fumo
819 2328 890 2379 ad
912 2314 1163 2392 superna
1181 2331 1413 2393 portari,
1438 2330 1544 2382 has
1566 2314 1690 2395 vos,

73 2396 291 2449 ordine
317 2404 694 2458 commutato,
718 2398 779 2450 in
800 2398 1084 2463 profundo
1103 2401 1409 2452 mersistis.
1427 2401 1569 2453 Illud
1590 2414 1695 2453 au-

76 2474 204 2521 tem
240 2472 352 2530 est,
386 2472 541 2534 quod
584 2470 644 2521 in
678 2471 1076 2523 sacerdotibus
1120 2476 1177 2523 et
1203 2473 1440 2537 regibus
1463 2485 1691 2533 accuso,

76 2541 226 2604 quia
253 2554 390 2593 cum
414 2554 549 2593 eum
572 2541 763 2593 locum
787 2546 984 2594 essent
1003 2542 1064 2594 in
1075 2549 1245 2607 gente
1257 2545 1540 2609 sortiti,ut
1559 2557 1694 2609 age-

74 2617 216 2664 rent
239 2625 359 2665 non
382 2613 576 2665 minus
602 2613 906 2666 honestate
932 2626 999 2665 ac
1025 2613 1317 2679 religione,
1334 2627 1510 2678 quam
1533 2621 1693 2680 pote-

79 2689 242 2737 state
272 2698 340 2736 ac
362 2685 641 2750 dignitate
670 2685 990 2746 reverendi,
1024 2690 1196 2750 atque
1223 2687 1295 2738 ad
1319 2686 1397 2749 id,
1433 2687 1589 2750 quod
1611 2702 1695 2740 re-

77 2761 250 2808 ctum
271 2761 411 2819 erat,
437 2760 557 2808 tam
583 2770 863 2817 sermone,
890 2769 1078 2820 quam
1105 2758 1367 2821 exemplo
1390 2758 1695 2812 debuerint

78 2827 362 2880 subditos
391 2828 648 2891 incitare,
674 2827 753 2879 illi
778 2833 992 2892 contra,
1005 2828 1101 2879 vel
1117 2829 1576 2882 conciliationem
1594 2832 1695 2883 cri-

78 2900 348 2950 minibus
372 2900 688 2963 prmbuere,
719 2898 1065 2951 velformam
1086 2900 1173 2952 :id
1183 2912 1296 2964 que
1318 2900 1505 2953 solum
1525 2903 1595 2954 de
1608 2904 1690 2954 fa-

80 2971 263 3034 stigio
293 2968 471 3038 424
511 2972 695 3037 priore
717 2971 1048 3033 retinentes,
1082 2976 1148 3024 ut
1169 2973 1367 3037 procul
1389 2985 1522 3037 quae
1545 2974 1692 3027 fece-

77 3045 218 3093 rant
244 3048 603 3107 apparerent,
617 3043 855 3107 laqueos
868 3048 927 3095 et
947 3043 1091 3095 retia
1103 3044 1491 3108 tetenderunt,
1507 3048 1695 3107 quibus

77 3116 314 3168 infaalix
342 3119 509 3170 turba
530 3122 842 3183 caperetur,
855 3118 1170 3182 eademque
1190 3120 1583 3184 perversitate,
1606 3136 1691 3170 sa-

77 3190 317 3253 criﬁcia,
334 3189 539 3254 inquit,
564 3191 627 3240 in
639 3189 1003 3256 profundum,
1019 3191 1189 3251 idest,
1202 3192 1368 3256 quasi
1382 3193 1453 3244 ad
1472 3196 1523 3241 in
1535 3194 1689 3257 terna,

82 3261 340 3310 vei‘lislls.
367 3263 606 3324 Quidve,
638 3275 772 3315 cum
793 3275 862 3315 ea
882 3267 986 3315 aut
1008 3263 1374 3316 daemonibus
1391 3267 1687 3324 mactaretis,

78 3336 187 3384 aut
210 3333 516 3385 Manibus?
538 3334 680 3396 Quia
695 3347 828 3399 ergo
852 3336 1127 3400 peccandi
1151 3349 1364 3401 amore,
1388 3338 1596 3401 agendi
1607 3351 1690 3389 or-

81 3406 285 3457 dinem
316 3406 674 3467 confudistis,
700 3407 782 3459 ita
809 3410 875 3459 ut
902 3407 1139 3471 quidam
1164 3409 1225 3461 in
1247 3409 1412 3461 vobis
1433 3411 1688 3463 ambitus

79 3483 406 3543 appareret,
441 3479 805 3533 discernendi
846 3481 1189 3546 ignorantia,
1220 3482 1356 3546 quid
1395 3488 1689 3549 sequatur,

81 3550 352 3615 accipite.

150 3622 269 3686 Ego
285 3622 527 3672 eruditor
549 3638 638 3674 ero
662 3623 914 3674 omnium
937 3629 1214 3690 vestrum,
1248 3634 1317 3678 ut
1339 3626 1582 3680 docente
1613 3627 1690 3679 ul-

85 3694 269 3758 tione,
313 3693 567 3759 discatis,
613 3695 767 3759 quod
806 3698 997 3759 spreta
1030 3696 1364 3758 eruditione,
1399 3699 1688 3750 nescistis.

82 3767 277 3831 [Vers.
303 3762 377 3830 3.]
418 3766 531 3830 Ego
560 3767 667 3817 scio
699 3765 957 3830 Effraim,
984 3772 1030 3817 et
1053 3768 1217 3817 Israel
1238 3783 1352 3819 non
1375 3774 1447 3819 est
1471 3770 1691 3821 abscon-

85 3841 239 3889 ditus
263 3854 299 3889 a
312 3854 413 3900 me,
431 3840 564 3903 quia
586 3855 734 3889 nunc
748 3840 1051 3904 fornicatus
1065 3845 1137 3890 est
1150 3840 1410 3906 E/I'raim,
1425 3843 1687 3893 contami-

88 3916 258 3960 natus
282 3915 353 3960 est
387 3911 553 3978 Israel
577 3925 605 3978 :_
616 3926 730 3978 non
753 3912 958 3978 dabunt
984 3913 1328 3975 cogitationes
1348 3929 1497 3978 suas,
1526 3921 1585 3964 ut
1607 3931 1692 3964 re-

87 3980 376 4024 vertantur
417 3974 491 4023 ad
511 3974 534 4003 ¹³
566 3974 866 4024 Dominum
902 3974 1071 4024 Deum
1103 3990 1283 4035 suum,
1309 3977 1442 4040 quia
1466 3974 1692 4042 spiritus

82 4043 472 4106 fornicationis
507 4045 569 4094 in
612 4045 788 4095 medio
821 4060 1025 4107 eorum,
1070 4052 1116 4095 et
1151 4048 1450 4098 Dominum
1470 4064 1581 4098 non
1605 4065 1693 4100 co—

82 4120 404 4182 gnoverunt.
434 4118 676 4181 Quanta,
704 4117 912 4183 inquit,
929 4117 1315 4171 obstinatione
1330 4122 1691 4182 deliqueritls-

85 4188 227 4252 rael,
242 4199 414 4239 nemo
432 4188 810 4253 magisnovit,
825 4201 1002 4253 quam
1018 4190 1246 4254 ego,qui
1265 4196 1575 4252 peccatorum
1586 4193 1689 4241 inte

85 4260 240 4311 riora
262 4259 575 4322 conspicio.
600 4262 798 4324 Neque
826 4261 915 4312 est
933 4260 1221 4313 viscerum
1250 4261 1364 4313 ulla
1380 4275 1527 4327 pars,
1560 4275 1691 4326 quas

89 4342 291 4383 meum
316 4330 608 4395 suti'ugere
639 4332 822 4396 possit
844 4333 1130 4385 obtutum.
1159 4335 1368 4385 Totum
1400 4347 1531 4385 eum
1555 4347 1690 4398 ergo

89 4404 396 4469 diligenter
419 4403 750 4470 inspiciens,
775 4406 1036 4470 cognovi,
1064 4406 1197 4470 quia
1218 4420 1374 4458 nunc
1399 4407 1691 4469 Sitpenitus

90 4475 431 4532 fornicatus,
457 4476 797 4541 penitusque
826 4476 1100 4542 pollutus.
1128 4478 1291 4539 Quod
1324 4491 1396 4529 ne
1418 4478 1481 4530 in
1515 4491 1694 4531 excu-

90 4547 317 4599 satione
350 4547 769 4611 prmteritorum
807 4551 1169 4612 peccatorum
1197 4548 1413 4601 dictum
1438 4553 1692 4614 putares,

94 4616 237 4684 quid
261 4615 358 4670 tali
381 4618 670 4671 alﬂrmatu
698 4619 1018 4672 indicatum
1034 4620 1224 4685 vellet,
1252 4621 1512 4684 subjecto
1524 4625 1688 4671 statim

93 4702 363 4743 sermone
388 4690 670 4755 patefecit.
699 4691 796 4743 Ait
814 4691 966 4743 enim
996 4693 1212 4757 :[Vers.
1238 4692 1311 4757 4.]
1335 4692 1463 4742 Νοη
1484 4692 1689 4742 dabunt

89 4762 438 4827 cogitationes
467 4777 610 4824 suas,
640 4768 699 4813 ut
731 4768 1071 4813 revertantur
1102 4764 1175 4814 ad
1198 4765 1493 4813 Dominum
1521 4766 1687 4815 Deum

91 4848 278 4895 suum,
305 4833 403 4898 qui
443 4834 668 4899 spiritus
697 4834 1082 4899 fornicationis
1105 4836 1166 4885 in
1190 4835 1365 4884 medio
1390 4851 1575 4885 eorum
1598 4842 1686 4899 est,

90 4911 137 4956 et
161 4906 334 4956 Deum
357 4920 467 4955 non
489 4911 864 4971 cognoverunt.
902 4908 1066 4971 Ergo,
1100 4912 1234 4972 post
1267 4908 1688 4973 susceptionem

94 4976 331 5043 peccati,
356 4975 720 5030 dissimulata
742 4978 1122 5044 compunctio,
1148 4980 1205 5031 et
1228 4983 1457 5043 recepta
1496 4980 1556 5030 in
1592 4992 1690 5044 pe-

94 5053 246 5111 ctus,
288 5059 404 5099 non
448 5049 635 5101 solum
665 5050 963 5115 usurpatio
988 5050 1265 5115 criminis,
1290 5064 1494 5103 verum
1516 5051 1689 5104 etiam

95 5118 520 5173 emendationis
563 5120 792 5182 oblivio,
820 5123 900 5173 ita
922 5121 1386 5185 prmeedentibus
1403 5124 1690 5175 erroribus

162 5264 180 5284 ·
205 5256 392 5318 Atque
414 5254 540 5307 heic
564 5254 794 5308 videtur
811 5269 944 5320 pars
959 5256 1137 5309 altera
1151 5256 1420 5309 versiculi
1443 5262 1690 5321 suppleu-

94 5327 188 5391 da,
234 5326 499 5391 quoniam
532 5326 756 5393 laqueus
796 5328 928 5392 facti
966 5329 1085 5378 estis
1126 5328 1497 5393 speculationi,
1522 5334 1568 5381 et
1591 5336 1694 5381 rete

97 5412 403 5463 expansum
424 5412 586 5459 super
614 5398 840 5464 Thabor,
866 5405 911 5450 et
954 5398 1200 5451 victimas
1232 5400 1556 5463 declinastis,
1572 5403 1695 5456 sive

99 5474 164 5523 ut
191 5472 395 5523 Noster
421 5470 667 5536 prafert,
697 5472 968 5537 sacrificia
990 5473 1221 5522 vertistis
1247 5466 1310 5523 in
1329 5473 1691 5542 profundum.

100 5555 232 5609 qum
254 5543 417 5609 infra,
447 5549 513 5598 ut
536 5550 667 5611 pote
686 5550 858 5598 antea
880 5558 1013 5598 cum
1035 5546 1254 5610 reliquo
1281 5551 1563 5601 contextu
1575 5544 1698 5614 pro"-

100 5616 287 5683 posita
309 5617 485 5670 verba
510 5617 845 5682 singillatim
870 5619 1247 5683 explicantur.

162 5687 401 5752 hNeque
448 5689 894 5754 Hieronymiana
937 5690 1143 5755 versio,
1188 5702 1375 5756 neque
1416 5691 1698 5745 Hebraeus

103 5761 222 5826 ipse
240 5762 436 5813 textus
453 5760 753 5814 additheic
764 5762 1091 5814 Dominum:
1118 5762 1410 5828 iidemque
1422 5762 1550 5816 libri
1560 5776 1700 5816 mox

103 5831 533 5895 fornicationum
555 5831 772 5887 habent
799 5833 1051 5900 plurium
1074 5846 1334 5888 numero.

168 5914 186 5935 °
208 5906 385 5958 Nemo
422 5917 542 5958 non
570 5905 814 5971 putabit,
840 5918 1026 5959 errore
1051 5906 1267 5959 factum
1290 5906 1613 5972 antiquarii,
1638 5910 1703 5961 ut

107 5976 286 6028 messis
317 5988 420 6043 pro
442 5976 662 6042 mensis,
694 5977 750 6030 et
780 5977 1042 6043 partubus
1063 5978 1291 6045 legatur
1310 5991 1414 6045 pro
1433 5978 1698 6044 partibus.

1799 1954 1905 2012 est,
1928 1954 1994 2001 ut
2011 1950 2120 2000 sub
2135 1949 2555 2000 calamitatibus
2580 1948 2944 2010 erubescant,
2969 1945 3067 2010 qui
3083 1944 3392 2010 plurimum

1796 2021 1903 2071 sibi
1941 2019 2011 2071 de
2040 2019 2378 2070 criminibus
2397 2019 2758 2083 arrogabant.

1858 2093 2024 2142 Vers.
2067 2089 2118 2143 6.
2174 2090 2225 2143 7.
2275 2117 2337 2126 —
2362 2091 2426 2139 In
2445 2087 2691 2153 gregibus
2714 2088 2827 2137 suis
2849 2091 2895 2137 et
2915 2087 2973 2137 in
2998 2085 3259 2135 armentis
3280 2084 3395 2134 suis

1793 2162 1987 2210 vadent
2032 2162 2105 2209 ad
2137 2160 2488 2224 quaerendum
2523 2160 2840 2219 Domi-num,
2877 2162 2923 2207 et
2945 2171 3053 2207 non
3080 2156 3391 2206 invenient:

1801 2232 2022 2282 Ablatus
2051 2237 2121 2281 est
2153 2231 2221 2280 ab
2241 2231 2315 2280 eis
2339 2245 2352 2282 :
2389 2232 2451 2280 in
2474 2232 2708 2280 Domino
2729 2228 3071 2294 pravaricati
3095 2232 3239 2287 sunt,
3266 2242 3399 2291 quo-

1794 2304 1951 2353 niam
1989 2303 2129 2367 filios
2165 2302 2368 2352 alienos
2405 2306 2725 2365 genuerunt,
2778 2316 2927 2350 nunc
2965 2298 3235 2349 devorabit
3266 2312 3351 2346 eos
3376 2306 3394 2327 ε

1791 2374 1975 2423 messis
1997 2388 2120 2424 cum
2140 2376 2403 2439 partubus
2422 2373 2550 2422 suis.
2571 2374 2711 2424 Cum
2737 2371 2982 2424 dixisset
3005 2381 3195 2434 supra,
3213 2367 3392 2436 425

1787 2445 2099 2509 judicantis
2124 2445 2432 2497 convenire
2461 2444 2723 2508 justitiaa,
2759 2448 2826 2495 ut
2857 2443 2957 2506 qui
2982 2440 3294 2494 sceleribus
3331 2454 3394 2491 se

1791 2506 2089 2570 dedissent
2117 2517 2270 2582 [forte
2285 2506 2685 2581 dedidissent],
2703 2506 2988 2581 Stipendia
2997 2525 3227 2578 quoque
3237 2514 3394 2574 digna

1791 2590 2122 2654 perferrent,
2160 2587 2357 2640 Israeli
2407 2589 2651 2641 sociavit
2682 2591 2739 2641 et
2771 2589 2999 2650 Judam,
3040 2600 3235 2652 quem,
3260 2586 3394 2639 licet

1792 2662 1960 2726 paulo
1986 2661 2194 2723 serius,
2214 2660 2275 2711 in
2302 2660 2545 2712 similem
2573 2664 2767 2713 tamen
2789 2665 3012 2713 reatum
3032 2662 3272 2711 noverat
3289 2673 3396 2707 esse

1792 2738 2119 2785 venturum.
2145 2732 2457 2795 Postquam
2483 2744 2620 2783 vero
2646 2732 2933 2794 justitiam
2968 2729 3396 2783 commendavit

1791 2803 2098 2857 examinis.
2112 2803 2188 2854 ad
2216 2807 2541 2867 temporum
2555 2802 2986 2855 distinctionem
2995 2804 3319 2863 revertitur,
3333 2803 3392 2852 et

1792 2876 2021 2928 Israelis
2060 2876 2214 2928 facta
2254 2876 2638 2941 persequitur,
2680 2890 2853 2941 quem
2890 2875 3153 2941 protinus
3179 2875 3396 2927 sciebat

1791 2961 1923 3001 esse
1952 2951 2288 3013 periturum.
2326 2951 2396 3001 Et
2430 2949 2680 3014 primum
2714 2948 2963 3011 quidem,
2990 2959 3124 2998 cum
3149 2945 3392 2997 dixisset

1789 3022 1820 3071 J
1828 3019 2000 3071 udam
2020 3032 2251 3083 quoque
2267 3021 2464 3073 Israeli
2477 3020 2537 3073 in
2548 3019 2870 3071 calamitate
2883 3016 3391 3080 miscendum,sub-

1786 3091 1941 3156 jecit,
1960 3090 2112 3153 quod
2127 3090 2199 3142 ad
2223 3093 2257 3143 J
2262 3090 2435 3143 udam
2463 3092 2650 3155 magis
2676 3090 2998 3154 respiceret,
3017 3088 3117 3153 qui
3138 3094 3385 3136 sacratum

1790 3167 1909 3216 Deo
1934 3160 2233 3227 Templum
2258 3164 2508 3216 tenebat.
2534 3165 2678 3213 Nam
2701 3161 2834 3212 licet
2856 3159 3391 3224 polluereturidolis,

1792 3239 1987 3287 tamen
2000 3234 2175 3286 etiam
2194 3234 2416 3286 hostias
2442 3234 2716 3286 offerebat
2737 3235 2854 3284 Deo
2876 3249 2885 3280 :
2905 3242 3154 3294 cumque
3179 3241 3384 3295 parum

1791 3307 2045 3359 studeret
2065 3306 2323 3358 moribus
2349 3304 2720 3369 corrigendis,
2743 3303 3171 3368 adquisiturum
3200 3314 3263 3353 se
3292 3312 3386 3353 ar—

1785 3377 2102 3429 bitrabatur
2112 3377 2180 3428 de
2193 3377 2425 3429 assidua
2446 3375 2837 3445 immolatione
2860 3373 3203 3425 subsidium.
3217 3374 3384 3437 Ergo,

1788 3450 1847 3498 in
1871 3448 2133 3513 gregibus,
2157 3451 2343 3512 inquit,
2370 3454 2415 3498 et
2440 3449 2500 3497 in
2526 3448 2789 3498 armentis
2813 3447 2926 3497 suis
2949 3446 3142 3496 cadent
3159 3446 3390 3508 adquea-

1786 3522 2019 3570 rendum
2043 3521 2359 3583 Dominum,
2387 3526 2431 3570 et
2454 3535 2568 3570 non
2590 3520 2892 3569 invenient:
2910 3517 3120 3568 ablatus
3135 3514 3390 3566 estabeis.

1798 3593 1999 3643 Vadent
2021 3599 2216 3646 autem
2240 3593 2433 3657 posuit
2449 3605 2550 3657 pro
2580 3590 2750 3651 ibant,
2775 3603 2872 3655 per
2908 3589 3180 3654 praeteriti
3216 3587 3395 3652 siqui-

1789 3663 1919 3716 dem
1953 3663 2693 3729 temporisdeclinationem
2703 3661 2954 3714 invectio
2975 3663 3094 3713 tota
3106 3660 3396 3713 detexitur

1787 3737 1997 3799 Supers
2011 3736 2229 3788 titionis
2251 3735 2489 3801 proinde
2512 3735 2703 3800 magis
2736 3746 2913 3798 quam
2936 3732 3233 3797 religionis
3254 3731 3395 3783 calle

1788 3807 2116 3869 gradientes
2149 3807 2253 3871 (sic
2286 3807 2439 3858 enim
2459 3807 2784 3858 hostiarum
2808 3807 3078 3857 censetur
3100 3802 3332 3867 oblatio,
3347 3802 3397 3854 si

1786 3878 1870 3929 eis
1894 3877 2140 3930 defuerit
2161 3890 2302 3928 cura
2324 3877 2623 3940 virtutum)
2649 3890 2766 3928 non
2793 3878 3110 3941 potuerunt
3131 3874 3393 3926 invenire

1788 3950 1972 4000 Deum
2001 3949 2179 4007 illum,
2213 3948 2288 4000 ad
2316 3960 2490 4010 quem
2518 3960 2692 3999 nemo
2726 3947 2839 3997 nisi
2861 3946 3046 4011 plena:
3069 3944 3391 3997 devotionis

1789 4020 1929 4072 calle
1963 4019 2285 4072 deducitur.
2315 4019 2540 4069 Abtatus
2578 4023 2648 4067 est
2673 4016 2740 4066 ab
2776 4018 2869 4081 eis,
2893 4029 3012 4067 non
3035 4016 3187 4080 quod
3232 4018 3388 4067 Deus

1788 4092 2037 4156 potuerit
2057 4091 2284 4156 auferri,
2311 4091 2413 4143 sed
2436 4090 2591 4154 quod
2615 4090 2695 4141 ita
2714 4101 3004 4152 nusquam
3016 4088 3099 4139 eis
3111 4095 3390 4136 occurreret

1788 4165 1914 4226 ejus
1942 4162 2242 4227 auxilium,
2271 4176 2338 4215 ac
2363 4163 2413 4214 si
2431 4163 2502 4213 ab
2522 4161 2604 4213 eis
2628 4160 2891 4213 funditus
2913 4158 3208 4211 videretur
3229 4158 3386 4210 abla-

1790 4238 1901 4286 tus.
1928 4236 2133 4287 Postea
2156 4247 2291 4288 vero
2316 4233 2389 4286 ad
2420 4233 2675 4297 Etl‘raim,
2693 4232 2862 4293 idest,
2886 4231 3197 4284 Samarites
3218 4244 3385 4279 vocem

1788 4308 2149 4370 retorquens,
2177 4307 2347 4359 aliam
2373 4305 2623 4371 speciem
2647 4301 3136 4368 praevaricationis
3153 4302 3385 4363 exagitat,

1790 4390 1921 4441 quae
1945 4382 2136 4430 tamen
2153 4382 2503 4431 vetustatem
2522 4376 2852 4429 commissae
2869 4373 3181 4438 impietatis
3203 4375 3389 4424 osten-

1790 4449 1890 4501 dit.
1919 4448 2079 4511 Quod
2102 4450 2198 4513 ita,
2237 4448 2517 4513 videlicet,
2536 4447 2683 4512 legis
2707 4450 2924 4498 statuta
2957 4442 3384 4504 contemserint,

1789 4523 1853 4572 ut
1871 4520 2121 4586 profanis
2151 4520 2423 4583 gentibus
2457 4521 2631 4572 etiam
2655 4531 2754 4583 per
2773 4516 3059 4569 connubia
3071 4514 3384 4568 misceren—

1790 4595 1901 4656 tur,
1929 4591 2233 4644 studentes
2258 4603 2496 4655 prorsus
2519 4593 2694 4653 atque
2706 4589 3095 4653 properantes,
3113 4588 3390 4646 utgeneris

1791 4663 1883 4714 sui
1904 4675 2118 4723 nomen
2147 4666 2457 4725 exuerunt,
2481 4666 2540 4713 et
2564 4659 2797 4726 quidvis
2821 4658 2996 4723 aliud,
3011 4670 3184 4723 quam
3202 4661 3284 4706 Dei
3298 4672 3388 4719 po-

1720 4732 1776 4805 D
1794 4734 1963 4798 pulus
1988 4736 2350 4786 vocarentur.
2376 4734 2441 4783 In
2467 4732 2700 4783 Domino
2721 4732 3065 4805 praevaricati
3087 4736 3232 4805 sunt,
3248 4730 3390 4805 quia

1791 4806 1934 4868 ﬁlios
1985 4807 2190 4855 alienos
2235 4811 2555 4871 genuerunt.
2612 4805 2889 4866 Tantum,
2941 4803 3156 4867 inquit,
3195 4802 3391 4855 odium

1788 4877 1901 4927 mei
1939 4877 2193 4928 nominis
2237 4889 2566 4942 concepere,
2607 4879 2673 4927 ut
2706 4874 2938 4927 aminis
2972 4874 3111 4940 eripi
3136 4886 3198 4926 se
3222 4885 3392 4938 posse

1788 4948 1878 4999 vel
1908 4961 1943 5000 a
1964 4946 2245 5000 molestiis
2270 4948 2405 5001 exui
2429 4947 2746 5011 crederent,
2773 4960 2824 4998 ει
2841 4946 2901 4998 in
2922 4957 3232 4998 numerum
3254 4943 3392 4997 alia-

1787 5032 1920 5071 rum
1942 5019 2202 5084 gentium
2226 5032 2427 5072 eorum
2442 5019 2669 5073 soboles
2692 5018 3077 5085 migravisset.
3111 5016 3393 5080 Quamob-

1793 5261 1983 5314 Habet
2005 5259 2197 5323 reipsa
2227 5259 2510 5313 Hebrmus
2534 5269 2770 5325 quoque
2792 5259 3010 5325 textus,
3041 5262 3109 5311 ut
3141 5255 3285 5310 nihil
3320 5257 3393 5311 de

1794 5308 2196 5410 insanas
2218 5308 2505 5410 ᾇέξέὲὀὲιξθῌ
2526 5308 3103 5410 assesasses
3117 5308 3283 5410 iam;
3298 5308 3393 5410 sa

1795 5406 2065 5469 quoniam
2088 5408 2145 5457 et
2160 5403 2396 5456 minime
2410 5403 2764 5466 incongruus
2786 5400 3012 5467 sensus,
3035 5402 3133 5467 qui
3149 5400 3398 5454 derivari

1794 5482 2114 5540 utcumque
2142 5489 2215 5528 ex
2242 5477 2395 5528 LXX
2411 5475 2577 5527 virali
2597 5474 2864 5527 versione
2884 5475 3090 5541 potuit,
3107 5478 3166 5526 et
3188 5484 3399 5526 vocum

1797 5548 2116 5601 similitudo
2131 5553 2287 5601 tanta
2303 5552 2392 5599 est
2414 5547 2476 5599 in
2500 5546 2735 5599 Latino:
2758 5548 2963 5599 Noster
2986 5551 3179 5598 autem
3202 5545 3262 5596 in
3285 5549 3399 5594 sub-

1796 5633 1948 5673 nexa
1984 5620 2345 5686 expositione
2392 5619 2500 5671 loci
2540 5618 2615 5670 ad
2652 5619 2995 5683 paragraphi
3018 5618 3194 5681 hujus
3222 5617 3398 5668 tinem

1795 5691 2099 5745 lectionem
2124 5693 2388 5744 eamdem
2406 5691 2627 5757 repetit,
2654 5690 2820 5742 nobis
2854 5690 3151 5755 quidpiam
3177 5693 3401 5741 mutare

1798 5764 1996 5830 religio
2020 5764 2128 5817 fuit
2154 5780 2165 5816 :
2188 5777 2375 5830 eoque
2396 5763 2600 5829 magis,
2637 5762 2793 5827 quod
2815 5762 2943 5822 ipsa
2979 5763 3105 5826 ejus
3125 5762 3403 5824 interpre-

1798 5837 1936 5889 tatio
1964 5836 2044 5890 ita
2076 5837 2148 5889 ab
2172 5848 2240 5890 eo
2264 5836 2482 5890 lectum
2507 5836 2568 5887 in
2594 5847 2700 5888 suo
2719 5832 3032 5899 exemplari
3057 5831 3403 5895 subindicat,

1800 5907 1901 5959 ubi
1932 5908 2031 5971 ait,
2081 5914 2193 5958 tam
2236 5909 2507 5973 germina,
2554 5923 2724 5972 quam
2756 5907 2965 5970 fructus
2985 5921 3099 5957 uno
3119 5904 3402 5972 pollicetur

1803 5978 1985 6043 gladio
2004 5978 2353 6032 demetendos.
