3884 6428
505 391 605 449 991

1558 394 1826 448 RUFINO
1862 391 2323 444 PRESBYTERO
2358 389 2742 443 ASCRIPTUS

3739 381 3824 443 992

504 518 629 581 rem
669 521 817 558 nunc
860 509 1130 581 devorabit
1164 525 1248 559 eos
1278 508 1461 581 messis
1494 522 1620 581 cum
1656 505 1925 581 partubus
1947 505 2101 554 suis:
2129 508 2182 581 Α
2204 514 2415 581 sensus
2438 501 2756 581 ejusmodi:
2785 501 2841 581 §i
2864 497 3369 581 meritorumiratio
3383 498 3640 581 malum
3656 502 3821 581 capti—

503 578 750 631 vicinam
773 584 832 632 et
851 580 1278 645 impendentem
1305 580 1690 632 calamitatem
1711 578 1943 629 nomine
1959 589 2105 628 mes-

509 650 591 701 sis
614 651 866 702 ostendit
891 666 904 702 :
952 651 1013 702 in
1048 660 1067 681 ι
1104 665 1216 714 quo
1252 655 1373 703 tam
1395 650 1657 714 germina
1680 662 1856 715 quam
1880 649 2103 701 fructus

507 733 623 773 uno
645 721 940 785 pollicetur
960 721 1152 786 gladio
1175 721 1570 774 demetendos.

565 794 727 844 Vers.
757 790 810 846 8.
836 792 887 846 9.
910 820 973 830 -
999 793 1242 857 Clangite
1261 794 1489 844 buccina
1505 793 1566 842 in
1592 790 1796 853 Gabaa,
1821 797 1866 841 et
1893 791 2019 840 tuba
2042 790 2104 837 in

503 863 696 925 Rama,
738 863 942 913 ululale
984 865 1044 914 in
1092 866 1384 928 Bethaven,
1411 870 1527 929 post
1558 869 1767 927 tergum
1793 862 2100 926 Benjamin.

502 931 741 997 Effraim
769 935 828 983 in
846 934 1171 985 desolatione
1185 937 1303 1001 erit,
1318 941 1425 989 etc.
1447 936 1591 998 Quia
1600 935 2102 1000 pronunciaverat,

518 1002 627 1055 llos
651 1006 814 1057 brevi
836 1010 1093 1070 tempore
1126 1008 1575 1071 consumendos,
1602 1005 1947 1070 pondusque
1973 1018 2104 1056 sen-

492 1074 717 1131 fitentia
738 1078 798 1129 in
814 1078 1084 1131 effectum
1106 1080 1327 1144 absque
1350 1079 1468 1130 ulla
1490 1078 1759 1130 dilatione
1770 1077 2102 1143 gradientis,

501 1154 744 1201 noverat
768 1165 782 1201 :
828 1150 996 1214 quasi
1033 1152 1154 1215 jam
1188 1152 1361 1203 rebus
1390 1150 1662 1214 impletis,
1686 1162 1785 1214 per
1806 1161 1904 1201 eas
1927 1150 2101 1201 urbes

500 1231 634 1283 qua
680 1221 1166 1286 frequentissima
1201 1225 1377 1287 erant,
1414 1221 1570 1273 tubis
1595 1221 2018 1286 clangentibus,
2044 1226 2102 1274 et

497 1293 721 1345 resonis
750 1294 1078 1357 planctibus
1086 1293 1517 1358 jussitindicari
1537 1292 1684 1357 [Ant.
1710 1293 1951 1356 judicari]
1967 1296 2096 1356 quod

498 1369 688 1416 totum
738 1364 969 1417 Effraim
1014 1365 1258 1417 vastitas
1297 1369 1621 1429 occuparet.
1653 1363 1860 1415 Omnia
1883 1369 2098 1428 autem,

499 1448 633 1500 qua
657 1435 804 1488 dixit
825 1436 968 1502 loca,
980 1436 1148 1501 idest,
1167 1439 1416 1501 Tergum
1433 1435 1750 1496 Beniamin,
1770 1447 1900 1499 qua
1917 1436 2101 1488 tribus

500 1507 609 1559 fuit
652 1507 824 1560 Juda
866 1508 1087 1571 regioni
1127 1508 1504 1572 contermina,
1552 1508 1746 1558 Gabaa
1767 1510 1825 1558 et
1847 1508 2026 1558 Rama
2045 1513 2102 1559 et

495 1578 805 1641 Bethaven,
849 1579 1020 1631 Juda
1070 1577 1286 1631 ﬁnibus
1329 1579 1517 1630 vicina
1553 1578 1732 1631 fuisse
1755 1578 2097 1643 colligimus.

496 1650 639 1701 Cum
662 1649 838 1714 igitur
858 1650 1103 1702 istorum
1134 1650 1454 1715 calamitas,
1489 1661 1620 1715 qua
1648 1651 1947 1715 precessit,
1970 1650 2099 1701 illos

494 1720 767 1773 sollicitos
785 1721 1047 1774 debuerit
1060 1721 1265 1786 facere,
1279 1722 1405 1788 ipso
1418 1721 1692 1773 nimirum
1704 1721 1926 1773 timoris
1937 1738 2101 1771 exem-

495 1793 606 1857 plo,
654 1804 770 1844 non
819 1792 1007 1845 solum
1037 1792 1180 1845 nihil
1203 1793 1276 1845 ad
1309 1792 1770 1845 emendationem
1793 1794 2099 1857 promovit,

2206 575 2399 627 vitatis
2424 575 2633 639 exegit,
2661 587 2762 627 cur
2781 576 2814 625 J
2819 572 2964 625 udas
2986 573 3042 624 et
3064 570 3322 635 gentium
3345 571 3647 623 moribus
3664 573 3822 633 inqui.

2206 652 2397 710 natus,
2422 652 2480 699 et
2501 646 2631 699 odio
2645 645 2833 697 fratris
2855 644 3100 697 infectus
3116 683 3130 708 ,
3152 643 3267 694 vim
3291 642 3539 695 distulit
3566 645 3823 695 ultionis?

2208 719 2307 770 Sin
2346 722 2543 771 autem
2588 723 2718 783 post
2767 722 2851 769 tot
2899 716 3152 778 crimina,
3196 714 3452 768 necdum
3509 720 3826 768 mereretur

2207 790 2229 819 ι’
2248 790 2470 854 expelli,
2496 802 2689 841 nonne
2711 788 2805 841 ille
2838 789 2937 852 qui
2961 792 3165 852 captus
3187 789 3294 849 est,
3330 799 3432 851 per
3460 787 3822 839 calumniam

2207 862 2394 921 magis
2429 875 2602 925 quam
2630 875 2730 926 per
2752 860 3038 925 justitiam
3064 858 3724 923 docentisoppressus?
3742 860 3826 909 Ca-

2208 932 2478 982 lumniam
2502 934 2714 997 patiens
2734 931 2991 997 E/fraim,
3015 931 3219 993 fractus
3232 929 3467 994 judicio.
3494 930 3664 992 Quid
3689 934 3827 983 esset

2209 1004 2536 1056 calumnian
2558 1004 2691 1069 pati,
2718 1004 2941 1055 curavit
2956 1015 3259 1067 exponere,
3272 1001 3435 1064 idest,
3452 1001 3823 1066 judicis,non

2210 1076 2497 1139 aequitate,
2524 1076 2624 1127 sed
2652 1079 2932 1138 potestate
2951 1073 3208 1138 deprimi.
3235 1072 3323 1124 Ad
3349 1073 3654 1126 eumdem
3667 1081 3823 1123 autem

2210 1160 2449 1199 sensum
2479 1148 2726 1212 respicit,
2767 1145 2921 1211 quod
2954 1146 3051 1209 ait,
3081 1145 3242 1210 Capit
3263 1144 3409 1194 abire
3430 1149 3571 1209 post
3595 1145 3821 1196 sordem.

2210 1222 2272 1271 In
2298 1219 2655 1283 superioribu
2664 1233 2691 1270 s
2703 1219 2855 1270 enim
2868 1222 2925 1269 et
2936 1216 3363 1269 multitudinem
3373 1220 3433 1268 et
3450 1219 3823 1269 vetustatem

2207 1296 2569 1356 peccatorum
2591 1292 3042 1356 exprobraverat
3061 1285 3238 1356 427
3272 1288 3471 1340 lsraeli
3498 1306 3516 1349 ς
3547 1288 3663 1340 ubi
3698 1302 3823 1341 vero

2204 1365 2237 1414 J
2242 1363 2374 1416 uda
2394 1363 2609 1415 crimen
2637 1362 2893 1424 agitavit,
2918 1360 3197 1420 videlicet,
3222 1359 3294 1411 de
3318 1360 3521 1412 fratris
3547 1361 3651 1412 sui
3675 1365 3821 1422 capti-

2206 1435 2384 1487 vitate
2412 1434 2635 1486 1ucrum
2657 1433 2974 1498 quarentis
2997 1436 3055 1484 et
3076 1430 3350 1496 gaudium
3374 1432 3730 1495 sentientis,
3755 1432 3823 1483 id-

2204 1519 2317 1569 que
2341 1507 2570 1558 censuit
2590 1506 2717 1558 aliis
2741 1504 3174 1570 praponderare
3200 1503 3593 1554 criminibus:
3623 1504 3820 1556 eodem

2205 1578 2380 1629 etiam
2403 1582 2601 1630 tenore
2626 1577 2873 1642 subjecit
2896 1576 3135 1639 reliqua,
3154 1579 3218 1627 ut
3241 1574 3479 1639 diceret,
3500 1580 3570 1626 et
3587 1575 3823 1627 circum-

2203 1654 2439 1701 ventum
2462 1650 2517 1701 in
2539 1649 2758 1712 judicio
2786 1648 2967 1701 fuisse
2984 1646 3214 1699 Eil'raim
3230 1651 3287 1698 et
3312 1647 3515 1711 ipsum
3539 1647 3822 1712 principia

2204 1721 2411 1772 erroris
2444 1721 2736 1773 habuisse.
2761 1723 2845 1772 Ac
2871 1721 2916 1771 si
2941 1719 3158 1771 diceret
3182 1735 3193 1767 ε
3232 1719 3480 1770 Tantam
3506 1718 3819 1771 crudelita-

2200 1798 2335 1855 tem,
2373 1795 2405 1845 J
2412 1794 2574 1857 udas,
2599 1792 2773 1843 animi
2811 1792 2895 1843 tui
2927 1790 3250 1855 publicasti,
3293 1794 3355 1841 ut
3378 1791 3438 1842 in
3464 1791 3817 1850 sceleribus,

496 1864 598 1915 sed
622 1864 797 1951 etiam
819 1863 1188 1951 delinquendi
1211 1865 1850 1951 prabu‘itjincremeuta.
1864 1866 1986 1916 Hoc
2002 1867 2016 1912 i
2025 1870 2101 1946 ta-
2131 1877 2186 1951 B
2206 1877 2308 1951 pro
2331 1864 2547 1946 quibus
2564 1868 2662 1951 est
2691 1862 3312 1951 dam'natustlsraelmtu
3333 1862 3637 1945 horridior
3661 1867 3819 1951 vetu-

497 1948 609 1999 que
642 1935 1008 1988 vehementer
1029 1938 1356 1999 exprobrat,
1368 1940 1426 1987 et
1447 1935 1604 1999 dicit,
1622 1936 1787 2000 perid
1802 1936 2102 2000 apparuis-

499 2020 562 2060 se
605 2010 845 2072 pejores,
895 2020 995 2071 per
1039 2006 1193 2071 quod
1239 2006 1362 2060 fieri
1395 2007 1709 2059 debuerant
1732 2006 1820 2058 vel
1845 2019 1945 2070 pro
1977 2006 2102 2071 ipsa

497 2079 857 2132 humanitate
878 2080 1161 2132 meliores.

562 2154 724 2202 Vers.
752 2150 839 2206 10.
866 2179 925 2190 -
948 2151 1097 2202 Facti
1117 2156 1244 2200 sunt
1259 2150 1411 2202 enim
1428 2147 1608 2218 426
1659 2150 1931 2214 principes
1952 2149 2101 2200 Juda

500 2222 659 2286 quasi
681 2226 1009 2272 assumentes
1032 2221 1351 2282 terminum,
1368 2235 1528 2285 super
1544 2236 1627 2271 eos
1646 2221 1931 2286 effundam
1944 2222 2102 2286 quasi

497 2308 704 2357 aquam
722 2294 868 2343 iram
885 2304 1077 2343 meam.
1098 2292 1270 2353 Idest,
1288 2297 1543 2355 tempore
1558 2293 1906 2358 captivitatis
1921 2294 2103 2358 Assy-

496 2364 616 2427 ria,
643 2377 776 2428 qua
801 2366 985 2417 tribus
1007 2365 1207 2417 decem
1231 2364 1302 2417 de
1327 2365 1537 2417 finibus
1556 2365 1677 2416 suis
1696 2364 1929 2429 pepulit,
1958 2368 2100 2413 Juda

496 2435 804 2501 principes,
829 2449 979 2501 quos
1004 2436 1253 2489 fraterna
1276 2436 1602 2488 calamitate
1628 2437 1689 2488 in
1712 2436 1912 2488 (letum
1939 2449 2101 2499 opor-

498 2511 687 2559 tuerat
697 2507 1066 2568 commoveri,
1099 2521 1165 2559 ac
1189 2508 1452 2560 decorem
1473 2520 1700 2560 morum
1725 2507 1924 2559 sedulo
1949 2507 2102 2572 cogi-

497 2582 639 2642 tare,
663 2591 739 2631 ne
763 2581 820 2631 et
847 2579 977 2644 ipsi,
1001 2579 1281 2640 videlicet,
1306 2581 1367 2631 in
1392 2579 1611 2631 similes
1635 2591 1930 2631 arumnas
1947 2579 2101 2631 labe-

497 2653 697 2700 rentur
721 2665 736 2698 :
768 2662 886 2701 non
911 2650 1096 2701 solum
1121 2651 1264 2702 nihil
1286 2650 1610 2703 formidinis
1636 2653 2100 2711 compunctionisve

493 2724 823 2783 senserunt,
850 2720 952 2772 sed
975 2721 1365 2784 parricidalem
1389 2721 1563 2773 etiam
1583 2720 1844 2772 animum
1869 2723 2103 2782 publica-

496 2790 648 2847 runt,
674 2789 868 2841 addita
894 2790 1023 2854 sibi,
1045 2792 1526 2857 videlicet,spatia
1545 2790 2100 2856 terrarum,expulso

498 2859 688 2925 fratre,
719 2861 1053 2925 gaudentes.
1082 2866 1146 2915 In
1171 2864 1261 2916 die
1286 2876 1422 2929 ergo
1449 2863 1841 2921 desolationis,
1869 2864 2015 2927 idest,
2041 2864 2101 2915 in

499 2936 753 2997 tempore
795 2945 909 2996 quo
931 2934 1136 2985 Tribus
1159 2935 1485 2987 Israelitica
1510 2935 1582 2987 de
1606 2934 1729 2985 suis
1751 2933 1964 2985 finibus
1988 2934 2102 2985 mi-

498 3006 831 3069 graverunt,
858 3005 1109 3058 ostendit
1145 3006 1319 3058 fidem
1347 3006 1663 3071 (subaudis)
1686 3006 1894 3059 Juda:
1932 3007 2100 3071 cujus

496 3074 686 3127 latens
713 3081 909 3130 votum
928 3077 1154 3141 detexit
1175 3079 1419 3130 occasio.
1445 3082 1636 3142 Atque
1658 3078 1739 3130 ita
1761 3078 1821 3129 in
1844 3078 1981 3130 Levi
1993 3077 2099 3130 ha-

492 3146 618 3198 buit
640 3146 973 3201 discrimina
995 3161 1421 3213 germanorum,
1452 3154 1521 3201 ut
1545 3162 1613 3201 ea
1628 3149 1739 3201 sibi
1763 3150 1932 3201 etiam
1957 3164 2094 3198 com-

488 3218 661 3271 moda
687 3219 867 3272 fuisse
889 3219 1251 3285 loqueretur:
1267 3221 1423 3285 quod
1452 3234 1591 3273 sane
1607 3220 1754 3272 tanti
1777 3226 1969 3273 reatus
1985 3225 2091 3281 est,

2208 1937 2463 1999 stiorque
2494 1936 2757 1988 videaris.
2785 1934 2948 1988 Unde
2968 1939 3024 1986 et
3058 1933 3258 1998 judicii
3280 1933 3411 1997 mei,
3449 1947 3565 1997 pro
3594 1934 3815 1986 merito-

2202 2020 2330 2058 rum
2383 2007 2718 2067 ditl‘erentia,
2745 2006 2955 2058 modus
2985 2010 3239 2067 acuetur,
3275 2008 3339 2056 ut
3361 2003 3631 2065 Eil'raim,
3659 2006 3817 2069 quasi

2203 2078 2356 2130 tinea
2378 2078 2713 2143 interpolem
2741 2094 2753 2129 :
2790 2084 2848 2130 te
2879 2090 3016 2129 vero
3041 2077 3207 2140 quasi
3223 2076 3519 2129 inharens
3547 2076 3809 2141 putredo,

2201 2162 2558 2201 consumam.
2577 2151 2792 2202 Notum
2808 2154 3100 2202 estautem
3117 2151 3334 2212 quanto
3345 2148 3599 2211 minore,
3614 2160 3685 2200 ea
3707 2163 3811 2209 quae

2202 2222 2357 2274 tinea
2403 2221 2646 2283 mordet,
2687 2234 2861 2285 quam
2896 2233 3028 2284 qua
3051 2220 3295 2286 putredo
3318 2220 3617 2285 pervadit,
3643 2219 3812 2271 exitio

2200 2297 2639 2374 con-sumantur.
2685 2293 2751 2341 Et
2776 2292 2908 2341 vidit
2923 2290 3180 2374 'l‘i‘ﬁ'r‘aim
3205 2290 3531 2374 languorem
3552 2294 3807 2374 suumn“

2198 2364 2375 2414 Judas
2398 2364 2677 2414 vinculum
2692 2379 2856 2413 suum
2882 2382 2893 2413 :
2920 2363 2978 2415 id
2995 2365 3101 2424 est,
3127 2361 3518 2426 conspicietis,
3547 2368 3613 2415 et
3636 2361 3807 2427 perfe-

2200 2434 2339 2486 retis
2360 2437 2597 2498 uterque
2614 2435 2945 2497 vindictam,
2973 2445 3104 2496 qua
3125 2434 3332 2485 vestris
3346 2432 3566 2485 studiis
3583 2435 3806 2482 destina-

2201 2508 2312 2566 tur,
2337 2518 2444 2558 nec
2468 2506 2634 2558 vobis
2660 2506 2913 2568 proderit
2933 2504 3214 2558 auxilium
3236 2517 3273 2557 a
3292 2504 3548 2556 diversis
3573 2504 3804 2569 regibus

2198 2578 2490 2641 postulare
2524 2596 2533 2626 :
2561 2579 2663 2630 sed
2677 2580 2852 2631 rebus
2873 2576 3358 2638 fatebimini,-illos
3382 2577 3556 2629 vobis
3588 2588 3804 2640 cormp-

2200 2648 2374 2701 tionis
2422 2651 2686 2714 exempla
2715 2650 2922 2713 solum,
2970 2661 3090 2701 non
3119 2649 3293 2700 etiam
3317 2648 3525 2701 salutis
3548 2647 3803 2700 subsidia

2199 2721 2557 2784 prastitisse.
2574 2722 2643 2771 Et
2666 2721 2800 2771 abiit
2823 2721 3061 2785 Eﬂ'raim
3081 2720 3155 2769 ad
3187 2721 3373 2784 Assur,
3398 2724 3445 2770 et
3466 2720 3623 2770 misit
3638 2718 3712 2770 ad
3728 2733 3803 2767 re-

2197 2805 2316 2854 gem
2340 2791 2584 2852 ultorem,
2610 2798 2655 2841 et
2684 2796 2795 2857 ipse
2818 2808 2928 2840 non
2951 2792 3142 2856 poterit
3163 2806 3361 2840 sanare
3371 2805 3478 2851 vos,
3498 2789 3803 2841 necsolvere

2198 2865 2391 2926 poterit
2433 2880 2469 2912 a
2512 2863 2655 2913 vobis
2687 2863 2984 2913 vinculum.
3030 2863 3300 2922 Quoniam
3332 2878 3424 2926 ego
3450 2862 3621 2927 quasi
3644 2861 3799 2911 leaena

2198 2932 2457 2997 E/fraim,
2488 2940 2534 2984 et
2560 2936 2718 2999 quasi
2741 2935 2949 2985 catulus
2973 2935 3138 2983 leonis
3159 2934 3348 2983 domui
3369 2933 3541 2984 Juda.
3568 2932 3800 2995 Utrique

2199 3005 2412 3070 populo
2456 3006 2717 3070 promisit
2755 3019 2819 3058 se
2844 3006 3043 3059 habitu
3065 3005 3247 3059 leonis
3271 3018 3679 3068 occursurum,
3706 3003 3795 3055 sed

2200 3077 2645 3140 vehementiam,
2672 3090 2843 3142 quam
2865 3077 3052 3142 specie
3071 3089 3189 3130 non
3210 3077 3437 3139 fecerat,
3461 3076 3724 3130 servavit
3743 3075 3796 3126 in

2199 3161 2362 3213 sexu,
2387 3154 2453 3201 ut
2480 3147 2559 3201 illi
2598 3162 2676 3211 se,
2700 3150 2869 3213 quasi
2894 3150 3161 3208 leanam,
3185 3149 3318 3201 huic
3336 3161 3492 3205 vero.
3517 3148 3688 3212 quasi
3709 3150 3798 3194 leo-

2197 3233 2330 3273 nem
2372 3220 2585 3273 diceret
2611 3234 2902 3286 apparere.
2952 3221 3217 3285 Implevit
3245 3226 3440 3272 autem
3473 3223 3792 3272 assumtam

487 3294 554 3368 ut
576 3291 828 3368 coegerit
849 3291 1309 3368 indignationem
1326 3292 1903 3368 ulciscentisaugeri.
1924 3294 2094 3368 sequi-
2126 3295 2172 3368 ρ
2200 3291 2634 3368 similitudinem
2661 3292 2923 3368 dicendo,
2962 3292 3094 3357 Ego,
3117 3307 3232 3368 _e_go_
3244 3293 3479 3357 capiam,
3508 3297 3557 3342 et
3580 3291 3790 3368 eadem.

491 3363 584 3413 tur
629 3362 801 3423 enim,
841 3363 1016 3428 Super
1044 3378 1167 3413 eum
1191 3363 1489 3427 effundam,
1518 3365 1676 3428 quasi
1700 3378 1924 3426 aquam,
1946 3364 2094 3413 iram

491 3434 899 3496 meam:idest,
944 3439 1254 3499 postquam
1299 3435 1541 3499 dixerat,
1567 3434 1874 3499 effundam.
1900 3440 2094 3500 aperte

493 3504 769 3565 subdidit,
819 3508 979 3569 quasi
1014 3522 1239 3571 aquam.
1267 3507 1544 3567 Deterior,
1568 3506 1776 3571 inquit,
1822 3506 1974 3557 Juda
1997 3519 2097 3571 per

494 3575 863 3628 exultationis
883 3577 1053 3629 istius
1085 3578 1303 3630 crimen
1324 3578 1605 3643 apparuit.
1633 3580 1704 3630 Et
1729 3577 1853 3629 ideo
1874 3590 2095 3642 merge-

495 3650 591 3699 tur
627 3647 1003 3701 inuniatione
1034 3660 1357 3712 partarum,
1397 3649 1533 3713 quia
1555 3662 1689 3701 cum
1714 3649 1861 3701 inter
1889 3653 2097 3702 catera

493 3718 770 3770 beneficia
799 3718 909 3770 hoc
932 3732 1164 3784 quoque
1187 3720 1490 3773 clementia
1511 3726 1710 3773 nostra
1732 3721 1785 3772 ei
1808 3722 2096 3784 prastite—

493 3791 585 3851 rit,
610 3795 676 3842 ut
719 3790 905 3842 timori
932 3792 1059 3855 ejus
1087 3792 1590 3856 emendationique
1617 3792 1848 3844 Etl‘raim
1873 3793 2097 3857 impen-

495 3861 724 3914 deretur
746 3863 990 3915 exitium
1021 3878 1034 3914 :
1074 3862 1166 3915 ille
1190 3868 1281 3915 est
1311 3876 1379 3916 eo
1402 3865 1623 3916 abusus
1648 3864 1720 3916 ad
1740 3864 2096 3918 incrementa

494 3931 842 3997 petulantia,
897 3934 1269 3999 germanique
1292 3935 1400 3987 sibi
1423 3934 1666 3987 credidit
1688 3946 1805 3986 non
1828 3936 2096 4002 exempla

491 4005 739 4069 provisa,
765 4005 868 4058 sed
892 4007 1108 4071 pradia
1130 4007 1476 4060 contributa.

554 4077 716 4130 Vers.
753 4077 838 4133 11.
859 4077 975 4133 -15.
1001 4106 1061 4116 -
1089 4078 1440 4129 Calumniam
1464 4080 1674 4144 patiens
1702 4082 1957 4146 Eﬂ'raim,
1982 4083 2097 4146 fra-

487 4153 599 4198 ctus
612 4148 842 4214 judicio,
875 4151 1142 4214 quoniam
1165 4151 1315 4215 capit
1337 4151 1485 4201 abire
1503 4157 1621 4216 post
1643 4155 1871 4203 sordem.
1909 4154 1977 4203 Et
2003 4168 2095 4217 ego

491 4221 650 4284 quasi
683 4222 828 4270 tinea
850 4220 1105 4285 Eﬂ‘raim,
1123 4227 1169 4271 et
1192 4223 1352 4286 quasi
1375 4224 1598 4285 putredo
1619 4224 1808 4274 domui
1827 4226 1998 4276 Juda.
2026 4225 2093 4274 Et

492 4291 626 4341 vidit
661 4290 901 4354 E/I'raim
944 4291 1265 4356 languorem
1308 4308 1488 4353 suum,
1528 4301 1572 4343 et
1605 4295 1780 4345 Judas
1812 4295 2091 4345 vinculum

491 4377 671 4415 suum.
720 4363 788 4412 Et
816 4362 953 4413 abiit
993 4363 1237 4428 Eﬁ‘raim
1268 4364 1342 4413 ad
1372 4364 1563 4426 Assur,
1581 4371 1627 4415 et
1650 4367 1799 4416 misit
1822 4368 1895 4417 ad
1916 4383 2092 4432 regem

494 4434 749 4484 ultorem:
798 4439 844 4484 et
887 4434 1000 4498 ipse
1048 4450 1160 4485 non
1194 4435 1391 4500 poterit
1422 4451 1622 4486 sanare
1651 4453 1756 4500 vos,
1782 4454 1877 4488 nec
1899 4440 2092 4490 solvere

492 4506 684 4571 poterit
717 4522 753 4556 a
784 4505 929 4557 vobis
962 4506 1261 4559 vinculum.
1317 4508 1590 4566 Quonian
1618 4525 1710 4574 ego
1743 4512 1902 4575 quasi
1923 4510 2088 4561 leaena

495 4576 752 4642 Eﬂ‘raim,
795 4583 842 4628 et
893 4578 1053 4644 quasi
1094 4579 1306 4629 catulus
1350 4579 1515 4630 leonis
1538 4581 1727 4631 domui
1759 4580 1924 4633 Jtida.
1950 4583 2082 4646 Ego,

489 4662 581 4711 ego
604 4649 823 4711 vadam,
848 4655 892 4699 et
915 4650 1151 4714 capiam.
1190 4656 1236 4700 et
1271 4650 1473 4713 tollam,
1493 4658 1539 4701 et
1564 4668 1679 4702 non.
1702 4659 1773 4704 est
1790 4654 1888 4719 qui
1911 4659 2085 4704 eruat.

503 4719 711 4769 Vadens
752 4726 990 4770 revertar
1020 4723 1095 4771 ad
1125 4722 1300 4773 locum
1321 4737 1521 4784 meum,
1547 4725 1712 4775 donec
1743 4726 2021 4788 deﬁciatis,
2049 4731 2093 4775 et

495 4790 748 4855 quaeratis
771 4792 965 4855 faciem
991 4807 1187 4845 meam.
1219 4794 1483 4846 Graviter
1509 4808 1572 4847 se
1596 4798 1751 4848 Deus
1780 4799 2095 4846 commendat

493 4862 797 4928 offensum,
811 4864 961 4926 quod
979 4863 1122 4916 nihil
1137 4866 1595 4930 compunctionis
1611 4868 1681 4921 de
1697 4868 1948 4921 fraterna
1959 4870 2095 4916 dam-

490 4932 724 4986 natione
749 4935 1083 4999 susceperit,
1110 4935 1212 4987 sed
1240 4948 1546 4992 remanens
1568 4940 1751 4992 Judas
1775 4940 2093 4989 insultaverit

491 5005 766 5070 exulanti,
790 5005 1043 5071 latatus,
1076 5006 1220 5059 fines
1246 5021 1385 5062 suos
1403 5022 1772 5075 quacumque
1789 5010 2092 5063 occasione

488 5076 744 5141 proferri.
767 5078 891 5132 Hoc
917 5090 1053 5143 ergo
1078 5084 1377 5143 peccatum
1399 5080 1481 5134 ita
1501 5082 1754 5147 graviter
1776 5082 2093 5134 astimavit

492 5149 666 5213 Deus,
690 5152 755 5201 ut
786 5162 905 5202 non
937 5150 1307 5205 admoturum
1331 5164 1395 5206 se
1419 5154 1563 5205 iram
1588 5153 1960 5217 promitteret,
1990 5152 2091 5204 sed

491 5218 673 5273 instar
694 5232 866 5287 aqua
890 5223 1119 5287 penitus
1141 5223 1482 5276 eﬂ’usurum.
1517 5226 1588 5276 Et
1619 5225 1755 5289 quia
1781 5237 1879 5291 per
1906 5225 2092 5277 incre-

489 5297 687 5345 menta
701 5306 1022 5361 poenarum,
1043 5295 1438 5349 nocentiorem
1452 5295 1663 5349 fecerat
1680 5298 1711 5348 J
1718 5296 1893 5349 udam
1907 5299 2089 5359 videri,

491 5365 699 5430 quippe
723 5367 823 5430 qui
853 5372 1028 5428 esset,
1052 5367 1373 5420 inundante
1396 5368 2092 5433 animadversione,popu-

487 5434 717 5501 landus,
757 5443 1088 5491 assumtum
1111 5439 1360 5493 colorem
1382 5440 1630 5504 perrexit
1659 5441 1938 5494 excolere.
1966 5441 2091 5493 Ait-

487 5521 601 5573 que
623 5509 706 5562 ita
725 5512 757 5562 J
762 5510 895 5565 uda
915 5523 1045 5564 esse
1066 5511 1382 5576 graviorem
1406 5514 1647 5577 reatum,
1692 5517 1758 5566 ut
1788 5514 1839 5565 ei
1860 5526 2091 5579 compa-

485 5584 647 5632 ratus
671 5582 847 5635 Israel
870 5581 1136 5637 videatur
1159 5584 1512 5637 calumniam
1542 5585 1869 5649 pertulisse.
1884 5586 2090 5651 Fitque

553 5758 570 5821 τ
619 5751 740 5803 Nisi
791 5754 1039 5817 accipias
1080 5767 1182 5820 pro
1207 5770 1317 5819 qua
1362 5757 1424 5806 in
1460 5772 1537 5821 re,
1561 5756 1733 5811 debet
1755 5757 1827 5808 ad
1850 5772 2089 5807 mensem

486 5820 702 5883 referri,
726 5836 844 5876 non
868 5839 1103 5876 messem.
1126 5827 1289 5879 Tunc
1313 5841 1448 5881 vero
1471 5829 1569 5881 illa
1600 5828 1926 5882 revocanda
1951 5831 2089 5882 Hie-

490 5892 844 5967 ronymiana
869 5897 926 5967 et
948 5897 1215 5961 Vulgata
1245 5899 1529 5953 versionis
1551 5900 1719 5953 lectio
1733 5900 1859 5967 erit,
1884 5906 1956 5954 de
1975 5914 2111 5966 qua

488 5960 550 6012 in
568 5962 917 6026 pracedenti
940 5968 1209 6057 proxime.
1231 5970 1617 6026 Adnotatione
1640 5960 1948 6039 loquimur.
1968 5960 2088 6027 Nos

2196 3370 2243 3414 et
2262 3363 2464 3424 tollam,
2495 3369 2540 3413 et
2565 3379 2676 3413 non
2701 3370 2774 3412 est
2791 3365 2886 3428 qui
2909 3369 3082 3421 eruat,
3117 3364 3325 3414 Vadens
3353 3369 3596 3414 revertar
3625 3362 3700 3412 ad
3722 3360 3794 3410 lo-

2196 3450 2320 3485 cum
2342 3450 2544 3496 meum,
2568 3435 2733 3485 donec
2756 3436 3034 3498 deﬁciatis,
3048 3440 3092 3486 et
3109 3436 3362 3500 quaeratis
3380 3435 3580 3499 [aciem
3601 3447 3786 3483 meam.

2196 3509 2378 3559 Nemo
2402 3510 2510 3570 est,
2526 3507 3025 3572 inquitpastorum
3052 3507 3152 3571 qui
3180 3518 3483 3572 pervasam
3507 3518 3541 3557 a
3563 3517 3659 3558 me
3682 3517 3792 3566 prae-

2197 3579 2331 3632 dam
2359 3578 2512 3629 ausit
2534 3591 2759 3631 eruere:
2779 3578 2879 3630 sed
2896 3579 3217 3643 despiciens
3243 3579 3591 3630 rusticorum
3617 3575 3793 3626 tumul-

2197 3654 2341 3709 tum,
2366 3662 2600 3702 exeram
2614 3650 2785 3711 vires,
2804 3650 2987 3702 donec
3007 3650 3419 3715 indignationis
3443 3662 3593 3703 mea
3605 3650 3786 3698 esuries

2197 3721 2511 3785 expleatur.
2548 3722 2801 3771 Revertar
2822 3726 3017 3773 autem
3047 3721 3121 3771 ad
3144 3721 3318 3771 locum
3341 3735 3540 3773 meum.
3571 3731 3676 3786 pro
3700 3730 3790 3768 cu-

2196 3791 2293 3844 bili
2339 3793 2551 3857 posuit,
2595 3793 2668 3845 ad
2704 3794 2859 3857 quod
2890 3793 2982 3845 leo
3010 3806 3131 3845 non
3177 3793 3406 3845 territus
3449 3793 3698 3856 recipere
3732 3798 3787 3839 se

2197 3864 2518 3916 consuevit.
2568 3865 2688 3916 Erit
2731 3868 2927 3917 autem
2965 3864 3143 3928 istud,
3170 3863 3353 3917 donec
3378 3877 3484 3917 vos
3518 3858 3785 3917 arumnis

2196 3935 2606 4000 doloribusque
2622 3936 2824 3989 lassati
2843 3952 3020 3986 meam
3044 3936 3250 4000 inquit,
3267 3936 3461 4000 faciem
3482 3931 3785 4000 requiratis:

2196 4007 2352 4070 quod
2372 4020 2512 4060 sane
2535 4011 2702 4060 extra
2732 4007 2991 4073 regulam
3011 4012 3299 4072 suscepta
3322 4006 3393 4060 de
3416 4007 3579 4060 leone
3604 4001 3784 4067 imagi-

2192 4079 2285 4131 nis
2326 4092 2400 4132 ex
2443 4080 2661 4144 negotii
2697 4080 2935 4133 veritate
2978 4084 3206 4133 constat
3226 4077 3464 4131 illatum.
3489 4080 3782 4132 Caterum.

2194 4155 2478 4214 quantum
2515 4151 2589 4203 ad
2622 4151 3103 4216 comparationem
3126 4150 3375 4214 respicit,
3410 4151 3541 4215 quis
3564 4160 3689 4201 eam
3710 4144 3786 4196 fa-

2195 4223 2342 4274 ciem
2372 4223 2560 4275 visere
2581 4222 2773 4275 lassus
2799 4225 3041 4289 optaret,
3057 4222 3151 4275 cui
3172 4235 3278 4275 nec
3300 4222 3535 4275 vatidus
3553 4220 3783 4283 potuisset

2193 4294 2475 4346 obsistere
2485 4296 2512 4345 ?
2534 4297 2733 4359 Itaque
2745 4307 2881 4346 cum
2895 4300 3218 4347 assumtam
3233 4294 3686 4359 indignationem
3701 4300 3783 4341 ex-

2194 4366 2518 4430 pressisset,
2554 4379 2654 4431 per
2685 4366 2895 4419 famem
2921 4366 3123 4430 leonis,
3143 4367 3265 4432 jam
3288 4365 3359 4419 de
3383 4376 3644 4431 persona
3668 4368 3780 4412 sua

2192 4438 2495 4501 majestate
2517 4438 2783 4502 subjecit,
2816 4451 2879 4490 se
2904 4437 2977 4490 ad
3000 4437 3358 4490 liberandum
3379 4450 3497 4489 non
3509 4449 3637 4490 esse
3660 4442 3778 4486 ven-

2193 4511 2402 4571 turum,
2437 4508 2551 4561 nisi
2588 4510 2817 4562 vultum
2846 4512 2974 4573 ejus
2997 4510 3300 4576 proficiens
3324 4509 3449 4574 ipso
3475 4509 3674 4562 attritu
3700 4513 3784 4569 p0-

2185 4580 2359 4644 pulus
2386 4581 2774 4647 concupisset,
2798 4586 2856 4633 et
2877 4583 2950 4633 ab
2974 4593 3040 4634 eo
3066 4581 3188 4634 solo
3210 4576 3776 4648 capissetpostulare

2120 4675 2176 4749 D
2192 4652 2534 4716 remedium,
2558 4665 2593 4705 a
2626 4665 2740 4718 quo
2765 4653 3112 4718 supplicium
3142 4654 3424 4706 sensisset
3454 4653 3691 4707 illatum.

2812 4814 3045 4866 CAPUT
3084 4814 3172 4866 VI.

2255 4939 2417 4990 Vers.
2449 4937 2589 4992 1.-3.
2640 4965 2703 4976 -
2738 4939 2799 4988 1η
2835 4939 3181 4991 tribulatione
3212 4954 3315 4991 sua
3358 4954 3520 4991 mane
3566 4949 3770 4991 consur-

2191 5015 2315 5075 gent
2357 5008 2465 5075 [ΑΙ.
2508 5010 2861 5076 consurgunt]
2904 5012 2978 5063 ad
3016 5027 3116 5062 me.
3161 5012 3359 5073 Venite,
3392 5017 3437 5062 et
3459 5017 3771 5062 revertamur

2193 5080 2267 5131 ad
2292 5082 2612 5144 Dominum,
2630 5082 2766 5146 quia
2789 5083 2902 5147 ipse
2928 5084 3103 5148 capit;
3128 5089 3173 5135 et
3195 5084 3410 5135 sanabit
3431 5098 3528 5134 nos
3558 5099 3570 5137 :
3596 5093 3771 5149 percu-

2194 5154 2298 5214 tiet,
2346 5160 2395 5203 et
2430 5152 2639 5203 curabit
2682 5169 2796 5206 nos.
2840 5155 3141 5218 Viviﬁcabit
3163 5171 3261 5206 nos
3285 5160 3403 5221 post
3419 5156 3553 5206 duos
3576 5155 3694 5215 dies,
3716 5149 3765 5197 in

2192 5223 2277 5274 die
2300 5224 2457 5274 tertia
2479 5223 2753 5275 suscitabit
2777 5240 2891 5288 nos,
2916 5231 2962 5276 et
3000 5228 3236 5277 vivemus
3267 5227 3329 5276 in
3351 5232 3624 5292 conspectu
3654 5222 3766 5287 ejus:

2191 5303 2237 5347 et
2258 5297 2502 5359 sciemus,
2540 5312 2947 5364 sequemurque,
2973 5303 3034 5348 ut
3055 5314 3441 5364 cognoscamus
3462 5298 3765 5350 Dominum:

2191 5370 2350 5434 quasi
2399 5369 2704 5420 diluculum
2738 5376 3089 5435 praeparatus
3135 5376 3206 5420 est
3230 5385 3465 5435 egressus
3486 5371 3612 5435 ejus,
3635 5371 3675 5419 et
3694 5377 3766 5413 υσ-

2190 5441 2299 5491 niet
2334 5442 2493 5507 quasi
2513 5442 2683 5491 imber
2709 5442 2863 5493 nobis
2888 5444 3596 5507 temporaneusetserotinus
3617 5446 3760 5490 term-

2188 5513 2427 5586 Dixerat
2450 5513 2608 5579 quod
2631 5514 2813 5567 instar
2840 5515 3025 5568 leonis
3040 5515 3115 5568 ad
3139 5515 3499 5569 venationem
3518 5508 3759 5586 progressi,

2189 5585 2250 5638 in
2276 5585 2580 5651 profanum
2624 5586 2902 5651 populum
2949 5587 3277 5649 desaviret,
3296 5599 3512 5640 munus
3533 5579 3761 5640 videlicet

2190 5757 2344 5821 quod
2369 5757 2536 5810 unice
2560 5762 2784 5811 mutare
2808 5758 3111 5822 audemus,
3128 5759 3370 5812 verbum
3391 5763 3479 5811 est
3500 5757 3559 5810 in
3574 5746 3759 5823 periodi

2191 5830 2305 5882 fine
2328 5830 2651 5893 demetenda,
2679 5843 2779 5896 pro
2805 5842 2921 5896 quo
2953 5830 3300 5883 demittendae
3321 5830 3630 5897 legebatur.

2250 5901 2272 5931 "
2295 5903 2482 5955 Antea
2496 5894 2711 5967 expelle,
2763 5894 2839 5955 eti
2866 5917 3048 5953 nonne
3087 5901 3187 5956 illi.
3216 5901 3325 5957 Sed
3347 5894 3463 5955 non
3495 5901 3618 5955 ideo
3638 5894 3754 5950 satis

2189 5972 2418 6028 videtur
2444 5973 2554 6027 loci
2578 5974 2809 6029 sanitati
2832 5972 3182 6029 consultum.
