3884 6392
11 415 148 470 993
894 417 967 467 ΙΝ
1002 415 1240 469 OSEAM
1277 416 1864 468 COMMENTARIUS.
1899 416 2107 466 LIBER
2140 414 2522 469 SECUNDUS.

11 540 337 581 exercens
360 526 616 590 ultionis,
641 538 772 591 qum
794 532 1102 592 postquam
1132 526 1369 578 incitata
1391 527 1664 592 coepisset

11 600 265 665 impios
290 603 554 663 atterere,
587 609 707 650 non
730 596 889 663 prius
912 610 947 650 a
968 610 1275 663 poenarum
1286 597 1537 651 illatione
1550 611 1666 651 ces-

10 675 225 736 saret,
254 683 432 735 quam
458 668 540 721 illi
554 669 628 721 ad
645 667 1022 733 quaerendum
1042 669 1346 721 Dominum
1364 671 1482 721 toto
1507 670 1663 722 dein-

10 754 184 807 ceps
213 754 455 807 precum
477 740 700 793 ambitu
732 752 794 792 se
827 741 1226 793 contulissent.
1255 740 1364 792 Sed
1389 742 1661 804 quoniam

10 826 271 879 magna
286 813 447 866 estin
462 812 588 876 ipsa
612 811 973 877 supplicandi
996 811 1352 877 professione
1374 812 1660 877 discretio,

9 890 79 936 et
110 886 389 937 offerunt
409 882 666 945 alteram,
691 881 869 950 428
897 883 1019 935 solo
1053 886 1264 936 terrore
1290 884 1551 949 perculsi,
1577 885 1662 937 al-

12 962 235 1008 teram
262 967 419 1019 vero,
446 967 580 1006 cum
607 960 783 1014 metu,
810 956 981 1007 etiam
1003 956 1221 1007 ratione
1246 957 1500 1020 correcti,
1522 956 1660 1020 quid

10 1030 82 1080 in
112 1032 388 1091 utraque
403 1026 681 1077 momenti
695 1026 788 1090 sit,
806 1027 1380 1091 curavitexprimere,
1406 1032 1661 1089 utquam-

11 1100 122 1151 vis
168 1111 300 1150 una
334 1097 506 1149 facies
540 1100 845 1160 appareret
880 1098 1203 1161 ambarum,
1232 1102 1425 1149 tamen
1449 1098 1660 1150 intelli-

10 1182 344 1234 geremus,
373 1167 527 1232 quod
564 1167 808 1219 diversis
831 1168 1124 1220 radicibus
1162 1169 1518 1221 niterentur:
1544 1169 1656 1234 illa,

11 1241 344 1303 videlicet,
368 1238 729 1292 solummodo
753 1239 1217 1304 perturbationis,
1245 1240 1358 1291 ista
1388 1240 1563 1292 etiam
1588 1242 1659 1294 de

11 1312 422 1370 correctione,
468 1309 715 1362 virtutis.
746 1312 889 1370 Quia
920 1323 1056 1375 ergo
1089 1311 1331 1369 dixerat,
1371 1311 1526 1374 quod
1554 1325 1659 1365 ne-

12 1393 350 1447 quaquam
361 1381 434 1432 ad
450 1380 778 1444 juvandum
803 1380 1072 1444 prodiret,
1095 1381 1207 1433 nisi
1218 1381 1290 1432 ad
1306 1385 1656 1443 quassitiouem

10 1455 247 1507 vultus
273 1455 423 1518 ejus,
466 1453 853 1504 succumbens
888 1453 1249 1516 castigationi
1274 1465 1454 1517 agens
1478 1453 1574 1506 illa
1595 1468 1657 1508 se

13 1527 426 1585 converteret,
450 1523 634 1587 pergit
651 1524 997 1588 necessario,
1028 1536 1204 1587 quam
1234 1527 1654 1585 supplicationem

13 1596 507 1662 praestolaretur,
546 1607 855 1659 exponere,
879 1600 937 1647 et
961 1594 1115 1646 illius
1141 1596 1321 1659 primo
1346 1597 1521 1648 verba
1546 1598 1655 1648 sub

12 1671 319 1721 irrisione
347 1667 642 1732 percurrit,
688 1679 865 1730 quam
896 1680 997 1731 pro
1031 1668 1122 1718 sui
1144 1667 1378 1719 levitate
1405 1668 1656 1720 ostendit
1752 1667 1846 1717 nis
1865 1668 2201 1731 ingreditur,
2228 1672 2293 1718 ut
2329 1672 2639 1732 postquam
2664 1671 2939 1736 supplicia
2967 1679 3354 1731 comminatus

16 1739 493 1805 reprobandam,
528 1739 585 1788 id
609 1742 718 1799 est,
753 1750 887 1802 quin
913 1738 1052 1789 solis
1070 1739 1325 1809 vocibus
1366 1738 1651 1803 adulatur,
1753 1737 1937 1809 fuerit,
1955 1741 2255 1790 materiam
2271 1751 2487 1800 eorum,
2514 1741 2683 1803 idest,
2703 1743 2903 1807 culpas
2920 1748 3129 1809 quibus
3149 1755 3237 1801 est
3259 1763 3358 1801 ex-

16 1825 172 1863 cum
198 1823 407 1863 rerum
430 1809 622 1883 agitur
644 1809 923 1861 destituta
936 1808 1299 1874 ponderibus,
1320 1810 1660 1873 cujushabi-
1758 1808 1933 1883 citata
1966 1810 2225 1883 offensio,
2255 1810 2589 1883 subjungat.
2626 1812 2789 1865 Unde
2817 1820 2876 1866 et
2908 1808 3018 1880 hic,
3045 1823 3352 1883 postquam

16 1890 189 1973 tum,
205 1888 271 1935 et
295 1890 503 1962 genus,
528 1881 700 1973 etiam
714 1893 1211 1973 [sacrumﬁcarmen
1241 1887 1489 1973 accusat.
1518 1884 1654 1932 Cum
1678 1900 1734 1973 B
1758 1878 1972 1973 claram
1982 1880 2100 1973 fore
2113 1880 2387 1973 ultionem
2410 1882 2689 1973 promisit,
2714 1896 2829 1947 quo
2852 1878 3015 1938 reatu
3031 1878 3356 1953 obligaren-

16 1956 307 2003 occideret
352 1967 454 2011 eos,
489 1952 679 2016 inquit
712 1952 871 2015 (Psal.
912 1951 991 2005 77.
996 1952 1044 2015 λ,
1088 1952 1392 2024 quaerebant
1431 1967 1572 2017 cum,
1610 1959 1654 2001 el
1678 1951 1734 1973 υ
1760 1952 2109 2024 tur,_adjecit.
2130 1951 2310 2015 Cujus
2327 1956 2392 2002 ut
2414 1952 2646 2016 pondus
2676 1962 3006 2021 exponeret,
3022 1951 3244 2024 antiqui
3267 1974 3357 2013 re-

16 2024 502 2076 convertebantur
533 2029 657 2073 ante
687 2024 874 2084 lucem,
907 2029 952 2071 et
983 2023 1262 2073 veniebant
1286 2024 1359 2072 ad
1381 2039 1503 2073 eum
1528 2039 1542 2074 ε
1569 2039 1659 2073 cor
1757 2022 2029 2073 cordatus
2063 2026 2152 2074 est
2174 2024 2441 2087 exempli.
2468 2024 2726 2077 Ubisane
2742 2027 2997 2079 notanda
3009 2022 3354 2084 estelocutio

18 2104 226 2147 autem
264 2098 515 2161 ipsorum
539 2110 653 2143 non
694 2099 809 2143 erat
842 2099 1062 2144 rectum.
1094 2097 1158 2143 In
1188 2094 1534 2144 tribulatione
1557 2110 1659 2144 sua
1756 2094 2067 2158 prephetaa,
2098 2093 2301 2145 multis
2325 2094 2611 2157 ejusmodi
2636 2095 2795 2160 locis,
2820 2101 3244 2162 explanationis
3266 2103 3355 2155 lu-

18 2185 204 2218 mane
228 2172 559 2229 consurgent
582 2166 655 2215 ad
675 2180 776 2215 me.
811 2166 1008 2225 Venite,
1035 2171 1079 2214 et
1102 2172 1435 2215 revertamur
1455 2167 1527 2215 ad
1551 2167 1659 2215 Do-
1757 2176 1891 2214 men
1938 2165 2270 2227 adportans.
2316 2166 2411 2215 Ait
2444 2165 2614 2228 enim,
2641 2165 2794 2217 Sicut
2824 2170 3004 2219 Adam
3035 2174 3354 2236 transgressi

20 2240 292 2301 minam,
340 2239 473 2301 quia
517 2238 628 2309 ipse
669 2236 821 2309 ccepit
859 2242 906 2285 et
937 2236 1151 2309 sanabit
1186 2252 1302 2297 nos,
1337 2238 1659 2309 percutietet
1754 2236 2638 2309 suntrpactumi"ibipraevaricali
2661 2244 2789 2288 sunt
2812 2240 2987 2293 inme.
3010 2244 3354 2309 Nonutique

17 2310 256 2359 curabit
306 2324 421 2358 nos.
480 2307 785 2370 Vini/icabit
823 2322 922 2357 nos
964 2314 1081 2372 post
1119 2308 1251 2357 duos
1292 2309 1419 2368 dies,
1465 2308 1524 2357 in
1573 2308 1658 2357 die
1756 2308 1908 2370 quod
1936 2306 2035 2357 isti
2069 2306 2128 2357 in
2159 2306 2427 2358 Paradiso
2466 2310 2999 2372 praevaricationem
3044 2306 3351 2368 admisisse

20 2384 201 2431 tertia
234 2378 514 2430 suscitabit
535 2393 633 2428 nos
664 2386 709 2428 et
728 2380 965 2427 vivemus
994 2380 1055 2427 in
1073 2385 1350 2443 conspectu
1381 2380 1513 2443 ejus,
1529 2381 1659 2429 scie—
1757 2377 2060 2449 videantur
2087 2390 2102 2440 ;
2154 2376 2256 2428 sed
2300 2379 2573 2440 quoniam
2599 2379 2843 2446 dixerat,
2888 2383 2969 2435 ita
3008 2383 3154 2449 illos,
3202 2387 3352 2439 sicut

22 2469 159 2503 mus
193 2466 612 2517 sequemurque,
642 2460 698 2499 ut
721 2465 1104 2514 cognoscamus
1126 2451 1428 2522 Dominum
1455 2468 1466 2500 :
1497 2452 1658 2516 quasi
1756 2447 1959 2522 edam,
1978 2453 2310 2522 preceptum
2325 2449 2506 2522 fuisse
2520 2454 2931 2518 transgressos,
2950 2447 3226 2522 subdidit,
3250 2470 3350 2510 eos

22 2525 365 2573 diluculum
385 2527 724 2588 praeparatus
749 2529 818 2570 est
833 2537 1068 2584 egressus
1088 2521 1219 2585 ejus,
1242 2528 1287 2570 et
1307 2522 1476 2570 veniet
1500 2522 1658 2586 quasi
1755 2519 1833 2570 ibi
1850 2520 2210 2583 peccavisse;
2238 2520 2297 2570 in
2316 2519 2518 2572 eadem
2546 2522 2818 2575 nimirum
2851 2519 3226 2581 similitudine
3247 2530 3350 2582 de-

19 2597 214 2645 imber
238 2595 399 2643 nobis
417 2599 789 2657 temporaneus
810 2598 863 2665 et
893 2593 1159 2665 serotinus
1184 2599 1349 2641 terrae.
1376 2595 1517 2645 Cum
1542 2606 1655 2657 me,
1755 2591 2093 2665 linquenda;
2119 2592 2274 2665 quod
2298 2596 2492 2665 tamen
2512 2604 2779 2658 sagacem
2794 2596 3150 2651 intellectum
3160 2601 3351 2665 requi-

21 2668 253 2731 inquit,
284 2677 544 2729 quaerere
568 2664 874 2728 casperitis,
905 2677 1024 2715 non
1054 2664 1183 2721 ista,
1218 2676 1393 2727 quam
1416 2664 1657 2729 gestatis
1757 2663 1846 2715 rit.
1872 2662 2057 2714 Adam
2081 2663 2305 2735 quippe~
2326 2668 2382 2715 et
2395 2664 2445 2715 si
2469 2665 2714 2717 violator
2736 2667 2845 2719 fuit
2865 2673 3154 2735 praecepti,
3176 2662 3351 2724 nullis

20 2742 85 2791 in
112 2738 323 2797 labiis,
340 2738 600 2789 oratione
614 2734 898 2799 placabor,
924 2747 1031 2785 nec
1056 2735 1106 2785 si
1132 2738 1445 2799 potentiam
1465 2748 1656 2787 meam
1755 2740 1951 2786 tamen
1966 2735 2178 2799 legitur
2194 2733 2363 2786 idolis
2393 2736 2769 2802 supplicasse,
2790 2752 2894 2791 nec
2909 2733 3141 2805 aliquod
3151 2755 3352 2796 eorum

22 2809 221 2860 simul
248 2807 735 2870 clementiamque
772 2806 1038 2870 laudetis,
1074 2805 1331 2857 dicentes
1360 2807 1516 2869 quod
1541 2811 1656 2858 tam
1756 2805 2081 2869 criminum,
2106 2805 2177 2877 de
2222 2806 2433 2877 quibus
2466 2808 2642 2859 Israel
2676 2811 2954 2876 arguitur,
2980 2819 3355 2877 perpetrasse.

23 2884 147 2933 sim
178 2880 260 2932 ad
286 2879 705 2943 ignoscendum
744 2882 994 2941 paratus,
1042 2881 1107 2928 ut
1151 2889 1267 2941 prae
1279 2878 1501 2929 veniam
1524 2882 1658 2930 vota
1756 2878 1918 2930 Unde
1939 2889 2074 2941 ergo
2098 2875 2179 2927 illi
2204 2877 2386 2941 primo
2401 2876 2621 2929 homini
2637 2878 2854 2944 degens
2885 2875 2947 2933 in
2960 2875 3207 2937 summis
3232 2899 3358 2939 sce-

22 2950 375 3006 heneflciis.
398 2963 506 3001 nec
527 2962 760 3001 manere
772 2961 945 3012 quam
968 2949 1135 2999 intuli
1153 2948 1379 3013 plagam
1402 2962 1504 3014 per
1527 2962 1660 3014 spa-
1754 2948 1969 2999 leribus
1985 2946 2233 3012 populus
2249 2953 2620 3012 comparatur
2632 2952 2658 2999 ‘?
2672 2951 2840 3003 Haud
2861 2954 2935 3004 ob
2951 2953 3105 3006 aliud
3119 2958 3355 3018 profecto,

24 3027 109 3076 tia
138 3022 317 3075 bidui
351 3022 555 3084 sinam,
596 3022 693 3073 sed
737 3020 902 3071 tertia
933 3019 1024 3071 die
1055 3020 1452 3072 vivitlcaturus
1475 3021 1656 3074 adve-
1756 3030 1931 3082 quam
1954 3018 2110 3081 quod
2140 3022 2199 3069 et
2221 3020 2271 3068 si
2313 3031 2432 3070 non
2469 3031 2635 3083 atque
2660 3022 2937 3088 sacrilegi,
2970 3037 3138 3089 eque
3164 3029 3356 3080 tamen

25 3096 225 3147 niam.
277 3092 350 3142 Et
382 3094 618 3142 vivemus
659 3093 721 3140 in
764 3096 1043 3155 conspectu
1068 3090 1182 3155 ejus
1216 3103 1394 3154 quam
1418 3092 1655 3156 dederit,
1757 3090 2033 3141 docentur
2066 3089 2294 3153 ingrati.
2327 3091 2471 3141 Nam
2507 3092 2659 3143 sicut
2688 3091 2893 3157 Adam,
2919 3095 3020 3159 qui
3043 3099 3103 3148 in
3125 3099 3357 3151 Paradi-

27 3168 185 3220 vitee
209 3163 508 3217 felicitate
532 3163 830 3229 potientes.
862 3163 1119 3213 Sciamus
1139 3167 1312 3226 atque
1337 3168 1661 3215 scrutemur
1761 3173 1911 3223 sum,
1936 3164 2002 3211 ut
2030 3169 2048 3190 °
2079 3161 2411 3213 inlaboratis
2445 3161 2624 3227 copiis
2658 3168 2933 3226 uteretur,
2981 3167 3164 3220 fuerat
3188 3169 3357 3222 indu-

26 3252 201 3301 eum,
238 3236 345 3300 qui
367 3241 567 3288 noctes
596 3246 878 3299 angorum
900 3233 1275 3305 dolorumque
1309 3240 1657 3299 nostrorum,
1687 3275 1731 3305 η
1760 3232 2308 3305 ctus,nullaangoris
2320 3233 3355 3305 materia,nullaconquestioneexorta,

24 3275 217 3375 ("13231
238 3275 597 3359 matutinum
619 3275 833 3369 luinen,
850 3304 1117 3368 expellat,
1141 3275 1201 3357 εἶ
1216 3306 1532 3358 tribuendis
1563 3275 1658 3359 co:
1686 3275 1735 3350 Ο
1762 3275 2079 3356 sediictoris
2102 3275 2307 3355 maluit
2337 3317 2512 3369 quam
2550 3275 3360 3374 ireatori‘él‘ﬁi'ﬁiéi‘éﬁ‘é‘zit’iil

26 3383 147 3447 piis
160 3379 638 3432 illabaturinstar
651 3378 851 3429 imbris
867 3377 1191 3441 tempestivi
1204 3381 1260 3428 et
1272 3378 1525 3429 serotini.
1542 3382 1657 3442 Ista,
1758 3382 1903 3439 tum,
1916 3376 2163 3439 plusque
2178 3375 2331 3440 apud
2343 3389 2476 3427 eum
2496 3376 2676 3430 valuit
2690 3378 2900 3431 blanda
2914 3381 2987 3432 de
3006 3384 3219 3433 falsitate
3243 3399 3360 3445 pro-

26 3456 315 3518 inquam,
348 3462 482 3514 quin
506 3452 632 3501 sine
654 3449 1055 3501 emendatione
1088 3461 1316 3500 morum
1348 3448 1661 3501 formaliter
1758 3448 1978 3508 missio,
1993 3458 2166 3511 quam
2182 3451 2267 3499 tot
2288 3449 2648 3511 muneribus,
2668 3454 2753 3502 tot
2774 3452 3071 3504 miraculis
3087 3455 3359 3507 creatoris

29 3525 251 3577 soletis
270 3525 519 3585 cantare,
546 3521 877 3586 despiciam.
904 3524 979 3572 At
995 3532 1127 3584 quas
1150 3520 1411 3586 referam,
1432 3525 1661 3574 contue—
1761 3520 1989 3593 stipata
2014 3519 2383 3593 prwscriptio,
2419 3532 2530 3585 que
2573 3533 2749 3573 usum
2787 3523 3052 3576 videlicet
3074 3528 3360 3593 omnium,

28 3595 218 3649 mini.
1762 3592 1872 3642 sub
1896 3592 2071 3642 unius
2099 3590 2255 3655 pomi
2277 3597 2632 3657 exceptione,
2664 3594 2981 3647 contulerat
3007 3611 3020 3647 :
3049 3590 3361 3662 statimque

3253 434 3357 491 994

1682 534 1739 607 Α
1760 526 2011 611 lite‘scat.
2030 527 2317 611 caeterum
2330 538 2530 611 rerum
2546 528 2704 582 exitu
2726 530 3033 611 pendente,
3053 539 3355 611 colluceat,

1762 596 1817 665 4
1829 596 1877 665 2
1887 595 1939 666 9
1967 609 2059 649 me
2083 598 2264 650 bonas
2289 597 2618 652 affectiones
2628 603 2814 666 magis
2829 616 3004 668 quam
3018 595 3239 665 hostias
3251 595 3356 669 is:

1762 669 2022 753 pulentas
2045 670 2359 753 expetisse:
2386 670 2662 753 illumque
2683 674 2825 727 mihi
2847 686 3144 753 acceptum
3156 685 3357 753 fuisse,

1760 740 2124 817 quijuvando
2139 753 2240 805 per
2254 742 2711 817 misericordiam
2720 740 3354 817 proximo,magisquam

1758 812 2070 892 imbuenda
2085 825 2184 892 per
2201 813 2543 892 sacriﬁcium
2554 814 2737 892 altari,
2763 819 3003 892 sedulus
3014 812 3354 892 exstitisset,

1759 889 1804 933 et
1825 884 2106 933 scientiam
2118 883 2231 944 Dei,
2248 890 2601 949 pmceptum
2617 888 2662 951 ej
2674 901 2741 938 us
2757 891 3045 945 universis
3062 883 3358 951 sacrificiis

1760 955 2125 1033 praetulisset.
2144 955 2230 1033 Tu
2252 957 2519 1033 ergo,_q_t_ii
2534 957 2941 1033 haecdidicisse
2953 971 3353 1033 contemnens,

1752 1026 1899 1078 nihil
1923 1026 1994 1078 de
2027 1026 2306 1103 moribus,
2337 1027 2486 1103 nihil
2513 1028 2589 1103 de
2614 1030 2921 1085 virtutibus
2944 1037 3226 1103 cogitasti,
3252 1026 3354 1093 sed

1756 1110 1869 1159 me,
1897 1110 2069 1161 quem
2093 1097 2383 1148 diuturnis
2416 1098 2641 1151 actibus
2667 1106 2993 1166 asperabas,
3015 1097 3271 1162 laudum
3295 1116 3356 1164 et

1756 1169 2076 1247 hostiarum
2104 1168 2444 1247 muneribus
2482 1168 2704 1247 placare
2728 1186 2896 1236 posse
2930 1178 3240 1232 arbitratus
3269 1195 3350 1247 es,

1758 1252 1949 1317 rerum
1974 1239 2179 1317 saltem
2195 1239 2440 1317 periclis,
2460 1241 2628 1317 cujus
2641 1242 2751 1317 sim
2766 1251 3065 1307 gravitatis
3084 1239 3352 1317 intellige'.

1757 1310 2160 1384 Misericordia,
2188 1324 2363 1374 quam
2384 1312 2662 1384 laudabas
2684 1314 3026 1381 immeritus,
3050 1324 3216 1384 quasi
3242 1310 3354 1375 n'u-

1756 1384 1858 1435 bes
1883 1382 2165 1454 matutina
2188 1383 2492 1448 praeteriit;
2509 1384 2729 1448 judicia
2755 1400 2907 1452 vero,
2930 1382 3141 1454 quibus
3163 1396 3355 1450 convi-

1756 1459 1885 1507 ctus
1909 1453 2209 1515 addiceris,
2236 1454 2404 1517 quasi
2428 1455 2549 1506 dies
2573 1456 2771 1509 adulta
2798 1453 3083 1514 lucebunt.

1818 1528 1979 1577 Vers.
2019 1525 2069 1579 7.
2107 1554 2166 1601 -έ
2204 1526 2312 1601 Ipsi
2330 1531 2511 1601 autem
2538 1527 2672 1577 sicut
2694 1529 2876 1579 Adam
2915 1536 3235 1597 transgressi
3248 1552 3356 1601 pa-

1752 1600 1898 1645 ctum
1928 1598 2268 1659 pi-zvaricati
2291 1603 2416 1645 sunt
2442 1598 2500 1645 in
2525 1612 2625 1649 me.
2645 1601 2914 1654 Instituto
2926 1605 3123 1658 ordine
3134 1598 3355 1660 sermo-

93 3688 279 3738 Vers.
303 3681 353 3736 4.
379 3707 441 3719 -
458 3681 605 3745 Quid
622 3681 829 3745 faciam
866 3680 978 3740 tibi,
1003 3679 1243 3745 E/fraim
1259 3684 1284 3732 .9
1300 3681 1434 3746 quid
1455 3682 1662 3745 faciam

28 3759 156 3822 tibi,
188 3753 351 3807 Juda
374 3757 399 3805 ?
441 3751 815 3803 Misericordia
861 3758 1031 3801 vestra
1058 3754 1071 3815 (
1100 3764 1271 3816 quam
1345 3754 1661 3817 praemissis

27 3829 330 3882 videlicet
358 3826 679 3889 cantilenis,
705 3836 740 3875 a
760 3836 853 3875 me
883 3824 1044 3875 vobis
1079 3825 1252 3875 affore
1274 3824 1573 3888 dicebatis,
1600 3830 1665 3878 ut

28 3900 267 3955 vestris
292 3902 424 3950 utar
444 3897 812 3961 imaginibus)
838 3897 1120 3945 matutinae
1136 3894 1294 3944 nubis
1318 3896 1517 3959 instar,
1532 3910 1661 3949 eva-

28 3975 198 4036 nuit,
246 3973 308 4021 et
350 3970 509 4033 quasi
549 3967 941 4033 crepuscularis
982 3967 1200 4027 humor,
1227 3966 1347 4019 sole
1376 3969 1662 4032 veniente,

30 4049 130 4099 est
175 4044 470 4094 siccatus:
495 4039 554 4091 id
577 4042 682 4099 est,
714 4038 795 4091 ita
816 4037 956 4089 illud
981 4039 1135 4102 quod
1161 4038 1262 4089 tibi
1286 4050 1515 4102 parcere
1527 4052 1664 4091 con-

30 4124 383 4176 sueveram,
408 4122 617 4177 vapore
638 4115 856 4163 nostris
887 4109 1296 4174 indignationis
1320 4110 1661 4174 absumitur,

32 4194 103 4243 ut
141 4186 311 4241 desit
354 4183 511 4237 unde
555 4183 837 4235 malorum
872 4182 1224 4246 refrigerium
1269 4183 1659 4247 consequaris.

32 4264 253 4325 Neque
280 4256 341 4309 id
366 4255 574 4309 accidit
608 4256 737 4307 ideo
780 4254 933 4319 quod
964 4264 1094 4305 mea
1127 4256 1222 4318 sit,
1258 4254 1360 4306 sed
1386 4255 1541 4319 quod
1566 4258 1664 4308 tua

33 4345 162 4386 non
180 4331 263 4382 sit
289 4330 512 4380 mutata
538 4327 842 4379 sententia.
877 4327 993 4389 Ego
1032 4325 1186 4377 enim
1210 4326 1454 4389 justitiaa
1477 4332 1535 4380 et
1559 4327 1665 4381 cle-

34 4403 295 4458 mentim
338 4404 550 4466 pariter
568 4401 698 4464 jura
730 4398 1084 4461 custodiens,
1128 4398 1425 4451 nolueram
1460 4401 1665 4465 punire

34 4489 202 4542 quos
216 4473 418 4526 terrui.
437 4474 554 4524 Vos
567 4476 765 4523 autem
776 4482 884 4523 nec
899 4476 1195 4534 plagarum
1219 4470 1664 4525 denunciatione

38 4546 358 4610 commoti,
384 4544 445 4596 in
469 4544 736 4596 effectum
751 4542 1019 4607 coegistis
1041 4543 1199 4593 abire
1225 4545 1483 4595 terrores.

106 4640 290 4691 Vers.
311 4632 364 4688 5.
402 4661 463 4671 —
496 4633 723 4697 Propter
746 4633 843 4683 hoc
866 4631 1046 4682 dolavi
1071 4632 1132 4680 in
1156 4632 1428 4696 prophetis
1451 4647 1467 4681 :
1495 4633 1664 4683 occidi

38 4725 130 4761 eos
158 4710 227 4757 in
254 4704 428 4755 verbis
463 4705 574 4755 oris
612 4704 737 4765 mei,
772 4710 816 4754 et
846 4703 1185 4784 judicia-tua
1207 4704 1365 4767 quasi
1389 4703 1488 4752 tua:
1520 4719 1662 4768 egre—
1687 4710 1747 4784 Ι)

38 4784 301 4839 dientur,
319 4777 376 4828 id
396 4781 505 4840 est,
530 4774 1191 4840 admoviprOphetalium
1212 4778 1660 4825 comminationum

40 4862 318 4914 secures,
355 4853 414 4900 et
437 4860 571 4900 cum
595 4847 772 4900 tantis
798 4847 1046 4898 cumulis
1071 4846 1223 4898 mala
1247 4847 1540 4899 inferenda
1562 4847 1664 4899 de-

41 4922 291 4989 scripsi,
329 4926 394 4973 ut
433 4921 511 4972 rei
536 4920 750 4984 quique
792 4919 921 4984 ipso
956 4918 1121 4971 facile
1157 4924 1667 4973 consternarentur

38 4996 283 5051 auditu.
320 4991 431 5044 Sed
466 4993 740 5056 quoniam
763 4991 1207 5056 imprudentiam
1219 4998 1376 5044 tuam
1405 5005 1666 5045 coercere

40 5064 629 5133 nequivitelaborata
652 5065 905 5117 maxime
938 5065 1170 5116 terroris
1192 5065 1445 5123 ambitio,
1468 5069 1672 5114 necesse

42 5146 145 5195 est
170 5136 396 5201 invehi,
432 5149 565 5200 quas
596 5149 715 5188 non
759 5135 971 5201 profuit
992 5136 1267 5188 intimari.
1305 5136 1438 5188 Ideo
1452 5136 1668 5201 judicia

46 5221 154 5263 tua
178 5210 345 5276 quasi
361 5210 460 5260 tua:
487 5210 845 5274 egredientur,
870 5214 937 5261 ut
959 5210 1263 5273 nemojam
1281 5208 1420 5273 quid
1434 5210 1669 5258 merearis

44 5286 312 5351 ignoret,
345 5294 454 5334 nec
489 5281 825 5334 deformitas
871 5286 970 5333 tua
1007 5281 1116 5333 sub
1145 5280 1338 5345 aliqua
1378 5279 1670 5345 religionis

47 5356 277 5422 specie,
302 5366 479 5419 quam
501 5354 563 5405 in
590 5353 896 5407 ofl‘erendis
932 5353 1187 5423 habuisti
1231 5353 1545 5418 sacrificiis,
1571 5352 1670 5404 de-

118 5511 139 5532 ι
167 5501 259 5553 Ex
268 5496 442 5564 plicat
454 5499 908 5563 subsequentem
922 5496 1269 5551 versiculum
1284 5502 1502 5562 sextum,
1527 5497 1670 5556 Quia

50 5571 503 5623 misericordiam
530 5570 672 5620 volui
699 5575 747 5620 et
778 5585 892 5620 non
920 5570 1272 5632 sacri/icium,
1297 5575 1342 5619 et
1385 5568 1671 5618 scientiam

49 5646 158 5695 Dei
172 5643 472 5709 plusquam
500 5642 813 5692 holocausta
837 5658 850 5695 :
879 5655 1048 5707 quem
1064 5642 1186 5707 ipse
1202 5640 1433 5706 quidem
1448 5641 1519 5693 de
1535 5656 1671 5690 more

50 5715 463 5783 prmposuerit,
482 5714 585 5767 sed
607 5713 963 5767 librariorum
980 5713 1197 5766 incuria
1218 5712 1662 5778 praetermiserit.

122 5789 146 5818 ι’
172 5789 414 5840 Lectum
453 5791 624 5840 antea
648 5787 855 5839 vitiose
879 5786 988 5836 ubi.
1026 5786 1199 5839 Paulo
1223 5785 1394 5839 etiam
1430 5788 1562 5850 post
1583 5785 1670 5833 de-

55 5859 433 5927 linquendum
477 5871 580 5925 pro
608 5856 988 5924 delinquendo.

125 5943 148 5965 °
173 5933 340 5999 Quod
365 5935 473 5998 est,
497 5944 617 5985 non
646 5932 837 5984 labore
859 5936 1058 5997 partis.
1083 5934 1270 5985 Antea
1291 5927 1520 5981 duobus
1544 5940 1672 5981 vcr-

58 6007 161 6060 bis
181 6005 486 6073 legebatur
506 6005 569 6055 in
594 6003 871 6056 laboratis.

1762 3667 2068 3716 temerator
2113 3665 2400 3729 praecepti,
2435 3666 2894 3729 experimentum
2927 3669 3079 3734 cepit
3110 3669 3281 3735 exilii,
3306 3674 3361 3723 et

1764 3747 2053 3787 summam
2077 3736 2430 3789 fmlicitatem
2450 3749 2598 3801 pene
2620 3738 2824 3790 ultima
2835 3740 3166 3804 captivitate
3182 3747 3365 3795 muta-

1762 3808 1864 3865 vit,
1882 3807 1963 3858 ita
1987 3812 2053 3859 ut
2081 3812 2381 3873 peccatum
2404 3807 2530 3871 ejus
2554 3820 2694 3859 arva
2706 3809 2997 3875 deinceps,
3014 3811 3360 3865 fertilitatem

1762 3890 1928 3930 suam
1971 3878 2258 3943 negando,
2311 3878 2660 3942 castigarent
2683 3893 2697 3931 :
2718 3880 2891 3943 juxta
2930 3881 3089 3934 hunc
3120 3884 3359 3936 modum

1762 3949 2009 4015 populus
2044 3952 2293 4014 Efl‘raim,
2319 3950 2417 4014 qui
2450 3954 2617 4003 terra
2663 3954 2860 4017 COpiis,
2901 3956 3067 4017 quasi
3106 3956 3362 4010 Paradisi

1761 4023 2115 4085 amoenitate,
2140 4022 2450 4086 fruebatur,
2468 4024 2684 4075 nullam
2696 4025 3030 4078 offensionis
3044 4028 3362 4091 materiam,

1761 4095 1930 4159 idest,
1956 4094 2099 4146 nihil
2134 4094 2286 4159 quod
2321 4094 2392 4146 de
2427 4094 2532 4147 Dei
2559 4096 2921 4162 indulgentia
2939 4103 2998 4150 et
3021 4099 3361 4154 liberalitate

1763 4171 2114 4231 quereretur,
2138 4166 2461 4227 inveniens,
2487 4167 2647 4231 quasi
2682 4168 2802 4221 solo
2822 4169 3101 4223 virtutum
3125 4172 3255 4225 odio
3277 4174 3363 4226 la-

1762 4241 2009 4303 boraret,
2026 4252 2245 4292 errores
2271 4239 2524 4305 praetulit
2540 4241 2783 4305 veritati,
2811 4246 2868 4294 et
2894 4244 2968 4295 ad
2988 4242 3209 4296 cultum
3234 4245 3363 4297 ido-

1761 4313 1968 4374 lorum,
1990 4315 2199 4376 spreta,
2216 4323 2349 4375 quae
2373 4310 2642 4364 salutaris
2665 4317 2802 4374 erat,
2826 4313 3100 4379 religione
3138 4314 3359 4369 defecit.

1763 4386 1826 4435 In
1851 4384 2116 4435 eamdem
2149 4383 2323 4448 igitur
2360 4383 2591 4448 culpam
2616 4384 2896 4437 cecidisse
2919 4389 3205 4449 dicuntur,
3229 4400 3363 4440 cum

1763 4468 1831 4507 eo
1853 4452 2030 4522 430
2057 4468 2225 4520 cujus
2240 4455 2628 4507 conditionem
2646 4457 3149 4517 videnturimitati,
3170 4462 3228 4510 et
3238 4471 3359 4511 ma-

1763 4540 1878 4592 gna
1912 4532 2265 4592 ingratarum
2302 4528 2565 4591 gentium
2597 4527 2986 4592 percelluntur
3006 4529 3235 4592 invidia,
3260 4534 3360 4595 qui

1762 4599 1976 4650 nullius
1999 4602 2293 4650 auctorem
2323 4601 2600 4663 muneris,
2625 4604 2965 4664 tantumque
3000 4600 3074 4653 ad
3097 4607 3365 4655 everten-

1765 4670 1905 4722 dum
1931 4671 2197 4735 peritum,
2233 4670 2421 4734 opifici
2445 4683 2550 4723 suo
2574 4670 2844 4736 largeque
2872 4673 3188 4727 conferenti
3213 4676 3366 4728 bona

1766 4742 1975 4802 omnia,
2001 4741 2396 4807 praetulerunt.

1827 4817 1989 4867 Vers.
2004 4813 2055 4867 8.
2074 4814 2123 4868 9.
2137 4840 2200 4850 —
2211 4813 2423 4863 Galaad
2433 4814 2619 4864 civitas
2629 4817 2977 4880 operantium
2993 4816 3221 4879 idolum,
3237 4834 3362 4885 sup-

1758 4887 2013 4952 plantata
2025 4886 2295 4951 sanguine
2315 4902 2335 4947 ;
2358 4893 2404 4937 et
2427 4888 2587 4952 quasi
2600 4891 2781 4952 fauces
2796 4890 3042 4940 virorum
3065 4890 3361 4957 latronum,

1760 4960 2028 5025 particeps
2048 4960 2401 5021 sacerdotum,
2434 4961 2493 5009 in
2518 4962 2609 5010 via
2634 4962 3073 5027 interﬁcientium
3092 4968 3363 5027 pergentes

1764 5031 1827 5081 de
1851 5032 2082 5092 Sichem,
2123 5034 2259 5098 quia
2285 5033 2449 5083 scelus
2472 5040 2678 5099 operati
2705 5041 2833 5084 sunt
2862 5034 2883 5063 ⁴
2918 5035 2977 5083 in
2998 5036 3156 5083 domo
3177 5034 3359 5085 Israel.

1766 5106 1928 5166 Quia,
1954 5117 2112 5169 saepe
2134 5105 2411 5171 diximus,
2443 5120 2555 5159 non
2586 5119 2762 5158 unam
2784 5118 3213 5170 quamcumque
3237 5119 3366 5170 per-

1767 5188 1986 5239 sonam,
2006 5177 2106 5227 sed
2122 5177 2401 5241 papulum
2417 5178 2692 5243 coarguit,
2708 5184 2831 5228 tum
2850 5178 3103 5242 generali
3117 5180 3361 5239 oratione,

1767 5260 1899 5311 qua:
1911 5250 2048 5299 sunt
2061 5252 2212 5310 acta,
2222 5249 2516 5312 percurrit,
2531 5252 2652 5300 tum
2663 5250 2721 5299 in
2732 5249 2945 5312 quibus
2958 5248 3201 5313 singulm
3211 5252 3364 5298 urbes

1766 5321 1999 5385 reliquis
2011 5319 2176 5384 quasi
2191 5320 2438 5384 amplius
2451 5322 2807 5383 commisere,
2824 5319 3165 5371 dinumerat.
3187 5323 3366 5377 Quam-

1767 5393 1856 5447 vis
1879 5405 2010 5457 ergo
2036 5395 2155 5444 tota
2189 5392 2315 5456 ipsa
2360 5392 2514 5457 regio
2557 5391 2717 5443 cultu
2753 5392 3007 5443 horreret
3036 5390 3323 5444 idolorum

1831 5508 1852 5538 δ
1867 5509 2023 5560 Prior
2058 5507 2254 5560 Editor
2290 5506 2400 5559 ait:
2428 5508 2492 5558 In
2516 5507 2767 5572 Vulgata
2797 5506 3060 5560 Editione
3083 5508 3211 5561 haec
3233 5520 3364 5562 ver-

1767 5582 1858 5647 ba,
1884 5582 1946 5632 in
1968 5582 2125 5632 domo
2148 5579 2327 5644 Israel,
2359 5591 2477 5631 non
2503 5579 2831 5645 junguntur
2854 5581 3264 5645 superioribus,
3305 5583 3368 5633 ut

1768 5655 1877 5706 hoc
1902 5656 2045 5719 loco,
2075 5652 2177 5706 sed
2200 5653 2269 5703 iis
2286 5664 2416 5717 quas
2441 5655 2784 5716 sequuntur,
2801 5654 3080 5705 Eumdem
3103 5652 3366 5706 ordinem

1770 5726 2158 5790 Hieronymus
2183 5726 2244 5776 in
2270 5723 2675 5789 explanatione
2700 5735 2807 5776 sua
2827 5728 3032 5778 servat.
3059 5723 3209 5786 Quin
3243 5726 3368 5790 ipse

1769 5798 1945 5850 etiam
1967 5801 2184 5850 Auctor
2204 5801 2400 5849 noster
2414 5797 2473 5849 in
2494 5795 2873 5861 subsequenti
2899 5797 3180 5849 sectione:
3209 5797 3366 5851 utfa—

1769 5871 1874 5924 cile
1902 5876 2091 5937 putes,
2124 5884 2239 5923 non
2289 5871 2401 5923 alia
2443 5883 2617 5936 quam
2659 5871 3018 5925 librariorum
3064 5872 3368 5926 oscitantis

1773 5944 1948 5996 fuisse
1971 5957 2039 5995 ea
2070 5945 2245 5997 verba
2266 5944 2379 5997 huc
2410 5944 2650 5997 intrusa.
