3884 6408
561 420 669 476 995

1618 416 1889 469 RUFINO
1922 413 2384 468 PRESBYTERO
2417 414 2806 467 ASCRIPTUS

3759 409 3850 465 996

564 540 753 585 tamen
775 534 936 583 erant
954 531 1078 580 sine
1107 529 1282 579 dubio
1304 533 1463 607 certa
1489 529 1631 607 loca,
1658 542 1789 593 quae
1812 542 1879 581 eo
1904 529 2154 607 plussa-
2178 535 2233 607 Α
2261 527 2714 607 succurrendum
2738 526 2964 578 miseris
2974 525 3279 607 meditarer
3297 537 3623 589 assurgere,
3642 532 3848 607 converti

562 604 776 667 crilegii
787 602 1131 663 collegerant
1143 611 1254 663 quo
1266 598 1415 662 plus,
1433 597 1526 650 vel
1537 598 1608 650 de
1629 600 2157 664 opportunitatibus

562 672 1054 735 commerciorum,
1076 670 1167 722 vel
1185 670 1255 721 de
1278 670 1648 722 multitudine
1662 671 2001 736 incolarum,
2019 671 2160 722 cele-

562 746 785 798 britatis
807 743 1165 795 habuissent.
1185 743 1270 793 Ex
1298 742 1388 793 his
1411 754 1547 805 ergo
1573 746 1632 794 et
1647 743 1859 794 Galaad
1883 748 1941 795 et
1961 745 2157 791 Sichem

561 819 732 870 urbes
776 816 1034 879 insignes
1065 813 1508 878 profanitatibus
1552 814 1883 867 introducit.
1927 813 2157 870 Galaad,

558 888 762 952 inquit,
787 886 1077 951 praecipua
1100 885 1306 937 civitas
1329 898 1550 948 eorum,
1577 886 1677 949 qui
1694 886 1846 939 idola
1878 886 2158 938 fabrican-

561 964 667 1023 tur,
686 959 842 1011 haud
865 958 1060 1009 minus
1076 956 1431 1008 crudelitatis
1449 957 1658 1009 studiis
1671 969 1844 1021 quam
1856 957 2161 1021 profanita-

559 1033 630 1083 tis
654 1030 895 1083 exultat.
947 1030 1091 1081 Nam
1136 1028 1303 1092 quasi
1348 1028 1545 1080 fauces
1589 1028 1900 1092 latronum,
1922 1029 2002 1081 ita
2033 1030 2160 1092 ejus

558 1102 878 1167 municipes
895 1100 1165 1165 sanguini
1176 1099 1401 1150 inhiant
1415 1100 1809 1152 innocentum.
1826 1102 1968 1151 Nam
1984 1113 2163 1152 sacer-

555 1175 755 1226 dotum
778 1184 1036 1231 suorum,
1071 1170 1239 1231 idest,
1268 1171 1617 1235 Aruspicum
1649 1172 2019 1223 suasionibus
2044 1185 2162 1223 ser-

560 1248 800 1308 vientes,
828 1244 877 1294 si
900 1243 1031 1306 quis
1052 1242 1124 1293 ad
1150 1241 1425 1305 templum
1452 1243 1552 1293 Dei
1578 1242 1855 1294 voluisset
1872 1245 2164 1311 ascendere,

554 1318 712 1369 hunc
734 1314 816 1366 illi
852 1313 1338 1378 aggrediebantur
1372 1313 1431 1364 in
1472 1313 1694 1377 itinere,
1742 1326 1777 1365 a
1821 1317 2035 1378 templo
2061 1315 2164 1365 Dei

553 1390 904 1445 avertentes,
926 1389 985 1436 et
1007 1384 1081 1435 ad
1119 1383 1453 1435 societatem
1478 1384 1686 1435 erroris
1711 1385 1919 1449 prOprii
1945 1390 2161 1449 pertra-

553 1460 778 1518 hentes,
802 1461 862 1508 at
886 1456 935 1507 si
970 1468 1173 1519 parum
1202 1455 1501 1507 suadendo
1539 1461 1962 1521 promoverent,
1988 1457 2162 1508 etiam

553 1529 811 1583 caedibus
827 1540 951 1578 rem
974 1528 1269 1590 gerebant.
1302 1528 1538 1591 PrOpter
1554 1528 1705 1590 quod
1722 1528 1876 1588 dicit,
1890 1528 2163 1593 Particeps

551 1601 890 1651 sacerdotum
915 1599 976 1647 in
995 1598 1087 1647 via
1113 1598 1552 1660 interﬁcientium
1564 1606 1839 1663 pergentes
1851 1600 1913 1649 de
1929 1599 2162 1659 Sichem,

551 1674 687 1737 quia
720 1671 888 1721 scelus
911 1670 1119 1735 operati
1141 1675 1287 1720 sunt.
1306 1670 1493 1721 Primo
1512 1670 1779 1723 videlicet
1792 1671 1902 1736 ipsi
1916 1672 1977 1722 in
1990 1672 2165 1722 sacri-

550 1745 699 1809 legio
743 1740 1088 1802 corruendo,
1140 1745 1266 1792 tum
1315 1741 1470 1804 quod
1508 1743 1738 1806 propria
1759 1753 1915 1795 non'
1961 1746 2162 1795 essent

552 1814 915 1880 prolapsione
939 1812 1209 1871 contenti,
1238 1812 1340 1863 sed
1368 1811 1513 1863 alios
1543 1825 1776 1876 quoque
1819 1814 1878 1865 in
1904 1812 2151 1865 similem

551 1887 799 1947 ruinam,
846 1884 938 1935 vel
985 1882 1282 1933 suadendo
1334 1882 1704 1943 deducerent,
1750 1884 1840 1936 vel
1873 1885 2148 1950 cogendo.

552 1955 717 2019 Quod
741 1954 933 2006 scelus
947 1954 1152 2005 merito
1191 1954 1621 2017 pronunciatur,
1636 1960 1863 2007 tantum
1888 1956 2152 2009 videlicet

551 2027 813 2081 studium
837 2025 1151 2089 impietatis
1177 2024 1474 2090 habuisse,
1496 2031 1561 2078 ut
1585 2028 1759 2079 etiam
1773 2028 1970 2081 invitis
1992 2033 2049 2080 et
2071 2042 2161 2080 re-

561 2099 917 2151 luctantibus
934 2096 1257 2148 niterentur
1289 2097 1618 2149 infundere.

606 2170 765 2221 Vers.
799 2168 882 2223 10.
917 2195 980 2204 -
1013 2168 1085 2215 In
1118 2168 1274 2217 domo
1295 2168 1460 2217 Israel
1482 2169 1592 2218 vidi
1620 2170 1967 2219 horrendum
1995 2186 2156 2236 nego-

548 2244 703 2303 tium,
752 2239 827 2289 ibi
857 2239 1248 2299 fornicationes
1287 2238 1529 2302 E/fraim
1565 2257 1576 2289 :
1638 2242 2046 2291 contaminatus
2089 2256 2165 2301 est

547 2311 728 2362 Israel.
755 2312 828 2362 Ut
853 2315 1033 2362 totam
1058 2311 1354 2374 regionem
1379 2310 1585 2363 doceat
1608 2311 1796 2365 fuisse
1828 2316 2158 2380 profanatam,

546 2384 675 2436 loca
718 2383 894 2435 etiam
938 2382 1169 2435 diversa
1214 2392 1651 2445 commemorat,
1697 2390 1756 2437 et
1789 2387 1942 2437 sicut
1964 2398 2163 2451 supra,

547 2454 897 2519 Galaaditas,
920 2454 1373 2506 latrocinantum
1389 2467 1568 2514 more,
1593 2457 1691 2521 ait,
1704 2456 2021 2509 viatoribus
2033 2461 2157 2508 insi-

545 2525 746 2589 luisse,
770 2530 834 2577 ut
848 2538 949 2577 eos
960 2537 996 2576 a
1012 2529 1170 2576 recto
1185 2524 1329 2576 calle
1345 2525 1696 2579 deducerent
1726 2547 1737 2576 :
1766 2528 1846 2580 ita
1864 2542 2022 2581 nunc
2036 2532 2157 2578 hor-

546 2597 794 2649 rendum
816 2597 1119 2661 negotium
1143 2597 1204 2648 in
1222 2596 1396 2648 domo
1420 2597 1665 2663 Israelis,
1692 2598 1784 2650 vel
1804 2601 1866 2651 in
1883 2601 2153 2665 Samaria,

548 2668 637 2720 vel
659 2669 720 2720 in
736 2672 858 2720 tota
879 2669 1134 2733 regione,
1159 2668 1380 2720 vidisse
1403 2682 1465 2720 se
1489 2672 1850 2735 pronunciat,
1874 2672 2042 2737 idest,
2069 2677 2156 2726 to-

551 2744 673 2791 tum
696 2738 973 2804 populum
988 2738 1475 2804 Etl‘raim,absque
1490 2742 1848 2807 exceptione,
1869 2746 2154 2806 sacrilegiis

545 2809 835 2863 maculari.
863 2812 1083 2873 Quibus
1099 2812 1372 2875 quoniam
1396 2814 1736 2866 criminibus
1760 2828 1914 2880 saepe
1930 2818 2051 2881 jam
2068 2816 2156 2867 di-

545 2885 711 2934 xerat
755 2882 1091 2946 impendere
1137 2883 1431 2948 supplicia,
1477 2897 1634 2936 nunc
1660 2886 1783 2937 sola
1816 2888 2153 2939 meritorum

544 2956 981 3006 enumeratione
1005 2958 1315 3006 contentus
1339 2958 1545 3007 transit
1567 2957 1636 3008 ad
1654 2960 1683 3008 J
1692 2957 1882 3022 udam,
1906 2972 2153 3023 eumque

545 3036 945 3089 commoneas,
968 3030 1035 3077 ut
1054 3026 1198 3077 sciat
1223 3029 1587 3079 severitatem
1606 3028 1822 3093 judicis
1838 3044 1956 3082 non
1979 3044 2151 3096 posse

546 3098 852 3163 corrumpi,
890 3098 991 3149 sed
1032 3110 1094 3150 se
1134 3111 1384 3163 quoque,
1409 3099 1524 3151 nisi
1549 3101 1755 3165 corrigi
1775 3102 2146 3162 festinaverit,

547 3168 823 3222 similium
845 3170 1237 3222 calamitatum
1264 3172 1548 3235 stipendia
1572 3179 1957 3238 recepturum.

607 3243 769 3293 Vers.
809 3241 898 3306 11,
931 3269 992 3278 -
1017 3241 1120 3292 Sed
1155 3249 1221 3303 et,
1254 3242 1420 3304 Juda,
1452 3259 1593 3309 pone
1634 3259 1854 3294 messem
1885 3246 1999 3307 tibi,
2022 3260 2148 3295 cum

544 3318 845 3363 conuertero
880 3313 1243 3377 captivitatem
1260 3315 1454 3379 populi
1478 3317 1599 3367 mei.
1628 3316 1753 3369 Noli
1789 3318 2095 3381 aestimare,
2114 3330 2148 3369 0

545 3384 729 3435 tribus
765 3386 797 3436 J
806 3385 936 3449 uda,
970 3384 1090 3437 fore
1123 3389 1180 3437 te
1206 3385 1596 3438 damnationis
1619 3389 1958 3451 immunem,
1986 3386 2138 3456 43|

543 3456 679 3518 quia
692 3456 754 3507 in
768 3456 881 3507 tuis
896 3456 1311 3522 ﬁnibus,eunte
1322 3457 1380 3507 in
1394 3460 1731 3519 captivitatem
1749 3462 1946 3508 Israelis
1962 3464 2148 3521 populo

544 3527 826 3578 subsistit.
855 3529 1220 3580 Praevenerat
1243 3533 1299 3580 te
1325 3528 1613 3591 siquidem
1636 3528 1727 3582 ille
1752 3531 1813 3581 in
1834 3531 2149 3595 iniquitati-

545 3598 656 3648 bus
684 3598 819 3649 :iuit
838 3611 1204 3662 consequens
1227 3599 1364 3652 utin
1386 3601 1629 3652 miseriis
1655 3603 2017 3666 prteveniret.
2037 3603 2148 3656 Sed

545 3672 629 3732 tu,
654 3680 829 3731 quem
854 3670 1145 3721 comitaris
1165 3672 1225 3722 in
1249 3671 1499 3736 flagitiis,
1526 3673 1696 3724 etiam
1723 3675 2147 3727 calamitatibus

543 3752 916 3804 consequere,
942 3741 1054 3793 hoc
1081 3747 1274 3794 tamen
1306 3745 1555 3796 deterior
1578 3746 1979 3811 mstimandus,
2012 3746 2149 3810 quia

540 3812 686 3864 nihil
699 3814 800 3865 tibi
825 3814 1039 3879 profuit
1061 3815 1216 3879 quod
1241 3817 1394 3881 prior
1412 3821 1504 3869 est
1530 3816 1623 3870 ille
1645 3818 1974 3870 damnatus.
2000 3820 2148 3869 Pone

541 3900 664 3950 ergo
679 3900 897 3936 messem
916 3887 1028 3948 tibi,
1042 3902 1167 3938 cum
1190 3895 1492 3939 convertere
1521 3891 1713 3955 populi
1735 3892 1841 3941 mei
1862 3893 2148 3955 captivita-

541 3961 660 4008 tem.
692 3958 852 4022 Vide,
881 3959 1088 4023 inquit,
1113 3972 1186 4013 ne
1210 3961 1460 4024 dubites,
1478 3963 1753 4025 quoniam
1770 3975 1904 4014 cum
1919 3967 2145 4027 tempus

538 4027 748 4081 debitas
762 4031 1000 4083 ultionis
1012 4031 1329 4096 advenerit,
1357 4034 1663 4097 captivitas
1679 4047 1855 4098 quam
1876 4047 2031 4087 nunc
2044 4047 2147 4100 po-

537 4101 708 4166 pulus
729 4116 914 4168 meus,
933 4104 1101 4166 idest,
1116 4107 1376 4169 germani
1390 4106 1491 4169 tui,
1503 4107 2142 4172 pronunciantejustiiia,

536 4174 914 4241 pertulerunt,
940 4184 1311 4231 convertatur
1331 4178 1406 4231 ad
1422 4182 1496 4241 te,
1519 4183 1585 4230 ut
1603 4182 1776 4230 etiam
1802 4185 1865 4232 tu
1882 4178 2145 4232 similiter

537 4247 865 4315 demetaris,
892 4251 1029 4313 quia
1053 4251 1206 4303 sicut
1219 4249 1603 4314 inlachrymis
1625 4251 1982 4315 paenitentiae
1993 4253 2141 4301 semi-

535 4325 764 4383 nantes,
790 4320 811 4350 δ
841 4324 1127 4374 revehunt
1161 4324 1507 4387 gaudiorum
1542 4325 1870 4388 manipulos
1898 4340 1910 4372 :
1940 4325 2020 4376 ita
2043 4323 2143 4387 qui

534 4392 745 4456 gaudia
769 4393 989 4458 polluta
1005 4399 1317 4459 sectantur,
1342 4408 1598 4447 messem
1615 4396 1877 4449 dolorum
1900 4401 1957 4450 et
1981 4394 2143 4462 plan-

536 4469 701 4516 ctum
730 4464 810 4530 [F.
837 4466 1201 4531 planctuum]
1233 4469 1686 4533 congregabunt.

1148 4603 1381 4655 CAPUT
1407 4603 1524 4655 VII.

596 4726 760 4775 Vers.
795 4725 846 4778 1.
890 4753 949 4761 -
986 4726 1122 4776 Cum
1161 4744 1360 4780 sanare
1395 4712 1573 4781 vellem
1596 4731 1780 4792 Israel,
1804 4732 2037 4782 revelata
2060 4740 2131 4783 est
2156 4716 2215 4790 D

530 4795 800 4859 iniquitas
825 4795 1079 4860 E/fraim,
1107 4803 1153 4848 et
1181 4800 1449 4852 Samaria:
1474 4812 1493 4832 ο
1516 4803 1755 4864 malitiae,
1774 4803 1909 4867 quia
1930 4807 2136 4869 operati

527 4873 655 4940 sunt
675 4868 1055 4940 mendacium:
1081 4876 1127 4921 et
1147 4871 1245 4935 fur
1258 4875 1533 4939 ingressas
1556 4875 1902 4940 estspolians,
1921 4868 2135 4929 latrun-

529 4939 681 5012 culus
701 4939 856 5001 foris.
877 4940 1084 4995 Sedulo
1100 4951 1261 4997 curat
1275 4945 1600 5009 ostendere,
1613 4939 1786 5010 quam
1804 4948 1852 4999 si
1872 4960 2135 5012 promptus

527 5011 601 5063 ad
617 5012 873 5077 veniam;
888 5020 946 5067 et
956 5014 1094 5079 quia
1104 5016 1498 5071 velutinvitus
1508 5031 1817 5082 personam
1832 5011 2134 5073 vindicanda

527 5089 804 5159 assumat,
840 5086 889 5137 si
908 5087 1139 5159 justitia
1158 5089 1387 5152 sineret,
1412 5090 1597 5141 multo
1621 5092 1807 5156 magis
1830 5092 2134 5159 multoque

526 5156 838 5229 jocundius
851 5160 1114 5224 partibus
1122 5158 1377 5212 lenitatis
1388 5174 1624 5215 usurus.
1638 5164 1781 5215 Cum
1796 5164 1973 5229 igitur
1985 5156 2132 5228 quasi

529 5226 812 5293 impetum
855 5229 1234 5296 indulgentia
1280 5234 1691 5299 concepissem,
1735 5226 1943 5301 inquit,
1978 5226 2035 5291 et
2058 5237 2133 5290 ad

594 5417 611 5438 ·
631 5409 1054 5474 Rescripsimus
1099 5419 1282 5477 essent,
1316 5425 1418 5478 pro
1465 5426 1580 5479 quo
1609 5420 1782 5469 antea
1821 5417 1982 5471 nullo
2015 5419 2131 5473 fere

529 5494 708 5533 sensu
741 5481 866 5531 dent
903 5480 1219 5547 legebatur.

590 5553 611 5581 ³³
636 5552 935 5606 Maluisset
978 5556 1133 5619 prior
1168 5556 1363 5610 Editor
1405 5563 1630 5625 metunt,
1664 5561 1972 5627 scripserat
1997 5576 2131 5618 vero

525 5629 759 5674 reveunt.

589 5704 608 5724 °
636 5696 827 5775 Minus
853 5698 1262 5775 vereivulgata
1281 5703 1809 5775 etllieronymiana
1829 5705 2001 5757 editio
2031 5707 2133 5758 mi-

527 5771 651 5816 nori
697 5780 939 5821 numero
984 5771 1202 5824 habent
1250 5773 1481 5834 malitia,
1509 5788 1644 5827 cum
1682 5777 1760 5828 sit
1802 5776 2130 5832 inHebrteo

529 5837 702 5917 rium.
739 5839 888 5891 Tum
906 5853 1040 5917 vero
1063 5844 1212 5896 male
1244 5846 1341 5898 hic
1361 5847 1518 5912 apud
1540 5849 1813 5901 Nostrum
1832 5864 1944 5914 qua
1979 5850 2130 5917 lege-

528 5906 699 5959 batur
720 5921 824 5973 pro
870 5913 1021 5973 quia.

592 5975 614 6006 ⁸
635 5978 875 6031 Crucem
895 5981 1024 6034 heic
1056 5986 1209 6049 prior
1241 5986 1438 6041 Editor
1466 5990 1749 6055 pinxerat,
1770 6003 1887 6056 qua
1905 5998 2045 6048 nota
2068 5998 2128 6046 de

2175 1917 2229 1992 B

2258 599 2557 664 paululum
2574 600 2791 663 oculos,
2806 605 3026 663 utquos
3063 597 3407 649 liberaturus
3438 609 3617 657 eram,
3644 598 3847 645 viderem

2256 673 2325 722 Et
2350 684 2482 723 ecce
2506 673 2566 723 in
2586 672 2790 722 faciem
2823 683 3011 722 meam
3048 670 3436 733 iniquitatum,
3463 680 3615 732 quas
3638 667 3851 720 Etl‘raim

2256 744 2641 807 commiserat,
2658 756 2868 806 agmen
2891 742 3131 804 insiluit,
3152 741 3582 805 quodammodo
3598 740 3857 789 vociferan-

2259 814 2421 878 tium,
2450 815 2584 878 quia
2602 827 2773 866 nemo
2789 814 3000 866 talibus
3026 826 3260 877 parsum
3277 815 3402 876 iret,
3429 811 3726 876 quam[At.
3744 815 3849 873 nisi;

2257 899 2391 937 cum
2404 886 2531 937 labe
2542 886 2804 949 justitise,
2831 884 3296 949 quandoquidem
3325 889 3484 935 tanto
3516 887 3722 935 essent
3742 882 3854 933 odio

2256 957 2516 1008 veritatis
2536 957 2759 1017 imbuti,
2786 961 2850 1007 ut
2874 956 3137 1021 impenso
3152 968 3376 1020 semper
3391 954 3587 1007 studio
3604 955 3852 1004 mendacis

2255 1029 2489 1082 funesta
2535 1032 2954 1080 construerent.
3012 1029 3149 1078 Cum
3196 1042 3394 1076 sanare
3436 1026 3621 1076 vellem
3676 1024 3848 1083 Israel,

2256 1097 2473 1162 inquit,
2518 1099 2749 1148 revelata
2793 1104 2866 1148 est
2920 1099 3188 1162 iniquitas
3231 1097 3502 1161 E/fraim,
3552 1102 3602 1145 et
3645 1095 3851 1145 malitia

2260 1169 2543 1230 Samaria,
2563 1170 2697 1234 quia
2723 1170 2928 1233 operati
2947 1174 3072 1218 sunt
3088 1169 3454 1219 mendacium.
3478 1170 3701 1219 Praeter
3723 1167 3851 1217 vicia

2261 1244 2456 1292 autem
2481 1241 2712 1293 diversa
2744 1252 2990 1302 morum,
3006 1239 3437 1304 sacrilegiumin
3451 1238 3691 1290 nomine
3706 1251 3855 1288 men-

2259 1310 2427 1375 dacii,
2443 1312 2593 1363 sicut
2605 1324 2780 1376 supra
2799 1311 3216 1372 obscaanitatis,
3242 1310 3511 1375 exagitat.
3529 1310 3853 1360 Commemini

2263 1388 2402 1433 sunt
2416 1383 2590 1444 enim,
2604 1397 2750 1447 quos
2775 1395 3088 1436 veneraren
3097 1387 3191 1434 tur
3205 1383 3363 1446 deos,
3377 1382 3477 1445 qui
3490 1392 3702 1434 verum
3714 1383 3852 1428 Deum

2260 1454 2447 1505 colere
2471 1454 2816 1506 destiterunt
2848 1470 2859 1505 :
2898 1455 3094 1517 sicque
3118 1453 3481 1505 mendacium
3510 1451 3853 1515 deteguntur

2259 1527 2495 1590 operati,
2516 1527 2616 1590 qui
2642 1526 3006 1578 simulachris
3022 1526 3281 1577 divinum
3303 1537 3517 1577 nomen
3539 1522 3853 1585 adscripse-

2260 1603 2412 1650 runt.
2436 1599 2598 1650 Unde
2623 1603 2681 1650 et
2703 1599 2978 1663 magister
3002 1598 3282 1661 gentium,
3309 1595 3538 1646 tradidit
3559 1594 3682 1645 illos
3705 1594 3852 1647 Deus.

2258 1670 2462 1733 inquit,
2479 1670 2541 1719 in
2573 1670 2840 1719 desideria
2855 1670 3029 1719 cordis
3047 1684 3236 1718 eorum
3266 1668 3327 1717 in
3343 1666 3784 1724 immunditiam,
3808 1673 3851 1712 ut

2259 1741 2510 1803 afﬁciant
2528 1756 2757 1805 corpora
2780 1755 2883 1790 sua
2906 1741 2968 1789 in
2978 1739 3286 1803 semetipsis,
3301 1738 3397 1803 qui
3412 1736 3849 1788 commutaverint

2256 1812 2530 1861 veritatem
2546 1812 2643 1861 Dei
2658 1814 2718 1861 in
2745 1813 3110 1873 mendacium,
3128 1816 3173 1860 et
3196 1810 3472 1860 coluerunt
3487 1813 3536 1858 et
3558 1808 3848 1857 servierunt

2249 1888 2505 1932 creatura:
2539 1885 2739 1948 potius,
2772 1899 2942 1948 quam
2972 1882 3219 1940 creatori,
3260 1882 3356 1946 qui
3384 1884 3452 1930 est
3476 1879 3785 1929 benedictus
3805 1879 3847 1925 in

2248 1954 2455 2015 saecula,
2491 1956 2667 2005 Amen
2708 1954 2950 2018 (Romi.
2996 1953 3102 2017 24.)
3129 1952 3395 2005 Absolvit
3418 1964 3552 2016 ergo
3579 1950 3850 2003 delibera-

2261 2026 2476 2077 tionem
2500 2039 2709 2091 meam,
2727 2040 2843 2091 qua
2857 2038 3087 2092 parcere
3102 2024 3444 2089 cogitabam,
3471 2022 3779 2074 commissi
3792 2022 3849 2071 ab

2257 2098 2342 2148 eis
2370 2097 2638 2150 facinoris
2669 2098 3027 2163 magnitudo,
3059 2102 3117 2149 et
3138 2098 3196 2148 in
3239 2094 3649 2148 contumeliam
3674 2106 3849 2145 sacra

2259 2170 2513 2221 veritatis
2529 2171 2827 2222 mendacia
2846 2170 3174 2233 fabricatos,
3189 2181 3305 2220 non
3321 2167 3575 2233 permisit
3584 2166 3847 2231 etl'ugere.

2258 2240 2396 2291 Inde
2420 2241 2482 2291 in
2504 2243 2700 2293 omnia
2728 2242 3040 2307 penetralia
3072 2254 3285 2304 eorum,
3333 2240 3513 2291 scitus
3555 2237 3852 2302 populator

2255 2310 2513 2375 intravit,
2536 2326 2669 2365 cum
2707 2314 3014 2365 securitate
3052 2312 3307 2374 victoris,
3328 2316 3385 2363 et
3406 2322 3538 2362 cum
3560 2309 3852 2373 diligentia

2255 2382 2495 2435 furentis
2507 2384 2857 2449 ingrediens,
2877 2389 2944 2436 ut
2956 2384 3029 2436 de
3041 2384 3133 2435 his
3144 2382 3428 2441 videlicet,
3440 2397 3554 2443 quae
3567 2383 3852 2441 diripienda

2255 2460 2436 2516 erant,
2460 2468 2566 2508 nec
2591 2469 2691 2520 per
2724 2456 3133 2521 negligentiam
3157 2455 3469 2519 quicquam
3491 2453 3849 2515 relinqueret.

2255 2538 2363 2577 nec
2388 2539 2488 2590 per
2500 2528 2914 2580 abundantiam
2934 2527 3234 2579 fastidiret.
3247 2526 3413 2577 Furis
3432 2537 3565 2589 ergo
3586 2529 3649 2576 et
3669 2527 3852 2572 latrun-

2254 2597 2369 2649 culi
2392 2597 2551 2650 intus
2576 2599 2832 2664 forisque
2848 2600 3150 2663 vastantis,
3168 2603 3226 2650 et
3242 2596 3675 2649 similitudinem
3691 2609 3852 2647 usur-

2254 2669 2413 2733 pavit
2437 2673 2495 2722 et
2516 2683 2750 2735 nomen,
2764 2676 2829 2723 ut
2839 2672 2890 2723 ei
2917 2674 3313 2736 comparatum
3324 2670 3551 2721 hostem
3559 2679 3678 2719 non
3692 2668 3849 2731 trepi-

2253 2741 2395 2792 dum
2416 2740 2784 2807 intelligeres,
2812 2743 2914 2794 sed
2941 2744 3208 2795 velocem.

2316 2815 2479 2866 Vers.
2518 2813 2571 2868 2.
2606 2843 2665 2852 -
2712 2816 2780 2865 Et
2824 2832 2889 2864 ne
2921 2815 3058 2878 forte
3102 2815 3286 2864 dicant
3330 2814 3390 2862 in
3433 2811 3680 2863 cordibus
3728 2815 3851 2862 suis.

2251 2900 2465 2934 omnem
2490 2884 2667 2954 432
2697 2886 2971 2936 malitiam
2994 2900 3278 2936 eorumme
3298 2885 3657 2935 recordatum.
3678 2885 3851 2934 Inter-

2250 2958 2475 3021 positus
2496 2965 2586 3009 est
2608 2960 2701 3009 hic
2720 2968 2925 3010 versus
2947 2969 3048 3021 pro
3064 2955 3559 3008 commendatione
3570 2955 3846 3003 modestiae.

2250 3029 2272 3056 *ι
2284 3030 2567 3081 Caeterum
2578 3030 2652 3081 ad
2673 3034 3013 3092 sequentem
3028 3032 3165 3079 sunt
3175 3028 3479 3092 praemissa
3495 3026 3601 3091 [AL
3619 3029 3850 3087 premis-

2249 3100 2348 3163 sae]
2399 3105 2739 3152 contextum
2785 3100 2857 3164 (id
2896 3103 3005 3163 est,
3038 3100 3150 3148 Fur
3184 3100 3452 3163 ingressus
3478 3102 3550 3148 est
3585 3096 3847 3161 spotians,

2248 3169 2592 3220 latrunculus
2614 3171 2790 3235 foris).
2805 3170 2969 3221 Nunc
2991 3170 3458 3220 circumdederunt
3480 3183 3563 3219 eos
3585 3168 3851 3218 adinven-

2248 3244 2416 3292 tiones
2444 3258 2568 3304 suae,
2598 3258 2783 3293 coram
2818 3244 2957 3307 facie
2986 3258 3107 3292 mea
3151 3243 3303 3307 factas
3336 3247 3463 3292 sunt
3490 3258 3504 3291 :
3541 3246 3588 3290 et
3616 3254 3687 3289 ne
3719 3240 3851 3304 forte

2247 3314 2432 3363 dicant
2471 3316 2533 3364 in
2579 3314 2828 3364 cordibus
2849 3316 2963 3363 suis
2993 3329 3209 3364 omnem
3241 3314 3512 3363 malitiam
3548 3327 3744 3362 eorum
3777 3329 3850 3361 me

2246 3386 2605 3447 recordatum,
2632 3385 2721 3438 vel
2742 3390 2965 3451 partem
2987 3386 3242 3450 aliquam
3259 3385 3587 3437 commissas
3598 3383 3850 3448 profani-

2248 3457 2383 3509 tatis
2405 3469 2715 3523 exponam,
2740 3468 2806 3509 ut
2816 3456 3219 3521 minoralonge
3234 3455 3558 3520 intelligant
3571 3457 3850 3519 supplicia

2249 3540 2397 3593 esse,
2423 3540 2599 3592 quam
2624 3530 2845 3581 merita.
2876 3528 3388 3581 Circumdederunt
3408 3540 3507 3578 eos
3544 3526 3774 3591 hostes,
3800 3534 3849 3578 et

2248 3600 2411 3664 potiti
2456 3613 2675 3662 eorum,
2727 3602 2858 3665 jure
2893 3601 3167 3661 victoriae,
3216 3599 3298 3651 ita
3324 3598 3623 3662 diligenter
3656 3599 3848 3650 omnia

2248 3672 2592 3735 perscrutati
2618 3677 2774 3736 sunt,
2810 3673 2976 3736 quasi
2999 3676 3101 3723 aut
3125 3672 3187 3723 in
3214 3668 3524 3735 penetralia
3544 3668 3848 3721 domorum

2249 3746 2424 3801 fures,
2449 3748 2551 3795 aut
2590 3745 2648 3795 in
2679 3756 2948 3809 agrorum
2981 3748 3179 3808 aperta
3222 3743 3522 3794 irruissent
3568 3741 3846 3793 latrones.

2252 3815 2733 3866 Circumdederunt
2769 3831 2853 3866 eos
2898 3816 3304 3866 adinventiones
3345 3829 3470 3876 sum,
3508 3827 3627 3877 quae
3662 3828 3843 3863 coram

2245 3888 2384 3951 facie
2404 3903 2523 3937 mea
2538 3888 2687 3951 facta
2708 3893 2836 3938 sunt
2860 3889 3010 3941 sicut
3042 3900 3217 3952 supra
3239 3886 3479 3945 dixerat,
3500 3899 3626 3934 cum
3649 3900 3849 3935 sanare

2244 3959 2425 4009 vellem
2442 3958 2700 4024 E/fraim,
2724 3960 2955 4010 revelata
2987 3966 3058 4010 est
3079 3959 3296 4009 malitia
3319 3958 3601 4009 Samaria.
3628 3958 3851 4010 Secun-

2243 4030 2384 4082 dum
2397 4031 2552 4094 quod
2577 4032 2783 4084 beatus
2800 4031 3007 4095 David,
3033 4044 3107 4084 ex
3132 4030 3391 4095 ejusdem
3413 4028 3608 4095 populi
3630 4043 3845 4090 persona

2244 4102 2568 4168 conﬁtetur,
2614 4104 2853 4154 Posuisti
2887 4104 3200 4169 iniquitates
3222 4107 3434 4152 nostras
3477 4101 3540 4150 in
3558 4109 3843 4167 conspectu

2244 4179 2354 4235 tuo,
2377 4176 2613 4225 secutum
2627 4180 2873 4226 nostrum
2896 4177 2954 4225 in
2980 4175 3439 4225 illuminationcm
3468 4172 3647 4222 vultus
3665 4174 3779 4233 tui;
3804 4182 3843 4222 et

2243 4260 2424 4296 omnes
2443 4248 2553 4296 dies
2570 4248 2742 4296 nostri
2754 4248 3071 4311 defecerunt,
3096 4253 3255 4311 atque
3266 4247 3327 4295 in
3342 4246 3430 4294 ira
3443 4251 3537 4295 tua
3548 4244 3841 4307 defecimus

2242 4318 2405 4380 (Psal.
2453 4317 2562 4383 89.)
2601 4319 2826 4371 Vestris
2870 4320 3046 4385 igitur
3076 4319 3412 4370 criminibus
3443 4317 3585 4369 estis
3615 4316 3839 4382 illigati,

2244 4394 2566 4443 vestrarum
2579 4390 3058 4444 adinventionum
3072 4390 3326 4457 pondera
3337 4388 3658 4442 sustinetis.
3675 4393 3844 4440 Fabri-

2240 4462 2352 4514 cati
2373 4462 2515 4514 estis
2540 4463 2840 4517 mendacia
2865 4463 3125 4527 deorum,
3151 4462 3325 4515 sedin
3335 4462 3571 4515 veritate
3587 4462 3843 4511 dolorum.

2239 4536 2378 4597 Quae
2408 4535 2525 4587 sint
2545 4540 2757 4597 autem,
2798 4548 2930 4601 quae
2964 4535 3212 4588 revelata
3251 4532 3477 4597 dixerit,
3508 4530 3843 4585 audiamus.

2298 4609 2461 4659 Vers.
2499 4605 2624 4661 3.-7.
2659 4636 2720 4646 —
2742 4608 2811 4657 In
2836 4607 3053 4658 malitia
3085 4622 3190 4657 sua
3221 4605 3616 4670 laetiﬁcaverunt
3643 4620 3845 4670 regem,

2234 4683 2280 4727 et
2312 4678 2373 4727 in
2417 4679 2717 4729 mendaciis
2739 4681 2852 4729 suis
2894 4680 3188 4744 principes.
3234 4679 3425 4729 Omnes
3454 4676 3844 4737 adulterantes,

2236 4750 2395 4815 quasi
2410 4750 2654 4801 clibanus
2668 4768 2948 4803 succensus
2972 4769 3008 4803 a
3029 4757 3296 4817 coquente,
3322 4750 3520 4817 quievit
3539 4750 3841 4815 paululum

2234 4823 2423 4872 civitas
2454 4839 2489 4873 a
2521 4825 2904 4874 commixtione
2938 4824 3207 4888 fermenti,
3238 4824 3400 4873 donec
3420 4823 3845 4886 fermentaretur

2234 4900 2422 4947 totum.
2450 4895 2573 4945 Dies
2599 4912 2743 4961 reges
2764 4899 2973 4948 nostri:
3003 4903 3267 4963 ceperunt
3298 4897 3565 4962 principes
3586 4895 3780 4959 furere
3809 4914 3839 4946 α

2232 4968 2389 5016 vino:
2436 4969 2673 5017 emtendit
2715 4984 2949 5019 manum
2988 4986 3148 5021 suam
3176 4986 3300 5020 cum
3331 4967 3659 5019 illusoribus.
3696 4970 3839 5029 Quia

2233 5038 2642 5103 applicaverunt
2654 5042 2812 5105 quasi
2827 5041 3104 5092 clibanum
3114 5057 3205 5093 cor
3213 5056 3394 5103 suum,
3407 5055 3527 5090 cum
3538 5041 3842 5091 insidiare-

2232 5117 2323 5158 tur
2344 5110 2454 5161 eis:
2483 5116 2591 5161 tota
2632 5118 2783 5163 nocte
2813 5114 3067 5164 dormivit
3105 5128 3332 5178 coquens
3374 5128 3473 5173 eos,
3517 5127 3681 5162 mane
3727 5114 3841 5177 ipse

2230 5196 2527 5244 succensus,
2548 5185 2709 5248 quasi
2726 5185 2872 5248 ignis
2892 5186 3123 5249 ﬂamm
3140 5184 3249 5250 [AL
3278 5184 3602 5250 flammam].
3640 5184 3841 5234 Omnes

2231 5252 2474 5315 cale/acti
2496 5260 2639 5317 sunt,
2668 5257 2827 5320 quasi
2863 5256 3125 5318 clibanus,
3148 5262 3193 5307 et
3216 5255 3609 5307 devoraverunt
3621 5256 3840 5320 judices

2230 5424 2443 5476 mendo
2480 5425 2762 5490 suspicari
2786 5439 2850 5479 se
2887 5427 3118 5479 indicat.
3158 5428 3368 5479 Verum
3397 5427 3553 5479 idem
3585 5425 3703 5478 fere
3724 5426 3836 5478 loci

2231 5508 2441 5547 sensus
2464 5500 2556 5549 est
2569 5499 2742 5562 atque
2763 5499 3045 5564 expositio
3056 5499 3210 5564 apud
3233 5500 3665 5564 Hieronymum,
3688 5514 3837 5548 occa-

2231 5568 2394 5620 sione
2435 5568 2700 5622 lectionis
2742 5579 2837 5622 τῶν
2884 5572 3058 5623 LXX.
3104 5571 3275 5632 Quod,
3331 5571 3427 5633 ait,
3476 5570 3834 5636 Septuaginta

2232 5640 2474 5703 legimus,
2521 5646 2587 5693 ut
2625 5643 2946 5703 concinant,
2980 5645 3146 5707 quasi
3173 5649 3446 5697 canentes
3477 5642 3537 5694 in
3561 5642 3832 5695 cordibus

2232 5712 2608 5774 suis,adillud
2629 5714 2972 5777 referendum
2996 5721 3084 5777 est,
3104 5717 3247 5780 quod
3260 5716 3375 5767 ideo
3410 5715 3507 5778 fur
3535 5715 3829 5780 ingressus,

2230 5785 2335 5834 sive
2353 5784 2693 5836 latrunculus
2712 5787 3104 5851 exspoliaverit,
3122 5804 3188 5839 ne
3203 5790 3263 5839 in
3284 5788 3539 5854 pristinis
3552 5787 3756 5837 divitiis
3783 5792 3828 5835 et

2229 5856 2452 5907 vestibus
2505 5866 2897 5924 permanentes,
2945 5861 3254 5929 repellerent
3307 5861 3452 5926 furis
3497 5860 3827 5925 latroniqu

2227 5943 2561 5993 consensum,
2598 5936 2707 5985 etc.
