3884 6388
59 411 171 467 997

57 539 210 575 suos.
229 524 492 577 Menimit
507 524 661 577 illius
673 524 1003 578 festivitatis
1019 529 1076 577 et
1088 525 1381 589 temporis,
1393 530 1540 587 cujus
1551 530 1673 578 ordo

59 606 126 648 in
148 598 385 660 Regum
395 596 634 648 historia
644 596 986 648 continetur.
1002 598 1144 648 Nam
1157 608 1290 647 cum
1301 609 1401 661 per
1410 600 1671 646 stultitiam

60 669 351 730 Roboam,
377 665 573 732 populi
593 667 802 719 fuisset
824 668 1059 732 impleta
1081 666 1378 731 discessio,
1404 668 1678 719 etdecem

62 739 344 791 tribubus
369 738 678 803 praisidere
701 739 1298 803 caspissetJeroboam,
1314 738 1473 803 dixit,
1492 740 1680 803 inquit

65 809 134 873 (3.
165 810 301 872 Reg.
330 807 414 862 1‘2.
430 808 518 862 ‘26.
542 814 589 858 et
606 809 789 872 seqq),
812 810 873 857 in
897 809 1052 857 corde
1074 809 1373 859 suo:Nultc
1395 815 1680 859 revertetur

64 895 310 945 regnum
340 880 415 929 ad
449 880 671 929 domum
695 881 889 941 David,
923 882 971 929 si
994 881 1291 930 ascenderit
1308 881 1544 944 populus
1564 884 1677 945 iste,

63 958 123 999 ut
146 950 329 1014 faciat
368 951 638 1013 sacrificia
670 950 730 998 in
755 950 911 998 domo
935 950 1159 999 Domini
1184 951 1245 999 in
1265 951 1579 1004 Jerusalem.
1612 952 1679 1001 Et

63 1022 373 1085 excogitato
412 1022 656 1081 consilio,
692 1020 812 1083 fecit
845 1022 978 1071 duos
1018 1022 1212 1071 vitulos
1235 1038 1442 1084 aureos,
1469 1030 1514 1073 et
1537 1024 1681 1072 dixit

64 1094 140 1142 eis
165 1108 182 1142 :
229 1094 365 1142 Ecce
396 1092 478 1140 dii
514 1092 615 1156 tui,
658 1092 837 1152 Israel,
885 1093 981 1156 qui
1017 1094 1319 1142 eduxerunt
1365 1100 1409 1142 te
1446 1095 1507 1143 de
1537 1099 1681 1144 terra

64 1164 322 1229 ﬁgypti.
346 1164 635 1226 Posuitque
657 1178 831 1212 unum
852 1166 913 1212 in
942 1164 1197 1224 Bethel,et
1212 1166 1444 1213 alterum
1461 1166 1521 1214 in
1532 1166 1677 1226 Dan,

65 1244 111 1285 et
132 1237 354 1298 factum
391 1240 466 1285 est
500 1234 717 1283 verbum
742 1235 838 1284 hoc
860 1234 920 1283 in
944 1242 1245 1299 peccatum:
1273 1236 1381 1285 ibat
1413 1236 1560 1285 enim
1583 1252 1679 1302 po-

65 1307 236 1371 pulus
282 1307 360 1356 ad
400 1306 747 1355 adorandum
772 1306 1001 1355 vitulum
1026 1322 1189 1372 usque
1214 1308 1271 1356 in
1296 1308 1437 1357 Dan.
1470 1308 1538 1356 Et
1558 1308 1681 1371 fecit

64 1380 213 1441 fana
260 1378 323 1427 in
346 1378 579 1438 excelsis,
604 1382 649 1426 el
672 1378 961 1427 sacerdotes
994 1379 1056 1427 de
1079 1379 1332 1427 extremis
1351 1379 1563 1443 populi,
1584 1379 1680 1443 qui

68 1466 186 1499 non
222 1456 384 1499 erant
407 1450 469 1498 de
497 1450 631 1513 ﬁliis
652 1449 793 1499 Levi.
819 1450 1134 1514 Constituitq
1146 1466 1206 1499 ue
1228 1452 1370 1500 diem
1392 1452 1681 1501 solemnem

72 1523 130 1571 in
156 1536 347 1571 mense
369 1526 567 1581 octavo,
588 1521 991 1584 quintadecima
1006 1522 1091 1570 die
1106 1524 1303 1585 mensis
1323 1538 1337 1571 :
1356 1523 1418 1571 in
1432 1523 1683 1571 similitu-

72 1594 264 1642 dinem
287 1591 658 1650 solemnilatts,
681 1606 799 1655 qua:
818 1591 1178 1641 celebrabatur
1198 1593 1350 1656 [Ant.
1368 1594 1676 1659 celebratur]

74 1666 133 1713 in
158 1664 336 1714 Juda.
363 1664 431 1712 Et
454 1662 757 1724 ascendens,
783 1663 952 1712 altare
967 1664 1216 1713 similiter
1236 1665 1357 1727 fecit
1386 1666 1447 1713 in
1483 1666 1679 1724 Bethet,

75 1742 132 1784 ut
156 1735 682 1794 immolaretvitulis,
699 1749 833 1798 quos
854 1734 1152 1796 fabricatus
1174 1742 1305 1786 erat.
1324 1736 1607 1785 Constituit
1620 1737 1681 1784 in

76 1807 264 1856 Belhel
292 1807 584 1855 sacerdotes
606 1806 951 1868 excelsorum,
986 1822 1103 1870 qua:
1126 1807 1337 1867 fecerat.
1360 1808 1427 1855 Et
1451 1808 1685 1857 ascendit

74 1894 242 1943 super
266 1879 458 1937 altare,
474 1877 617 1941 quod
633 1879 965 1927 instruxerat
984 1894 1043 1926 in
1067 1878 1262 1934 Bel/tet,
1280 1879 1685 1942 quinta'lecinia

77 1952 161 1999 die
190 1952 401 1999 mensis
422 1950 615 2008 octavi,
651 1964 809 2012 quem
832 1951 1071 2012 ﬁnxero“
1089 1950 1150 1998 de
1178 1953 1330 1998 corde
1353 1966 1467 2009 suo,
1497 1956 1541 1998 et
1565 1949 1685 2011 fecit

76 2023 479 2072 solemnitatem
521 2021 649 2083 ﬁliis
694 2020 876 2071 Israel.
923 2022 1067 2082 Quia
1115 2034 1249 2084 ergo
1284 2023 1451 2072 refert
1495 2034 1690 2084 regem

78 2096 412 2152 Jeroboam,
441 2104 566 2143 sua:
606 2097 832 2142 tantum
862 2094 1137 2155 potentia:
1160 2093 1580 2156 consulentem,
1609 2097 1691 2143 tot

80 2166 386 2217 miraculis
412 2168 611 2226 totque
638 2164 850 2214 seculis
867 2163 1333 2215 commendatum
1352 2169 1561 2227 populo
1574 2168 1690 2229 veri

80 2237 183 2288 Dei
200 2240 429 2287 cultum
446 2235 560 2287 levi
577 2235 869 2298 pepulisse
882 2240 1228 2290 commento,
1242 2233 1419 2301 433
1444 2243 1691 2295 totamtu

80 2313 322 2371 gentem
358 2307 441 2358 ita
463 2306 664 2357 aulicis
695 2307 1134 2369 profanitatibus
1158 2308 1513 2369 obsecutam,
1540 2311 1604 2358 ut
1628 2319 1690 2357 se

81 2380 225 2431 nihil
256 2380 331 2430 de
363 2379 732 2430 observantia
768 2379 1017 2428 veritatis
1040 2378 1336 2441 habuisse,
1362 2379 1690 2429 contentius

80 2452 382 2513 indicaret,
408 2456 697 2500 certamen
722 2449 1015 2511 quoddam
1032 2458 1049 2477 ·
1072 2451 1224 2499 inter
1244 2448 1609 2500 adulantium
1633 2454 1691 2501 et

84 2522 518 2575 dominantium
544 2520 897 2584 impietatem
922 2521 1100 2570 fuisse
1122 2520 1413 2583 describit,
1441 2521 1690 2583 quisque

81 2595 359 2649 videlicet
399 2593 463 2642 in
500 2592 837 2642 criminibus
868 2591 1232 2655 praeveniret.
1281 2594 1494 2655 Regem
1519 2593 1692 2657 igitur

84 2668 257 2731 quasi
284 2666 459 2716 rebus
484 2664 624 2725 suis,
652 2663 701 2713 si
719 2662 792 2712 ad
815 2664 1027 2713 cullum
1047 2663 1238 2726 templi
1256 2665 1503 2727 populus
1518 2680 1691 2713 ascen-

84 2744 269 2797 deret,
309 2735 683 2798 ditildentem,
711 2740 907 2798 spretu
930 2735 1218 2798 religionis
1249 2736 1692 2788 lmtiilcaverunt

86 2810 320 2869 Tribus,
347 2809 418 2858 de
441 2810 609 2871 cujus
624 2809 818 2858 animo
831 2806 1168 2870 scrupulum
1182 2806 1502 2858 formidinis
1515 2811 1688 2857 abstu-

85 2882 301 2935 lerunt.
326 2881 391 2929 In
413 2880 710 2927 mendaciis
725 2892 935 2941 quoque
957 2878 1070 2926 suis
1089 2879 1388 2943 principes:
1416 2879 1586 2943 idest,
1601 2879 1691 2931 vel

87 2952 375 3007 satellites
416 2953 625 3015 regios,
669 2948 761 3002 vel
799 2950 1170 3014 propinquos,
1211 2950 1529 3001 mendaciis
1568 2951 1690 3001 suis

87 3027 346 3092 gaudere
358 3024 629 3087 fecerunt,
639 3027 983 3085 tantumque
1000 3026 1273 3074 fervorem
1282 3022 1533 3074 funereis
1547 3025 1690 3071 adhi-

88 3102 269 3151 buere
290 3097 650 3159 commentis,
680 3101 743 3146 ut
771 3095 953 3146 instar
975 3094 1201 3157 clibani,
1217 3094 1310 3145 cui
1325 3096 1553 3145 flamma
1569 3096 1691 3143 sub.

83 3174 303 3237 jicitur,
334 3168 665 3222 viderentur
702 3166 918 3218 ardere.
949 3166 1053 3218 Vel
1075 3172 1229 3218 certe
1253 3173 1317 3217 ut
1343 3166 1688 3218 fermentum

91 3245 258 3309 solet,
283 3244 344 3294 in
366 3254 562 3293 massa
575 3252 709 3305 quin
731 3239 1122 3302 fermentatur,
1140 3238 1689 3302 abscondi,brevique

92 3318 374 3397 temporis
390 3315 584 3404 IspJatio
615 3319 739 3404 tota
764 3318 1074 3404 coacescit:
1091 3313 1170 3363 ita
1192 3312 1495 3404 universas
1510 3314 1688 3404 ’ξι-ἰδέω
1714 3328 1763 3404 C

10 3424 11 3429 η
92 3392 271 3442 unius
298 3387 405 3440 viri
415 3388 486 3438 ad
497 3385 840 3451 pravitatem
852 3384 1129 3448 vocantis,
1147 3383 1468 3448 penetravit
1482 3388 1539 3434 et
1554 3382 1691 3434 mfe-

94 3465 169 3517 cit
192 3461 493 3525 iniquitas.
521 3461 730 3522 Sicque
748 3470 783 3509 a
804 3456 1693 3521 virtutisprofessionedegeueres,

95 3541 158 3589 ut
180 3534 491 3589 occasione
516 3531 825 3595 impietatis
848 3529 1167 3592 horribiles,
1187 3526 1329 3578 illud
1342 3531 1573 3591 tempus
1589 3528 1697 3575 dies

95 3610 250 3675 regis
277 3607 370 3658 sui
395 3604 679 3670 appellare
703 3604 984 3666 coeperint
1004 3600 1109 3675 [At
1132 3598 1473 3675 coeperunt],
1500 3600 1701 3647 lusibus

95 3673 365 3735 videlicet
385 3682 445 3729 et
466 3675 748 3728 conviviis
772 3673 1177 3737 celebrandos;
1201 3673 1697 3737 tempusinquam,

97 3770 210 3821 quo
241 3754 328 3806 eis
350 3752 441 3805 vel
472 3752 593 3803 vita
614 3748 764 3813 regis
788 3749 1004 3811 sui,vel
1035 3748 1315 3800 securitas
1340 3745 1698 3821 contigisset.

98 3818 299 3882 Talem
312 3824 678 3878 festivitatem
691 3826 1115 3885 consequenter
1132 3818 1467 3872 temulentia
1476 3831 1701 3877 comprs-

98 3900 324 3965 hendit,
371 3901 439 3949 ut
464 3908 581 3948 non
614 3894 801 3946 solum
833 3892 1101 3957 vulgares
1137 3891 1373 3955 quique,
1388 3889 1502 3965 sed
1527 3887 1700 3965 etiam

100 3961 348 4031 nobiles,
365 3980 513 4034 quos
537 3966 728 4032 gentis
752 3965 1036 4030 principes
1052 3967 1367 4027 nuncupat,
1385 3961 1702 4034 inciperent

99 4046 286 4109 furere
322 4059 358 4092 a
384 4032 534 4092 uno.
570 4043 699 4103 lpse
723 4045 916 4091 autem
940 4050 1042 4090 rex
1065 4035 1514 4109 commaculator
1548 4032 1702 4109 illius

99 4105 420 4183 dignitatis,
454 4117 513 4165 et
551 4110 811 4175 sacrilegi
866 4110 1168 4162 fabricator
1206 4108 1442 4183 erroris,
1468 4105 1704 4183 contendit

102 4179 340 4242 manum
370 4201 531 4236 suam
562 4198 687 4234 cum
729 4183 1059 4245 illusoribus,
1098 4181 1354 4246 professa
1376 4179 1703 4232 adulatione

102 4264 270 4316 illum
300 4260 694 4326 palpantibus:
719 4261 784 4309 ut
808 4256 943 4320 quia
964 4256 1044 4307 illi
1066 4256 1237 4308 corda
1260 4267 1367 4307 sua
1389 4270 1703 4316 praeparave-

102 4341 253 4397 rant,
278 4338 342 4387 ut
364 4333 657 4385 clibanum
680 4329 779 4394 qui
804 4329 1132 4392 subjectum
1151 4330 1463 4394 impietatis
1479 4331 1706 4390 ignesce-

104 4415 210 4470 ret,
252 4406 351 4460 ille
381 4411 528 4456 nocte
552 4410 661 4454 tota
684 4402 937 4453 dormivit
969 4416 1197 4467 coquens
1236 4416 1337 4462 eos,
1363 4401 1532 4465 idest,
1571 4414 1706 4453 suc-

107 4493 354 4535 censum
380 4491 498 4531 non
520 4475 767 4529 removit
787 4474 1137 4538 incendium,
1156 4476 1255 4527 sed
1278 4474 1441 4539 quasi
1457 4475 1477 4503 ⁸³
1493 4474 1708 4527 calcata

107 4555 283 4621 lignis
326 4552 576 4614 fornace,
627 4562 866 4601 securus
897 4562 958 4600 se
996 4548 1257 4613 permisit
1274 4548 1489 4621 sopori,
1515 4548 1707 4621 sciens

109 4620 269 4692 quod
293 4638 395 4690 per
427 4628 609 4676 totam
636 4626 864 4674 noctem
887 4633 1087 4675 eorum
1112 4620 1446 4673 temulentia
1460 4625 1517 4672 et
1527 4620 1710 4685 profa-

108 4702 265 4752 nitas
295 4697 657 4762 decoqueret.
676 4697 789 4746 Nec
806 4694 996 4759 opinio
1009 4693 1209 4746 fefellit
1222 4694 1497 4745 artificem
1515 4707 1527 4744 :
1550 4694 1711 4741 omni-

110 4772 271 4824 enim
293 4769 510 4821 lumine
533 4767 770 4819 rationis
782 4766 1054 4828 extincto,
1068 4765 1283 4817 inventi
1297 4770 1433 4817 sunt
1453 4766 1711 4813 diluculo-
1736 4786 1741 4791 -

110 4844 192 4895 ita
213 4841 553 4895 criminibus
575 4842 917 4899 aestuantes,
931 4842 995 4889 ut
1005 4837 1232 4901 judices
1244 4850 1401 4900 suos,
1419 4849 1566 4901 quos
1584 4839 1714 4884 vids-

113 4916 248 4968 licet
271 4914 594 4966 habuerant
616 4911 930 4975 impietatis
951 4910 1281 4974 magistros,
1301 4910 1422 4960 sine
1441 4908 1715 4973 ambigui-

117 4993 237 5040 tate
262 4988 621 5051 superarent.
638 4983 830 5033 Omnes
848 4996 993 5045 reges
1009 4997 1193 5031 eorum
1208 4982 1525 5040 ceciderunt,
1542 4985 1585 5029 et
1601 4996 1708 5029 non

116 5066 189 5109 est
234 5060 331 5123 qui
377 5057 568 5108 clamet
612 5058 672 5104 in
710 5054 783 5104 eis
814 5053 888 5103 ad
928 5068 1030 5105 me.
1056 5054 1201 5115 Quid
1232 5066 1367 5117 ergo
1392 5053 1554 5104 mira!
1569 5053 1634 5103 is.
1667 5052 1713 5103 si

120 5129 378 5184 universi
402 5133 680 5193 cogantur
693 5127 886 5178 subire
900 5129 1201 5191 tormenta,
1222 5138 1355 5178 cum
1368 5126 1446 5177 ita
1460 5124 1714 5177 universi

119 5203 337 5255 scelera
380 5200 851 5266 perpetraverint,
889 5203 954 5251 ut
986 5212 1100 5251 non
1123 5199 1310 5250 dicam
1334 5196 1713 5263 popularium,

121 5276 221 5328 sed
248 5286 356 5325 nec
378 5272 660 5325 nobilium
693 5272 900 5335 aliquis
929 5272 1200 5324 inventus
1224 5269 1316 5334 sit,
1353 5269 1453 5334 qui
1487 5268 1714 5333 lapsum

121 5346 371 5413 publicai
392 5347 705 5412 impietatis
734 5347 1011 5411 effugeret
1031 5348 1058 5395 ?

186 5421 348 5472 Vers.
376 5416 431 5474 8.
452 5411 517 5458 -ἓ-
542 5417 783 5484 Eﬁ‘raim
804 5418 867 5468 in
888 5416 1101 5483 populis
1124 5416 1235 5481 ipse
1253 5411 1713 5466 commiscebatur:

192 5600 209 5622 ·
233 5588 522 5657 Rescripsi
541 5589 703 5653 inter,
738 5592 804 5639 ut
826 5598 1036 5640 sensus
1060 5583 1366 5647 constaret,
1391 5580 1497 5657 qui
1523 5578 1719 5633 nullus

130 5667 251 5716 erat
268 5654 457 5720 antea.
474 5675 609 5714 cum
626 5662 776 5710 intus
789 5659 1087 5725 legeretur.
1107 5656 1290 5709 Etiam
1306 5654 1562 5720 quisnam
1580 5664 1722 5717 pau-

129 5734 183 5788 lo
205 5737 338 5802 post
360 5747 460 5800 pro
485 5734 711 5799 quisque
734 5731 930 5796 reponi
963 5729 1178 5782 malim.

192 5793 228 5836 ί
240 5793 429 5859 Mallet
479 5793 633 5871 prior
656 5793 848 5856 Editor
869 5802 1140 5865 calefacta.
1166 5802 1284 5865 Ego
1312 5797 1491 5851 altero
1515 5796 1588 5848 ab
1610 5793 1722 5847 hoc

137 5892 306 5932 versu
327 5893 412 5929 eos
441 5878 637 5930 malim
661 5889 760 5941 pro
793 5890 996 5925 eorum.

198 5962 216 5982 °
242 5951 488 6004 Additur
506 5950 564 6002 in
588 5939 836 6013 Vulgata
859 5945 1118 5998 Editione
1136 5943 1320 6009 panis,
1343 5939 1497 6005 quod
1512 5948 1722 6013 nomen

138 6030 195 6077 et
208 6037 315 6078 nos
327 6024 390 6077 in
405 6011 853 6087 Hieronymiana
866 6017 1001 6071 olim
1017 6015 1381 6070 excudimus.
1399 6015 1465 6063 In
1482 6011 1724 6062 Hebraeo

916 412 989 464 IN
1027 411 1266 465 OSEAM
1299 412 1888 467 COMMENTARIUS.
1923 413 2133 466 LIBER
2165 412 2549 468 SECUNDUS.

1713 1904 1767 1977 B

3274 413 3381 471 998

1780 527 1914 591 quia
1924 539 2114 591 supra,
2127 531 2361 590 gentem
2376 526 2915 592 prevaricatricem,
2935 526 3197 580 docursis
3221 532 3379 590 parti-

1777 599 1903 659 bus,
1923 599 2277 663 judicaverat
2294 599 2466 662 [Forte
2493 598 2890 664 indicaverat],
2910 598 3189 665 populum
3218 600 3374 653 vide-

1776 668 1909 721 licet
1929 672 2321 736 obsequutum
2343 671 2595 734 regibus,
2614 682 2681 721 ac
2693 670 2964 736 deinceps
2976 671 3263 735 principes
3280 682 3378 736 pa-

1777 740 1915 792 riter
1947 754 2079 793 cum
2120 741 2385 806 plebibus
2425 741 2700 792 cecidisse
2751 742 3055 805 signando,
3076 742 3157 793 ita
3185 746 3251 793 ut
3270 754 3383 793 non

1779 812 2486 875 essetquiintervenientis
2500 825 2713 863 munus
2725 817 3065 864 assumeret:
3092 812 3382 874 hocipsum

1781 885 2057 945 sequente
2070 896 2245 935 versu
2259 881 2548 934 cumulate
2559 888 2617 933 et
2629 884 2877 934 breviter
2888 883 3385 943 indicavit,dicens:

1779 953 2019 1017 E/fraim
2042 954 2104 1002 in
2132 952 2346 1019 populis
2364 954 2473 1016 ipse
2496 952 2947 1002 commiscebatur.
2965 956 3118 1017 Idest,
3136 969 3237 1003 non
3252 968 3386 1002 unus

1779 1028 1881 1075 aut
1935 1023 2095 1085 alter,
2155 1025 2396 1088 paucive
2422 1023 2511 1075 vel
2535 1025 2726 1087 plures
2760 1024 2831 1075 de
2862 1025 3088 1076 Israelis
3106 1025 3281 1089 stirpe
3300 1038 3368 1076 ve

1779 1095 2027 1155 nientes,
2052 1097 2352 1145 nationum
2376 1095 2663 1145 erroribus
2688 1107 2750 1145 se
2766 1096 3123 1147 inserebant:
3159 1096 3261 1148 sed
3294 1096 3389 1147 Ef-

1781 1166 1965 1229 fraim,
1991 1170 2147 1216 totus
2168 1169 2421 1229 quantus
2439 1178 2569 1216 esse
2587 1170 2823 1229 poterat,
2842 1167 3095 1229 profanis
3117 1167 3390 1232 gentibus

1782 1250 1845 1288 se
1869 1238 2151 1287 miscebat
2176 1251 2188 1287 :
2216 1237 2623 1299 ambiebatque
2640 1237 2849 1300 ipsum,
2876 1249 2989 1299 quo
3014 1237 3201 1289 clarus
3220 1240 3386 1289 fuerat

1780 1320 1995 1359 nomen
2016 1308 2263 1367 abolere,
2281 1312 2655 1371 gentiumque
2668 1308 2860 1370 potius
2875 1308 3252 1372 appellatione
3276 1326 3390 1360 con-

1782 1379 1908 1431 seri.
1936 1379 2100 1441 Quod
2126 1392 2264 1430 sane
2287 1379 2660 1440 desiderium,
2692 1391 2827 1429 cum
2866 1378 2915 1429 ei
2953 1392 3182 1445 semper
3204 1382 3262 1434 in
3287 1382 3389 1435 ad-

1782 1463 1950 1504 versa
1973 1454 2314 1516 erumperet,
2332 1462 2702 1514 nequaquam
2718 1450 2895 1501 flebat
2911 1451 3003 1502 vel
3020 1449 3201 1518 434
3220 1453 3390 1505 afflic-

1784 1521 1938 1575 tione
1962 1522 2291 1575 correctior:
2314 1526 2372 1573 et
2387 1522 2533 1585 ideo,
2555 1525 2618 1572 ut
2640 1520 3062 1585 imprudentem
3085 1537 3216 1575 eum
3240 1525 3388 1577 inter

1783 1598 2076 1646 extremas
2118 1594 2382 1645 miserias
2411 1592 2714 1645 adnotaret
2738 1630 2753 1657 ,
2792 1593 3106 1657 imaginem
3153 1596 3390 1659 protulit

1782 1670 2197 1730 congruentem
2223 1681 2235 1716 :
2270 1663 2511 1729 Effraim
2532 1665 2708 1728 factus
2731 1669 2802 1713 est
2822 1664 3210 1715 subcinericius
3229 1676 3267 1731 °,
3291 1668 3388 1732 qui

1782 1752 1894 1785 non
1926 1743 2244 1787 reversatur.
2281 1736 2635 1787 Comederunt
2666 1736 2834 1785 alieni
2856 1738 3022 1785 robur
3053 1737 3186 1800 ejus,
3213 1743 3257 1787 et
3280 1740 3391 1803 ipse

1784 1809 2018 1859 nescivit.
2037 1810 2193 1859 Sicut
2208 1808 2372 1872 panis
2384 1808 2630 1871 exiguus
2643 1812 2700 1859 et
2713 1820 2831 1858 non
2855 1807 3088 1871 pistoris
3122 1814 3243 1860 arte
3276 1824 3391 1859 con-

1789 1878 1990 1941 fectus,
2020 1879 2123 1930 sed
2140 1879 2307 1942 quasi
2328 1878 2696 1929 tumultuarie
2724 1878 2796 1929 ab
2829 1879 3118 1930 esuriente
3140 1884 3393 1941 composi-

1794 1954 1909 2011 tus,
1932 1963 2107 2013 quem
2130 1951 2457 2013 subjectum
2474 1949 2683 2000 favillis
2700 1962 2819 2001 non
2837 1951 3072 2012 versari,
3094 1951 3196 2002 sed
3207 1952 3280 2002 ab
3292 1967 3392 2001 una

1791 2027 2016 2074 tantum
2042 2026 2202 2085 parte
2223 2022 2417 2073 torreri
2430 2020 2753 2085 contigerit,
2765 2021 2944 2072 altera
2960 2020 3229 2074 videlicet
3239 2026 3390 2072 cruda

1790 2098 2123 2145 remanente
2142 2108 2155 2142 :
2173 2094 2254 2143 ita
2270 2105 2402 2144 cum
2426 2092 2578 2144 vires
2592 2091 2746 2143 illius
2772 2091 3043 2155 frequens
3067 2097 3394 2153 percussisset

1788 2165 2039 2225 afflictio,
2053 2163 2260 2227 inquit,
2278 2162 2652 2215 nihilominus
2668 2162 3049 2226 inimpietatis
3062 2164 3270 2215 studiis
3286 2179 3393 2226 per-

1788 2236 2077 2297 manebat,
2126 2240 2187 2286 ut
2234 2235 2409 2286 simul
2459 2238 2515 2285 et
2544 2233 2778 2298 crudus,
2814 2234 2950 2298 quia
2971 2234 3307 2297 indomitus,
3336 2240 3393 2288 et

1788 2312 2031 2359 exustus
2058 2305 2392 2371 appelletur,
2427 2306 2561 2369 quia
2578 2306 2707 2357 tabe
2724 2318 2787 2357 se
2809 2307 3075 2369 gemebat
3090 2307 3387 2359 afflictum.

1790 2380 1999 2431 Tenuit
2019 2384 2215 2429 autem
2227 2377 2641 2443 metaphoram,
2653 2381 2718 2428 ut
2730 2379 2865 2441 quia
2881 2377 3123 2429 stultum
3148 2381 3392 2428 attritum-

1789 2462 1903 2513 que
1928 2450 2200 2513 populum
2224 2448 2604 2501 subcinericio
2627 2449 2780 2513 pani,
2808 2448 2907 2512 qui
2928 2461 3047 2500 non
3067 2453 3393 2501 reversatur

1787 2525 2105 2584 aptaverat,
2133 2524 2454 2574 vastatores
2478 2520 2652 2572 etiam
2676 2523 2804 2584 ejus
2827 2525 3123 2573 voratores
3146 2525 3388 2573 vocaret.

1788 2593 1884 2645 Ait
1904 2592 2057 2644 enim
2085 2609 2095 2642 :

1851 2667 2015 2716 Vers.
2061 2664 2112 2717 9.
2157 2691 2221 2701 —
2248 2663 2605 2715 Comcderunt
2637 2662 2807 2712 alieni
2837 2662 3003 2712 robur
3033 2663 3164 2727 ejus,
3200 2668 3245 2713 et
3282 2666 3392 2730 ipse

1788 2738 2029 2788 nescivit.
2074 2736 2246 2799 Idest,
2285 2736 2689 2787 discretionem
2719 2735 2855 2787 boni
2877 2740 2934 2786 et
2954 2736 3090 2785 mali
3123 2747 3298 2799 quam
3320 2735 3391 2788 de

1791 2809 2023 2861 virtutis
2048 2808 2421 2860 meditatione
2453 2820 2569 2858 non
2593 2806 2814 2871 habuit,
2841 2819 3029 2870 neque
3053 2806 3125 2858 de
3147 2808 3393 2859 verberi-

1788 2880 1900 2930 bus
1922 2879 2094 2931 illatis
2117 2879 2348 2943 recepit.
2376 2877 2485 2928 Sed
2510 2877 2965 2940 nescitomnino,
2980 2878 3078 2940 qui
3098 2880 3392 2938 roburejus

1788 2952 2177 3014 absumerent,
2197 2956 2256 3002 et
2277 2949 2587 3014 perniciem
2608 2960 2775 2998 suam
2804 2947 3052 2999 mirabili
3077 2947 3393 3001 stoliditate

1789 3022 2130 3074 dilexit.Nec
2142 3033 2301 3084 sane,
2314 3021 2469 3083 quod
2491 3024 2578 3071 est
2594 3018 2865 3070 ultimum
2882 3018 3215 3070 eruditionis
3232 3034 3325 3075 gen
3334 3036 3393 3070 us

1790 3093 1883 3147 vel
1904 3098 2038 3158 post
2070 3095 2466 3157 experimenta
2501 3090 2808 3156 consipuit,
2834 3089 2937 3141 sed
2960 3090 3018 3141 in
3042 3090 3387 3156 insipientia,

1787 3179 1961 3233 quam
1983 3167 2043 3217 in
2055 3166 2238 3230 prima
2252 3169 2421 3217 uitale
2441 3169 2532 3215 est
2547 3161 2902 3227 complexus,
2917 3161 2937 3190 ⁶¹
2951 3173 3135 3225 usque
3151 3162 3225 3213 ad
3236 3178 3389 3214 canos

1788 3246 1932 3306 ejus,
1945 3239 2113 3303 idest,
2131 3249 2317 3301 usque
2328 3235 2402 3287 ad
2426 3235 2742 3287 senectutis
2757 3239 3030 3306 tempora,
3042 3234 3386 3306 perduravit.

1789 3304 2179 3373 Cumulanter,
2191 3320 2308 3359 non
2326 3306 2663 3372 apparuisse
2683 3305 2958 3357 caniciem
2972 3304 3074 3355 sed
3097 3307 3389 3355 defloruisse

1795 3390 1853 3437 et
1863 3384 2105 3435 effusam
2118 3393 2267 3441 esse,
2288 3378 2676 3438 commendat,
2696 3377 2864 3439 idest,
2883 3381 2948 3427 ut
2961 3389 3079 3427 non
3095 3378 3389 3441 prOpiasse

1798 3460 1901 3509 sed
1924 3454 2091 3519 quasi
2115 3452 2427 3504 senectutis
2437 3463 2622 3502 annos
2638 3460 2765 3500 eam
2779 3446 3110 3513 implevisse
3121 3450 3389 3501 ostende-

1798 3534 1883 3581 ret
1906 3544 1917 3578 :
1947 3531 2003 3579 et
2027 3533 2221 3578 tamen
2235 3524 2617 3588 ignorantiam
2633 3522 2794 3586 pravi
2817 3524 2919 3571 aut
2937 3520 3096 3583 recti,
3111 3520 3173 3572 in
3197 3534 3395 3585 parvu-

1798 3601 1868 3652 lis
1891 3600 1987 3650 vix
1998 3595 2496 3660 excusandam,ad
2522 3599 2848 3645 extremum
2871 3604 3055 3655 usque
3069 3592 3393 3645 attinuisse.

1797 3675 1928 3724 Jam
1960 3676 2156 3722 autem
2200 3674 2258 3721 et
2283 3680 2457 3733 supra
2487 3664 2912 3724 adnotavimus,
2940 3664 3076 3727 quia
3096 3663 3392 3717 infantiam
3452 3678 3455 3683 '

1799 3748 1972 3808 atque
2015 3742 2465 3794 adolescentiam
2499 3737 2713 3804 populi,
2748 3735 2889 3788 illud
2917 3749 3030 3800 quo
3059 3736 3130 3788 de
3153 3739 3395 3809 Egypto

1800 3828 2071 3881 egressus
2103 3819 2193 3865 est
2230 3818 2474 3877 tempus,
2509 3815 2568 3862 et
2594 3815 2804 3862 terram
2822 3810 3279 3875 repromissionis
3300 3824 3395 3864 oc-

1802 3888 2052 3952 cupavit,
2074 3883 2338 3950 adpellet.
2363 3885 2740 3936 Juventutem
2763 3887 2957 3933 autem
2983 3882 3032 3945 ej
3042 3894 3110 3933 us
3126 3882 3397 3948 mediam,

1802 3972 1916 4024 quo
1938 3958 1998 4010 in
2018 3957 2111 4010 illa
2133 3957 2363 4021 regione
2378 3954 2664 4020 regnavit:
2685 3957 3041 4006 senectutem
3053 3966 3204 4017 vero,
3223 3955 3395 4018 capti-

1802 4031 1997 4084 vitatis
2020 4042 2225 4091 annos,
2245 4030 2413 4093 cujus
2438 4028 2632 4092 finem,
2656 4027 3089 4080 renovationem
3100 4026 3395 4091 prOpheta,

1800 4104 2079 4157 nominat.
2105 4105 2171 4155 In
2195 4115 2311 4167 qua
2333 4100 2607 4153 nimirum
2631 4100 2815 4151 instar
2838 4098 3162 4163 aquilarum
3176 4111 3399 4165 repara-

1806 4182 1865 4229 ta
1895 4176 2159 4229 videatur
2181 4176 2491 4240 juventute
2520 4172 2774 4227 volitare.

1867 4251 2028 4300 Vers.
2063 4248 2150 4303 10.
2177 4247 2264 4303 11.
2304 4277 2364 4287 -
2406 4248 2475 4298 Et
2508 4244 2892 4297 humiliabilur
2920 4243 3171 4308 superbia
3194 4244 3401 4294 lsraelis

1806 4322 1867 4371 in
1910 4321 2049 4385 facie
2093 4324 2223 4387 ejus,
2264 4336 2357 4371 nec
2398 4321 2595 4370 reversi
2631 4322 2757 4369 sunt
2794 4318 2866 4368 ad
2901 4317 3203 4367 Dominum
3229 4317 3400 4366 Deum

1804 4409 1985 4453 suum,
2010 4398 2056 4442 et
2078 4408 2193 4442 non
2216 4392 2540 4457 quasierunt
2568 4406 2692 4440 eum
2714 4391 2775 4439 in
2795 4387 3045 4439 omnibus
3072 4389 3174 4440 his.
3194 4388 3262 4437 Et
3282 4388 3404 4451 fac-

1808 4474 1892 4518 tus
1913 4472 1983 4516 est
2001 4464 2259 4530 E/fraim,
2273 4465 2433 4529 quasi
2444 4462 2685 4514 columba
2698 4461 2931 4520 seducta,
2950 4474 3061 4509 non
3085 4458 3401 4511 habenscor.

1808 4538 2232 4591 Declinationes
2252 4536 2488 4600 quidem
2517 4538 2837 4599 temporum
2854 4530 3148 4595 propheta
3164 4530 3404 4583 licenter

1807 4612 2133 4672 immutant,
2179 4608 2391 4672 quibus
2432 4612 2625 4659 tamen
2669 4602 3050 4656 consideratio
3100 4602 3402 4668 dictorum,

1814 4682 2287 4747 consequentiam
2318 4680 2503 4746 possit
2523 4682 2736 4742 aptare.
2763 4674 2925 4729 Unde
2948 4678 3006 4727 et
3025 4673 3119 4726 hic
3145 4674 3407 4725 humilia-

1738 4718 1793 4791 D
1816 4760 1959 4791 ln'hm
1982 4754 2169 4791 nncnif
2218 4769 2317 4791 mn
2344 4750 2637 4791 Ιιηπιίιίηίη.
2659 4754 2731 4791 est
2751 4746 3003 4791 simerbia
3028 4746 3238 4791 Israelis
3252 4746 3313 4791 in
3331 4748 3407 4791 fa-

1815 4760 1959 4810 bilur
1982 4746 2192 4821 pesuit,
2217 4769 2317 4819 pro
2343 4750 2637 4803 humiliata
2659 4754 2731 4798 est
2751 4746 3003 4821 superbia
3020 4746 3238 4821 AIsraelis
3252 4746 3313 4796 in
3327 4748 3411 4812 fa-

1813 4833 1888 4883 cie
1907 4818 2039 4895 ejus.
2067 4818 2242 4889 Idest,
2259 4825 2433 4877 etiam
2453 4822 2578 4887 sibi,
2593 4832 2770 4885 quam
2792 4818 3264 4895 deformisesset,
3283 4834 3409 4881 appa

1812 4891 1944 4955 ruit:
1966 4901 2072 4964 Qui
2101 4898 2373 4951 amittens
2397 4895 2604 4947 decora
2627 4892 2952 4944 securitatis
2969 4891 3247 4964 antiquae,
3264 4905 3411 4951 squa-

1812 4976 1928 5027 lere
1942 4962 2003 5024 se
2016 4970 2301 5023 ulceribus
2315 4967 2545 5019 miserm
2563 4964 2853 5018 servitutis
2868 4962 3110 5026 aspexit,
3135 4966 3314 5013 etnec
3337 4965 3408 5011 sic

1814 5045 2049 5110 quidem
2071 5044 2276 5105 Deum,
2303 5052 2473 5104 quem
2491 5052 2554 5090 se
2570 5036 2880 5110 offendisse
2895 5037 3149 5110 noverat,
3167 5032 3409 5110 requisi-

1813 5105 1911 5170 vit.
1931 5118 2119 5167 Factus
2146 5119 2215 5163 est
2247 5110 2486 5175 Effraim
2511 5109 2669 5174 quasi
2684 5105 2928 5155 columba
2946 5105 3159 5154 seducta
3180 5120 3293 5153 non
3307 5105 3405 5154 ha-

1815 5189 1937 5239 bens
1955 5204 2060 5239 cor.
2090 5183 2253 5248 Quod
2278 5194 2453 5247 supra
2481 5179 2783 5232 stultitiam
2809 5188 2994 5248 usque
3016 5176 3088 5226 ad
3118 5180 3405 5228 senectam

1816 5247 2183 5327 progressam
2198 5254 2444 5317 vocavit,
2459 5253 2567 5303 hoc
2582 5262 2739 5327 nunc
2753 5247 3404 5327 impliCitatefnpominat.

1817 5319 2115 5385 iratidibus
2128 5329 2398 5381 nimirum
2411 5323 2702 5389 patentem
2714 5322 3102 5370 seductorum.
3116 5319 3231 5370 Nos
3241 5326 3407 5368 autem

1817 5403 2152 5458 meminisse
2175 5400 2473 5458 debemus,
2499 5404 2703 5445 omnes
2728 5389 3154 5454 similitudines,
3174 5402 3319 5455 quas
3338 5390 3410 5442 de

1818 5570 2013 5619 autem
2047 5573 2165 5614 non
2192 5558 2455 5619 habetur,
2481 5552 2582 5605 sed
2604 5548 2832 5604 tantum
2857 5550 3003 5612 ηλν,
3033 5548 3188 5612 quod
3211 5548 3410 5613 utique

1819 5639 2164 5704 placentam,
2206 5630 2333 5683 sive
2374 5638 2581 5694 panem
2624 5621 3071 5704 subcinericium
3107 5622 3412 5704 significat,

2469 5720 2573 5760 seu
2594 5680 2723 5782 Dn‘?
2760 5715 2879 5755 non
2910 5702 3088 5782 addit,
3125 5680 3278 5782 quin.
3300 5680 3411 5782 ipsi

1819 5775 1994 5842 etiam
2036 5786 2209 5849 LXX,
2247 5775 2519 5835 reticent.
2542 5782 2607 5830 In
2629 5775 3008 5838 subsequenti
3037 5775 3414 5839 expositionis

1822 5862 2099 5913 contextu
2110 5855 2376 5908 librarios
2389 5864 2606 5905 errores
2624 5854 2740 5901 tres
2757 5850 3073 5911 quatuorve
3089 5850 3412 5911 castigamus.

1883 5932 1905 5961 ά
1928 5926 2252 5995 Supplenda
2288 5938 2462 5990 quam
2494 5922 2742 5995 explicat
2778 5932 2907 5985 pars
2922 5920 3213 5995 versiculi,
3246 5920 3338 5970 sed
3367 5924 3417 5969 et

1822 6004 1949 6054 cani
1973 5992 2128 6066 effusi
2150 6002 2278 6049 sunt
2301 5998 2360 6047 in
2381 6011 2458 6057 eo,
2482 6000 2528 6046 et
2550 5996 2662 6059 ipse
2681 5992 2969 6058 ignoravit.
