3884 6404
544 432 650 488 999

1597 424 1864 477 RUFINO
1898 418 2359 477 PRESBYTERO
2392 420 2778 476 ASCRIPTUS

3711 427 3827 483 1000

544 543 820 599 creaturis
857 551 1047 593 sermo
1081 537 1314 611 di_vi_ni_is
1347 536 1647 611 consuevit
1670 546 1987 611 assumere,
2022 540 2140 586 tam
2162 533 2658 611 Ajugumhostile
2673 532 3826 611 depulerant,mihiquoquesubjicirenue-

542 631 645 683 pro
656 612 1085 679 vituperatione,
1103 607 1162 683 4
1167 607 1219 675 3
1228 606 1287 683 5Α
1300 618 1477 683 quam
1496 620 1594 672 pro
1608 604 1780 683 laude
1793 618 1964 683 posse
1976 618 2138 683 cons-

543 676 691 751 titui,
718 676 867 737 sicut
889 694 1064 743 nunc,
1081 680 1364 731 columbis
1381 680 1435 751 vi
1442 677 1815 751 tuperabilem
1832 676 2135 751 stultitiam

538 749 817 825 propheta
854 753 1194 818 composuit,
1240 762 1388 825 quas
1424 749 1484 825 in
1518 749 1823 825 Evangelia
1853 749 2136 825 Dominus

543 820 936 895 pro'laudabiii
965 822 1296 876 innocentia
1327 822 1661 873 nominavit.
1698 820 1898 895 Εᾳιοις,Δ
1928 820 2133 895 inquit,

540 891 747 965 (Matth.
789 896 896 959 10.)
944 895 1107 945 astuti
1150 895 1285 965 sicut
1328 900 1615 965 serpentes,
1633 896 1680 940 et
1714 891 1978 965 simplices
1998 893 2135 939 sicut

540 962 807 1020 columbae.
822 969 1015 1017 Factus
1025 971 1096 1015 est
1107 964 1347 1028 Elfraim
1363 964 1523 1027 quasi
1539 962 1782 1012 columba
1796 963 2010 1011 seducta
2022 975 2134 1010 non

544 1041 744 1091 habens
773 1055 880 1089 cor.

599 1115 743 1164 Vers
755 1149 766 1161 .
800 1109 886 1165 12.
898 1108 1274 1172 —£gyptum
1284 1104 1624 1164 invocabant,
1642 1105 1975 1169 adAssyrios
1990 1103 2136 1153 abie-

440 1183 445 1187 ’
534 1189 685 1234 runt.
712 1183 780 1231 Et
804 1195 928 1230 cum
949 1179 1171 1243 profecti
1185 1178 1411 1240 fuerint,
1429 1178 1746 1240 expandam
1759 1191 1920 1240 super
1934 1189 2017 1224 eos
2032 1180 2135 1222 rete

533 1269 732 1314 meum,
773 1258 818 1302 et
852 1252 1011 1316 quasi
1043 1250 1311 1298 volucrem
1344 1248 1458 1298 cceli
1495 1249 1779 1297 detraham
1805 1262 1906 1307 eos,
1933 1247 2134 1296 caedam

533 1342 615 1376 eos
630 1324 931 1376 secundum
946 1321 1283 1371 auditionem
1295 1327 1454 1369 cwtus
1469 1334 1674 1370 eorum.
1693 1321 1836 1371 Cum
1857 1320 1873 1370 l
1887 1319 1957 1371 Dei
1971 1324 2135 1366 essent

534 1396 770 1459 auxilio,
796 1405 971 1458 quem
987 1393 1353 1456 reliquerant,
1368 1391 1651 1455 destituti,
1668 1395 1727 1443 et
1742 1390 2133 1454 frequentibus

525 1472 647 1533 jam
659 1466 1057 1532 eruptionibus
1074 1464 1460 1529 pulsarentur,
1484 1464 1635 1515 sicut
1645 1475 1848 1527 regum
1867 1470 2031 1512 narrat
2047 1465 2132 1512 hi-

536 1538 732 1602 storia,
748 1540 820 1590 ab
833 1537 1114 1600 Egyptiis
1125 1535 1343 1587 auxilia
1351 1535 1735 1599 postularunt,
1764 1540 1829 1587 ut
1837 1551 1937 1598 eos,
1953 1538 2134 1587 adver-

533 1624 666 1662 sum
678 1609 952 1674 Assyrios
965 1612 1283 1659 tuerentur.
1291 1607 1401 1659 Sed
1412 1607 1556 1658 nihil
1567 1607 1815 1672 amplius
1828 1623 1978 1669 quam
1992 1625 2133 1658 num-

531 1695 758 1734 morum
770 1680 1072 1745 dispendia
1086 1680 1499 1743 sentientes,ab
1513 1678 1626 1730 illis
1637 1679 1787 1744 capti
1799 1685 1936 1732 sunt
1947 1684 2133 1742 quibus

531 1766 631 1804 eos
657 1753 982 1816 subjecerat
1003 1751 1201 1804 divina
1224 1752 1528 1802 sententia.
1555 1752 1678 1801 Hoc
1702 1756 1791 1802 est
1814 1763 1949 1815 ergo
1973 1753 2128 1815 quod

531 1825 696 1876 dicit:
726 1824 1008 1885 Quoniam
1023 1835 1157 1873 cum
1180 1824 1477 1885 Egyptios
1502 1822 1836 1874 invocarent
1858 1823 1932 1873 ad
1946 1826 2128 1889 Assy-

2239 606 2395 669 bant,
2418 604 2557 657 illud
2575 617 2812 670 operum
2827 617 2983 668 voce,
3000 604 3276 669 dicentes,
3291 605 3455 657 Labia
3469 612 3676 657 nostra
3695 624 3729 657 a
3744 625 3824 659 ηο-

2236 676 2314 726 bis
2328 683 2470 737 sunt,
2486 677 2610 742 quis
2627 683 2807 726 noster
2827 678 3085 727 dominus
3100 683 3172 726 est
3196 677 3356 741 (Psal.
3385 678 3491 743 11.)
3504 681 3533 730 ?
3549 680 3709 728 Facti
3723 690 3826 729 sunt

2235 749 2396 812 quasi
2419 763 2579 798 arcus
2603 748 2814 798 dotosus
2838 765 2853 798 :
2877 750 3047 811 idest,
3076 753 3302 801 tantum
3314 751 3723 810 perversitatis
3743 752 3826 804 ha-

2236 820 2500 880 buerunt,
2529 825 2591 871 ut
2614 821 2945 872 viderentur
2965 834 3135 872 arcus
3158 820 3413 881 dolosus,
3432 821 3535 885 qui
3556 823 3826 886 videlicet,

2236 891 2433 943 fraude
2450 896 2819 943 monstruosa
2837 893 2898 943 in
2912 893 3104 956 ipsum
3134 893 3238 957 [AL
3265 892 3491 958 ipsam],
3520 896 3705 958 cujus
3724 908 3828 947 ma-

2234 964 2406 1014 nibus
2430 963 2794 1029 tendebatur,
2807 962 2921 1015 tela
2937 962 3226 1027 dirigeret.
3263 964 3353 1015 Sic
3372 965 3486 1028 isti,
3506 965 3727 1029 inquit,
3750 979 3826 1018 au-

2234 1035 2453 1085 daciam
2467 1046 2642 1097 quam
2658 1035 2731 1086 ad
2740 1048 2967 1086 versum
2978 1035 3176 1087 hostes
3193 1048 3348 1099 suos,
3365 1049 3490 1088 meo
3502 1036 3711 1088 favore
3724 1054 3825 1086 con-

2234 1108 2519 1170 ceperant,
2533 1105 2592 1156 in
2602 1111 2825 1158 contem
2836 1111 2958 1158 tum
2972 1107 3154 1158 nostri
3178 1106 3717 1172 contumeliamque
3729 1122 3826 1161 ver-

2236 1179 2449 1240 tebant.
2479 1176 2679 1227 Cadent
2704 1178 2763 1226 in
2787 1178 2968 1241 gladio
2983 1179 3255 1243 principes
3269 1194 3454 1228 eorum
3470 1195 3506 1228 a
3519 1180 3720 1243 furore
3735 1181 3825 1228 Ilit-

2232 1263 2349 1313 guae
2371 1264 2495 1297 suae.
2510 1255 2616 1297 Ista
2626 1248 2981 1299 subsannatio
2997 1264 3182 1299 eorum
3193 1250 3254 1299 in
3272 1256 3413 1300 terra
3428 1250 3683 1316 Egypti.
3706 1254 3823 1308 Quod

2232 1319 2460 1371 duobus
2484 1318 2720 1384 intelligi
2746 1324 2937 1385 potest
2957 1320 3163 1379 modis,
3189 1326 3247 1373 et
3270 1326 3335 1373 ut
3360 1321 3656 1387 videlicet,
3683 1324 3825 1374 dinuo

2232 1393 2467 1444 meratis
2477 1404 2675 1444 eorum
2687 1394 2917 1444 diversa
2931 1398 3104 1445 aetate
3120 1393 3476 1459 criminibus,
3497 1397 3827 1459 pronuncia-

2234 1464 2379 1516 verit
2398 1477 2526 1515 esse
2541 1464 2949 1525 rectissimum,
2969 1468 3033 1516 ut
3055 1465 3338 1530 principes
3355 1478 3488 1517 cum
3500 1466 3742 1531 populis
3760 1469 3827 1514 in-

2233 1536 2470 1587 terirent
2485 1550 2497 1585 :
2513 1540 2570 1586 et
2594 1547 2733 1599 quas
2751 1541 2905 1587 esset
2928 1537 3306 1588 subsannatio
3329 1537 3389 1588 in
3414 1542 3567 1589 terra
3591 1539 3823 1602 Egypti,

2233 1606 2401 1671 idest,
2427 1619 2559 1670 quae
2588 1609 2759 1669 lForte
2774 1607 2941 1672 quas]
2959 1609 3403 1660 contemnebant
3425 1610 3823 1674 prophetarum

2233 1679 2438 1742 minas,
2470 1679 2543 1729 ab
2567 1680 2848 1743 Egyptiis
2868 1678 3085 1731 auxilia
3094 1679 3514 1745 praestolantes,
3528 1681 3715 1745 digno
3730 1682 3823 1732 fine

2235 1755 2624 1814 cognosceret,
2648 1750 2845 1802 etideo
2869 1751 3407 1815 quasiinsultanter,
3424 1764 3459 1803 a
3477 1767 3537 1801 co
3547 1756 3820 1812 nvineente,

2224 1826 2357 1884 post
2364 1824 2665 1886 plagarum
2680 1821 3195 1873 dinumerationem
3213 1822 3473 1874 videatur
3493 1824 3723 1886 illatum,
3735 1824 3821 1872 Ista

530 1895 949 1984 riosabierunt,
968 1893 1123 1972 quia,
1146 1893 1289 1984 Egy
1296 1893 1411 1971 ptis
1434 1892 1581 1984 nihil
1599 1894 1674 1984 ad
1689 1893 2019 1984 juvandum
2040 1908 2129 1945 va-
2153 1909 2207 1984 B
2231 1898 2311 1974 est.
2342 1892 2696 1975 subsannatio
2720 1907 2906 1941 eorum
2939 1893 3012 1984 ‘in
3037 1892 3447 1984 terrcirzi‘i'gypli,
3473 1893 3821 1984 idestgruina

530 1966 805 2024 lentibus,
822 1965 1045 2028 Assyrii
1060 1975 1158 2014 eos
1170 1967 1243 2014 ad
1255 1964 1517 2026 regiones
1532 1962 1734 2014 Media
1745 1966 2126 2014 transtulerunt.

533 2039 603 2088 Et
616 2036 753 2101 quia
768 2038 1095 2087 columbam
1107 2034 1491 2099 appellaverat
1506 2033 1753 2096 Eii‘raim,
1767 2046 1940 2098 quam
1957 2036 2130 2088 etiam

532 2108 660 2160 caeli
678 2109 969 2161 volucrem
984 2110 1166 2167 vocat,
1186 2118 1424 2157 servans
1439 2106 1859 2170 metaphoram,
1877 2110 2133 2157 detractu-

532 2192 662 2231 rum
686 2192 750 2230 se
764 2191 911 2242 eam,
930 2185 988 2230 et
999 2182 1330 2240 operturum
1342 2181 1462 2228 rete
1478 2177 1791 2229 denunciat
1805 2192 1818 2228 :
1831 2177 1980 2229 idest
1995 2180 2127 2240 Vos,

533 2251 765 2316 quidem
779 2250 1085 2314 imperium
1110 2261 1304 2301 meum
1323 2248 1775 2313 prmvaricando,
1791 2249 2129 2315 reliquistis,

530 2334 648 2374 non
663 2328 857 2374 tamen
876 2326 1041 2373 extra
1050 2320 1351 2371 arbitrium
1364 2332 1559 2372 meum
1570 2323 1904 2380 captivitatem
1919 2324 2127 2386 sistatis,

532 2393 635 2446 sed
658 2392 981 2445 imminebit
1004 2391 1183 2453 vobis,
1211 2393 1385 2444 etiam
1401 2392 1475 2442 ad
1490 2392 1600 2443 alia
1614 2402 1755 2444 arva
1772 2394 2127 2453 migrantibus,

529 2466 833 2529 potestatis
847 2476 995 2516 mea:
1007 2464 1127 2515 lixa
1139 2463 1454 2516 dominatio
1476 2478 1490 2527 ;
1503 2468 1561 2515 et
1571 2464 1700 2515 ideo
1721 2475 1795 2515 ne
1810 2467 2129 2513 arbitremini

531 2549 635 2589 vos
646 2536 983 2600 migratione
993 2536 1107 2586 ista
1120 2535 1387 2600 periculis
1399 2535 1671 2586 omnibus
1683 2534 1783 2586 def
1784 2540 2128 2599 unctos,ecce

528 2607 795 2672 praedico,
826 2608 981 2670 quod
1003 2605 1118 2656 illic
1134 2618 1364 2669 quoque
1386 2605 1619 2657 ultionis
1639 2619 1786 2658 meas
1809 2611 1928 2659 rete
1946 2607 2129 2671 patia-

526 2678 693 2741 mini,
729 2691 835 2729 nec
868 2679 1328 2741 inuignatronem
1364 2689 1553 2728 meam
1584 2676 1833 2740 effugere
1866 2678 2124 2742 valeatis,

527 2749 639 2801 nisi
662 2761 729 2799 ea
754 2750 964 2811 studia,
1001 2760 1100 2812 per
1123 2760 1255 2811 quas
1280 2748 1561 2799 suscitata
1582 2748 1786 2813 fuerat,
1810 2748 2123 2814 corrigatis.

590 2822 752 2871 Vers.
780 2817 982 2873 13.-16.
1011 2846 1070 2856 -
1105 2819 1187 2868 Vae
1216 2819 1292 2868 eis
1316 2821 1582 2882 quoniam
1604 2825 1978 2869 recesserunta
2006 2835 2121 2869 me:

527 2891 900 2950 vastabantur,
922 2891 1057 2955 quia
1063 2891 1412 2955 praevaricati
1425 2896 1553 2940 sunt
1565 2892 1626 2940 in
1646 2905 1746 2951 me,
1761 2897 1807 2939 et
1817 2906 1909 2955 ego
1924 2892 2126 2941 redemi

523 2978 626 3024 eos,
653 2970 701 3012 et
722 2963 830 3025 ipsi
857 2962 1070 3026 loquuti
1092 2967 1219 3011 sunt
1242 2971 1433 3011 contra
1453 2977 1536 3011 me
1548 2963 1857 3013 mendacia.
1868 2962 1998 3013 Non
2013 2964 2125 3013 cla-

524 3040 809 3085 maverunt
835 3043 852 3063 ι
878 3034 951 3083 ad
965 3049 1048 3083 me
1072 3035 1134 3083 in
1157 3034 1312 3084 corde
1332 3048 1449 3095 suo,
1472 3034 1562 3083 sed
1573 3034 1857 3085 ulubalant
1871 3034 1932 3083 in
1943 3035 2126 3084 cubili-

523 3107 618 3155 bus
638 3107 752 3156 suis
775 3123 786 3154 :
803 3120 966 3170 super
977 3107 1219 3155 triticum
1235 3112 1281 3154 et
1297 3106 1489 3155 vinum
1502 3105 1863 3155 ruminabant
1882 3121 2125 3157 :reccsse-

518 3184 649 3227 runt
672 3194 707 3227 a
730 3191 832 3228 me.
856 3179 1026 3240 Etego
1036 3178 1269 3239 erudivi,
1285 3182 1331 3226 et
1352 3179 1675 3239 conﬁrmavi
1689 3178 1917 3228 brachia
1930 3193 2119 3229 eorum

519 3256 565 3299 et
588 3252 649 3299 in
675 3264 755 3299 me
778 3250 1145 3313 cogit-suerunt
1167 3250 1458 3300 malitiam.
1484 3251 1695 3300 Reversi
1712 3256 1859 3315 sunt,
1872 3254 1931 3299 ut
1952 3256 2119 3300 essent
2144 3300 2149 3307 ,

518 3320 715 3386 absque
731 3320 866 3385 jugo
893 3336 904 3370 :
929 3321 1061 3382 facti
1075 3326 1203 3369 sunt
1226 3323 1387 3384 quasi
1410 3336 1571 3370 arcus
1589 3321 1821 3373 dolosas.
1840 3321 2117 3373 Cadentin

516 3392 699 3457 gladio
724 3393 1000 3456 principes
1022 3406 1229 3452 eorum,
1256 3408 1290 3441 a
1316 3393 1504 3456 furore
1527 3393 1744 3457 linguae.
1760 3393 1870 3442 Ista
1890 3392 2115 3444 subsan-

518 3466 671 3513 natio
694 3478 881 3513 eorum
891 3467 954 3512 in
969 3469 1113 3512 terra
1124 3464 1226 3526 1E9
1234 3465 1366 3527 ypti.
1381 3466 1630 3516 Necesse
1643 3468 1752 3525 est,
1763 3464 1928 3527 inqui
1935 3466 2119 3526 t,ca.la-

518 3535 717 3586 mitate
731 3546 832 3585 eos
845 3538 864 3562 ¹³
878 3536 1261 3597 imprimente,
1278 3534 1474 3586 vexari
1485 3535 1586 3598 qui
1595 3540 1957 3587 recesserunt
1973 3551 2003 3583 ιι
2018 3552 2115 3601 me,

517 3612 577 3659 et
597 3606 742 3669 legis
755 3618 902 3657 meas
926 3611 1145 3657 statuta
1155 3606 1503 3669 transgressi
1517 3610 1783 3668 sunt,nec
1793 3606 1972 3658 semel
1982 3609 2116 3658 istud

516 3678 824 3728 admisisse
839 3677 1110 3738 contenti,
1124 3677 1392 3727 omnibus
1397 3692 1416 3738 λ
1428 3677 1745 3728 udiciorum
1756 3693 2118 3742 meorum,quse

515 3748 589 3799 ad
613 3747 939 3809 sanandum
961 3746 1090 3799 illos
1114 3746 1368 3810 adhibui,
1380 3748 1651 3800 remediis
1671 3749 2032 3816 obstiterunt,
2059 3757 2119 3804 et

516 3819 685 3883 quasi
699 3820 868 3871 donis
887 3831 955 3871 ac
966 3818 1256 3871 beneﬁciis
1267 3818 1648 3872 redderentur
1662 3820 1880 3883 offensi,
1899 3821 1980 3873 ita
2002 3838 2116 3872 con-

514 3896 603 3944 tra
616 3904 808 3944 meam
824 3891 1279 3952 benevolentiam
1288 3891 1533 3957 ingrata
1541 3893 1754 3945 mentis
1769 3892 1984 3946 scelere
2003 3911 2114 3944 cer-

515 3969 801 4018 taverunt.
830 3966 975 4016 Nam
998 3964 1148 4015 sicut
1165 3966 1288 4028 jam
1310 3964 1444 4017 inde
1469 3977 1542 4017 ex
1570 3967 1812 4030 Egypto,
1835 3967 1917 4017 ita
1939 3968 2113 4018 etiam

514 4051 672 4103 saepe
694 4036 857 4100 alias,
875 4048 1070 4088 rerum
1093 4048 1326 4100 quoque
1348 4036 1587 4090 vocibus
1611 4041 2040 4102 obstrepebant,
2056 4043 2115 4091 et

507 4123 643 4161 cum
670 4109 920 4160 fuissent
954 4107 1027 4159 de
1055 4108 1375 4171 angoribus
1397 4106 1641 4171 liberati,
1670 4110 1821 4160 veris
1842 4110 2112 4161 remediis

506 4181 695 4233 officia
719 4180 865 4231 falsa
886 4179 1220 4231 reddebant.
1237 4180 1361 4230 Hoc
1386 4184 1477 4231 est
1498 4182 1656 4231 enim
1675 4180 1832 4243 quod
1854 4181 1964 4232 ait:
2000 4180 2111 4230 Ad-

510 4266 721 4302 versum
754 4265 841 4300 me
861 4250 1219 4314 loquebantur
1248 4252 1553 4301 mendacia.
1599 4250 1774 4314 ldest,
1821 4264 1939 4304 non
1970 4252 2113 4304 mihi

508 4330 753 4389 pectore,
773 4334 869 4374 sec
882 4323 1127 4373 summis
1138 4321 1305 4373 labiis
1318 4321 1729 4387 subdebantur.
1745 4323 1906 4384 Quod
1924 4328 1989 4375 ut
1999 4324 2114 4389 pla-

507 4396 642 4447 nius
664 4395 962 4458 indicaret,
986 4394 1213 4458 Objecit,
1250 4393 1379 4444 Non
1411 4394 1784 4444 clamaverunt
1822 4396 1895 4445 ad
1924 4412 2008 4446 me
2049 4398 2111 4447 in

508 4468 663 4517 corde
710 4482 827 4529 suo,
872 4468 962 4517 sed
992 4466 1277 4516 ululabant
1301 4466 1365 4516 in
1389 4466 1649 4517 cubilibus
1666 4469 1798 4520 suis.
1827 4468 1932 4521 Ubi
1956 4469 2110 4521 enim

509 4539 673 4592 deest
696 4541 937 4591 sincera
959 4540 1170 4591 mentis
1184 4538 1495 4603 aifectus,a
1516 4539 1826 4605 crapulatis
1840 4541 1972 4592 fusa
1982 4554 2110 4606 sup-

508 4610 754 4676 plicatio,
775 4612 879 4663 rite
895 4609 1135 4663 ululatio
1150 4613 1497 4665 nominatur.
1511 4614 1769 4676 Denique
1792 4627 1974 4674 conseq
1982 4629 2108 4662 uen-

2232 1965 2555 2030 principum
2585 1970 2758 2028 atque
2780 1965 3140 2029 populorum.
3160 1964 3265 2017 Vel
3287 1971 3437 2017 certe
3459 1966 3603 2029 quia
3618 1966 3823 2017 dixerat

2231 2036 2428 2085 reversi
2449 2041 2573 2086 sunt
2599 2042 2657 2085 ut
2672 2042 2836 2085 essent
2859 2035 3055 2100 absque
3074 2035 3239 2100 jugo:
3264 2037 3429 2101 idest,
3444 2036 3563 2103 legi
3581 2035 3822 2089 Deicolla

2233 2108 2647 2171 subduxerant,
2671 2106 3008 2171 liberarique
3028 2107 3101 2157 ab
3118 2120 3163 2171 eJ
3174 2121 3243 2158 us
3270 2107 3417 2172 [AnL
3440 2108 3548 2173 eis]
3573 2108 3820 2160 domina-

2233 2180 2386 2232 tione
2408 2181 2734 2244 cupiebant.
2750 2181 2877 2231 Non
2892 2191 3048 2230 nunc
3064 2179 3380 2242 primumid
3406 2180 3555 2232 velle
3577 2188 3818 2243 ceperunt,

2230 2254 2327 2314 ait,
2355 2252 2456 2304 sed
2480 2254 2539 2302 in
2564 2253 2804 2316 Egypto
2827 2250 3016 2316 positi,
3042 2255 3354 2314 antequam
3382 2264 3416 2302 a
3433 2250 3749 2303 Pharaonis
3767 2252 3819 2302 li-

2231 2325 2566 2376 berarentur
2586 2323 2842 2387 imperio,
2867 2328 2925 2374 et
2948 2322 3131 2387 Moysi
3154 2327 3212 2373 et
3233 2325 3423 2373 Aaron
3446 2322 3742 2388 impietate
3763 2322 3817 2373 si-

2230 2395 2351 2447 mili
2372 2394 2747 2448 resultabant.
2781 2393 3244 2458 Corruentigitur
3265 2394 3325 2442 in
3357 2393 3541 2457 gladio
3559 2395 3817 2459 principe:

2229 2481 2436 2529 eorum,
2465 2466 2565 2530 qui
2600 2467 2681 2516 ita
2702 2463 2890 2529 legem
2924 2465 3027 2516 Dei
3061 2464 3501 2529 blasphemandi
3531 2465 3814 2518 atrocitate

2230 2536 2537 2601 violarunt,
2583 2541 2648 2588 ut
2673 2537 3007 2588 viderentur
3030 2548 3150 2587 non
3172 2540 3292 2586 tam
3321 2548 3529 2602 errare,
3554 2548 3729 2601 quam
3752 2536 3816 2585 fu-

2228 2621 2370 2661 rere.

2822 2706 3051 2757 CAPUT
3086 2703 3233 2758 VIII.

2290 2824 2454 2875 Vers.
2500 2821 2615 2877 1-3.
2653 2850 2713 2858 -
2744 2822 2809 2871 In
2832 2827 3043 2886 gutture
3067 2826 3156 2871 tuo
3178 2822 3247 2871 sit
3270 2820 3413 2887 tuba,
3439 2824 3606 2888 quasi
3630 2821 3810 2889 Aquila

2224 2909 2388 2959 super
2410 2895 2633 2943 domum
2645 2893 2993 2956 Domini,pro
3012 2907 3069 2942 eo
3090 2892 3237 2957 quod
3258 2895 3583 2958 transgressi
3602 2895 3810 2959 sunth

2227 2965 2330 3014 dus
2352 2979 2554 3029 meum,
2579 2969 2624 3013 et
2650 2964 2812 3028 legem
2835 2978 3013 3013 meam
3029 2965 3376 3027 prevaricati
3394 2971 3541 3017 sunt.
3564 2968 3649 3017 Me
3670 2967 3807 3015 invo-

2224 3037 2453 3089 cabant:
2492 3038 2633 3087 Deus
2676 3051 2855 3101 meus,
2895 3037 3245 3100 cognovimus
3288 3042 3333 3086 te
3372 3037 3559 3091 Israel.
3594 3037 3806 3103 Projeeit

2223 3110 2387 3161 Israel
2415 3109 2633 3170 bonum,
2659 3109 2920 3158 inimicus
2933 3114 3280 3173 persequetur
3300 3124 3439 3161 eum.
3458 3111 3713 3162 Etiamin
3729 3122 3804 3160 su-

2215 3182 2537 3248 perioribus
2559 3178 2835 3246 partibus,
2860 3180 3183 3232 notandum
3205 3193 3564 3234 essemorem
3578 3182 3801 3247 prophe-

2215 3255 2312 3306 tici
2336 3254 2637 3316 sermonis,
2653 3252 2944 3315 admonui,
2958 3252 3060 3315 qui
3082 3264 3197 3316 quo
3205 3252 3351 3305 tiens
3360 3254 3520 3318 gravi
3531 3268 3694 3304 comm
3702 3257 3801 3302 ins-

2216 3329 2372 3378 tione
2409 3324 2721 3385 sonuisset,
2760 3324 2856 3376 vel
2891 3323 3209 3375 subdendis
3231 3324 3380 3377 illico
3401 3324 3799 3390 indignationis

2216 3397 2462 3461 caussis,
2475 3395 2569 3449 vel
2592 3395 2945 3461 proferendis
2969 3395 3254 3447 similibus
3275 3395 3578 3461 exemplis,
3597 3396 3799 3462 judicia

2217 3483 2323 3525 sua
2350 3475 2409 3522 et
2436 3481 2471 3521 a
2494 3468 2644 3520 fama
2659 3467 2976 3531 iniquitatis
2998 3471 3295 3530 assereret,
3309 3472 3367 3519 et
3388 3462 3695 3521 convenire
3714 3480 3800 3532 per

2216 3548 2426 3595 cuncta
2443 3540 2707 3605 justitim,
2724 3540 3136 3604 comprobaret.
3160 3542 3244 3591 Ita
3256 3552 3391 3603 ergo
3413 3544 3471 3591 et
3491 3552 3650 3592 nunc
3670 3547 3795 3602 post-

2216 3627 2389 3679 quam
2413 3614 2612 3678 culpas
2634 3617 2693 3663 et
2714 3611 3068 3663 calamitates
3090 3613 3413 3663 Israeliticae
3437 3611 3620 3677 plebis
3631 3611 3794 3676 expli-

2214 3688 2351 3751 cuit,
2376 3697 2620 3749 eamque
2642 3697 2759 3735 non
2783 3685 2974 3736 solum
3001 3683 3329 3748 acerbitate,
3344 3684 3631 3736 sedetiam
3647 3688 3795 3737 vetu-

2214 3764 2364 3811 state
2398 3757 2693 3809 horruisse
2715 3756 3082 3820 monstravit,
3112 3768 3188 3809 ne
3208 3755 3497 3809 videretur
3528 3755 3793 3808 scelerum

2214 3831 2448 3895 quidem
2486 3829 2663 3881 fuisse
2686 3829 2963 3893 convicta,
2987 3828 3091 3881 sed
3121 3832 3313 3880 tamen
3336 3827 3503 3880 vilius
3522 3828 3793 3881 mstimata

2213 3915 2390 3967 quam
2435 3901 2641 3954 Tribus
2670 3900 2859 3965 Judte,
2881 3913 3014 3965 quae
3030 3901 3140 3953 etsi
3163 3912 3282 3952 non
3298 3904 3490 3964 tantis,
3520 3900 3793 3952 similibus

2214 3979 2411 4027 tamen
2434 3974 2759 4028 sorduisset
2781 3974 3073 4026 erroribus
3098 3972 3254 4025 :ideo
3270 3969 3445 4039 437
3476 3973 3670 4026 subito
3680 3970 3791 4035 ejus

2212 4058 2441 4110 quoque
2476 4045 2825 4110 captivitatis
2853 4044 3049 4097 intulit
3081 4044 3451 4110 mentioiiem,
3475 4055 3652 4107 quam
3674 4041 3792 4108 post

2209 4118 2424 4170 multos
2445 4117 2618 4182 longe
2639 4128 2825 4168 annos
2842 4118 3148 4168 constabat
3158 4116 3526 4181 implendam,
3546 4115 3713 4175 etait,
3735 4112 3789 4160 1η

2209 4196 2423 4255 gutture
2467 4195 2558 4239 tuo
2596 4189 2665 4238 sit
2690 4187 2835 4249 tuba,
2869 4188 3039 4252 idest,
3066 4188 3264 4241 fauces
3288 4193 3423 4253 tuas,
3449 4189 3607 4240 tubas
3627 4187 3791 4238 instar

2209 4262 2551 4325 exclamem,
2565 4260 2700 4325 quia
2711 4274 2874 4324 super
2882 4260 3109 4311 domum
3125 4260 3242 4324 Dei,
3256 4261 3532 4323 templum
3543 4257 3790 4312 videlicet

2207 4334 2583 4399 Jerosolymis
2607 4334 2804 4396 situm,
2820 4333 2982 4397 quasi
2995 4332 3222 4398 Aquila,
3240 4332 3401 4385 ferox
3409 4326 3789 4399 prmdatorad-

2210 4408 2420 4460 veniat.
2436 4398 2443 4399 ί
2457 4408 2582 4458 Non
2602 4404 2757 4470 quod
2780 4405 2976 4469 religio
3002 4405 3131 4472 loci,
3158 4411 3217 4457 et
3228 4405 3413 4458 virtus
3423 4403 3674 4457 numinis
3689 4398 3787 4452 illic

2206 4490 2481 4543 apparere
2505 4476 2675 4542 soliti,
2701 4489 3065 4543 propugnare
3086 4489 3206 4528 non
3228 4482 3445 4542 posset,
3462 4476 3567 4529 sed
3590 4474 3721 4540 quia
3739 4474 3789 4522 et

2205 4552 2390 4616 ipsius
2402 4551 2596 4603 verbis
2609 4549 2893 4614 indigena:
2921 4550 3268 4614 transgressi
3291 4553 3429 4601 sunt
3442 4548 3650 4611 foedus,
3667 4544 3784 4607 quod

2202 4623 2355 4676 inter
2375 4625 2560 4675 Deum
2575 4622 2956 4686 hominesque
2974 4622 3162 4674 fuerat
3184 4633 3547 4685 percussum:
3572 4623 3696 4670 idest
3713 4629 3785 4665 re-

511 4688 597 4735 ter
615 4684 707 4747 adj
717 4684 902 4747 unxit,
918 4683 1094 4748 Super
1108 4685 1347 4734 triticum
1356 4690 1403 4733 et
1414 4686 1606 4735 vinum
1621 4684 1982 4760 ruminabant
1994 4702 2013 4746 ,-
2029 4702 2106 4737 re.

2220 4695 2436 4760 iigionis
2458 4700 2627 4759 pacta
2638 4683 3015 4755 violaverunt,
3030 4683 3397 4746 simulachris
3413 4694 3678 4747 Gentium
3686 4702 3783 4738 ser-

507 4763 773 4807 cmcmn‘
796 4772 833 4833 (ἒ
855 4771 963 4819 me;
991 4759 1473 4833 cum__‘1berta_tem
1491 4754 1671 4825 436
1697 4757 1966 4833 Videlicet
1986 4758 2101 4810 fm-
2128 4757 2186 4831 D
2205 4754 2412 4824 vi-endo
2430 4783 2443 4821 :
2458 4754 2641 4833 fitque
2657 4780 2867 4821 sensus
2879 4754 3190 4833 ejuSmodi:
3209 4769 3435 4830 Quanta
3446 4761 3783 4829 sitjudicsntis

507 4843 653 4895 gum
676 4830 935 4881 omnium
946 4831 1337 4895 contulissem,
1349 4831 1507 4884 itaut
1526 4837 1597 4882 de
1612 4830 1896 4883 conviviis
1910 4833 1972 4880 ad
1988 4846 2103 4881 con-

507 4903 663 4955 vivia
674 4902 999 4955 instaurata
1009 4904 1339 4969 transirent,
1350 4910 1410 4956 et
1422 4905 1607 4956 instar
1620 4902 1907 4968 pecudum
1917 4906 2105 4965 quibus

506 4979 597 5026 est
619 4976 819 5027 innata
839 4977 1166 5038 ruminatio,
1182 4977 1279 5029 isti
1296 4988 1444 5040 quos
1456 4980 1813 5029 vocaverunt
1826 4975 2105 5037 cibos,vel
2130 4982 2133 4983 '

504 5045 812 5110 laudando,
837 5046 932 5100 vel
945 5047 1339 5112 instaurando,
1357 5047 1525 5111 quasi
1543 5046 1688 5099 nihil
1707 5048 1976 5112 scientes,
2001 5062 2105 5097 me-

505 5117 617 5170 lius
633 5120 1041 5184 retractabant,
1055 5124 1228 5183 atque
1246 5118 1285 5170 a
1310 5130 1405 5171 me
1424 5118 1525 5183 qui
1542 5131 1699 5171 eram
1729 5122 1802 5171 ab
1810 5119 2100 5172 undantiaa

503 5192 685 5254 ipsius
702 5190 1183 5257 coltator,jugiter
1204 5191 1565 5243 recedebant.
1585 5193 1653 5241 Et
1681 5206 1773 5256 ego
1797 5192 2028 5253 erudivi,
2053 5196 2102 5242 et

503 5264 803 5326 confortavi
823 5263 1050 5313 brachia
1072 5278 1279 5325 eorum,
1294 5271 1340 5312 et
1364 5264 1425 5311 in
1453 5278 1537 5313 me
1558 5266 1922 5329 cogitaverunt
1945 5265 2102 5316 mali-

502 5335 657 5388 tiam.
684 5338 827 5388 Cum
850 5348 1008 5399 vero,
1038 5334 1246 5400 inquit,
1274 5340 1503 5401 tempus
1525 5336 1749 5403 fuisset,
1772 5342 1839 5390 ut
1861 5339 1919 5390 in
1952 5339 2100 5392 bella

502 5410 889 5469 procederent,
924 5408 1146 5459 strenui
1167 5409 1418 5460 doctoris
1438 5422 1659 5461 munus
1681 5412 2009 5476 implebam,
2035 5416 2101 5464 ut

500 5480 910 5532 certaminibus
943 5480 1307 5532 ﬁrmarentur
1326 5482 1541 5545 lacerti,
1562 5488 1619 5534 et
1641 5483 1896 5536 victoria:
1919 5483 2099 5536 decus

500 5551 667 5605 dulce
689 5558 1007 5617 gustarent.
1021 5553 1111 5605 Illi
1123 5558 1320 5606 autem
1332 5554 1479 5607 meis
1497 5555 1571 5606 ad
1582 5567 1813 5608 versum
1821 5568 1916 5608 me
1931 5557 2099 5608 bene-

501 5624 644 5676 ficiis
665 5627 997 5688 abutentes,
1010 5630 1309 5691 pectorum
1324 5639 1499 5691 quam
1514 5627 2099 5692 collegerant,tirmiia-

502 5697 617 5746 tem
629 5695 691 5748 in
706 5701 1064 5749 contemtum
1072 5696 1216 5762 legis
1231 5701 1494 5763 protinus
1510 5700 1873 5763 exercebant,
1899 5703 1956 5751 et
1976 5702 2098 5761 quia

563 5847 579 5864 '
604 5837 851 5891 Voculas
874 5841 947 5890 ad
966 5855 1051 5891 me
1072 5854 1146 5893 ex
1161 5818 1604 5906 Hieronymiana
1624 5842 1870 5907 aliisque
1892 5843 2099 5896 Editio—

498 5907 693 5980 nibus,
706 5911 950 5964 Hebrmo
965 5912 1025 5963 id
1040 5925 1175 5965 cum
1185 5914 1384 5979 primis
1404 5919 1565 5967 textu
1585 5916 1873 5980 exigente,
1889 5919 2098 5979 supple-

496 5978 707 6034 vimus.
733 5978 1412 6048 Subsequentilversiculo
1433 5998 1535 6050 pro
1557 5978 1876 6050 conﬁrmavi
1895 5978 2095 6043 eadem

2202 4842 2476 4909 gravitas,
2506 4840 2776 4905 intellige,
2796 4852 2904 4893 nec
2929 4841 3324 4903 eamTribum,
3342 4851 3474 4903 qum
3494 4833 3781 4889 ceremonias

2200 4914 2345 4979 legis
2369 4911 2720 4978 aliquandiu,
2746 4915 2801 4963 te
2822 4912 3245 4975 praevaricante,
3264 4910 3537 4976 servavit,
3552 4924 3665 4973 quae
3676 4914 3781 4956 tem-

2201 4999 2339 5052 pore
2363 4985 2767 5048 Sennacherib,
2792 4982 3070 5036 miraculo
3099 4984 3353 5037 maxime
3368 4986 3459 5037 est
3472 4981 3774 5052 vindicata:

2201 5046 2335 5124 qua
2366 5057 2564 5109 altaris
2587 5061 2647 5110 et
2670 5046 2894 5121 Templi
2926 5057 3046 5121 agit
3068 5057 3380 5122 conspicua
3409 5061 3468 5109 et
3488 5046 3778 5128 reverenda

2201 5120 2482 5194 subsidio,
2529 5141 2638 5181 nec
2680 5120 2872 5194 ipsam
2905 5120 3054 5193 [Ana
3082 5120 3297 5195 ipsum]
3318 5129 3555 5193 inquam
3579 5120 3771 5179 distuli.

2197 5206 2508 5268 postquam
2530 5200 2591 5252 in
2605 5205 2733 5253 tuos
2755 5213 2946 5253 mores
2969 5199 3192 5266 dilapsa
3213 5205 3304 5254 est
3326 5199 3622 5266 percellere
3642 5195 3772 5268 [ᾼηιο

2196 5266 2565 5339 praecellere].
2590 5273 2820 5338 Frigida
2843 5284 3098 5336 namque
3121 5277 3229 5337 est,
3261 5275 3319 5325 et
3339 5272 3484 5325 nihil
3505 5272 3579 5324 ad
3600 5266 3772 5339 deten-

2198 5338 2454 5420 dendum
2478 5347 2698 5420 valens,
2728 5345 3033 5420 nominum
3050 5346 3172 5398 sola
3186 5346 3443 5420 jactatio,
3466 5350 3525 5397 et
3538 5353 3663 5420 quia

2195 5418 2388 5483 puden
2395 5418 2531 5470 tiam
2542 5418 2729 5482 magis
2741 5430 2914 5482 quam
2928 5417 3283 5483 religionemj
3291 5418 3485 5470 udicet
3495 5417 3767 5467 conﬁtentis.

2195 5489 2259 5540 ld
2288 5494 2397 5553 est,
2420 5490 2577 5553 quod
2599 5490 2855 5553 profanis
2879 5489 3087 5541 studiis
3108 5490 3393 5554 inquinati
3424 5489 3610 5541 dicere
3627 5491 3767 5534 tamen

2195 5561 2430 5625 audent,
2458 5564 2615 5615 Deus
2639 5562 3026 5615 nosteriibera
3040 5574 3169 5625 nos,
3182 5561 3281 5626 qui
3299 5565 3352 5613 te
3369 5560 3477 5613 soli
3495 5561 3557 5613 in
3570 5562 3766 5626 totoor-

2195 5634 2266 5687 be
2286 5635 2683 5708 cognovimus,
2707 5638 2765 5708 et
2786 5634 2922 5688 dato
2944 5647 2980 5687 a
2995 5640 3056 5708 te
3081 5625 3311 5687 Israelis
3331 5635 3562 5708 nomine
3584 5625 3765 5708 gloria:

2194 5719 2341 5759 mur.
2368 5707 2620 5771 Operum
2643 5706 3017 5772 quippeapud
3028 5706 3514 5771 bonumiudicem
3527 5704 3763 5770 graviora

2195 5851 2645 5916 Hieronymiaua
2690 5854 2747 5905 et
2786 5850 3036 5917 Vulgata
3073 5851 3278 5915 versio,
3302 5855 3477 5918 atque
3498 5849 3618 5916 ipse
3643 5842 3763 5898 infe-

2193 5924 2314 5976 rius
2339 5923 2545 5976 Noster
2567 5924 2871 5988 confortavi
2898 5926 3118 5989 legunt.

2307 5995 2493 6049 Vetus
2504 5995 2700 6049 Editor
2710 5995 3035 6049 rescribenti
3044 6008 3144 6048 um
3153 5996 3425 6051 admonet
3438 5990 3765 6062 ορρνίνηεηιιῑ
