3884 6392
87 347 229 401 1001

73 466 236 510 sunt
270 471 563 513 momenta
577 475 750 525 quam
771 477 976 515 vocum
992 481 1002 514 :
1019 467 1210 518 etideo
1231 469 1455 518 lsraelis
1471 474 1702 529 populus.

77 531 191 592 qui
210 533 434 581 bonum
454 545 627 583 suum
645 533 881 596 cultum,
913 536 1195 600 videliCet,
1222 552 1400 589 sacrae
1424 540 1707 603 religionis

75 604 330 665 achcit,
357 604 605 654 inimicis
641 609 1125 669 persequentibus
1157 611 1501 672 subiacebit.

149 711 321 760 Vers.
343 711 467 763 4.-
501 713 611 775 Ipsi
642 721 1024 775 regnaverunt,
1043 722 1086 763 et
1114 732 1218 762 non
1237 732 1301 764 etc
1321 720 1711 782 meJ’rineipes

73 783 436 845 exstiterunt,
454 790 498 832 et
529 801 632 830 non
661 788 901 845 Cognovi.
933 789 1235 849 Argentum
1270 805 1430 836 suum
1447 798 1489 837 et
1507 806 1709 837 aurum

71 867 254 902 suum
271 854 624 915 ['eceruntsihi
643 857 810 916 idola,
828 864 880 905 ut
903 859 1210 908 interirent.
1233 864 1386 908 Vetus
1402 865 1708 923 ista,iiiquit,

71 942 204 983 erga
220 942 299 973 me
313 930 488 986 populi
506 925 813 975 contumacis
831 933 1028 977 insania
1042 939 1141 980 est:
1164 933 1285 977 oliiii
1303 948 1470 979 meum
1488 936 1705 992 regimen

77 998 346 1059 aincere
371 999 515 1061 {it-nt.
540 1001 816 1063 abiecere]
840 1002 1150 1053 festinavit.
1183 1006 1324 1052 Nam
1344 1006 1512 1065 quasi
1531 1020 1705 1064 parum

79 1077 273 1130 esset,
297 1071 451 1132 quod
468 1071 619 1120 sicut
635 1073 746 1122 reiii
761 1087 868 1134 [ille
886 1076 939 1122 in
957 1076 1193 1124 circuitu
1213 1076 1705 1135 iiationes,i-egibus

72 1143 295 1203 magis,
314 1155 487 1204 quam
504 1147 900 1193 sacerdotibus
917 1146 1145 1196 obedire
1173 1149 1345 1197 dcere
1356 1148 1452 1206 vit’,
1470 1153 1535 1193 ita
1553 1152 1700 1194 etiam

75 1214 251 1262 brevi
273 1218 547 1276 tempore,
576 1215 741 1264 istam
767 1221 1163 1275 reverentiam,
1186 1232 1303 1280 qua
1330 1231 1363 1267 a
1389 1231 1480 1268 me
1507 1232 1700 1280 regem

71 1285 508 1347 postulaverat,
537 1287 856 1350 dereliquit,
878 1295 932 1337 et
953 1293 1105 1338 totus
1125 1294 1698 1340 extradominationem

69 1363 342 1406 nostram
373 1359 688 1407 consistere
705 1361 1138 1423 concupiscens,
1158 1363 1289 1411 fecit
1306 1365 1698 1424 Sthlpriilt‘ipes,

65 1442 230 1492 quos
249 1442 357 1478 nec
373 1431 755 1492 sacerdotum,
772 1445 875 1480 nec
894 1434 1323 1494 proplieti‘iriiiii,
1342 1436 1430 1483 vel
1445 1435 1697 1483 nobilita-

66 1505 160 1551 ret
187 1500 414 1561 electio,
447 1501 536 1551 vel
563 1503 882 1551 benedictio
910 1511 1273 1554 consecraret
1298 1517 1310 1566 ;
1332 1508 1430 1554 sed
1464 1507 1580 1567 qui,
1605 1519 1697 1555 me

62 1573 246 1636 quasi
275 1574 593 1636 nesciente,
623 1580 772 1624 aula}
791 1578 921 1635 jura
944 1577 1321 1638 susciperent,
1343 1591 1535 1639 Sicque
1561 1591 1698 1627 con-

67 1651 310 1695 textum
339 1645 396 1693 in
422 1645 759 1695 criminibus
780 1648 1128 1709 obtinentes,
1150 1655 1211 1697 ut.
1228 1651 1695 1699 ininieritissiniis

63 1717 415 1778 quibusque
435 1718 706 1778 suffragia
722 1719 1022 1768 etdivitias
1039 1733 1177 1768 suas
1209 1721 1694 1782 inipeiiderentsi-

65 1790 361 1836 inulacliris
398 1790 694 1850 Argentum
720 1797 892 1849 ergoet
922 1807 1125 1838 aurum
1147 1807 1306 1839 suum
1339 1793 1693 1854 lt'lfel‘ttltlsllll

65 1860 309 1920 idola,ut
326 1861 711 1911 interirent.l)e
727 1865 912 1920 quibus
927 1878 1078 1921 supra
1093 1867 1304 1927 dixerat,
1326 1866 1389 1911 Et
1403 1874 1693 1927 argentum

68 1931 500 1994 multiplicauict
518 1947 741 1994 aui-uin,
763 1949 878 1995 (μίαν
900 1935 1138 1995 fecerunt
1159 1936 1377 1983 [Malim
1393 1938 1536 1997 lirgo
1562 1950 1693 1986 cum

59 2013 276 2053 essent
300 2016 428 2053 mea
459 2005 793 2054 liberalitate
807 2005 985 2064 dilati,
1006 2007 1278 2068 sacrilege
1297 2010 1691 2058 abutebantur

63 2075 416 2132 indultis,ue
441 2078 794 2124 ornamentis
813 2077 1054 2126 domoru
1071 2092 1126 2127 in
1142 2079 1524 2142 fanorumque
1545 2082 1691 2130 ludi-

66 2149 195 2197 bria
213 2151 532 2194 fabricanles.
553 2150 850 2209 Arge/ilum
873 2167 987 2209 ergo
1005 2157 1044 2197 et
1066 2167 1266 2198 aurum
1284 2154 1690 2212 suum/ccerunl

58 2219 168 2266 sibi
189 2220 358 2280 idola,
378 2225 429 2266 ut
447 2220 742 2266 interirent.
763 2222 1260 2285 Notalidalocutio,
1276 2240 1422 2284 quam
1437 2239 1688 2272 sacrorum

61 2293 368 2354 praecipue
384 2291 658 2340 libroruin
678 2295 1004 2355 frequentat
1023 2297 1353 2356 auctoritas,
1368 2297 1464 2346 ubi
1480 2297 1690 2359 princi-

63 2366 282 2425 paliter
315 2364 392 2424 id,
430 2366 582 2424 quod
613 2370 697 2413 est
723 2379 1104 2427 consequens,
1134 2368 1463 2418 collocatur.
1491 2370 1550 2417 ld
1579 2375 1686 2431 est,

54 2440 315 2498 fecerunt
333 2436 434 2481 sibi
455 2434 618 2493 idola,
647 2444 696 2481 ut
719 2440 1165 2499 interirent,cum
1181 2449 1195 2465 “
1216 2453 1331 2488 non
1353 2439 1543 2490 studio
1560 2453 1687 2503 per-

57 2506 274 2569 eundi,
304 2506 942 2567 simulaelirafecerunt,
971 2509 1070 2558 sed
1099 2511 1231 2572 quia
1257 2511 1532 2574 fecerunt,
1559 2525 1682 2562 me-

61 2585 279 2631 rentur
305 2582 499 2642 perire.

131 2687 306 2736 Vers.
336 2683 386 2736 5.
428 2687 476 2737 ti.
524 2713 581 2722 -~
616 2687 884 2750 Projcetus
924 2688 943 2715 "
988 2694 1059 2735 est
1085 2689 1286 2736 vitulus
1309 2695 1450 2751 tuus,
1485 2690 1683 2738 Sama-

63 2761 155 2806 ria
185 2759 394 2804 :iratus
428 2763 497 2803 cst
521 2758 680 2818 furor
713 2776 857 2806 incus
901 2760 954 2806 in
989 2761 1078 2821 eis,
1111 2777 1380 2824 usquequo
1407 2778 1511 2809 non
1549 2767 1686 2824 pote-

63 2836 208 2879 runt
260 2831 555 2876 emundari
589 2835 611 2880 Il
641 2833 777 2888 Quia
817 2847 882 2877 ea'
906 2833 1071 2879 Israel
1095 2839 1136 2879 et
1171 2835 1277 2895 ipse.
1304 2833 1684 2894 .'arti/'c.1:/'._'eil

0 2895 2 2954 ί
65 2903 238 2964 ittud,
267 2899 448 2966 438
475 2909 521 2949 et
551 2919 656 2949 non
686 2911 753 2949 est
783 2905 936 2952 Deus.
967 2906 1029 2952 ln
1056 2913 1281 2954 cunctis
1311 2909 1572 2955 versibus
1597 2906 1686 2954 iii-

0 3027 2 3032 _
59 2978 437 3039 dignationis
465 2974 630 3036 plena
657 2975 1018 3036 conquestio.
1050 2978 1211 3034 Quod
1238 2984 1550 3038 spontanea
1577 2977 1684 3024 iiii-

0 3093 2 3102 .
59 3054 302 3112 quitate
321 3045 583 3108 prolapsa
601 3049 696 3108 sis,
714 3048 917 3109 inquit,
932 3061 962 3097 o
981 3062 1122 3110 gens
1140 3050 1428 3098 beiieliciis
1449 3054 1529 3098 tui
1547 3062 1683 3098 con-

0 3113 2 3120 ’
61 3119 281 3170 ditoris
307 3119 544 3179 ingrata,
574 3124 939 3169 adversitatis
963 3121 1328 3183 potissimum
1357 3120 1682 3170 testimonio

2 3247 3 3250 η
60 3191 501 3254 comprobatur.
527 3193 659 3241 Esto
686 3195 857 3250 enim,
882 3197 944 3242 ut
969 3192 1334 3242 discretionis
1352 3197 1466 3243 tua:
1486 3202 1501 3219 ο
1523 3196 1680 3239 aciem

61 3275 236 3328 copia
266 3275 456 3312 rerum
481 3277 545 3312 ac
564 3270 841 3314 securitas
859 3265 1238 3328 obllmaverit,
1254 3265 1680 3328 putaverisque,

2 3383 4 3412 ξ
59 3336 444 3414 divinitatem
489 3337 716 3416 bubulis
752 3339 936 3386 inesse
973 3338 1334 3388 simulacnris
1363 3337 1433 3400 (id
1472 3349 1682 3400 quippe
1706 3342 1754 3417 ρ

2 3407 4 3412 ’
58 3409 318 3474 opinari,
345 3412 515 3458 etiam
556 3409 830 3458 finitimas
855 3414 1121 3461 nationes
1169 3411 1444 3472 videbas),
1479 3413 1680 3460 saltem

2 3479 4 3532 ξ
61 3495 205 3533 cum
237 3481 503 3531 tristibus
526 3481 660 3531 laeta
684 3485 943 3544 mutasti,
971 3489 1027 3533 et
1054 3485 1234 3533 victor
1262 3485 1446 3533 hostis
1485 3483 1598 3546 illa,
1625 3495 1685 3532 in

62 3558 292 3620 quibus
307 3554 576 3603 fiduciam
600 3568 896 3618 posueras,
912 3557 1150 3606 delubra
1167 3560 1611 3618 vastavit,atque
1624 3560 1683 3603 ad

61 3629 384 3678 arbitrium
417 3631 541 3689 ejus
578 3629 966 3690 (indignationi
1015 3634 1208 3679 tamen
1233 3641 1395 3689 mea),
1424 3641 1595 3690 quem
1624 3633 1682 3678 tu

62 3702 412 3763 reliqueras,
442 3708 759 3761 servamus;
792 3700 882 3753 vel
906 3701 1113 3764 dejecti
1145 3708 1301 3765 sunt,
1337 3700 1427 3752 vel
1453 3701 1684 3751 conflati

65 3775 240 3824 vituli
258 3787 293 3833 q
305 3786 408 3822 uos
427 3785 778 3831 sacraveras,
794 3773 1041 3822 debuisti
1064 3775 1348 3835 opinionis
1365 3778 1478 3823 tuae
1492 3776 1682 3820 crimen

63 3847 434 3906 horrescere,
453 3852 517 3892 ut
543 3851 783 3894 sentires
805 3845 945 3894 nihil
982 3846 1080 3894 tibi
1105 3848 1228 3908 opis
1245 3847 1318 3894 ab
1335 3845 1682 3906 imaginibus

60 3924 373 3969 mutarum
398 3917 685 3978 pecudum
703 3931 870 3980 posse
890 3918 1145 3979 conferri,
1165 3930 1294 3979 quae
1320 3930 1426 3967 nec
1453 3932 1514 3966 se
1543 3918 1684 3966 vela

59 3992 348 4050 ludibrio,
367 3993 458 4038 vel
481 3991 552 4038 ab
577 3994 753 4039 exulo
773 3989 1186 4040 vindicassent.
1214 3993 1280 4040 lit
1306 3995 1370 4038 ut
1395 4002 1525 4051 quae
1544 3993 1683 4038 sunt

57 4072 193 4114 acta
219 4066 586 4125 replicemus,
627 4063 710 4112 Tu
748 4065 1002 4126 inquam,
1031 4077 1062 4113 o
1098 4069 1324 4126 pOpule,
1365 4077 1495 4112 cum
1522 4076 1680 4112 esses

57 4136 364 4192 conscius,
385 4135 520 4196 quia
537 4135 645 4184 illis
666 4137 1032 4186 simulacliris
1049 4137 1348 4186 materiam
1364 4139 1423 4185 tu
1439 4137 1677 4196 dedisses,

60 4215 118 4260 tu
135 4208 503 4260 contulisses
521 4209 784 4270 ettigiem,
814 4221 1028 4272 perque
1054 4210 1161 4258 hoc
1187 4208 1558 4270 intelligeres,
1576 4207 1680 4256 im-

59 4298 147 4345 pie
171 4288 230 4332 te
247 4281 536 4343 appellare
553 4282 712 4344 deos,
727 4296 820 4345 qui
843 4289 940 4332 tuo
959 4283 1235 4332 beneficio
1257 4282 1677 4340 substitissent,

56 4357 283 4417 quibus
305 4366 444 4402 sane
462 4366 576 4403 non
604 4356 778 4403 vitam
809 4356 944 4404 dare
968 4355 1276 4418 potuisses,
1294 4354 1390 4404 sed
1410 4356 1676 4402 formam:

59 4435 287 4487 tamen,
309 4425 568 4476 etsiillud
583 4427 1177 4491 omnetempus,quod
1199 4427 1254 4476 in
1269 4428 1381 4476 otio
1400 4429 1682 4472 luxuriante

55 4501 434 4557 <lellux1t,liis
450 4511 679 4561 quoque
698 4501 1027 4550 temulentis
1041 4501 1244 4549 ritibus
1260 4510 1675 4560 occupaveras:

57 4574 614 4634 saltem,postquain
627 4574 962 4622 inanitatem
975 4573 1213 4622 culturze
1230 4572 1356 4620 talis
1369 4585 1680 4630 consequens

56 4657 334 4696 aerumna
356 4645 624 4705 convicit,
645 4644 896 4695 debuisti
909 4645 1167 4708 protinus
1193 4645 1261 4694 de
1278 4646 1676 4693 emendatione

56 4721 365 4778 curare,ct
385 4716 724 4767 oblimatum
755 4719 993 4768 rationis
1013 4718 1202 4780 ignem
1229 4717 1677 4776 experimentisvi-

54 4789 566 4853 gentibusl‘overe,
586 4793 898 4852 sordesque
917 4796 1061 4847 tuas,
1081 4792 1293 4852 quibus
1309 4788 1676 4839 l'uerasindu-

57 4871 176 4927 tus,
197 4873 440 4912 exuere.
473 4865 636 4922 Quod
657 4864 792 4926 quia
808 4876 921 4913 non
947 4864 1150 4925 fecisti,
1169 4865 1370 4912 merito
1394 4864 1679 4911 exclamat

53 4938 380 5000 propheta:
409 4933 688 4999 Usquean
708 4950 820 4983 non
834 4940 1089 4998 poterunt
1115 4935 1404 4983 cmundari
1422 4940 1444 4983 Li
1461 4935 1594 4995 quia
1610 4948 1677 4981 ea:

54 5007 232 5058 Israel
246 5011 298 5055 et
316 5009 443 5070 ipse,
481 5008 684 5069 arti/ee
715 5008 835 5070 fecit
871 5006 1023 5067 illud,
1054 5013 1099 5055 et
1125 5023 1230 5056 non
1259 5016 1328 5054 est
1354 5007 1521 5054 Deus:
1550 5019 1677 5068 quo-

119 5168 134 5182 -
172 5153 406 5205 Monuit
422 5158 478 5203 et
495 5155 645 5217 prior
662 5154 854 5205 liditor
867 5154 945 5204 ita
961 5153 1414 5216 rescribendum,
1429 5166 1541 5200 non
1563 5155 1678 5199 stu-

55 5230 168 5290 dio,
202 5239 311 5290 pro
343 5239 458 5288 quo
483 5231 652 5277 antea
685 5231 807 5278 erat
831 5233 1011 5274 nostro
1035 5228 1248 5276 studio;

118 5304 135 5327 ίι
177 5299 404 5349 Vitiose
436 5301 710 5362 scriptum
735 5304 854 5349 erat
886 5301 1084 5348 Pietas.

120 5385 135 5400 ἐ
165 5375 372 5433 Atque
417 5372 542 5420 heic
587 5386 765 5419 acrem
811 5372 1012 5422 Vitiose
1045 5371 1340 5433 legebatur
1363 5382 1462 5434 pro
1487 5369 1675 5430 aciem,

59 5446 224 5508 quod
239 5444 935 5495 restituimuthestituim
945 5456 1008 5493 us
1020 5458 1219 5503 quoque
1231 5442 1428 5491 oblima
1437 5443 1561 5489 verit
1575 5457 1680 5488 ver-

58 5519 224 5577 bum,
257 5517 418 5578 quod
444 5528 579 5565 mox
608 5519 888 5578 sequitur,
918 5521 1087 5579 etpro
1102 5528 1214 5578 quo
1233 5519 1400 5564 antea
1419 5527 1671 5574 perperam

57 5591 368 5654 legebatur
383 5588 746 5639 oblineaver—lt.
763 5590 991 5639 Dictum
1005 5593 1094 5638 est
1107 5593 1163 5638 et
1179 5587 1490 5638 Claudiano
1503 5603 1571 5632 ρο(
1582 5590 1672 5632 lem

57 5666 305 5713 omnino
333 5674 532 5723 sensu,
557 5661 773 5710 oblimat
813 5663 969 5724 copia
992 5667 1207 5710 mentes.
1253 5659 1362 5710 Sed
1386 5666 1444 5710 et
1471 5661 1679 5709 Noster

60 5737 328 5796 inferius,
368 5734 593 5782 debuisti
628 5733 945 5783 oblimatum
991 5735 1220 5782 rationis
1256 5732 1436 5796 ignem
1461 5732 1676 5795 ωερενὶ-

62 5810 262 5859 mentis
283 5806 584 5871 vigentibus
604 5807 800 5869 fovere.

117 5884 138 5911 ⁴
165 5882 379 5935 Minori
390 5893 633 5932 numero
657 5882 886 5932 Hieron.
903 5885 960 5931 et
979 5880 1144 5944 Vulg.
1164 5880 1225 5928 in
1239 5891 1315 5931 co.
1333 5878 1483 5937 Quin
1497 5877 1671 5929 etiam

61 5955 352 6010 Hebraeus
405 5960 600 6007 textus
626 5955 827 6004 ἹἾἻΊΝ
855 5956 1034 6034 map.

356 6075 614 6130 PATROL.
656 6072 823 6128 XXI.

934 354 1000 403 1N
1041 354 1278 404 OSEAM
1314 357 1897 410 COMMENTARIUS.
1937 361 2142 412 LIBER
2194 363 2579 420 SECUNDUS.

3275 368 3410 421 100').

1732 480 1786 548 Α
1812 472 1967 520 niam
1992 475 2051 520 in.
2098 490 2435 525 aranearum
2477 478 2588 526 telis
2621 476 2724 537 lAl.
2774 476 2917 538 telasi
2957 479 3054 525 erit
3080 479 3276 527 vitulus
3309 483 3406 530 Sa-

1812 557 2019 594 murice.

1879 617 2032 668 Vers.
2071 617 2119 670 7.
2167 646 2218 653 -
2249 621 2387 677 Quia
2414 629 2623 670 ventum
2666 620 3032 680 seminabunt,
3067 625 3112 668 et
3141 622 3406 671 turbinem

1809 695 1997 734 nictent
2034 704 2044 734 :
2071 689 2276 737 culmus
2298 699 2446 739 stans
2477 700 2673 741 nonest
2712 695 2769 741 in
2789 693 2808 721 "
2836 693 2926 752 eis,
2955 707 3171 755 germen
3199 710 3307 742 non
3332 695 3412 757 fu-

1807 761 1899 806 ciet
1937 760 2181 820 farinam
2205 777 2216 812 :
2245 766 2388 825 qtlwl
2419 766 2464 811 si
2487 771 2530 812 el
2562 766 2756 827 fecerit,
2785 765 2954 812 alieni
2977 765 3244 813 comedent
3269 783 3404 816 eam.

1806 831 2051 880 Consilia
2088 837 2202 895 tua,
2223 833 2424 896 inquit,
2449 836 2556 885 nisi
2585 837 2940 900 perturbaret
2964 835 3227 898 imitatio,
3248 838 3406 900 judi-

1806 914 1964 951 cares
1979 917 2090 954 non
2111 918 2237 953 esse
2258 919 2410 956 ilt.‘()$.
2428 920 2574 968 quos
2595 907 3013 958 manuarlilicis
3033 923 3238 955 noveras
3254 911 3405 956 fuisse

1804 977 2172 1037 compositos.
2194 981 2439 1027 Secutus
2464 987 2545 1028 est
2570 981 2841 1042 deinceps
2866 978 3092 1028 hostilis
3116 982 3402 1038 incursus.

1802 1049 2043 1095 numina
2070 1052 2165 1096 tua
2187 1061 2316 1097 cum
2337 1053 2456 1097 suis
2488 1053 2695 1110 periere
2721 1050 3059 1102 cultoribus.
3088 1064 3191 1100 nec
3217 1053 3403 1114 magis

1801 1120 2007 1166 morari
2037 1123 2351 1177 vaslai'ites,
2381 1134 2553 1181 quam
2577 1134 2916 1171 aranearum
2949 1122 3040 1170 illa
3066 1127 3399 1184 potuerunt:

1803 1194 1992 1238 tamen
2012 1191 2180 1239 etiam
2199 1191 2286 1238 bis
2307 1204 2491 1240 rerum
2514 1194 2738 1254 periclis
2754 1194 3142 1242 obstinatione
3160 1201 3203 1240 et
3218 1197 3403 1254 impru-

1801 1259 1994 1310 dentia
2008 1262 2288 1320 restitisti,
2308 1274 2412 1311 nec
2433 1264 2630 1313 sordes
2645 1264 3060 1328 profanilatum
3087 1264 3280 1314 talium
3299 1267 3399 1316 ab-

1794 1331 1965 1394 jicere
1992 1334 2227 1382 curasti:
2257 1333 2456 1382 merito
2491 1348 2623 1398 ergo
2650 1340 2705 1385 et
2727 1341 2862 1386 vota
2891 1338 2986 1384 tua
3011 1339 3067 1385 et
3091 1347 3292 1385 omnes
3319 1337 3402 1386 la-

1798 1404 1985 1462 bores,
2013 1403 2087 1452 ila
2114 1404 2405 1453 frustratio
2429 1404 2790 1468 laclii'yn‘losa
2809 1411 3213 1469 consequetur,
3231 1415 3283 1454 ut
3301 1423 3398 1455 non

1797 1474 2149 1524 frumentum
2168 1475 2413 1525 videaris
2439 1477 2777 1541 seminasse,
2795 1478 2892 1527 sed
2912 1484 3170 1538 ventum,
3189 1494 3277 1526 nec
3303 1483 3402 1539 spi-

1797 1558 1891 1593 cas
1918 1545 2013 1594 sed
2053 1547 2338 1594 turbinem
2364 1550 2684 1598 niessuisse
2714 1562 2725 1597 :
2759 1550 2813 1598 id
2841 1553 2948 1611 est,
2992 1550 3144 1612 apud
3175 1554 3228 1600 te
3257 1551 3398 1601 nihil

1795 1617 2099 1667 fertilitatis
2118 1619 2276 1666 liii-mi
2291 1621 2537 1681 latisque
2551 1621 2888 1679 remanebit,
2907 1624 2966 1669 ut
2981 1621 3123 1670 solet
3140 1623 3196 1670 in
3212 1625 3392 1685 culmo,

1795 1690 1964 1750 cujus
1988 1690 2318 1752 proceritas,
2343 1703 2440 1752 per
2463 1691 2713 1753 aliquam
2740 1693 2888 1742 aeris
2915 1692 3202 1754 iniuriam,
3223 1694 3396 1756 spicae

1800 1760 2214 1822 plenitudinem
2240 1775 2349 1811 non
2369 1764 2665 1814 creaverit.
2699 1765 2972 1825 Itaigitur
2997 1768 3150 1828 ettu,
3190 1767 3396 1825 inquam

1720 1809 1773 1882 B
1800 1809 2327 1883 nihilcmolumenti
2346 1833 2413 1883 de
2431 1837 2542 1884 tuis
2570 1809 2862 1885 laboribuas
2887 1809 3396 1899 conseqrieriénec

1796 1905 1905 1955 ulla
1920 1904 2158 1955 culturae
2173 1906 2539 1967 I‘t'SDOl’ldClllt
2553 1907 2856 1967 industria,
2877 1910 2972 1956 sed
2991 1909 3182 1954 etiamsi
3201 1909 3394 1967 aliquid

1793 1978 1861 2025 de
1887 1978 2143 2038 reliquiis
2191 1978 2393 2039 prisca:
2430 1977 2734 2027 fertilitatis
2761 1977 2998 2040 coeperit
3022 1990 3312 2041 apparere,
3338 1978 3394 2028 id

1795 2053 1979 2097 totum
2012 2048 2069 2096 in
2105 2050 2353 2097 hostium
2382 2049 2578 2099 veniet
2604 2054 2966 2112 potestatem.

1855 2121 2015 2170 Vers.
2037 2121 2206 2171 8.-10.
2245 2121 2536 2168 [)eroriitus
2561 2129 2628 2167 est
2653 2121 2835 2178 Israel,
2862 2135 3010 2168 nunc
3032 2120 3207 2182 factus
3235 2126 3304 2169 est
3331 2120 3386 2168 in

1791 2191 2103 2238 nationibus
2135 2193 2292 2253 quasi
2329 2207 2420 2238 vas
2449 2193 2814 2239 immundum.
2850 2193 2986 2248 Quia
3016 2193 3120 2255 ipsi
3143 2193 3392 2240 ascende-

1789 2269 1916 2310 runt
1941 2264 2013 2310 ad
2028 2262 2066 2310 Α
2079 2277 2216 2324 ssm',
2234 2278 2297 2309 on
2309 2278 2435 2322 ager
2455 2264 2731 2310 solitarius
2751 2262 2851 2310 sibi
2872 2277 2884 2311 :
2904 2263 3136 2325 E/fraim
3157 2279 3387 2311 munera

1788 2334 2046 2381 dederunt
2071 2334 2403 2381 amatoribus
2428 2335 2557 2385 suis.
2593 2335 2695 2383 Sed
2720 2340 2764 2382 et
2795 2349 2916 2381 cum
2941 2336 3172 2383 mercede

1787 2405 2167 2452 conduxerunt
2196 2405 2438 2451 nationes
2464 2418 2475 2453 :
2501 2421 2648 2450 Hunc
2671 2404 2997 2467 eongregabo
3023 2421 3121 2464 eos,
3145 2411 3188 2453 et
3213 2411 3388 2470 quies-

1786 2481 1899 2524 cent
1933 2477 2210 2539 paulisper
2248 2476 2312 2523 al)
2337 2492 2493 2523 onere
2525 2477 2662 2538 regis
2682 2482 2726 2523 et
2755 2477 3088 2540 principum.
3122 2479 3383 2541 ltepetitu

1785 2549 1939 2598 assid
1951 2562 2021 2598 uo
2047 2562 2111 2598 ea
2135 2562 2168 2610 q
2180 2560 2264 2598 ua:
2278 2549 2676 2606 comminatur,
2701 2553 3022 2611 exasperat,
3040 2553 3104 2598 ut
3117 2549 3188 2598 ad
3200 2563 3386 2601 verso-

1787 2633 1914 2670 rum
1939 2622 2110 2682 longa
2157 2621 2461 2682 descriptio
2515 2633 2747 2669 sensum
2794 2621 3013 2670 timoris
3047 2627 3307 2685 exacuat,
3337 2623 3382 2671 si

1787 2693 2072 2754 quomodo
2090 2694 2424 2755 priusquam
2443 2691 2766 2754 puniantur,
2791 2692 3381 2754 corriganturobnoxii,

1786 2765 2038 2813 exterriti
2068 2765 2464 2826 :proindejam
2493 2768 2710 2813 statum
2735 2763 2923 2826 ipsum
2947 2764 3384 2828 captivmplebis

1785 2834 2024 2898 inducit,
2063 2841 2118 2885 et
2153 2836 2489 2885 devoratam
2519 2848 2645 2886 eam
2677 2840 3094 2897 consequenter
3117 2838 3382 2900 appellat,

1785 2920 1915 2969 qua:
1941 2914 2028 2957 est
2052 2909 2238 2970 posita
2263 2910 2371 2957 sub
2397 2908 2632 2957 arbitrio
2651 2909 3147 2957 consunicntium:
3175 2909 3383 2972 cuique

1783 2991 1899 3029 non
1923 2985 2170 3042 amplius
2195 2982 2262 3029 all
2289 2979 2737 3029 internecionem
2764 2980 3031 3041 supersit,
3064 2979 3173 3028 nisi
3199 2992 3384 3041 quan-

1787 3055 1906 3101 tum
1935 3053 2124 3101 feritas
2143 3053 2496 3102 vincentium
2515 3051 2880 3100 successibus
2899 3051 3126 3113 expleta
3137 3051 3383 3103 donave-

1782 3123 1855 3173 rit
1877 3125 2169 3171 Devoratus
2193 3129 2261 3170 cst
2297 3124 2502 3186 inquit,
2537 3123 2714 3183 Israel,
2754 3124 2930 3184 factus
2967 3123 3116 3170 estin
3147 3124 3382 3171 nationi-

1783 3194 1875 3242 bus
1901 3196 2059 3258 quasi
2087 3212 2176 3243 vas
2209 3196 2419 3241 immnn
2445 3211 2573 3244 .um.
2617 3195 2954 3257 Superlicies
2989 3194 3218 3256 quidem
3248 3207 3382 3246 sen-

1783 3269 2086 3317 tentiarum
2107 3267 2374 3317 resultat:
2397 3268 2496 3317 sed
2523 3274 2806 3329 quantum
2825 3267 2896 3316 ad
2915 3279 3154 3317 sensum
3180 3270 3378 3327 respicit

1783 3340 2480 3403 explananturprzemissa
2493 3339 2785 3400 subjectis.
2801 3338 2946 3399 Quid
2966 3340 3117 3388 enim
3138 3340 3380 3390 devora-

1784 3416 1908 3463 tum
1933 3411 2564 3475 appellasset,ostendit
2589 3412 2672 3459 :id
2691 3415 2798 3468 est.
2826 3413 2993 3472 cujus
3011 3423 3180 3462 omne
3206 3411 3380 3461 robur

1782 3487 1931 3535 uerit
1954 3487 2323 3547 exhaustum,
2351 3490 2409 3535 et
2435 3487 2532 3547 qui
2563 3485 2725 3537 facile
2753 3489 2954 3547 posset
2984 3485 3379 3533 internecione

1785 3557 2067 3619 consumi,
2096 3558 2143 3606 si
2168 3563 2273 3606 lioc
2297 3570 2525 3620 quoque
2539 3562 2798 3622 posceret
2826 3556 2910 3605 ira
2932 3555 3380 3606 dominantium.

1785 3629 2043 3681 l’orroilli
2058 3629 2337 3679 addendis
2363 3631 2746 3689 contumeliis,
2770 3629 2923 3691 quod
2945 3629 3140 3678 minus
3157 3630 3380 3691 SteViere,

1784 3706 2177 3764 compensant,
2219 3707 2274 3751 et
2303 3701 2428 3752 ideo
2453 3715 2569 3752 non
2600 3701 2939 3752 interimunt
2964 3701 3286 3761 universos,
3322 3703 3384 3748 ut

1782 3774 2035 3825 habeant
2058 3786 2203 3834 quos
2243 3786 2468 3836 semper
2497 3774 2860 3827 exhorreant.
2901 3776 3074 3833 atque
3100 3771 3381 3821 invidisse

1784 3847 1967 3908 magis
1986 3845 2186 3895 solatia
2205 3850 2423 3904 mortis,
2444 3857 2615 3907 quam
2633 3848 2765 3894 vitaz
2780 3844 3055 3894 beneficia
3068 3841 3382 3894 contulisse

1783 3918 2103 3968 videantur.
2149 3917 2315 3966 llaud
2350 3917 2505 3966 enim
2530 3916 2772 3965 miseros
2819 3914 3078 3963 fruenda:
3123 3914 3377 3975 luci,sed

1785 3989 2017 4040 ferendo
2046 4001 2347 4039 servavere
2378 3988 2700 4051 despectui:
2736 3991 2793 4037 et
2815 3986 2943 4036 ideo
2968 3984 3065 4047 ait,
3097 3987 3286 4033 Factus
3309 3993 3378 4032 est

1781 4061 1943 4109 Israel
1959 4061 2019 4106 in
2033 4059 2345 4107 nationibus
2363 4060 2520 4122 quasi
2535 4073 2624 4106 ras
2644 4057 3014 4105 immundum.
3031 4055 3191 4116 Quod
3204 4057 3380 4106 inter-

1782 4139 1971 4196 pretes
2015 4139 2034 4159 ε
2076 4132 2188 4193 alii,
2235 4132 2521 4190 matulam,
2569 4131 3005 4180 transtulerunt.
3053 4130 3378 4190 Nunquam,

1779 4206 1980 4267 inquit,
2011 4204 2253 4254 honesto
2284 4202 2452 4252 Israel
2480 4203 2781 4265 delegatus
2805 4201 2992 4252 officio
3027 4203 3134 4261 est,
3163 4204 3226 4249 ut
3252 4203 3380 4262 post

1777 4277 2059 4327 libertatis
2084 4283 2141 4326 et
2166 4275 2574 4327 dominationis
2600 4273 2867 4338 insignia,
2891 4273 3089 4323 saltem
3105 4273 3253 4322 inter
3269 4285 3380 4322 ser-

1781 4361 1886 4399 vos
1911 4348 2217 4398 liberaliter
2242 4353 2590 4408 censeretur,
2619 4347 2720 4397 sed
2747 4345 2914 4408 quasi
2939 4356 3041 4395 vas
3059 4347 3129 4394 ad
3155 4349 3378 4394 naturae

1781 4423 2054 4483 requisita
2079 4421 2482 4484 compositum,
2509 4420 2586 4470 ita
2610 4418 3086 4469 contumeliarum
3112 4415 3378 4466 sordibus

1779 4496 1856 4544 iin
1866 4492 2140 4555 plebatur.
2153 4495 2216 4542 lit
2238 4497 2381 4542 bene
2407 4495 2857 4541 commemorata
2874 4489 3174 4539 nationum
3189 4487 3380 4538 condi-

1783 4564 2284 4625 tione,ciiinulavit
2311 4564 2579 4625 iiijuriam
2603 4561 2846 4611 dicendo
2871 4574 2882 4610 :
2909 4562 3097 4608 Factus
3121 4564 3190 4606 est
3214 4558 3378 4608 Israel

1783 4639 1840 4684 in.
1885 4636 2196 4684 nationibus
2241 4636 2398 4700 quasi
2431 4651 2520 4683 vas
2549 4634 2913 4682 immundum.
2949 4635 3030 4682 Ac
3065 4631 3112 4681 si
3147 4631 3377 4694 diceret,

1698 4682 1754 4754 D
1781 4712 1926 4768 lleu,
1955 4682 2264 4772 lieuquam‘
2282 4707 2692 4768 llebilisl‘uit,et
2718 4717 2892 4766 quam
2912 4715 3121 4767 magna
3136 4682 3378 4754 conver;

1780 4783 1882 4844 sio,
1913 4788 1975 4830 ut
1999 4781 2088 4830 ille
2109 4782 2484 4843 potiulus,qui
2510 4777 2668 4828 solus
2696 4778 3024 4839 magisterio
3043 4775 3377 4839 saeraelegis

1777 4855 1925 4904 inter
1948 4855 2166 4904 munda
2189 4853 2465 4902 didicerat
2481 4850 2897 4912 immundaque
2921 4850 3260 4910 discernere,
3279 4849 3373 4910 qui

1776 4927 1900 4976 ideo
1920 4930 2259 4987 segregatus
2272 4939 2305 4974 a
2328 4927 2552 4974 cunctis
2565 4927 2685 4974 erat
2704 4923 2996 4985 gentibus,
3021 4934 3094 4970 ne
3107 4931 3237 4970 eum
3253 4933 3371 4966 con-

1780 5001 1928 5063 tagio
1957 4998 2073 5049 ulla
2102 4998 2204 5061 LAl.
2229 4996 2365 5060 ullo]
2397 4997 2702 5060 pollueret:
2741 5007 2898 5045 nunc
2922 5005 3118 5045 earum
3142 5002 3374 5054 quoque

1838 5153 1855 5172 ο
1903 5144 2157 5200 Veteres,
2201 5147 2359 5205 puto,
2403 5144 2632 5191 Graecos
2684 5137 2890 5197 innuit,
2943 5134 3372 5199 Symmachum,

1775 5218 2068 5279 Aquilam;
2086 5215 2554 5274 'l‘lieodotionem,
2570 5218 2698 5272 etc.,
2718 5222 3004 5271 equorum
3022 5213 3208 5258 tamen
3223 5207 3370 5270 frag-

1774 5292 1986 5340 mentis
2026 5300 2212 5349 nequc
2259 5286 2348 5334 hic
2375 5284 2557 5346 locus,
2596 5283 2669 5334 ad
2701 5280 3016 5330 faciendam
3054 5280 3131 5330 rei
3182 5279 3368 5337 fidem,

1775 5365 2034 5425 superat;
2051 5362 2151 5409 sed
2178 5361 2368 5421 potest
2393 5358 2592 5417 utique
2609 5357 2802 5406 exlioc
2823 5351 3370 5425 Nostritestimonio,

1776 5434 1822 5484 si
1849 5421 1993 5484 tanti
2025 5421 2328 5484 ’videatur,
2366 5441 2497 5478 cum
2522 5427 2647 5477 aliis
2678 5424 2973 5478 nonnullis
3006 5421 3368 5482 lectionibus,

1775 5520 1919 5569 quas
1949 5518 2055 5555 nos
2080 5502 2230 5568 apud
2266 5502 2677 5563 llieronymum
2717 5502 3107 5551 observamus,
3135 5506 3369 5569 nupera:

1774 5565 2520 5638 Collectionivllexaplorum
2565 5571 2720 5622 addi.
2775 5574 3022 5620 Sanctus
3047 5571 3240 5618 autem
3277 5565 3367 5616 hic

1775 5655 1940 5701 Pater
1950 5665 2063 5701 non
2078 5650 2415 5711 alios,quam
2427 5646 2705 5696 Hebraios
2719 5639 3204 5705 interpretationis
3220 5641 3301 5696 lluj
3315 5655 3369 5686 us

1772 5730 2036 5775 auctores
2065 5724 2208 5778 facit,
2246 5713 2613 5780 immundum,
2648 5716 2854 5779 inquit,
2881 5730 2989 5775 vus,
3028 5713 3134 5761 sive
3161 5711 3368 5775 inutile,

1771 5797 1977 5847 Hebraei
2000 5795 2266 5845 matulam
2314 5795 2515 5850 vocant,
2542 5805 2670 5856 qua,
2719 5793 2849 5850 etc.,
2878 5788 3112 5837 Grascos
3135 5797 3241 5835 nec
3264 5795 3370 5835 no-

1772 5871 1969 5922 minat.

3009 6047 3074 6104 32
