3884 6402
520 318 659 375 1007

1598 314 1865 367 RUFINO
1900 313 2362 367 PRESBYTERO
2395 314 2783 367 ASCRIPTUS

3696 314 3807 368 1009

520 441 751 503 quoque
766 426 969 503 pandit
982 425 1236 503 historia.
1263 430 1406 503 Nam
1430 440 1563 503 cum
1584 428 1643 503 in
1660 425 1909 503 Ramoth
1927 428 2129 503 Galaad,
2155 429 2212 503 Α
2226 427 2607 503 jumentosuo
2625 426 2897 477 extinctae
2909 424 3173 487 conjugis
3193 422 3742 503 cadaverimposuit.
3760 430 3810 474 id.

520 504 706 556 missu
733 502 882 551 beati
906 498 1137 559 Helisei,
1165 500 1442 563 propheta
1468 500 1723 562 quidam,
1752 504 1816 549 ut
1835 501 1943 549 Jeu
1967 499 2027 548 in
2050 510 2133 549 re-

520 588 650 639 gem
676 576 936 635 ungeret,
968 569 1330 629 advenisset,
1356 570 1844 620 circuitisedrntes
1869 582 2134 632 proceres

520 648 721 697 dicunt
744 648 803 691 ad
821 648 929 692 Jeu.
949 642 1091 699 Quid
1109 642 1211 688 sibi
1238 642 1347 689 vult
1367 643 1647 703 fanaticus
1670 643 1762 688 iste
1783 642 1887 701 ﬁli.
1910 641 2033 703 Reg.
2061 641 2131 708 8.)

522 718 786 778 Itaigitur
800 712 953 776 apud
976 725 1073 761 eos
1090 715 1459 763 exsoleverat
1475 713 1656 764 divini
1686 714 1932 760 sermonis
1964 718 2135 759 aucto-

520 790 681 851 ritas,
710 791 773 836 ut
798 788 1087 847 praecepta
1108 784 1413 846 virtutum,
1425 786 1546 848 jam
1571 797 1832 835 noiiesse
1852 786 2139 833 Iiiendiean.

523 863 616 919 tia,
646 859 745 908 sed
782 856 997 906 furiosa
1020 861 1340 908 censerent.
1369 858 1549 921 Cujus
1574 856 1829 906 criminis
1855 857 2136 919 magnitu-

519 933 715 982 dinem
750 928 1119 979 concionator
1141 927 1513 993 horrescens,
1533 929 1859 992 iudicanter
1880 937 1897 956 ·
1943 930 2137 978 excla-

518 1009 640 1055 mat
666 1019 675 1049 :
703 1001 932 1063 Propter
955 999 1369 1047 multitudinem
1401 1000 1716 1062 iniquitatis
1741 1006 1859 1059 tuae,
1891 1003 1934 1046 et
1958 998 2136 1045 multi-

518 1075 644 1124 tudo
688 1073 956 1121 amentiae.
1003 1073 1086 1121 Ac
1114 1071 1161 1121 si
1207 1070 1442 1133 diceret,
1473 1083 1591 1121 non
1637 1075 1725 1121 est
1757 1070 1851 1120 hic
1890 1069 2135 1132 simplex

516 1146 750 1210 quidem
775 1155 947 1203 error,
983 1143 1084 1193 sed
1108 1143 1490 1205 multiplicata
1532 1142 1836 1201 dementia,
1866 1141 2136 1192 videlicet

516 1215 1134 1283 spiritalesmagistros
1161 1219 1218 1265 et
1242 1214 1572 1278 prophetico
1587 1214 1891 1277 splendore
1916 1212 2136 1276 pollen-

518 1296 621 1351 tes,
645 1301 713 1340 eo
738 1286 1107 1352 potissimum
1127 1292 1399 1349 tempore,
1418 1286 1583 1348 quasi
1602 1286 1811 1335 stultos
1824 1300 2134 1344 vesanosque

514 1362 829 1425 despicere,
876 1370 987 1420 quo
1028 1358 1142 1421 ips1
1192 1362 1411 1408 tantam
1457 1363 1777 1420 egestatem
1812 1357 2133 1419 prudentia:

515 1434 889 1493 sustinerent,
908 1434 969 1480 ut
992 1429 1131 1481 deos
1143 1443 1269 1480 esse
1287 1442 1434 1492 quos
1447 1433 1861 1491 conﬂaverant,
1888 1428 2133 1479 aestima—

512 1510 659 1557 rent.

576 1578 739 1627 Vers.
783 1570 835 1627 8.
889 1601 945 1611 -—
993 1571 1319 1636 Speculator
1380 1571 1623 1636 Eﬂ‘raim
1679 1586 1806 1621 cum
1850 1572 1971 1621 Deo.
2001 1585 2135 1627 meo,

511 1649 783 1712 Propheta
808 1650 826 1673 "
854 1644 1076 1708 laqueus
1100 1646 1277 1692 ruinae
1309 1643 1489 1705 factus
1513 1652 1589 1693 est
1615 1659 1777 1707 super
1805 1658 1989 1691 omnes
2019 1643 2135 1691 vias

511 1721 645 1784 ejus,
678 1718 903 1766 insania
940 1718 999 1764 in
1027 1718 1183 1764 domo
1225 1717 1321 1765 Dei
1347 1717 1479 1779 ejus.
1507 1717 1611 1765 llic
1645 1716 1882 1777 quidam
1908 1724 1924 1743 τ
1948 1716 2129 1765 nomi-

523 1805 596 1843 ne
618 1790 849 1841 Etl‘raim
875 1788 1267 1851 signiﬁcatum
1292 1790 1593 1839 Jeroboam
1618 1793 1910 1851 putarunt,
1938 1800 2129 1856 quem,

513 1867 664 1914 etde
692 1862 868 1911 Tribu
903 1861 1138 1909 Etlraim
1171 1861 1408 1910 venisse
1449 1865 1697 1923 constat,
1731 1868 1787 1909 et
1811 1860 2139 1910 studiosum

514 1934 756 1986 culturm
781 1932 977 1994 templi
1001 1930 1203 1991 fuisse,
1232 1936 1408 1994 atque
1433 1932 1505 1981 ob
1538 1933 1650 1980 hoc
1676 1934 1735 1981 in
1759 1932 2137 1982 otl‘ensmnem

515 2006 791 2059 incidisse
818 2004 1170 2054 Salomonis:
1206 2006 1305 2053 sed
1332 2007 1647 2067 postquam
1676 2005 1929 2053 tribuum
1954 2004 2136 2068 impe-

514 2081 663 2131 rium
688 2077 933 2139 adeptus
959 2080 1063 2138 est,
1090 2080 1293 2126 auctor
1318 2081 1490 2126 etiam
1528 2076 1896 2138 prol’ani‘tatis
1927 2079 2133 2136 evasit,

513 2152 586 2202 ad
608 2150 828 2201 cultum
858 2160 1162 2199 viiccarum
1188 2149 1555 2198 subditorum
1580 2147 1766 2198 corda
1808 2148 2132 2201 traducens.

514 2226 664 2286 Ergo
687 2220 919 2272 nomine
948 2220 1199 2282 Ell‘raim,
1249 2219 1522 2283 appellari
1563 2221 1881 2270 Jeroboam
1910 2227 2136 2285 putant,

513 2298 609 2360 qui
637 2294 766 2345 ideo
792 2292 1073 2356 speculari
1097 2304 1234 2343 cum
1262 2293 1381 2343 Deo
1398 2294 1589 2342 dictus
1612 2294 1704 2353 sit,
1731 2294 1883 2355 quod
1909 2296 2137 2357 priuset

513 2380 712 2420 curam
737 2364 1028 2427 religionis
1052 2364 1345 2426 habuerit,
1373 2369 1431 2414 et
1447 2364 1752 2427 diligenter
1767 2369 2137 2427 quzel‘uerunt

513 2443 684 2499 recta,
712 2437 1095 2501 conspexerit.
1117 2437 1228 2487 Sed
1252 2436 1353 2498 qui
1374 2436 1528 2499 oliui,
1553 2440 1826 2499 inquam,
1854 2443 1976 2487 erat
2003 2440 2138 2489 Pro-

514 2514 704 2577 pheta,
730 2512 806 2560 ita
820 2510 1012 2559 subito
1035 2507 1109 2558 ad
1122 2520 1320 2570 prava,
1345 2507 1568 2571 defecit,
1596 2514 1840 2559 utrumn.
1865 2516 1909 2555 et
1928 2514 2139 2569 laqueus

516 2584 639 2635 suis
662 2582 1043 2632 sectatoribus
1065 2580 1421 2630 redderetur.
1452 2580 1678 2640 Quidni,
1705 2594 1837 2630 cum
1872 2582 1932 2630 in
1955 2581 2137 2632 domo

516 2655 618 2706 Dei
645 2656 925 2716 suiquem
950 2651 1216 2715 elegerat,
1236 2654 1557 2713 quantaest
1579 2655 1831 2702 maxima
1856 2662 2135 2701 versaretur

516 2726 742 2779 insania
776 2728 803 2774 ‘2
836 2721 1015 2789 445
1057 2724 1266 2773 Verum
1297 2722 1391 2773 hic
1419 2725 1583 2772 locus
1608 2724 1715 2774 hoc
1745 2724 1911 2774 inch
1942 2729 2135 2788 potest

517 2796 988 2863 compendiosius
1006 2794 1297 2857 explicari,
1316 2799 1375 2844 ut
1399 2794 1680 2857 dicamus,
1710 2800 1844 2859 quia
1860 2797 1930 2846 de
1956 2804 2130 2844 coniu-

518 2872 705 2925 ineliis
718 2873 1127 2935 prophetarum
1151 2880 1185 2915 a
1212 2872 1407 2918 sumta
1419 2870 1852 2929 conquestione,
1875 2882 1945 2919 ex
1959 2872 2130 2915 eodem

519 2945 659 2998 illud
690 2948 882 2995 tenore
914 2941 1244 3004 subjecerit,
1276 2952 1343 2991 ac
1370 2940 1417 2990 si
1448 2938 1665 2989 diceret
1699 2954 1711 2989 :
1744 2945 1788 2991 υ
1817 2944 1878 2991 tu
1904 2939 2131 3004 popule,

520 3017 771 3085 profanis
795 3016 1003 3066 ritibus
1031 3014 1356 3075 subJugate,
1382 3013 1454 3062 ad
1479 3011 1779 3062 cumulum
1804 3013 2125 3076 iniquitatis

521 3099 638 3144 tute
664 3088 1005 3155 spiritalium
1029 3087 1440 3149 magistrorum
1458 3086 1802 3137 cntumelias
1826 3086 2122 3146 addidisti,

518 3165 597 3216 ita
618 3168 681 3215 ut
700 3162 1009 3228 prophetas
1045 3160 1150 3210 Dei
1170 3159 1429 3221 instinos,
1455 3163 1512 3210 et
1536 3164 1698 3223 spirit
1716 3160 1817 3209 iles
1839 3162 2119 3219 magistros,

521 3235 731 3288 stultos
756 3247 1026 3287 vocares:
1054 3245 1185 3296 quae
1209 3233 1463 3282 amentia
1486 3232 1558 3282 de
1597 3232 1991 3295 magnitudine
2016 3230 2123 3281 ini-

522 3308 759 3374 quitatis
783 3306 983 3370 erupit.
1010 3304 1281 3356 Audebas
1300 3308 1505 3367 quippe
1530 3304 1819 3354 interdum
1837 3303 2126 3366 quoddam

528 3392 661 3431 cum
703 3378 1006 3444 promissis
1050 3390 1246 3427 eorum
1291 3377 1436 3427 inire
1480 3382 1788 3438 certamen,
1815 3382 1871 3426 et
1895 3375 2123 3427 dicere:

524 3455 666 3504 Ecce
693 3448 1031 3515 speculandi
1055 3461 1271 3499 munus
1295 3449 1465 3498 ambo
1488 3448 1695 3511 pariter
1726 3448 2050 3509 sortiamur,
2073 3453 2129 3499 et

524 3524 942 3587 conspicemur,
972 3525 1171 3572 utrum
1215 3519 1311 3570 illa
1347 3520 1542 3570 omnia
1576 3520 1826 3583 veniant,
1864 3532 1996 3583 qua}
2033 3521 2129 3572 isti

524 3596 691 3648 nobis
716 3599 957 3646 ventura
986 3593 1357 3643 denunciant.
1378 3593 1785 3655 Addebasque,
1808 3594 1949 3643 nihil
1974 3592 2128 3645 aliud

525 3667 829 3734 prophetas
854 3666 1059 3716 debere
1083 3665 1322 3717 censeri.
1349 3677 1522 3727 quam
1547 3664 1815 3715 hostilem
1840 3664 2129 3728 laqueum,

525 3742 585 3791 in
622 3741 850 3791 ruinam
899 3736 1241 3787 miserorum
1280 3740 1495 3786 civium
1530 3736 1886 3787 fabricatum.
1923 3740 2128 3800 Sicque

528 3809 946 3873 blasphemiam
977 3806 1343 3859 contumeliis
1368 3808 1723 3872 copulantes,
1749 3809 1806 3859 in
1833 3808 2004 3860 domo
2029 3810 2130 3861 Dei

525 3883 935 3949 prophetarum
979 3892 1110 3932 esse
1147 3880 1435 3931 insaniam
1475 3880 1772 3932 dicebatis.
1799 3883 1983 3942 Quam
2008 3883 2128 3946 opi-

526 3959 777 4017 nionem,
804 3966 944 4005 sane
967 3953 1223 4004 maxime
1243 3966 1371 4005 esse
1396 3953 1695 4018 sacrilegii,
1716 3955 1966 4007 invectio
1992 3958 2131 4007 sub-

521 4030 727 4094 juncta
749 4027 1057 4080 convincit.

591 4104 751 4153 Vers.
779 4100 830 4154 9.
876 4128 936 4137 —
962 4098 1317 4150 Exclamavit
1350 4099 1505 4150 enim
1537 4116 1547 4148 :
1575 4098 1715 4163 Pref
1716 4100 1855 4149 unde
1894 4116 2133 4164 peccaue-

527 4178 657 4224 runt
682 4174 819 4222 sicut
840 4172 899 4220 in
925 4171 1107 4220 diebus
1136 4171 1317 4223 Gabaa
1349 4170 1453 4235 [ΑΙ.
1489 4172 1783 4236 Gabaamj.
1809 4174 2133 4222 Recordabi-

530 4253 618 4296 tur
642 4245 954 4308 iniquitatis
977 4258 1184 4307 eorum,
1210 4248 1257 4291 et
1281 4242 1514 4291 visitabit
1533 4250 1748 4308 peccata
1774 4260 1975 4296 eorum.
2005 4249 2133 4299 Non

530 4324 637 4382 est,
670 4317 878 4381 inquit,
916 4315 1027 4367 tale
1072 4315 1294 4365 facinus
1320 4319 1385 4365 ut
1420 4328 1667 4367 censura
1709 4316 1919 4380 judicis
1946 4318 2133 4372 valeat

528 4392 709 4456 ipsius
724 4388 1000 4441 oblivisci.
1027 4389 1097 4439 Et
1120 4388 1393 4450 quoniam
1418 4387 1675 4439 historiae
1696 4396 1905 4440 veteris
1924 4391 2133 4444 fecerat

528 4464 900 4523 mentionem,
925 4463 1007 4511 ait
1031 4474 1043 4509 :
1069 4459 1457 4509 Recordabitur
1491 4460 1802 4524 iniquitatis
1825 4478 2011 4512 eorum
2036 4485 2048 4514 :
2076 4470 2155 4517 et.

532 4535 860 4596 vindicabit,
872 4533 1076 4595 inquit.
1097 4538 1439 4596 praesentem
1456 4537 1855 4588 contumeliam
1872 4543 2132 4600 propheta-

530 4619 687 4658 rum:
716 4619 834 4658 non
874 4606 1058 4655 serius
1095 4618 1267 4668 quam
1294 4606 1343 4655 si
1378 4606 1517 4656 illud
1547 4608 1761 4659 crimen
1784 4611 1856 4660 ad
1883 4626 2127 4666 examen

527 4679 858 4767 adduceret,
875 4678 1028 4740 quod
1040 4683 1390 4767 anteiregum
1409 4683 1658 4767 aetatem,
1674 4682 1702 4731 J
1715 4682 2127 4767 ud‘i‘cibusgen-
2150 4694 2205 4767 D

532 4756 647 4802 tem
663 4750 928 4800 Judaeam
949 4750 1299 4813 regentibus,
1323 4756 1735 4813 perpetrarunt.
1751 4752 1852 4805 Illo
1872 4759 2126 4816 siquidem

531 4826 788 4886 tempore
812 4821 987 4872 levita
999 4820 1231 4894 quidam
1244 4834 1373 4872 cum
1392 4822 1464 4873 ad
1488 4823 1860 4876 habitationis
1887 4832 2129 4894 propriae

527 4895 716 4947 locum
761 4894 987 4957 rediret,
1034 4893 1093 4943 in
1140 4895 1341 4945 urbem
1369 4895 1550 4946 tribus
1593 4893 2007 4963 Benjamiticzn,
2036 4905 2130 4955 cui

528 4979 739 5019 nomen
783 4970 906 5018 erat
951 4965 1159 5030 Gabaa,
1186 4966 1287 5018 die
1309 4969 1430 5031 jam
1464 4967 2001 5035 advesperascente,
2029 4976 2129 5028 de-

525 5040 705 5091 ﬂexit.
732 5041 988 5102 Cumque
1011 5038 1240 5090 nullum
1263 5038 1377 5090 illic
1402 5040 1689 5104 hospitem
1721 5046 2028 5105 reperisset
2067 5048 2129 5100 in

524 5110 772 5176 publico,
809 5124 939 5162 cum
964 5112 1194 5176 propria
1238 5124 1419 5163 uxore
1460 5112 1736 5164 consedit.
1778 5116 1885 5166 Sed
1907 5121 2129 5182 perdita

524 5185 571 5233 ci
581 5184 774 5236 vitatis
782 5187 1079 5248 juventus,
1095 5196 1213 5235 non
1224 5187 1495 5234 contenta
1506 5183 1561 5233 di
1573 5186 1805 5237 versorii
1821 5193 2127 5254 negatione

523 5268 807 5320 peccasse,
835 5255 1150 5307 sacerdotis
1176 5254 1558 5319 conjugemin
1572 5270 1742 5309 usum
1756 5260 2125 5317 obccenitatis

521 5328 776 5392 arripuit,
804 5326 1636 5390 tantumqueinsolentissimae
1662 5330 1939 5385 foeditatis
1964 5349 2126 5389 exer-

522 5401 658 5453 cuit.
678 5405 744 5452 ut
766 5400 938 5452 illusa
954 5400 1177 5463 mulier,
1191 5400 1343 5451 sicut
1365 5400 1639 5453 amiserat
1653 5406 2003 5467 pudicitiam,
2018 5414 2125 5471 pri-

523 5477 750 5525 varetur
772 5477 829 5524 et
853 5475 987 5525 vita.
1026 5474 1133 5524 Sed
1160 5479 1389 5537 postero
1427 5476 1518 5525 die
1542 5477 1715 5529 levita
1737 5492 2121 5548 consurgens,

587 5625 602 5643 ·
626 5616 805 5667 Vetus
828 5614 1023 5666 Editor
1043 5613 1350 5667 maluisset
1376 5616 1431 5664 in
1449 5616 1762 5681 judicantes
1784 5622 2069 5674 exclamat.

585 5688 604 5715 ι’
629 5688 848 5739 Vitiose
879 5688 1101 5751 loquens
1125 5701 1226 5752 pro
1252 5689 1477 5753 laqueus
1500 5691 1816 5757 legebatur.

585 5767 600 5786 τ
628 5760 710 5809 Ex
734 5760 826 5809 his
841 5760 1249 5824 Hieronymus,
1268 5774 1440 5825 quem
1470 5763 1632 5816 facile
1660 5768 1865 5818 Noster
1879 5769 1953 5819 ob
1984 5782 2121 5822 ocu-

518 5826 612 5910 los
631 5829 898 5910 habebat.
916 5832 1085 5910 rgo,
1106 5832 1313 5896 inquit,
1337 5834 1621 5886 Jeroboam
1639 5840 1799 5902 quasi
1821 5842 2121 5905 speculator

523 5895 679 5948 datus
700 5901 760 5949 iu
783 5909 980 5964 populo
1017 5909 1108 5967 est,
1137 5895 1197 5952 et
1223 5910 1382 5970 quasi
1402 5895 1663 5971 propheta
1701 5926 1825 5960 cum
1845 5895 1953 5964 beo
1983 5895 2117 5983 meo,

2235 512 2345 561 que
2383 499 2440 549 in
2477 499 2660 549 frusta
2695 498 3024 557 concidens,
3055 509 3155 560 per
3187 508 3389 547 omnes
3416 492 3625 547 Tribus
3650 501 3809 562 gentis

2231 570 2386 621 illius
2411 570 2740 632 destinavit,
2767 574 2833 620 ut
2856 580 3063 619 caussa
3082 572 3193 617 tam
3217 568 3395 618 trucis
3415 569 3724 631 spectaculi
3742 583 3809 621 co-

2233 642 2411 703 gnita,
2443 654 2810 692 communem
2834 640 3145 703 arriperent
3172 638 3465 689 ultionem.
3496 641 3703 702 Sicque
3723 642 3809 689 Gi-

2235 715 2483 764 baonitis
2510 715 2740 773 bellum,
2786 714 2898 764 nisi
2922 712 3128 763 noxios
3165 712 3471 773 traderent,
3497 710 3809 768 iDdICCDt€>,

2236 786 2421 847 tertio,
2459 786 2553 835 vix
2593 793 2912 849 superatos,
2956 782 3219 834 delevere
3246 784 3513 833 conﬂictu
3538 798 3550 833 :
3579 784 3661 835 ita
3685 786 3809 835 ιιῑᾱι·

2236 862 2347 909 tota
2365 858 2540 909 Tribu
2567 859 2887 919 Beniamin,
2914 868 3029 905 non
3054 855 3304 918 amplius
3322 868 3494 917 quam
3532 858 3808 918 quingena

2233 929 2498 980 homines
2524 929 2875 993 superfuisse
2900 927 3376 984 referanturUudi
3394 943 3424 976 τ.
3448 926 3574 987 19.).
3597 927 3681 976 Illi
3703 942 3809 991 ergo

2236 1000 2436 1051 sceleri
2460 1014 2717 1065 praesens
2736 1004 3030 1063 peccatum
3050 997 3325 1062 propheta
3344 1000 3807 1061 composuit,qiuii

2234 1072 2502 1124 videlicet
2528 1072 2946 1135 perpetrabant,
2975 1070 3255 1133 spiritales
3269 1068 3424 1119 viros
3447 1070 3659 1120 stultos
3676 1076 3810 1121 etve-

2236 1158 2411 1195 sanos
2429 1144 2705 1194 vocando.
2723 1142 3305 1193 Commendatautem
3320 1154 3377 1191 re
3387 1142 3702 1193 verenlinm
3719 1158 3811 1203 pre.

2234 1218 2534 1281 phet‘irum
2555 1216 2806 1279 mquatio
2823 1216 2973 1265 facta
2990 1215 3305 1277 culparum,
3324 1225 3573 1276 quorum
3598 1217 3807 1263 honorem

2233 1287 2437 1339 audaci
2483 1293 2675 1339 tamen
2714 1299 2979 1337 sermone
3004 1286 3297 1345 violatum,
3344 1286 3605 1337 ostendit
3624 1298 3735 1337 non
3758 1289 3809 1337 ad

2232 1363 2512 1411 minorem
2530 1366 2748 1410 reatum
2764 1359 2967 1415 valere,
2988 1369 3159 1421 quam
3174 1358 3352 1415 illum,
3368 1370 3542 1421 quem
3557 1358 3808 1409 obscoeni-

2235 1437 2320 1482 tas
2345 1432 2635 1495 quondam
2660 1432 2905 1495 publica,
2924 1436 2981 1482 et
2997 1431 3196 1482 eadem
3222 1435 3458 1481 cruenta
3480 1434 3658 1493 atque
3678 1430 3809 1482 ince-

2234 1509 2325 1555 sta
2349 1504 2715 1555 contraxerit.

2293 1623 2456 1673 Vers.
2500 1620 2581 1675 10.
2622 1648 2678 1657 -—-
2717 1620 2883 1678 Quasi
2919 1634 3052 1668 uvas
3093 1618 3154 1667 in
3192 1619 3387 1667 deserto
3434 1618 3621 1667 inveni
3654 1619 3809 1671 Israel,

2242 1695 2401 1759 quasi
2423 1695 2611 1757 prima
2630 1708 2794 1757 poma
2811 1692 3049 1755 ﬁculneae
3072 1692 3129 1738 in
3154 1692 3432 1739 cacumine
3453 1690 3588 1755 ejus,
3620 1692 3807 1754 vidipi-

2156 1760 2211 1835 B
2242 1773 2341 1816 tres
2365 1780 2585 1815 eorum:
2626 1766 2730 1829 ipsi
2762 1771 2942 1811 autem
2978 1765 3321 1812 intraverunt
3366 1764 3438 1811 ad
3477 1762 3752 1826 Beel/‘egor,
3778 1772 3806 1812 et

2238 1840 2534 1888 abalienati
2549 1844 2673 1886 sunt
2690 1838 2741 1884 iii
2763 1836 3096 1899 confusione,
3111 1842 3153 1883 et
3170 1835 3807 1897 factisunlabominabiles

2236 1914 2371 1961 sit-ut
2395 1927 2451 1959 ea
2477 1926 2593 1975 quae
2611 1910 2934 1958 dilexerunt.
2948 1910 3013 1957 In
3032 1920 3209 1957 unum
3226 1904 3585 1975 colligitqguaa
3597 1906 3806 1956 diversis

2238 1988 2401 2048 gesta
2418 1973 2555 2033 sunt
2575 1981 2946 2044 temporibus,
2969 1983 3031 2029 ut
3046 1973 3513 2044 extequet,446
3529 1978 3676 2028 sicut
3691 1978 3807 2027 dixi-

2238 2070 2388 2115 mus,
2408 2060 2635 2105 reatum
2660 2052 2953 2115 religionis
2980 2051 3206 2102 violatae
3237 2056 3292 2100 et
3317 2050 3682 2100 Contumelias
3708 2062 3807 2112 pro-

2238 2128 2499 2193 plietalis.
2519 2127 2675 2176 Fecit
2694 2130 2887 2175 autem
2914 2134 3218 2174 excessum
3236 2122 3292 2171 in
3309 2122 3535 2172 laudem
3556 2132 3805 2181 parentum.

2238 2214 2340 2265 per
2360 2212 2550 2263 quain.
2576 2196 3062 2258 degenerautibus
3082 2194 3229 2255 tiliis,
3254 2194 3717 2255 crescatinvidia,
3738 2205 3807 2265 ap-

2241 2262 2624 2335 piireatqucda
2648 2283 2760 2332 quo
2787 2268 3035 2319 culmine
3062 2265 3401 2328 sanctitatis,
3419 2266 3475 2315 in
3494 2278 3631 2328 quin
3655 2262 3807 2315 crimi-

2236 2358 2375 2396 num
2423 2342 2704 2408 profunda
2750 2340 3168 2392 descenderint.
3216 2341 3357 2389 Cum
3395 2338 3611 2399 densis,
3636 2337 3805 2399 inquit.

2235 2416 2547 2479 impietatis
2586 2414 2860 2478 vepribus
2903 2412 3191 2475 squaleret
3213 2416 3269 2461 et
3316 2414 3606 2473 tegeretur
3638 2416 3806 2460 natura

2236 2488 2583 2550 mortalium,
2610 2485 2920 2544 Abraham,
2949 2486 3108 2535 Isaac
3134 2487 3188 2533 et
3222 2482 3417 2541 Jacob,
3443 2481 3806 2543 generositatis

2226 2560 2446 2622 judicia
2493 2560 2933 2623 praestiterunt:
2979 2556 3059 2606 ita
3098 2555 3445 2605 suavitatem
3470 2553 3681 2605 debita:
3702 2564 3805 2615 erga

2236 2634 2421 2683 Deum
2464 2632 2870 2689 confessionis,
2913 2628 3076 2691 quasi
3118 2639 3262 2677 uvas
3288 2626 3504 2675 lieusve
3537 2628 3805 2689 parientes.

2235 2718 2411 2768 quam
2438 2703 2663 2754 illorum
2706 2703 2879 2753 ﬁdem
2924 2706 3097 2763 atque
3133 2700 3426 2757 virtutem,
3461 2710 3582 2748 non
3613 2710 3703 2761 pro
3725 2708 3805 2745 sua

2234 2776 2523 2840 paucitate
2537 2774 2802 2838 despexi,
2829 2772 2929 2823 sed
2956 2771 3361 2833 tantomajoris
3378 2769 3612 2819 honoris
3627 2772 3679 2819 et
3699 2778 3804 2829 gra-

2233 2850 2330 2899 tim
2370 2847 2648 2912 judicavi,
2691 2850 2907 2909 quanto
2955 2842 3115 2907 plura
3168 2842 3427 2906 gentium
3471 2841 3803 2905 profanarum

2233 2919 2495 2983 exempla
2509 2917 3120 2970 eontemserunt.Sicut
3141 2928 3273 2978 ergo
3288 2916 3463 2964 vitem
3477 2914 3537 2963 in
3552 2918 3709 2964 vasta
3719 2913 3805 2957 soli-

2234 2992 2433 3042 tudine
2450 2992 2890 3055 germinantem,
2920 2987 3069 3037 sicut
3092 2987 3233 3036 licus
3248 2997 3607 3049 prmeoquas,
3624 2986 3679 3034 in
3691 2994 3800 3045 qua-

2225 3077 2351 3115 rum
2374 3066 2763 3128 appetentiam
2794 3064 2850 3112 et
2896 3059 3317 3122 tempestivitas
3360 3056 3797 3108 commoveretet

2230 3136 2509 3199 suavitas,
2526 3137 2605 3187 ita
2622 3148 2724 3186 eos
2749 3134 2809 3186 in
2829 3133 3119 3197 gremium
3144 3142 3339 3181 meum
3363 3129 3559 3179 debita
3575 3130 3797 3177 sedulitate

2150 3189 2199 3265 Ο
2229 3210 2445 3273 collegi,
2475 3189 2548 3260 ne
2581 3207 2720 3272 quid
2757 3189 3057 3258 deﬂeorum
3082 3207 3184 3255 aut
3208 3202 3481 3253 fructibus
3504 3200 3707 3265 periret
3725 3202 3801 3273 aut

2225 3268 2514 3333 laudibus.
2553 3268 2659 3333 Sed
2689 3292 2823 3330 cum
2848 3290 2952 3343 ego
2977 3275 3247 3341 appellari
3283 3275 3440 3326 Deus
3485 3286 3700 3333 eorum,
3724 3268 3799 3333 qui

2225 3368 2380 3406 erant
2406 3366 2599 3405 rerum
2642 3352 2933 3414 dominus,
2970 3348 3294 3412 elegissem,
3320 3344 3577 3398 sobolem
3601 3354 3800 3408 quoque

2227 3440 2421 3479 eorum
2446 3425 2826 3490 multiplicate
2850 3423 3097 3488 perrexi,
3126 3419 3226 3471 sed
3250 3428 3267 3448 ο
3292 3418 3546 3481 degener
3571 3416 3798 3482 populus.

2228 3507 2285 3555 et
2319 3501 2601 3554 malorum
2627 3513 2867 3552 suorum
2907 3498 3130 3572 pariter,
3156 3500 3212 3546 et
3245 3494 3560 3572 conditoris
3596 3492 3796 3549 oblitus,

2228 3575 2299 3626 ad
2326 3575 2545 3625 cultum
2572 3586 2770 3626 eorum
2797 3566 3098 3633 idolorum,
3126 3580 3258 3631 quae
3287 3566 3408 3618 sola
3440 3566 3798 3617 consecrasset

2228 3648 2602 3709 obscmnitas,
2627 3644 2885 3697 introivit
2921 3657 2932 3693 :
2962 3644 3033 3692 ad
3057 3641 3322 3703 Bcct/‘egor
3364 3637 3627 3689 videlicet
3656 3647 3794 3699 quam

2230 3720 2469 3783 ﬁguram
2495 3719 2679 3780 Priapi
2706 3718 2976 3768 dixerunt
3002 3720 3212 3765 tenere.
3237 3712 3296 3763 1d
3318 3715 3509 3763 autem
3521 3710 3795 3759 commendat

2229 3792 2468 3843 historia
2484 3790 2611 3841 libri
2628 3792 3029 3849 Numerorum,
3044 3786 3098 3837 id
3114 3790 3217 3848 est,
3234 3784 3367 3848 quia
3385 3783 3695 3834 secundum
3707 3793 3795 3827 con-

2230 3863 2420 3915 silium
2474 3863 2724 3925 Balaam,
2752 3864 3051 3913 instructis
3087 3858 3525 3910 Madianitarum
3565 3854 3795 3906 mulieres

2230 3936 2541 3987 Israelitico
2559 3934 2838 3987 exercitui
2854 3933 3083 3984 obviam
3101 3929 3417 3981 meretricio
3433 3927 3631 3978 habitu
3642 3927 3796 3989 gestu-

2232 4022 2343 4073 que
2363 4012 2783 4074 processerunt,
2803 4010 2868 4058 ut
2884 4019 3015 4057 cum
3034 4003 3159 4055 illos
3173 4003 3231 4053 in
3242 3994 3793 4074 appetentialibidinis

2233 4072 2645 4142 concitassent,
2674 4093 2789 4131 non
2807 4080 2966 4143 prius
2989 4079 3171 4139 stupri
3190 4072 3516 4125 facultatem
3537 4073 3793 4134 praeberent

2232 4167 2407 4219 quam
2438 4151 2839 4217 Beelpliegoris
2875 4148 3012 4201 idoli
3053 4149 3139 4199 sui
3167 4146 3441 4198 sacrilicio
3466 4143 3792 4219 polluissent.

2236 4210 2495 4291 Denique
2528 4210 2655 4277 talis
2679 4210 2738 4275 in
2762 4222 3038 4287 populum
3059 4221 3227 4285 plaga
3252 4218 3515 4282 surrexit,
3540 4222 3605 4269 ut
3630 4210 3793 4291 viginti

2232 4302 2288 4351 et
2314 4290 2416 4350 tria
2439 4297 2616 4349 millia
2636 4309 2750 4347 uno
2769 4296 2859 4346 die
2873 4294 3082 4359 pariter
3096 4292 3407 4343 interirent.
3428 4290 3690 4341 Confusio
3705 4297 3793 4359 ergo

2232 4370 2665 4436 comprehendit
2711 4357 3005 4431 obcaenos,
3059 4378 3131 4416 ne
3178 4363 3371 4415 minus
3414 4357 3792 4436 abominabiles

2235 4446 2349 4495 Deo
2366 4432 2590 4507 tierent,
2613 4454 2789 4506 quam
2809 4441 2934 4504 ipsa
2951 4439 3117 4499 idola,
3139 4448 3379 4501 quorum
3405 4432 3792 4507 consectatione

2236 4517 2296 4581 [Α
2310 4522 2383 4568 nt.
2402 4502 2910 4577 consectatione—in]
2929 4512 3299 4574 deliquerant.
3320 4507 3661 4581 Haudigitur
3672 4502 3793 4580 illius

2231 4573 2419 4641 aetatis
2467 4586 2682 4653 populi,
2736 4573 3068 4649 quos-Osee
3098 4582 3373 4647 propheta
3416 4577 3720 4637 compellat,
3748 4573 3791 4622 iii

2225 4663 2573 4727 Beelphegor
2599 4672 2864 4722 peccasse
2881 4657 3173 4717 dicuntur;
3203 4656 3300 4705 sed
3328 4654 3460 4717 quia
3484 4657 3793 4703 commemo-

2230 4737 2373 4791 ratio
2390 4732 2752 4795 antiquitatis
2780 4730 3017 4781 inducta
3040 4734 3145 4788 est,
3173 4731 3227 4777 et
3246 4731 3574 4777 sanctorum
3598 4727 3790 4795 patrum

2227 4809 2458 4863 laudata
2474 4826 2500 4866 μ
2513 4792 2849 4864 operositas,
2864 4815 2996 4866 qum
3016 4800 3223 4864 posteri
3249 4813 3421 4848 eorum
3438 4798 3643 4846 diversis
3659 4792 3789 4841 aeuti-

2228 4884 2340 4933 bus
2353 4874 3169 4939 commiserunt,explicantur,
3190 4876 3253 4923 ut
3265 4883 3506 4935 quorum
3522 4870 3699 4917 similes
3710 4867 3786 4911 sint

2226 4954 2283 5006 hi
2300 4955 2394 5016 qui
2414 4951 2471 5001 in
2484 4948 2757 5014 prieSenti
2773 4950 3111 5011 arguuntur,
3138 4948 3423 5009 appareat,
3441 4955 3505 4993 ac
3524 4942 3570 4992 si
3586 4939 3785 5016 eis-dice-

2227 5013 2526 5087 returzEn,
2561 5021 2619 5071 in
2643 5032 2774 5083 quae
2809 5019 3087 5070 dedecora
3122 5018 3194 5069 ab
3219 5016 3425 5068 illustri
3448 5017 3618 5080 stirpe
3638 5013 3784 5063 ﬂuxe-

2226 5096 2528 5161 runt[Ant.
2558 5090 3002 5157 ﬂiixerant].En,
3028 5091 3240 5155 quibus
3263 5095 3441 5142 tanta;
3459 5088 3783 5161 fuitpaternai

2226 5158 2525 5233 dignitatis
2537 5165 2767 5229 oblivio,
2784 5170 2848 5217 ut
2868 5176 3002 5215 cum
3021 5165 3267 5227 majores
3287 5162 3551 5214 eorumin
3575 5158 3779 5211 salutem

2225 5240 2376 5304 eligi,
2409 5238 2631 5290 mundo
2668 5242 2962 5301 pereunte,
3009 5236 3374 5299 meruissent,
3406 5236 3498 5286 isti
3532 5234 3780 5291 deinceps.

2226 5311 2467 5363 stultitia
2491 5311 2549 5361 in
2588 5310 2668 5361 eis
2693 5314 2749 5361 et
2784 5310 3160 5362 obscoenitate
3197 5309 3563 5373 certantibus,
3591 5306 3781 5367 Priapos

2226 5385 2557 5447 vitulosque
2582 5383 2839 5436 venerati
2866 5384 2998 5434 sint.

2285 5493 2447 5544 Vers.
2471 5489 2644 5547 11.19..
2664 5518 2723 5528 —-
2739 5490 2977 5556 Eﬂ'ratm
2997 5490 3157 5555 quasi
3173 5484 3708 5551 avisavolavit,gtoria
3719 5493 3779 5527 €0-

2223 5637 2325 5687 hoc
2356 5642 2426 5685 est
2456 5651 2578 5685 cum
2603 5636 2726 5700 Deo,
2753 5636 2849 5700 qui
2872 5635 2978 5685 haec
3005 5635 3123 5685 Osee
3147 5634 3407 5699 loquitur.

2212 5706 2222 5725 ’
2285 5708 2306 5738 δ
2337 5695 2821 5773 Βοςριτὶρδὶωύεά
2844 5723 2950 5772 quo
2992 5721 3092 5772 pro
3118 5695 3308 5759 inutili
3346 5720 3482 5758 voce
3506 5719 3647 5766 auso,
3669 5695 3771 5759 quod

2219 5782 2876 5834 anteaobtinebat.Prior
2888 5780 3081 5833 Editor
3093 5780 3204 5845 legi
3220 5780 3524 5832 maluisset
3538 5794 3571 5828 α
3586 5774 3769 5841 quanto.

2282 5861 2300 5883 '
2322 5856 2511 5918 Atque
2532 5854 2657 5907 heic
2688 5853 3066 5907 emendamus
3098 5854 3322 5919 degener
3367 5866 3468 5919 pro
3509 5861 3619 5916 quo
3638 5848 3772 5898 antea

2217 5925 2374 5989 nullo
2400 5940 2578 5982 sensu
2615 5931 2737 5983 erat
2763 5926 3017 5993 degenda.
