3884 6392
536 481 671 540 1011

1603 474 1871 527 RUFINO
1904 468 2373 524 PRESBYTERO
2401 467 2785 520 ASCRIPTUS

3716 465 3816 522 1013

540 593 858 645 interibunt.
884 590 1309 654 lpseconfringet
1320 602 1509 638 eorum
1526 587 1888 646 simulachra,
1909 584 2149 658 depopu-
2165 584 2227 658 Α
2251 584 2391 658 tunc
2417 580 2565 631 sicut
2579 579 2880 658 quamdan
2905 580 3205 658 obtineant
3236 578 3591 658 libertatem,
3618 590 3726 642 qua
3747 593 3816 658 nev

540 667 882 717 labituraras
898 677 1105 725 earum,
1119 662 1251 725 quia
1264 676 1413 709 nunc
1432 661 1578 709 dicen
1589 660 1751 721 t,Non
1770 664 1837 707 est
1855 673 1953 706 rea:
1975 655 2143 715 nobis,

544 755 655 789 non
672 737 816 787 enim
841 736 1090 784 timemus
1114 734 1434 794 Dominum,
1455 739 1500 781 et
1525 748 1620 781 rem
1637 733 1771 798 quid
1792 732 1951 795 faciet
1969 727 2154 798 nobis?

546 812 668 863 Una
693 807 1010 870 eademque
1026 810 1137 856 ma!
1150 819 1196 856 e1
1213 806 1264 856 ia
1282 810 1368 856 est
1384 818 1485 870 per
1502 796 1673 868 quam
1692 805 1985 868 prophetae
1997 796 2156 850 currit

546 880 743 940 oratio,
768 879 822 930 id
850 883 955 938 est,
984 878 1178 942 populi
1193 878 1348 927 illius
1384 889 1732 939 exaggerare
1766 876 2022 934 crimina,
2060 872 2157 921 de-

547 952 817 1005 nunciare
833 950 1133 1013 supplicia,
1148 949 1344 1000 etideo
1369 948 1707 1012 plerumque
1733 948 1970 1007 similes,
1989 947 2158 995 eteos-

549 1024 679 1075 dem
699 1026 969 1073 retractat
984 1020 1206 1071 colores
1223 1024 1510 1082 quantum
1523 1022 1711 1070 tamen
1726 1023 1933 1083 potest,
1959 1016 2157 1076 aliquid

551 1109 666 1161 quo
698 1099 1005 1155 noventur,
1034 1092 1398 1149 admiscens;
1431 1092 1604 1156 igitur
1629 1092 1957 1143 frondosam
1981 1089 2158 1138 vitem

550 1167 859 1221 nominans
872 1164 1414 1224 Israelem,fructum
1433 1164 1483 1215 ei
1496 1164 1867 1225 adaequatum
1885 1174 2013 1212 esse
2030 1170 2161 1223 pro-

553 1239 804 1292 nunciat.
822 1240 960 1290 Haec
984 1241 1179 1288 autem
1203 1236 1538 1298 vinea,cum
1556 1235 1910 1286 translatade
1927 1237 2156 1294 .Egypto,

556 1317 766 1364 terram
813 1308 1299 1374 Repromissionis
1330 1307 1645 1371 implesset,
1683 1307 1925 1367 ditl'usis,
1954 1303 2157 1366 inquit,

556 1383 819 1435 constitit
844 1382 977 1434 laeta
1001 1380 1354 1444 palmitibus,
1374 1385 1433 1431 et
1450 1384 1675 1431 tantum
1700 1380 2019 1430 ubertatem
2037 1376 2158 1426 fru-

557 1460 774 1514 ctuum,
800 1453 855 1505 id
868 1458 974 1517 est,
989 1452 1238 1505 filiorum
1255 1454 1653 1515 nepotumque
1666 1452 1958 1516 produxit,
1984 1452 2047 1500 ut
2062 1459 2162 1498 an-

557 1531 729 1591 gusta
753 1530 1035 1577 terrarum
1060 1536 1207 1588 quas
1234 1527 1530 1588 acceperat
1550 1525 1741 1588 spacia
1768 1524 2160 1577 redderentur.

559 1599 685 1661 Sed,
705 1598 843 1662 quid
860 1597 1072 1661 profuit
1104 1601 1311 1648 auctus
1338 1596 1553 1648 sobolis
1577 1596 1908 1659 contigisse.
1937 1598 2161 1649 cumita

559 1673 617 1723 in
642 1670 988 1722 contrarium
1003 1682 1305 1733 erumpere
1320 1668 1663 1729 studuerint,
1694 1675 1758 1720 ut
1782 1669 1841 1719 in
1865 1682 2024 1719 meas
2037 1682 2164 1721 con-

561 1742 845 1802 tumelias,
869 1741 967 1804 qui
989 1741 1135 1792 tanti
1165 1741 1421 1792 muneris
1446 1746 1646 1792 auctor
1667 1742 1905 1799 fueram,
1931 1754 2031 1803 pro
2054 1754 2163 1792 nu-

562 1828 718 1867 mero
742 1813 1135 1865 multitudinis
1147 1817 1526 1873 armarentur,
1553 1818 1609 1864 et
1634 1813 1800 1875 quasi
1822 1814 2015 1876 copias
2029 1826 2163 1865 suas

565 1886 878 1939 sceleribus
897 1898 1125 1947 aaquare
1137 1885 1577 1936 contenderent:
1598 1886 1820 1948 publice
1833 1890 1907 1945 pri
1920 1894 1991 1931 vat
2001 1888 2168 1946 imque

565 1960 704 2012 deos
722 1958 1001 2041 sibiquos
1019 1957 1290 2019 colerent,
1304 1958 1681 2041 fabricarent‘?
1694 1960 1899 2041 Sicque
1921 1958 2015 2008 illa
2029 1961 2163 2041 vitis,
2190 1965 2245 2041 B

568 2042 701 2095 qum
715 2029 784 2082 de
798 2029 1109 2081 electorum
1124 2034 1353 2093 patrum
1368 2028 1549 2080 fuerat
1560 2029 1734 2093 stirpe
1747 2030 2001 2094 plantata
2012 2077 2015 2081 ,
2026 2033 2078 2078 in
2104 2032 2165 2078 bo

568 2108 721 2155 trum
752 2100 1175 2163 amaritudinis,
1194 2106 1251 2152 et
1276 2100 1335 2151 in
1362 2100 1653 2164 palmitem
1680 2100 2056 2152 Sodomorum
2080 2106 2170 2153 est

567 2186 863 2230 conversa,
887 2175 951 2224 ut
967 2177 1083 2224 tam
1103 2172 1404 2236 populares
1418 2173 1649 2235 quique,
1668 2185 1839 2235 quam
1863 2173 2165 2239 principes,

567 2259 685 2298 non
707 2247 936 2297 tantum
956 2244 1282 2308 neglexisse
1295 2245 1603 2309 justitiam,
1620 2244 1721 2296 sed
1735 2257 1861 2296 eam
1875 2247 2046 2296 etiam
2057 2246 2166 2296 im-

570 2329 861 2383 pugnasse
905 2317 1239 2381 gauderent.
1290 2319 1437 2379 Ergo
1466 2318 1711 2366 Divisum
1746 2323 1816 2365 est
1849 2331 1938 2365 cor
1960 2332 2163 2381 eorum,

570 2405 715 2440 nunc
732 2388 1048 2441 interibunt.
1077 2389 1247 2449 ldest,
1274 2388 1593 2441 intentione
1613 2394 1729 2439 tota
1745 2401 1779 2439 a
1802 2402 1893 2439 me
1920 2388 2165 2453 separati

569 2465 726 2522 sunt,
763 2463 821 2512 et
848 2473 883 2512 a
906 2461 1067 2512 cultu
1097 2461 1239 2521 legis
1264 2462 1491 2512 firmata
1514 2462 1829 2513 discessere
1855 2462 2159 2512 sententia.

569 2533 715 2595 Quid
746 2538 1027 2597 superest,
1046 2533 1159 2583 nisi
1182 2534 1372 2584 uttlxa
1389 2532 1547 2585 clade
1559 2535 1882 2597 depereant,
1896 2541 2042 2594 atque
2052 2536 2164 2593 opi-

569 2605 761 2657 nionis
782 2616 905 2656 sure
930 2604 1250 2667 intelligant
1269 2605 1596 2669 vanitatem,
1622 2618 1735 2669 qua
1756 2619 1815 2655 se
1836 2605 1914 2655 ita
1931 2620 2165 2653 assueve-

571 2679 698 2729 rant
712 2675 1014 2738 consolari,
1032 2680 1099 2727 ut
1110 2676 1680 2739 dicerent,meliorein
1698 2682 1913 2728 statum
1927 2692 2075 2725 suum
2090 2679 2168 2724 vel

575 2749 684 2799 sub
697 2748 1028 2811 captivitate
1040 2748 1596 2812 censendum,quam
1614 2763 1743 2799 cum
1760 2766 1786 2796 a
1804 2746 2165 2815 sanctis450

572 2819 1054 2885 autpontiiicibus
1067 2821 1536 2883 gubernabantur
1550 2822 1893 2883 autrcgibus
1907 2824 1930 2869 ξ’
1950 2822 2102 2871 Inter
2114 2834 2173 2871 se

572 2892 764 2958 igitur,
779 2891 876 2956 ait,
902 2904 1001 2957 per
1027 2892 1440 2958 impudentiam
1473 2893 1886 2957 colloquentur,
1902 2893 2173 2957 quoniam

599 3040 3537 3064 mw

2252 652 2363 713 legi
2388 656 2669 711 cogantur
2684 652 2932 713 obedire,
2947 665 3052 703 nec
3070 650 3212 715 regi;
3226 650 3434 714 quippe
3454 662 3709 714 quorum
3721 655 3820 711 prin-

2255 724 2439 787 cipem
2452 724 2636 775 hostis
2660 724 2978 781 abduxerit,
3004 729 3062 775 et
3087 724 3183 785 qui
3209 722 3821 787 religionisjugum.an-

2256 797 2415 858 tiqua
2440 796 3149 860 profanitate,depulerint.
3171 797 3235 846 In
3260 796 3351 847 his
3374 807 3533 857 ergo,
3562 795 3659 849 ait,
3686 797 3821 847 scele-

2256 869 2415 920 ribus
2461 869 2791 931 gestientes,
2834 869 3158 919 felicitatem
3192 872 3415 932 putant,
3455 866 3617 929 quod
3652 870 3819 917 non-mi

2258 941 2530 991 diuturna
2543 953 2741 1003 regum
2761 953 2993 990 suorum
3013 944 3291 991 vocentur
3311 938 3519 1001 cilicia,
3547 938 3650 989 sed
3668 952 3809 1003 precu

2259 1014 2534 1075 degentes
2561 1025 2753 1063 annua
2772 1012 3084 1065 victoribus
3110 1013 3323 1063 tributa
3338 1010 3688 1075 dependant.
3708 1013 3809 1062 Sicu

2258 1086 2411 1136 enim
2436 1084 2534 1143 illi,
2554 1084 2624 1135 de
2649 1085 2859 1146 quibus
2878 1084 2956 1134 ait
2972 1083 3300 1147 Apostolus,
3323 1083 3823 1146 Desperanles,se:ir.

2261 1156 3145 1222 tipsostradideruntimpudicitia:
3160 1157 3216 1204 in
3237 1155 3823 1219 operationemimmur-

2259 1230 2409 1279 dicire
2424 1229 2600 1277 omnis
2616 1229 2915 1276 etavaritiaz
2930 1228 3140 1292 (Ephes.
3161 1227 3229 1288 4.)
3246 1242 3264 1285 ;
3279 1227 3363 1278 vel
3378 1227 3533 1277 sicut.
3550 1226 3827 1288 illiquosin-

2258 1304 2384 1354 nuit
2401 1300 3375 1365 propheta.quiadixerunt,Linguam
3395 1304 3647 1347 nostram
3661 1314 3829 1361 magm-

2257 1374 2467 1437 ﬁcabim
2478 1372 2712 1432 us,labia
2724 1379 2907 1421 nostra
2921 1388 2952 1421 a
2967 1372 3119 1421 nobis
3130 1378 3270 1431 sunt,
3286 1371 3408 1435 quis
3420 1377 3607 1420 noster
3621 1378 3688 1420 est
3703 1372 3829 1419 denu!

2259 1462 2365 1496 nus
2380 1445 2542 1508 (Psal.
2562 1445 2668 1507 11.)
2688 1445 2803 1495 ?ita
2826 1450 2883 1495 et
2900 1445 3110 1494 deistis
3145 1444 3345 1495 beatus
3378 1442 3528 1495 Osee
3553 1446 3828 1504 pronuntiat,

2262 1518 2414 1583 quod
2434 1530 2501 1570 eo
2518 1530 2703 1580 usque
2729 1516 3086 1581 prof-unitatis
3113 1516 3419 1579 eruperint,
3442 1519 3509 1566 ut
3526 1514 3623 1566 vel
3656 1514 3821 1565 dixisse

2261 1591 2354 1644 vel
2378 1591 2566 1641 dicere
2594 1601 2766 1652 posse
2805 1588 3125 1647 videantur,
3153 1587 3275 1636 Non
3310 1591 3380 1635 est
3416 1602 3519 1635 rex
3558 1586 3724 1648 nobis,
3754 1604 3817 1633 nm

2262 1664 2407 1712 enim
2445 1663 2693 1710 timemus
2731 1661 3055 1719 Dominum,
3087 1664 3133 1708 et
3178 1674 3274 1709 rer.
3307 1658 3443 1722 quid
3479 1659 3646 1721 faciet
3678 1657 3805 1705 nobis

2264 1736 2432 1797 idest,
2451 1747 2485 1785 a
2510 1732 2690 1784 divini
2715 1734 2937 1785 timoris
2950 1731 3230 1783 molestiis
3249 1744 3454 1781 sumus
3472 1728 3741 1789 absoluti,
3757 1743 3821 1779 ne,

2267 1807 2553 1858 habemus
2577 1818 2790 1867 regem,
2819 1804 2917 1868 qui
2941 1804 3089 1855 hanc
3113 1804 3395 1855 dictorum
3418 1801 3714 1854 licentiam
3734 1813 3827 1865 pos-

2270 1880 2345 1931 sit
2369 1878 2584 1930 ulcisci.

2334 1950 2495 2013 Quod
2530 1948 2797 2013 quoniam
2831 1959 3068 2013 gravem
3094 1947 3235 1997 bene
3261 1944 3655 1997 consideranti
3689 1948 3826 1995 movi:

2270 2022 2843 2085 horrorem.increpat
2860 2025 2916 2071 et
2938 2019 3241 2083 exclamat,
3274 2017 3539 2083 [Versum
3556 2017 3825 2081 Loquimini

2270 2094 2421 2145 verba
2439 2094 2606 2142 vision
2616 2094 2659 2141 is
2672 2093 2884 2141 inutilis
2897 2091 3152 2155 etferietis
3163 2090 3334 2154 foedus
3346 2096 3390 2139 et
3402 2089 3828 2153 germinabilqzm-

2266 2168 2314 2216 si
2331 2166 2931 2229 amaritudojudiciunt
2953 2179 3113 2227 super
3136 2163 3303 2210 sulcos
3316 2162 3457 2225 apri,
3478 2165 3671 2209 scilicet
3688 2164 3827 2222 QUll'L':

2268 2239 2425 2290 cordi
2470 2239 2561 2302 sit,
2603 2241 2761 2288 tanta
2806 2235 3096 2287 dementia
3132 2234 3330 2285 iniisse
3363 2246 3468 2285 vos
3504 2233 3693 2284 faadus
3734 2245 3825 2301 cun;

2266 2312 2543 2363 extremis
2573 2309 3014 2370 calamitatibus,
3065 2306 3344 2365 sentietis,
3377 2306 3643 2369 adeoque
3666 2317 3825 2354 omnes

2265 2390 2476 2436 vestrae
2499 2383 2761 2446 regiones
2778 2381 3021 2432 diversis
3038 2379 3297 2431 cladibus
3310 2377 3719 2442 implebuntur,
3734 2382 3783 2425 ut
3800 2390 3827 2420 ll.

2262 2460 2404 2522 ipsis
2425 2456 2586 2507 terris
2605 2453 2857 2519 pericula
2882 2453 3065 2516 magis
3083 2452 3389 2503 videantur
3418 2450 3704 2514 pullulare
3721 2462 3827 2522 qui:

2265 2519 2542 2595 germina.
2579 2530 2988 2590 Competenter
3023 2530 3237 2579 autem.
3264 2524 3397 2585 quia
3418 2536 3522 2573 eos
3546 2535 3664 2595 non
3688 2519 3827 2579 lle'Jil-

2266 2594 2484 2666 gentia,
2505 2600 2606 2650 sed
2631 2598 2821 2649 studio
2836 2598 3140 2660 deditaque
3158 2608 3329 2659 opera
3343 2594 3679 2659 peccavisse
3702 2595 3831 2666 signi-

2270 2664 2449 2729 verat,
2474 2672 2659 2723 sulcos
2686 2671 3025 2727 nominavit,
3044 2670 3357 2732 impressos
3376 2668 3555 2730 arvis,
3583 2667 3641 2717 in
3664 2664 3830 2728 quibus

2272 2746 2593 2799 amaritudo
2622 2744 2842 2808 judicii,
2870 2743 2926 2793 id
2952 2746 3058 2799 est,
3076 2740 3347 2792 vindictae
3374 2740 3652 2791 severitas
3677 2747 3831 2786 nascr-

2272 2823 2447 2871 retur.
2497 2818 2746 2880 Ideoque
2804 2829 2866 2867 se
2920 2818 3179 2877 nossent,
3234 2811 3386 2877 quod
3449 2808 3829 2863 seminaveran!

2276 2903 2537 2943 messum
2556 2902 2657 2942 1P6.

3542 3029 3831 3052 —————'

1591 3193 2060 3292 LIBER
2179 3187 2873 3291 TERTIUS.

1047 3436 1275 3488 CAPUT
1311 3436 1363 3487 X
1411 3434 1705 3499 (sequitur).

645 3573 805 3624 Vers.
834 3570 885 3625 5.
929 3569 979 3624 6.
1029 3599 1085 3606 ——
1118 3571 1311 3621 Vaccas
1336 3578 1352 3598 '
1407 3569 1677 3619 Bethaven
1709 3568 1985 3619 coluerimt
2033 3571 2188 3620 habi-

590 3650 781 3693 tatores
810 3641 1101 3702 Samaria,
1128 3642 1263 3706 quia
1286 3641 1427 3690 luxit
1445 3656 1606 3705 super
1628 3656 1747 3690 eum
1772 3642 2005 3706 populus
2017 3642 2129 3707 ejus
2143 3650 2188 3692 et

582 3715 766 3765 mditui
781 3714 1067 3779 ejussuper
1081 3728 1203 3763 eum
1233 3713 1610 3762 exultauerunt
1634 3713 1694 3763 in
1726 3714 1903 3778 gloria
1924 3713 2036 3778 ejus
2054 3715 2188 3780 quia

586 3786 924 3852 migravitab
936 3786 1299 3851 eo.Siquidem
1313 3792 1357 3835 ct
1372 3786 1482 3851 ipse
1496 3787 1555 3835 in
1569 3788 1740 3835 Assur
1753 3786 1960 3836 delatus
1971 3793 2061 3847 est,
2073 3803 2189 3836 mu-

586 3859 813 3923 nusregi
829 3857 1267 3924 ultori.E/fraim
1288 3858 1534 3920 confusio
1549 3860 1738 3922 capiet,
1764 3865 1809 3908 et
1824 3858 2189 3922 confundetur

586 3932 751 3982 Israel
767 3932 825 3981 in
851 3932 1123 3981 voluntate
1144 3946 1263 3979 sua.
1290 3932 1461 3982 Hunc
1485 3930 1678 3982 locum
1700 3931 1930 3983 traditio
1949 3930 2189 3981 dJudaica

585 4005 664 4057 ita
698 4004 999 4056 consuevit
1033 4015 1339 4067 exponere,
1379 4001 1488 4053 illis
1525 4002 1788 4054 videlicet
1813 4004 2188 4069 temporibus,

587 4077 801 4140 quibus
824 4076 1072 4128 necdum
1097 4076 1326 4127 fuerant
1350 4074 1625 4127 lsraelitee
1651 4075 1722 4127 ad
1742 4075 2036 4126 Medorum
2053 4089 2192 4127 arva

589 4147 868 4207 translati,
900 4147 1003 4199 sed
1030 4147 1091 4198 in
1116 4148 1343 4211 propria
1359 4146 1547 4198 adhuc
1563 4148 1794 4211 regione
1809 4148 2086 4199 sistentes
2100 4153 2192 4197 As-

588 4219 761 4285 syriis
788 4220 999 4271 tributa
1024 4218 1373 4283 pendebant,
1408 4218 1694 4271 exhausto
1733 4220 1954 4281 rerario,
1982 4219 2191 4271 vitulos

589 4304 738 4356 quos
763 4289 1027 4342 colebant
1057 4304 1159 4355 pro
1198 4289 1575 4355 vectigalibus
1601 4301 1618 4320 ε
1656 4292 1892 4355 Assyrio
1915 4291 2094 4343 fuisse
2116 4291 2195 4343 di-

590 4367 795 4416 rectos.
811 4366 966 4425 Quos
980 4369 1191 4425 tamen,
1206 4375 1338 4413 cum
1355 4364 1380 4412 J
1391 4363 1653 4413 croboam
1669 4376 1874 4414 aureos
1887 4366 2189 4425 fabricasset,

590 4437 662 4487 ab
685 4435 931 4487 zEdituis
945 4435 1082 4498 suis,
1110 4434 1322 4498 quibus
1339 4432 1492 4503 451
1528 4449 1720 4487 eorum
1736 4436 2194 4501 fueratdelegata

592 4508 875 4571 custodia,
901 4520 1014 4559 aere
1038 4506 1221 4559 fuisse
1244 4512 1518 4559 mutatos.
1551 4510 1692 4559 Cum
1718 4522 1763 4561 ei
1780 4522 1853 4573 go
1873 4511 2194 4560 necessitas

592 4579 931 4638 exstitisset,
948 4582 1015 4630 ut
1027 4578 1102 4630 ad
1113 4578 1579 4644 supplementum
1593 4581 1938 4633 tributorum
1952 4585 2100 4629 etiam
2125 4583 2195 4629 vi-

593 4651 697 4702 tuli
712 4651 811 4701 mit
823 4656 1096 4715 terentur,
1108 4650 1381 4703 luxerunt
1394 4653 1626 4715 quidem
1645 4666 1716 4718 po
1725 4652 1857 4717 puli,
1876 4653 1973 4718 pui
1992 4667 2052 4705 se
2066 4656 2195 4702 testi-

593 4724 835 4774 mabant
881 4723 1124 4775 numina
1154 4723 1505 4787 perdidisse:
1541 4725 1760 4776 fraudis
1804 4739 1937 4777 vero
1977 4725 2193 4776 conscii

594 4794 971 4847 ‘resultavere
988 4798 1277 4859 custodes,
1292 4797 1427 4859 quia
1442 4797 1835 4848 translatisaliu
1848 4798 2190 4857 simulacliris,

594 4868 764 4920 etiam
788 4866 1223 4930 inquisitionem
1242 4868 1376 4920 furti
1395 4868 1635 4920 ulterius
1659 4869 2193 4921 timeredesiissent.

594 4939 867 5003 Quamvis
883 4944 1077 4991 autem
1101 4940 1236 4993 huic
1262 4941 1460 4992 sensui
1478 4941 1836 4993 occasionem
1851 4943 2191 5007 praestitisse

594 5013 759 5064 lectio
782 5013 1065 5076 videatur,
1088 5018 1283 5066 tamen
1297 5014 1672 5077 potestetiam
1692 5015 1800 5066 sub
1814 5018 2010 5067 tenore
2028 5015 2190 5067 insti-

595 5091 737 5139 tutae
761 5086 832 5137 ab
855 5086 1018 5137 initio
1054 5086 1476 5151 explanationis
1510 5085 1747 5150 liquere,
1789 5091 1855 5139 ut
1886 5094 2193 5153 postquam

594 5159 919 5210 comminax
951 5159 1319 5210 denuntiarat
1343 5160 1673 5221 auctoritas,
1700 5160 1853 5223 quod
1879 5174 1979 5224 per
2001 5161 2193 5212 sulcos

592 5230 732 5296 agri,
749 5243 945 5283 amara
960 5230 1189 5283 miseris
1204 5229 1346 5282 ultio
1371 5232 1735 5295 germinaret,
1757 5233 1951 5284 statim
1967 5248 2192 5283 caussam

591 5302 1024 5369 indignationis,
1043 5316 1147 5356 suo
1182 5316 1357 5367 more,
1376 5306 1661 5365 subjocerit.
1689 5306 1882 5357 Vttccas
1904 5308 2193 5366 Bethauen,

656 5442 673 5461 ·
698 5431 786 5482 Ab
801 5430 911 5482 hoc
933 5428 1057 5482 loco
1088 5436 1327 5484 sanctus
1366 5444 1598 5497 quoque
1621 5434 2004 5499 Hieronymus
2029 5436 2196 5485 Com-

593 5503 943 5555 mentarium
969 5504 1202 5556 tertium
1226 5506 1577 5569 auspicatur,
1602 5507 1757 5570 quod
1782 5507 1991 5559 indicio
2007 5513 2114 5571 est,
2138 5507 2200 5559 in

592 5582 785 5628 vetere
803 5574 947 5627 sacri
968 5576 1189 5628 Textus
1213 5575 1516 5642 divisione,
1543 5579 1615 5630 ab
1653 5580 1744 5630 lus
1782 5593 1997 5631 novum
2024 5582 2198 5644 caput

593 5648 819 5699 initium
843 5647 1154 5714 accepisse,
1183 5662 1351 5701 secus
1379 5655 1472 5714 atq
1485 5664 1552 5702 ue
1580 5664 1739 5703 nunc
1760 5652 2023 5703 habetur.

655 5720 676 5749 δ
698 5720 976 5772 Fabulam
987 5733 1055 5772 na
1066 5724 1179 5772 rrat
1193 5735 1261 5773 ve
1271 5726 1363 5774 tus
1376 5723 1752 5775 Hebraeorum
1769 5726 1802 5772 li
1812 5728 1895 5771 her
1910 5726 1997 5784 qui
2018 5723 2196 5773 Seder-

597 5789 753 5840 Otam
771 5792 1125 5844 inscribitur.
1142 5794 1343 5846 Narrat
1361 5800 1555 5847 autem
1574 5800 1630 5847 et
1655 5798 1708 5847 S.
1736 5796 2137 5859 Hieronymus,
2164 5808 2198 5847 a

597 5873 710 5924 quo
729 5863 933 5914 Noster
947 5864 1493 5929 videturaccepisse.
1520 5867 1785 5928 Tradunt,
1799 5868 1982 5930 inquit,
1997 5868 2198 5917 Hebraei

597 5933 791 6006 uitulos
808 5947 1003 6006 aureos
1027 5952 1058 5984 a
1075 5936 1610 6001 Sacerdotibus/'urto
1636 5955 1740 5988 esse
1760 5938 2008 5999 sublatos,
2033 5947 2078 5990 et
2099 5955 2200 6006 pro

599 6003 865 6078 hisreneos
877 6008 925 6053 et
940 6005 1224 6055 deauratos
1236 6010 1691 6071 repositos.Quum
1706 6010 1878 6075 igitur
1898 6003 2202 6078 lugeret—po-

596 6073 761 6136 pulus
778 6080 1009 6137 tempore
1027 6078 1348 6131 necessitatis
1362 6084 1408 6130 et
1430 6073 1883 6145 angustiae,etiam
1897 6073 2088 6138 vitulos
2110 6073 2204 6138 au-

2208 3427 2257 3502 C
2284 3423 2575 3502 inquiens,
2600 3422 3215 3502 coluerunthabitatores
3231 3421 3526 3502 _Samariae,
3542 3420 3598 3473 id
3613 3418 3831 3502 est,

2285 3484 2681 3562 θίν’ἱωιὶδέᾳηὶ
2695 3496 2838 3548 alios
2862 3496 3178 3548 debuerant
3194 3496 3266 3547 ab
3292 3507 3479 3547 errore
3505 3484 3833 3546 revocareutd

2287 3571 2494 3634 exigua
2518 3569 2745 3635 oppida,
2769 3570 3070 3621 adoratum
3091 3567 3401 3619 vitulorum
3429 3566 3723 3629 imagines,
3747 3572 3834 3609 CUI-

2290 3643 2558 3693 sitabant.
2581 3642 2715 3692 Post
2731 3654 2863 3704 qua;
2879 3639 3174 3704 sequentis
3188 3651 3518 3701 versus,per
3532 3635 3833 3701 hyperbaton

2289 3714 2427 3767 ordo
2441 3718 2716 3773 mutetur,
2730 3714 2861 3775 tiatq
2872 3727 2942 3765 ue
2963 3714 3075 3764 ista
3098 3712 3389 3762 distinctio
3416 3728 3426 3758 :
3442 3712 3577 3774 quia
3593 3704 3834 3769 confunde-

2292 3794 2381 3835 tur
2401 3786 2637 3851 populus
2656 3786 2939 3845 Samaria,
2966 3797 3097 3836 cum
3123 3783 3431 3835 cvilitatem
3453 3779 3833 3834 etinutilitatelli

2289 3860 2531 3911 deorum
2558 3859 2703 3921 ejus,
2730 3858 2974 3909 adversa
3000 3857 3338 3908 detexerint.
3362 3858 3504 3906 Nam
3523 3854 3749 3918 cogente
3768 3857 3834 3909 pe-

2289 3931 2472 3989 nuria,
2493 3931 2661 3981 etiam
2684 3930 2790 3993 ipsi
2808 3929 2880 3981 ad
2906 3929 3211 3993 vectigalia
3228 3926 3834 3993 supplendajungemu‘r.

2290 4016 2406 4055 non
2433 4001 2561 4066 plus
2589 4001 2851 4053 videlicet
2880 4002 3161 4052 habentes
3194 3999 3490 4061 momenti,
3533 4008 3700 4063 quam
3734 3995 3834 4065 ram

2291 4075 2478 4141 poscit
2495 4074 2727 4126 metalli.
2752 4077 2819 4126 Et
2838 4074 2966 4125 ideo
2978 4073 3173 4125 infelix
3204 4073 3448 4137 populus
3460 4085 3560 4123 eos
3579 4068 3834 4142 lachryirni

2292 4152 2686 4212 prosequetur,
2709 4159 2855 4210 quos
2881 4148 3046 4209 paulo
3070 4150 3202 4197 ante
3226 4159 3357 4196 cum
3388 4144 3603 4195 honore
3632 4144 3834 4212 maxum

2292 4209 2348 4271 et
2359 4219 2666 4270 ariolorum
2680 4209 2903 4281 gaudiis
2916 4221 3365 4269 consecraverat.
3383 4216 3486 4266 Con
3495 4215 3637 4279 fusio
3647 4209 3834 4285 Eﬂ‘rqim

2292 4293 2481 4356 capiet,
2523 4297 2565 4340 el
2591 4292 2957 4354 confundetur
2988 4291 3150 4339 Israel
3184 4292 3243 4339 in
3274 4290 3542 4339 eolunlatc
3574 4301 3690 4343 sua,
3714 4287 3832 4341 nulli

2293 4368 2511 4416 tantam
2558 4363 2835 4414 nimirum
2889 4363 3311 4415 deformitatem
3360 4367 3419 4413 et
3461 4365 3581 4412 tam
3613 4356 3831 4412 acerbum

2294 4436 2642 4500 stipendium
2679 4441 3068 4500 recognoscet.

2357 4512 2515 4561 Vers.
2546 4510 2593 4563 7.
2628 4508 2679 4563 8.
2715 4537 2774 4545 ——
2800 4510 3048 4558 Transi-re
3070 4509 3192 4572 fecit
3222 4508 3479 4559 Samaria
3503 4520 3671 4572 regem
3698 4512 3832 4572 sumit.

2294 4585 2453 4647 quasi
2466 4597 2717 4647 spumam
2733 4597 2895 4646 super
2908 4581 3104 4644 faciem
3124 4596 3191 4645 aq
3202 4596 3295 4632 ue.
3317 4581 3408 4630 Dis
3412 4581 3697 4644 perdentur
3712 4566 3832 4647 orti"

2292 4643 2357 4703 sit
2386 4643 2534 4714 idoli,
2550 4643 2822 4719 peccatum
2853 4643 3085 4714 Israelis,
3107 4643 3273 4718 lappa
3295 4661 3338 4702 et
3364 4643 3589 4701 tributus
3607 4643 3832 4699 asccndv‘n:

2291 4743 2452 4792 super
2474 4743 2603 4776 aras
2626 4741 2831 4789 eorum,
2858 4732 2901 4775 et
2936 4727 3109 4775 dicent
3148 4725 3436 4787 montibus,
3467 4724 3667 4788 Operite
3695 4732 3792 4792 nos.
3810 4720 3832 4755 ελ

2293 4800 2527 4861 collibus,
2558 4799 2741 4849 Cadite
2760 4814 2923 4862 super
2942 4800 3054 4849 hos.
3082 4800 3371 4861 Quantum
3394 4797 3465 4849 ad
3489 4796 3731 4848 divinam
3753 4796 3832 4851 ριελ·

2294 4878 2470 4925 tatem
2492 4860 2972 4934 elementiamque
2998 4860 3247 4935 respicit,
3274 4871 3482 4934 inquit,
3508 4868 3776 4921 volueram
3798 4860 3832 4935 ut

2293 4944 2550 4996 tiereteis
2578 4948 2747 4995 terrte
2787 4932 2911 4995 suae
2946 4932 3118 5008 longa
3148 4947 3204 4994 et
3226 4932 3428 4995 secura
3452 4932 3832 5015 possessio,‘sefl

2292 5018 2497 5081 gravia
2519 5029 2721 5069 eorum
2738 5016 3033 5080 sacrilegia
3054 5006 3412 5077 restiterunt,
3427 5006 3483 5067 et
3504 5027 3688 5077 regem,
3709 5006 3759 5058 id
3771 5009 3831 5049 est

2292 5103 2537 5154 regnum
2557 5103 2747 5154 suum,
2767 5088 2935 5141 celeri
2948 5088 3348 5154 compulerunt
3363 5089 3423 5151 [Α
3434 5093 3509 5138 nt.
3530 5082 3823 5155 compulerau!

2293 5163 2407 5213 line
2428 5162 2602 5214 deleri
2632 5182 2641 5211 :
2670 5163 2749 5214 ita
2775 5166 2842 5213 ut
2863 5163 3048 5213 instar
3088 5173 3491 5225 spumaaaquae
3517 5156 3832 5229 cursibu§mf

2294 5234 2568 5297 natantis,
2591 5239 2647 5285 et
2670 5234 2984 5298 profanitas
3008 5224 3198 5298 gentis
3228 5233 3515 5284 laberetur
3541 5235 3594 5281 et
3617 5224 3831 5287 dignitas.

2296 5308 2529 5359 Cunctis
2546 5306 2718 5371 igitur
2731 5305 3003 5369 delubris,
3021 5318 3266 5371 quorum
3278 5305 3634 5369 frequentatu
3650 5300 3829 5351 consue

2294 5449 2409 5484 reos
2436 5435 2575 5483 inter
2604 5449 2833 5483 munera
2855 5438 3039 5484 cetera
3066 5434 3307 5499 Assyriis
3329 5431 3556 5497 regibus,
3581 5434 3623 5479 et
3642 5427 3829 5499 τηααέξηίδ

2293 5508 2408 5571 regi
2438 5506 2821 5567 Scnnacherib,
2850 5506 2915 5555 ab
2942 5506 3106 5557 Israel
3128 5491 3244 5570 rage
3278 5491 3646 5555 essevdircctos:
3668 5491 3829 5547 erum"

2294 5579 2424 5629 bunt
2446 5581 2647 5639 a-«lilui,
2674 5580 2819 5643 quod
2840 5581 3000 5642 fraus
3024 5597 3208 5631 eorum
3232 5594 3577 5643 nequaquam
3598 5572 3747 5641 posset
3772 5576 3829 5611 at"

2292 5653 2407 5717 gui,
2440 5654 2514 5702 vel
2540 5652 2889 5717 deprehendi,
2916 5659 3025 5705 etc.

2356 5734 2373 5754 ε
2400 5727 2568 5777 Hunc
2618 5725 2892 5778 laudatus
2937 5726 3077 5779 liber
3101 5724 3447 5778 Scder—Olam
3491 5717 3826 5787 summa???

2294 5811 2463 5853 rum:
2514 5797 2918 5863 Hieronymus,
2964 5802 3032 5849 ut
3077 5802 3338 5850 notatum
3386 5795 3553 5849 modo
3595 5793 3693 5849 est,
3731 5780 3823 5833 dif“

2296 5870 2803 5923 Sennacheribum.

2359 5942 2379 5971 ⁴
2404 5942 2594 5995 Mallet
2623 5942 2773 6007 prior
2796 5942 2991 5994 Editor
3008 5943 3329 5995 exultavere.

2363 6024 2378 6043 '
2405 6014 2628 6068 Vitiose
2647 6014 2759 6078 legi
2783 6014 3087 6069 videbatur
3107 6015 3409 6067 utilitatem.
