3884 6396
494 403 635 462 1015

1558 398 1823 450 RUFINO
1856 395 2319 449 PRESBYTERO
2351 398 2740 453 ASCRIPTUS

3668 398 3801 454 1016

497 515 783 583 apparuit,
807 525 942 565 cum
974 512 1198 584 Verbum
1238 526 1364 561 caro
1402 511 1609 584 factum
1632 516 1719 574 est,
1747 514 1805 557 ut
1834 507 2098 584 habitaret
2116 509 2173 584 Α
2198 508 2559 584 signia,sieut
2572 524 2683 584 nec
2695 509 3798 584 ve_straillis,profueresuffragia.Totum

496 581 555 638 in
581 581 765 637 nobis:
793 590 838 633 et
870 584 1101 633 vidimus
1124 582 1743 646 gloriamejus,gtortam
1769 581 1929 645 quasi
1960 582 2098 629 Uni-

496 659 665 724 geniti
687 674 722 707 α
753 657 929 713 Patre,
972 654 1197 719 plenum
1228 654 1416 715 gratiae
1438 660 1483 702 et
1528 654 1766 702 veritatis
1795 654 1976 714 (Joan.
2004 651 2095 715 1.).

497 731 608 784 Sed
633 729 930 781 videamus
963 731 1020 777 et
1040 726 1416 789 impietatem.

557 804 715 852 Vers.
754 797 951 853 13.45.
981 824 1041 834 -
1066 798 1276 847 Arastis
1303 806 1320 825 '
1361 796 1709 860 impietatem,
1746 796 2098 859 iniquitatem

496 872 800 935 messuistis,
823 869 1123 919 comedistis
1143 869 1356 933 frugem
1381 869 1683 920 mendacii:
1712 868 1846 932 quia
1868 870 2100 931 conﬁsus

494 947 615 995 esin
627 944 729 993 viis
751 943 940 1003 tuis,in
951 942 1301 991 multitudine
1315 940 1545 1003 fortium
1558 941 2100 1001 tuorum.Consurget

494 1015 757 1065 tumultus
780 1015 841 1062 in
862 1014 1063 1079 populo
1114 1019 1224 1076 tuo,
1249 1019 1293 1062 ct
1327 1027 1509 1062 omnes
1534 1012 1862 1061 munitiones
1883 1018 1982 1060 tua?
2005 1027 2096 1059 ra-

492 1089 800 1149 stabuntur,
835 1086 978 1135 sicut
1010 1090 1247 1135 vastatus
1277 1089 1349 1133 est
1380 1084 1648 1132 Salmana
1667 1083 1689 1112 ¹³
1723 1100 1755 1133 a
1778 1084 1936 1132 domo
1966 1082 2096 1145 ejus,

494 1160 589 1222 qui
623 1158 890 1207 indicavit
932 1156 1071 1205 Baal
1110 1157 1173 1205 in
1205 1156 1291 1204 die
1330 1155 1527 1220 praelii,
1570 1160 1743 1203 matre
1771 1170 1932 1218 super
1959 1154 2099 1216 filios

494 1230 671 1281 allisa.
701 1229 790 1280 Sic
808 1228 930 1291 fecit
963 1228 1106 1277 vobis
1126 1226 1307 1277 Bethel
1331 1242 1367 1275 α
1399 1227 1539 1290 facie
1572 1227 1794 1275 malitiae
1821 1226 1925 1289 [Αι.
1953 1225 2102 1276 mili-

495 1301 999 1367 tiaejnequitiarum
1024 1305 1344 1349 vestrarum.
1367 1300 1469 1350 Per
1480 1299 1842 1350 occasionem
1867 1297 2099 1349 Etl‘raim

494 1375 665 1436 cujus
690 1375 925 1437 peccata
961 1383 1061 1434 per
1085 1374 1272 1421 totum
1318 1370 1435 1422 fere
1470 1369 1743 1421 volumen
1768 1372 2096 1431 exaggerat,

494 1444 713 1497 mentio
736 1443 905 1495 Judm
929 1442 1112 1494 fuerat
1132 1443 1487 1493 intromissa:
1514 1442 1574 1493 in
1598 1455 1732 1504 quo,
1752 1441 1883 1503 quid
1902 1445 2099 1489 devotio

493 1522 552 1569 et
575 1516 737 1576 ﬂdes,
758 1515 1138 1578 periculorum
1159 1517 1410 1578 tempore
1426 1515 2096 1575 meruisset,apparuisset.

493 1591 663 1640 Hunc
679 1600 814 1651 ergo
827 1586 1387 1638 eommemorationis
1405 1599 1715 1637 excursum
1738 1585 1986 1636 breviter
1996 1584 2099 1635 ad-

494 1663 730 1713 notasse
755 1663 1081 1721 contentus,
1100 1658 1174 1710 ad
1198 1658 1460 1709 ordinem
1478 1663 1768 1722 susceptae
1788 1659 2001 1704 actionis
2024 1672 2102 1705 re-

493 1733 816 1790 vertitur,et
831 1730 1140 1793 arguendis
1166 1729 1479 1781 sceleribus
1491 1730 1738 1789 Israelis,
1762 1728 2098 1778 insistit.Vos

491 1816 647 1863 vero,
676 1802 948 1854 Samaria;
988 1801 1199 1865 populi,
1244 1801 1452 1864 inquit,
1480 1801 1689 1864 oppido
1728 1813 1897 1851 secus
1921 1812 2093 1862 quam

492 1879 523 1927 J
530 1875 644 1927 uda
668 1886 825 1937 saape
845 1886 910 1924 ac
938 1874 1256 1936 Benjamin,
1282 1885 1417 1923 cum
1435 1873 1496 1923 in
1513 1872 1913 1923 discriminum
1930 1878 2093 1919 extre-

496 1960 593 1999 ma
612 1946 896 2007 venisses,
908 1956 1276 2007 nequaquam
1302 1944 1363 1995 in
1382 1946 1519 2007 Deo,
1538 1944 1639 1995 sed
1655 1944 1717 1994 in
1734 1944 1849 1994 tuis
1861 1945 2092 1991 conciliis

494 2018 913 2082 agminumque
942 2021 1177 2067 tuorum
1201 2015 1411 2067 virtute
1434 2030 1497 2067 es
1524 2016 1793 2066 conlisus.
1821 2017 2097 2065 Fructum

499 2103 636 2155 ergo
660 2089 900 2153 recipies
916 2092 1360 2151 competentem,
1382 2088 1731 2151 utpopulum
1749 2098 1815 2137 ac
1836 2086 2101 2137 munitio-

494 2175 599 2213 nes
624 2165 757 2212 tuas
773 2159 1000 2211 hostilis
1019 2158 1305 2210 tumultus
1330 2158 1623 2209 interimat
1640 2163 1811 2221 atque
1828 2160 2095 2221 subverlat,

492 2239 666 2296 atque
682 2233 756 2284 ad
774 2230 1205 2283 similitudinem
1224 2229 1748 2294 impiissimiducis,
1762 2229 2098 2279 cuiSalmana

492 2305 601 2357 fuit
635 2302 1002 2367 vocabulum,
1040 2301 1401 2353 consumaris
1437 2317 1449 2352 :
1481 2314 1652 2365 quem
1679 2301 1831 2351 sicut
1869 2301 1931 2350 in
1953 2299 2096 2351 libro

490 2377 761 2428 Judicum
787 2376 1049 2439 legimus,
1068 2374 1295 2427 Gedeon
1314 2374 1532 2438 potitus
1557 2374 1811 2432 victoria,
1830 2374 2095 2437 extinxit,

493 2454 552 2502 et
574 2449 666 2500 vel
692 2460 823 2499 cum
847 2447 989 2512 ipsis
1001 2446 1551 2505 necessitudinibus,
1580 2459 1725 2510 quas
1748 2446 1980 2497 nomine
1992 2446 2096 2496 mi-

495 2533 638 2573 serze
662 2519 915 2583 parentis
940 2519 1212 2577 ostendit,
1239 2518 1331 2571 vel
1349 2519 1617 2582 eumipsa
1636 2520 1694 2569 in
1719 2530 1835 2581 qua
1854 2534 2096 2579 regnave-

495 2597 583 2644 rat
598 2591 757 2652 urbe,
772 2602 906 2653 quae
926 2590 1107 2641 videri
1119 2592 1310 2653 potest
1324 2593 1505 2640 mater
1520 2590 1821 2653 appellata,
1835 2602 2096 2640 consum-

495 2664 570 2716 sit
614 2663 810 2724 (Judic.
855 2663 905 2716 4.
953 2667 1000 2710 et
1044 2662 1136 2724 8.).
1187 2662 1345 2713 Sicut
1387 2674 1522 2724 ergo
1568 2661 1847 2713 Salmana.
1885 2661 2092 2725 inquit,

495 2737 727 2788 Gedeon
753 2734 851 2798 qui
873 2733 1007 2785 Baal
1040 2733 1258 2785 idolum
1289 2733 1679 2796 dextruxerat,
1708 2735 2095 2786 internecione

495 2807 723 2868 delevit,
756 2806 836 2857 ita
859 2810 916 2858 et
937 2806 1038 2858 tibi
1063 2805 1195 2857 fecit
1219 2805 1415 2857 Bethel
1434 2822 1446 2856 :
1464 2806 1521 2857 in
1545 2819 1661 2869 qua
1676 2807 1819 2859 urbe
1844 2808 2094 2870 videlieel,

496 2879 753 2932 statuisti
774 2878 943 2938 idola,
972 2889 1104 2941 quae
1129 2877 1228 2928 Dei
1255 2878 1339 2929 tui
1364 2878 1639 2939 desertor,
1662 2878 1948 2929 adorares.
1967 2881 2096 2926 More

494 2955 691 3003 autem
716 2950 1161 3013 Seripturarum,
1179 2954 1243 3001 ut
1258 2949 1553 3000 cumulum
1566 2949 1919 3013 profunitatis
1933 2954 2098 3010 expri-

493 3028 695 3086 meret,
719 3022 921 3075 eadem
943 3023 1117 3073 verba
1131 3022 1453 3084 geminavit
1469 3022 1690 3073 dicens:
1710 3022 1798 3073 Sic
1810 3022 1931 3084 fecit
1954 3021 2097 3071 vobis

493 3095 692 3158 Bethel,
720 3111 755 3145 a
781 3095 921 3159 facie
943 3094 1174 3143 maliciae
1204 3095 1579 3159 nequitiarum
1608 3101 1924 3144 vestrarum.
1950 3098 2098 3159 Ergo

494 3167 667 3220 facies
701 3167 946 3218 maliciee
969 3179 1043 3218 ex
1088 3165 1391 3229 multiplici
1433 3166 1734 3230 iniquitate
1758 3169 2089 3232 composita,

493 3239 639 3291 nihil
687 3238 844 3289 aliud
872 3239 1050 3301 gestit
1092 3238 1417 3300 ostendere,
1466 3250 1641 3302 quam
1678 3239 1920 3303 dignum
1965 3239 2093 3290 illos

495 3310 862 3375 stipendium,
902 3309 1298 3375 captivitatem
1329 3310 1610 3372 videlicet,
1638 3324 1738 3376 pro
1768 3312 1890 3365 suis
1922 3313 2095 3365 meri-

496 3384 606 3435 bus
629 3382 973 3449 percepisse.

1118 3489 1350 3541 CAPUT
1396 3489 1473 3540 XI

772 3590 935 3639 Vers.
954 3588 1004 3641 1.
1023 3615 1081 3623 -—
1111 3586 1263 3636 Sicut
1284 3601 1445 3637 mane
1469 3590 1663 3638 transit
1681 3589 1793 3653 [alii
1812 3593 2093 3655 transiitl,

494 3660 814 3723 pertransiit
833 3675 933 3709 reae
955 3658 1140 3719 Israel,
1175 3660 1309 3722 quia
1326 3674 1463 3722 puer
1488 3660 1665 3721 Israel,
1693 3669 1737 3711 et
1759 3662 1929 3712 diteci
1952 3680 2092 3730 eum,

494 3738 539 3781 et
562 3747 628 3781 ea:
651 3732 886 3795 :Egy-plo
913 3732 1092 3780 vocari
1108 3731 1283 3794 filium
1304 3746 1502 3782 meum.
1521 3734 1646 3784 Jam
1667 3747 1839 3799 supra
1851 3736 2092 3803 dixerat,

504 3805 756 3853 Transire
778 3804 900 3867 fecit
936 3804 1193 3853 Samaria
1220 3819 1395 3865 regem
1427 3820 1607 3865 suum,
1646 3808 1805 3869 quasi
1840 3823 2093 3871 spumam

494 3892 655 3937 super
676 3877 871 3939 facient
886 3892 1056 3939 aqua).
1074 3877 1141 3926 Et
1155 3889 1309 3927 nunc
1323 3889 1458 3938 ergo
1474 3877 1625 3927 idem
1646 3887 1861 3939 repetere
1877 3884 2091 3943 curavit,

492 3948 734 4000 dicendo
762 3966 770 3997 :
822 3948 994 3996 Sicuti
1034 3963 1194 3996 mane
1220 3949 1433 4006 transit,
1454 3951 1772 4013 pertransiit
1794 3968 1891 3999 rem
1912 3953 2090 4011 Israel,

493 4020 552 4072 id
582 4026 690 4084 est,
718 4033 961 4084 regnum
974 4020 1166 4084 gentis
1184 4026 1413 4085 vestrae,
1438 4022 1725 4085 peccando
1754 4026 2090 4082 desiderastis,

496 4091 786 4155 peccando
803 4091 973 4143 etiam
988 4090 1300 4153 delevistis,
1315 4094 1618 4157 omnisque
1634 4098 1975 4159 arrogantia:
1988 4114 2093 4145 vcs-

496 4169 590 4215 trzn
604 4175 811 4227 pompa
836 4162 1160 4221 consenuit,
1188 4164 1325 4227 quia
1348 4165 1555 4227 regalis
1582 4171 1747 4230 poti‘n
1758 4167 1825 4217 tia
1844 4182 2013 4230 quam
2031 4175 2090 4219 ad

490 4233 927 4286 similitudinem
941 4235 1258 4286 vicinarum
1279 4238 1557 4299 gentium,
1576 4240 1943 4303 etmcupistis,
1958 4246 2087 4291 nihil

490 4307 682 4369 vobis,
705 4306 1052 4359 sineauxilio
1067 4307 1566 4366 meo,defensionis
1593 4312 1831 4373 paravit.
1860 4314 2091 4378 Propter

490 4378 643 4443 quod
675 4392 781 4431 vos
806 4380 979 4431 etiam
1003 4378 1279 4444 propheta
1304 4381 1674 4445 commonuit,
1692 4383 1883 4441 Nolite,
1904 4388 2086 4448 inquit,

490 4451 755 4523 conﬁdere
776 4452 836 4500 in
859 4451 1201 4517 principibus
1222 4467 1394 4517 neque
1418 4454 1473 4501 in
1493 4455 1621 4517 [iliis
1646 4448 2089 4523 hominum,qui¥

490 4521 585 4571 bus
626 4538 738 4573 non
781 4529 851 4573 est
874 4523 1038 4573 salus.
1064 4524 1221 4573 Eariit
1255 4525 1482 4589 spiritus
1507 4542 1711 4592 eorum,
1737 4536 1782 4578 et
1806 4521 2090 4581 revertetur

488 4593 549 4642 in
575 4600 775 4645 terram
798 4611 977 4659 suam,
1014 4597 1075 4644 in
1102 4596 1196 4645 illa
1226 4597 1309 4646 die
1328 4598 1583 4661 peribunt
1605 4617 1787 4650 omnes
1807 4604 2087 4665 cogitatio-

490 4680 581 4715 nes
598 4682 786 4716 eorum
801 4667 960 4731 (Psal.
980 4667 1139 4732 145.).
1154 4672 1239 4720 Ita
1267 4683 1401 4735 ergo
1417 4670 1560 4723 nihil
1582 4672 1809 4726 illorum
1827 4677 1993 4728 vobis
2006 4680 2082 4727 in-

550 4818 566 4838 ·
612 4811 717 4861 Pro
731 4809 961 4871 Arastis,
987 4811 1140 4874 quod
1166 4812 1430 4876 verbum,
1454 4828 1587 4866 cum
1608 4818 2017 4879 Hieronyminnae
2039 4835 2086 4875 et

482 4881 749 4946 Vulgata;
766 4882 1064 4943 versionis,
1078 4888 1204 4936 tum
1220 4886 1402 4950 ipsius
1415 4887 1641 4939 Hebraei
1657 4895 1815 4939 textus
1840 4895 2078 4951 enimn

483 4954 779 5019 suﬂ‘ragio,
811 4968 919 5006 nos
932 4956 1307 5021 restituimus,
1328 4959 1534 5011 vitiose
1557 4960 1787 5014 duobus
1811 4969 1982 5019 antea
2003 4970 2085 5022 le-

482 5028 726 5090 gebatur
747 5028 893 5079 Aras
914 5028 1225 5093 reliquistis.
1252 5032 1521 5083 Fortasse
1544 5033 1705 5094 Aras,
1724 5036 1924 5099 inquit,
1952 5042 2084 5093 seri-

478 5105 672 5163 pserat
694 5100 830 5153 olim
862 5104 1087 5166 Noster,
1114 5115 1289 5168 quam
1320 5104 1660 5168 scripturam
1694 5113 1796 5160 aut
1818 5109 2083 5166 librarius

476 5184 593 5225 non
626 5180 1000 5239 assequutus,
1036 5181 1137 5228 aut
1179 5189 1473 5241 perperam
1509 5178 1797 5242 accipiens
1845 5186 2083 5238 criticus

472 5258 782 5305 nonnemo,
806 5247 867 5299 in
889 5249 1033 5298 Aras
1054 5248 1347 5313 reliquistis
1369 5251 1632 5302 mutavit.
1673 5253 1782 5305 Sed
1803 5261 1861 5308 et
1883 5257 2082 5312 deerat

474 5316 824 5369 impietatem.

535 5332 927 5464 ἷέῖἕίῖῗέὲὶεθο
951 5392 1043 5464 est
1066 5368 1322 5445 nnn‘m
1351 5394 1496 5444 DV:
1522 5369 1731 5449 BNZWN
1758 5402 1895 5464 hi2,
1920 5401 2079 5453 domo

472 5460 642 5535 Arbal
669 5463 739 5535 in?
760 5463 845 5511 die
868 5463 1062 5527 praelii,
1093 5471 1158 5535 ut
1190 5478 1291 5529 pro
1321 5466 1529 5530 verbis,
1557 5467 1672 5531 ejus
1695 5472 1793 5535 qui
1816 5460 2079 5524 indicavit

475 5533 622 5593 Baal,
647 5516 885 5585 unicum
918 5536 997 5587 ibi
1019 5516 1093 5589 sit
1122 5516 1338 5591 Βέπεκ.
1367 5516 1544 5591 Unico
1738 5516 2077 5598 "transitum:

472 5610 607 5681 runt
622 5607 795 5658 LXX.
811 5606 1087 5681 Ἱεροϐαὰλ,
1105 5610 1374 5673 Jcrobaal,
1398 5612 1549 5676 quod
1569 5620 1625 5665 et
1648 5616 1995 5681 Hieronymo
2019 5618 2078 5670 in

472 5674 650 5750 hujus
665 5679 1024 5750 expositione
1043 5681 1152 5733 loci
1169 5674 1504 5748 cumprimis
1530 5689 1804 5750 probatur
1828 5705 1839 5739 :
1860 5674 1967 5749 'Ut,
1996 5690 2077 5742 in-

473 5748 617 5824 quit,
652 5749 715 5796 in
736 5749 952 5824 Hebrwo
989 5754 1314 5819 continetur,
1350 5756 1414 5804 ab
1438 5748 1693 5820 ARVBEL,
1722 5760 1779 5808 id
1804 5760 1983 5824 ipsum
2011 5763 2079 5811 si-

471 5819 776 5901 gniﬁcante,
805 5823 950 5901 quod
973 5829 1017 5872 et
1032 5825 1306 5901 fierobaat.
1331 5830 1459 5901 Ipse
1485 5819 1860 5882 nihilominus
1886 5835 2074 5901 vertit,

474 5891 570 5950 qui
588 5891 1063 5967 findieavitBaal,
1105 5897 1259 5959 quod
1288 5902 1344 5949 et
1367 5900 1421 5949 in
1443 5903 1703 5954 subnexa
1716 5891 2075 5967 expositione

472 5959 792 6024 conﬁrmat,
809 5963 907 6014 ubi
943 5966 1038 6016 ait.
1076 5967 1243 6017 Haud
1265 5970 1510 6035 dubium,
1536 5974 1673 6037 quin
1699 5959 1985 6029 Gedeonem
2011 5959 2079 6030 si-

2108 4738 2166 4813 D

2198 581 2484 643 siquidem
2509 583 2664 645 quod
2689 582 3037 633 videbantur
3059 594 3247 645 posse.
3276 582 3365 633 vel
3382 583 3602 648 vivere,
3622 595 3693 633 ea
3710 596 3801 634 ve-

2196 652 2426 703 locitate
2455 658 2825 704 consumtum
2862 658 2953 704 est
2988 658 3053 705 ut
3080 665 3197 704 non
3229 653 3445 705 diutius
3484 662 3799 718 appareret,

2198 737 2372 787 quam
2402 727 2687 777 matutina
2698 724 3053 789 crepuscula,
3078 738 3209 787 quin
3220 727 3405 778 noctis
3427 726 3700 777 videlicet
3722 728 3798 778 di-

2197 802 2496 859 gressu,et
2512 798 2601 849 die
2627 800 2771 861 [.dnt.
2791 798 2934 861 dies}
2964 801 3326 849 coarctantur
3358 803 3798 850 exortu.secun-

2198 868 2337 918 dum
2360 868 2501 919 illud
2527 870 2679 932 quod
2706 870 2765 920 in
2792 869 2963 920 simili
2980 881 3186 921 caussa
3200 870 3350 931 apud
3370 872 3602 922 beatum
3618 872 3800 921 David

2199 940 2475 1000 legimus:
2504 941 2639 989 Cum
2666 942 2839 990 eccorti
2861 941 3067 1003 fuerint
3088 947 3400 1004 peccatores,
3426 942 3636 1005 inquit,
3668 943 3801 991 sicut

2196 1012 2428 1076 faenum,
2453 1013 2871 1076 etapparuerint
2895 1027 3078 1061 omnes
3100 1013 3196 1075 qui
3220 1020 3519 1076 operantur
3536 1015 3799 1076 iniquita-

2200 1089 2320 1145 tem,
2341 1084 2778 1134 ‘utintereantin
2801 1085 3037 1133 secutum
3052 1084 3211 1133 seculi
3227 1092 3269 1132 et
3291 1085 3433 1134 ultra
3474 1086 3636 1149 (Psal.
3674 1085 3796 1143 9L).

2198 1157 2287 1205 Ita
2311 1168 2445 1219 ergo
2468 1160 2524 1206 et
2536 1157 2890 1220 principatus
2908 1156 3135 1207 Israelis
3151 1156 3481 1208 adhmrente
3494 1160 3800 1206 criminibus

2198 1225 2414 1278 ultione
2438 1226 2728 1291 collapsus
2772 1232 2882 1285 est,
2909 1232 2971 1278 ut
2999 1241 3114 1279 non
3144 1232 3259 1278 tam
3304 1229 3590 1287 ﬂoruisse,
3622 1241 3797 1292 quam

2198 1298 2406 1362 raptim
2447 1299 2593 1363 [Ant.
2636 1300 2883 1362 raptum]
2942 1300 3274 1363 apparuisse
3327 1301 3608 1351 videatur.
3660 1301 3799 1358 Quia

2194 1385 2332 1434 puer
2364 1371 2541 1430 Israel,
2568 1377 2614 1420 et
2638 1372 2806 1420 dilexi
2829 1387 2973 1433 eum,
3004 1378 3051 1420 et
3072 1386 3139 1420 en
3162 1372 3395 1435 Αἴθρη)ιο
3418 1373 3601 1421 vocavi
3617 1372 3798 1435 filium

2200 1456 2398 1490 meum.
2416 1442 2603 1506 IIujus
2638 1457 2840 1494 versus
2860 1442 3119 1494 ultimam
3147 1448 3381 1506 partem,
3406 1444 3466 1494 in
3490 1457 3795 1506 personam

2198 1513 2772 1565 DomininostriJesu
2797 1514 3007 1565 Christi
3039 1514 3242 1565 beatus
3255 1518 3513 1563 Matthqu
3538 1517 3794 1573 Evangelii

2197 1586 2440 1648 scriptor
2451 1587 2749 1647 assumsit,
2774 1586 3185 1649 (lispensatorie
3200 1587 3411 1637 factum
3430 1602 3535 1635 esse
3547 1602 3799 1635 commen-

2197 1657 2363 1717 dans,
2389 1662 2452 1707 ut
2467 1658 2539 1708 ad
2565 1658 2972 1709 declinandum
3000 1657 3240 1708 llerodis
3265 1659 3536 1709 furorem.
3565 1658 3666 1720 qui
3690 1659 3796 1709 Re—

2196 1729 2470 1780 demtoris
2486 1730 2666 1781 nostri
2685 1730 3469 1792 persequebaturinfantiam,
3488 1729 3559 1780 ad
3585 1732 3794 1793 .‘Egyp-

2197 1806 2322 1852 tum
2338 1802 2553 1864 Joseph
2570 1805 2623 1852 et
2650 1802 2825 1852 Maria
2836 1807 3137 1864 pergerent
3153 1801 3361 1863 (ιῖιαιιιι.
3377 1799 3427 1853 ‘2.
3448 1800 3536 1863 5.);
3552 1803 3792 1866 Oporte-

2198 1875 2297 1925 bat
2316 1873 2597 1937 siquidem
2617 1872 2756 1924 illud
2768 1873 2991 1937 impleri
3019 1873 3170 1929 quod
3189 1872 3464 1937 propheta
3482 1877 3792 1933 pronuncia-

2200 1951 2376 2009 verat,
2403 1945 2490 1994 Ea;
2525 1946 2757 2009 At‘gypto
2786 1945 2969 1994 vocavi
2991 1945 3170 2006 filium
3192 1961 3390 1993 meum.
3425 1944 3588 2006 Quod
3616 1945 3794 2008 igitur

2198 2017 2267 2068 de
2293 2018 2501 2081 populo
2525 2017 2741 2067 dictum
2768 2021 2940 2077 esset,
2965 2018 3488 2080 prophetimtextus
3507 2017 3790 2068 ostendit:

2197 2089 2306 2140 hoc
2331 2090 2505 2141 etiam
2545 2089 2617 2140 ad
2646 2101 2948 2152 personam
2978 2088 3203 2139 Domini
3225 2090 3365 2140 Jesu
3386 2090 3597 2140 Christi
3622 2102 3790 2153 pasa-

2198 2160 2510 2224 transferri,
2527 2160 2854 2225 Apostoliea
2870 2161 3219 2212 monstravit
3243 2164 3525 2215 auctoritas.
3540 2176 3625 2220 per
3639 2177 3787 2221 quem

2196 2234 2541 2285 videlicetea
2564 2245 2695 2295 queo
2720 2233 2939 2283 Judznis
2956 2233 3091 2283 data
3131 2238 3295 2283 erant
3329 2233 3538 2285 divinas
3565 2231 3789 2295 pietatis

2196 2306 2462 2368 insignia,
2477 2304 3070 2356 etcumulatiusnobis
3084 2305 3490 2365 conferrentur,
3507 2309 3565 2356 et
3580 2307 3785 2363 gratius.

2197 2380 2496 2430 Contextio
2534 2390 2672 2427 vero
2697 2377 3118 2440 explanationis
3144 2377 3258 2427 vim
3287 2377 3538 2427 censoris
3554 2379 3783 2423 ostendit.

2196 2451 2295 2513 qui
2326 2450 2633 2514 praeteritae
2656 2449 2969 2500 nobilitatis
2985 2448 3057 2499 ad
3070 2449 3176 2500 hoc
3195 2449 3399 2499 inferat
3424 2448 3783 2501 mentionem.

2196 2527 2260 2573 ut
2286 2534 2394 2572 nos
2420 2521 2674 2580 graviter
2690 2525 2988 2583 urat,quos
3012 2520 3391 2581 degenerasse
3404 2519 3783 2583 conqueritur.

2196 2593 2557 2644 Enuinerutis
2574 2606 2707 2655 ergo
2720 2592 3075 2653 criminibus,
3091 2592 3556 2655 denunciutisque
3574 2592 3785 2655 suppli-

2194 2664 2718 2727 ciis,intulitsubito
2737 2665 3063 2715 memoriam
3084 2667 3387 2727 praeteritae
3403 2664 3783 2725 dignitatis,ac

2196 2738 2246 2789 si
2265 2738 2499 2788 diceret.
2526 2739 2612 2787 En
2635 2735 2794 2787 dolor
2816 2738 2827 2787 ι
2855 2749 2926 2787 cu
2950 2735 3264 2800 lachrymas
3283 2740 3293 2785 t
3311 2742 3365 2787 et
3388 2735 3540 2799 quod
3564 2735 3671 2786 hoc
3698 2748 3783 2796 ge-

2196 2832 2308 2869 nus
2332 2818 2632 2867 hominum
2647 2816 2913 2879 est,quod
2933 2818 3042 2867 sub
3069 2821 3227 2867 tanta
3242 2817 3463 2868 vilitate
3486 2821 3784 2868 censetur?

2196 2893 2333 2941 Post
2366 2901 2497 2952 quae.
2523 2888 2700 2940 veluti
2726 2893 2995 2952 suscepta
3027 2890 3416 2951 responsione,
3446 2888 3781 2952 proclamat:

2195 2962 2337 3021 Quia
2360 2976 2496 3025 puer
2518 2960 2698 3024 Israel,
2730 2966 2777 3008 et
2807 2960 2975 3009 ditari
3008 2976 3148 3017 eum,
3174 2967 3219 3009 et
3259 2977 3326 3010 ea:
3348 2961 3577 3023 {Egypto
3610 2975 3779 3007 vocari

2194 3035 2371 3098 filium
2390 3048 2587 3083 meum.
2604 3032 2809 3083 Hieille
2828 3038 2930 3093 est,
2956 3033 3160 3096 inquit,
3180 3046 3351 3095 quem
3375 3034 3396 3060 ⁴¹
3431 3032 3666 3083 sementi
3682 3033 3780 3081 im-

2196 3107 2421 3171 pietatis
2446 3105 2645 3163 locata,
2666 3105 2890 3156 dolores
2914 3104 3457 3159 messuissedetlevi,
3484 3116 3653 3167 quem
3669 3104 3785 3153 ins-

2196 3185 2282 3231 tar
2298 3179 2609 3231 Salmanaa
2648 3176 2913 3228 Gedeone
2939 3177 3243 3239 eonsumti,
3264 3175 3651 3240 populandum
3663 3188 3785 3226 esse

2199 3252 2499 3302 denuncio.
2532 3249 2654 3303 Hie.
2680 3250 2917 3311 inquam
2942 3254 3050 3307 est,
3077 3249 3176 3312 qui
3199 3262 3439 3313 regnum
3465 3261 3635 3299 suum
3663 3247 3783 3297 fecit

2198 3323 2427 3381 aboleri,
2441 3327 2506 3374 ut
2520 3326 2638 3372 tam
2654 3322 2925 3381 celeriter,
2955 3319 3132 3389 456
3167 3334 3339 3385 quam
3353 3320 3586 3372 diluculi
3603 3323 3785 3380 potest

2197 3399 2425 3459 tempus
2442 3407 2571 3444 esse
2601 3393 2883 3444 transiret.
2901 3393 3003 3444 Hic
3020 3394 3253 3457 inquam
3270 3398 3381 3454 est,
3402 3393 3500 3456 qui
3515 3392 3585 3443 de
3601 3402 3787 3440 sancto-

2196 3479 2325 3517 rum
2356 3465 2531 3529 stirpe
2555 3464 2935 3527 deseendens,
2954 3464 3166 3528 inipsis
3188 3465 3659 3517 milliconseeralus
3678 3466 3782 3511 fue-

2196 3543 2283 3589 rat
2306 3537 2571 3600 GXOI‘illiS,
2597 3538 2652 3586 et
2669 3537 2819 3588 inter
2838 3539 2920 3588 tot
2947 3541 3149 3599 gentes
3176 3539 3292 3589 toto
3318 3538 3453 3588 orbe
3478 3535 3782 3600 dispersas,

2196 3623 2346 3661 unus
2372 3607 2618 3675 populus
2644 3609 3257 3672 quiIsraelvoearetur,
3274 3609 3490 3661 electus
3505 3612 3593 3658 est
3612 3625 3622 3656 :
3643 3610 3785 3665 cujus

2194 3692 2413 3747 merita,
2432 3690 2728 3743 affectione
2742 3692 3116 3753 praeveniens,
3131 3704 3323 3742 meum
3334 3702 3782 3755 puerum,meum.

2193 3763 2448 3826 inquam,
2463 3762 2536 3813 fili
2548 3775 2640 3812 um
2655 3764 3003 3827 nuncupavi,
3018 3768 3355 3826 tantumque
3373 3762 3449 3813 illi
3462 3762 3655 3819 decus,
3674 3776 3782 3808 cum

2193 3836 2383 3887 adhuc
2408 3836 2477 3885 de
2507 3837 2750 3898 Egypto
2772 3835 3127 3895 educeretur,
3144 3834 3406 3899 imposui,
3427 3838 3559 3885 utet
3584 3836 3784 3881 vocibus

2194 3908 2619 3972 quodammodo
2636 3907 2984 3972 panderetur
3000 3913 3056 3959 et
3070 3909 3259 3964 rebus,
3275 3908 3409 3971 quia
3426 3911 3650 3957 tantum
3662 3908 3787 3953 inter

2192 3980 2373 4032 istum
2392 3978 2667 4044 populum
2686 3985 2739 4030 et
2757 3981 3311 4044 vulgusEgyplium
3326 3980 3476 4043 apud
3500 3992 3589 4029 me
3607 3980 3787 4027 discri-

2192 4065 2323 4103 men
2340 4053 2572 4115 vigeret.
2592 4056 2871 4114 quantum
2892 4066 3021 4103 esse
3038 4054 3185 4103 inter
3199 4052 3446 4115 optimos
3470 4050 3719 4101 ﬁliorum
3736 4055 3783 4099 et

2193 4124 2476 4188 pessimos
2496 4138 2789 4174 servorum
2805 4124 3023 4175 soleret.
3055 4128 3195 4175 Cum
3222 4138 3356 4187 ergo
3378 4124 3495 4186 jam
3516 4128 3674 4174 tunc.
3695 4137 3784 4173 su-

2192 4209 2292 4260 per
2315 4196 2509 4247 omnia
2544 4195 2895 4246 libcralionis
2928 4196 3221 4254 miracula,
3252 4201 3309 4247 et
3336 4196 3615 4246 libertatis
3636 4194 3787 4245 illius

2190 4267 2380 4319 dulcia
2403 4268 2509 4318 hoc
2534 4282 2567 4317 a
2592 4282 2682 4319 me
2699 4270 2945 4333 Cepisset
2970 4268 3213 4331 insigne,
3241 4273 3306 4320 ut
3326 4280 3490 4319 meus
3516 4268 3668 4317 filius
3704 4268 3786 4317 di-

2190 4343 2414 4390 ceretur
2438 4339 2609 4391 :adeo
2626 4340 2863 4391 nuncad
2890 4340 3425 4405 prol‘anitalumima
3447 4339 3711 4391 defluxit.
3728 4345 3785 4389 ut

2189 4411 2302 4462 mei
2326 4411 2529 4473 suique
2548 4413 2759 4475 pariter
2782 4412 3015 4469 oblitus.
3036 4413 3172 4463 solis
3194 4413 3531 4465 daemonum
3555 4412 3786 4464 cultori-

2191 4484 2303 4534 bus
2328 4484 2601 4535 obediret.

2247 4608 2265 4628 ⁸
2294 4603 2398 4663 Qui
2424 4600 2497 4652 ad
2533 4601 2911 4667 probandum,
2938 4614 3112 4666 quam
3136 4601 3279 4653 nihil
3300 4601 3585 4666 religionis
3614 4603 3789 4654 nihil-

2185 4684 2296 4736 que
2312 4674 2551 4725 rationis
2568 4674 2626 4725 in
2638 4674 2806 4725 istius
2822 4674 3017 4741 populi
3034 4679 3224 4726 mente
3239 4675 3530 4739 resideret,
3550 4687 3673 4727 non
3688 4678 3784 4724 cla-

2186 4829 2419 4895 gniﬁeet,
2444 4827 2542 4891 qui
2579 4843 2646 4877 ea:
2669 4843 2725 4878 eo
2750 4829 2895 4893 quod
2939 4830 3203 4879 destruxit
3243 4831 3496 4895 phanum
3520 4829 3680 4892 Baal,
3718 4831 3787 4879 lu-

2186 4916 2416 4964 cumque
2430 4901 2673 4961 succidit,
2699 4906 2743 4950 et
2760 4902 2843 4950 ille
2858 4918 2909 4951 se
2926 4906 3182 4953 vindicare
3199 4919 3307 4953 non
3328 4902 3517 4968 potuit,
3544 4909 3590 4953 et
3601 4919 3788 4965 cogno-

2183 4980 2425 5022 mentum
2444 4972 2711 5024 Jerobaal
2728 4975 2944 5023 sortitus
2961 4980 3049 5036 est,
3064 4977 3211 5035 idest,
3231 4976 3539 5027 ulciscatur
3553 4988 3615 5027 se
3632 4976 3781 5035 Bard,

2183 5051 2240 5093 ut
2265 5044 2556 5108 quomodo,
2581 5049 2691 5096 etc.
2719 5047 2888 5097 Porro
2914 5061 3017 5099 nec
3043 5048 3301 5107 dubium,
3321 5048 3459 5112 quin
3482 5047 3609 5099 heic
3634 5048 3784 5113 apud

2186 5119 2461 5168 Nostrum
2480 5118 2776 5167 vindicavit
2795 5133 2867 5172 ex
2889 5121 2936 5170 H
2944 5120 3333 5186 ieronymiana
3344 5120 3620 5176 versione,
3635 5137 3780 5182 quam

2180 5188 2397 5243 laudat,
2414 5202 2514 5253 pro
2527 5190 2807 5256 indicavit,
2826 5193 3135 5257 legendum
3161 5194 3252 5244 Sil.
3269 5192 3645 5245 Restituenda
3660 5211 3783 5255 quo-

2182 5274 2293 5324 que
2317 5261 2585 5326 Vulgata:
2608 5262 2796 5322 lectio,
2824 5278 2954 5330 quae
2972 5265 3262 5329 judicavit,
3286 5264 3589 5317 manifesto
3605 5263 3777 5316 libra-

2180 5334 2397 5385 riorum
2421 5347 2608 5385 errore
2638 5336 2886 5400 praefert.

2244 5415 2262 5433 ο
2285 5406 2474 5457 Verba
2498 5411 2554 5455 ut
2588 5407 2873 5473 intereant,
2919 5422 3053 5472 qum
3100 5409 3593 5469 desiderabantur,
3619 5411 3780 5461 suile

2180 5478 2386 5529 cimus.
2407 5478 2568 5537 Quod
2586 5480 2816 5531 additur
2827 5487 2871 5529 et
2890 5483 3053 5539 ultra,
3072 5482 3131 5532 in
3142 5482 3297 5533 nullo
3311 5482 3461 5546 quod
3477 5481 3655 5533 sciam
3669 5483 3775 5533 lle-

2180 5550 2354 5607 braao,
2373 5549 2589 5609 Graeco,
2608 5556 2709 5602 aut
2730 5553 2928 5603 Latino
2942 5553 3215 5605 Psalterio
3234 5554 3534 5605 invenitur.

2240 5620 2259 5649 “
2282 5621 2483 5673 Nullus
2501 5624 2739 5675 eratloci
2756 5624 2932 5689 hujus
2948 5639 3176 5689 sensus,
3198 5627 3333 5678 (tum
3353 5627 3575 5674 seviente
3593 5624 3773 5689 impie-

2178 5692 2301 5742 tatis
2312 5693 2622 5757 legeretur:
2637 5710 2745 5760 neq
2756 5711 2824 5749 ue
2840 5698 3045 5750 excudi
3059 5699 3510 5756 nullus,teutatis
3525 5701 3774 5759 undequa-

2176 5777 2288 5828 que
2312 5766 2627 5819 verbisillis
2664 5782 2765 5833 per
2789 5771 3023 5822 Criticos
3055 5772 3241 5835 potuit
3280 5773 3393 5822 Nos
3425 5771 3643 5820 sementi
3669 5784 3773 5820 res-

2176 5837 2483 5908 cripsimus
2528 5854 2629 5905 pro
2680 5841 2920 5907 seuiente,
2968 5856 3148 5908 eaque
3191 5844 3357 5895 unice
3378 5856 3510 5895 vera
3536 5842 3767 5893 lectione
3834 5862 3841 5869 -

2174 5907 2365 5961 locum
2392 5912 2771 5965 restituimus.

2236 5989 2254 6011 '
2279 5984 2708 6049 Prasponendus
2742 5986 2889 6041 sacri
2928 5988 3148 6041 Textus
3182 5987 3534 6052 versiculus,
3561 5986 3764 6054 queml-
