3884 6438
152 432 290 489 ’1017

1017 435 1089 485 ΙΝ
1130 431 1371 485 OSEAM
1411 431 1996 483 COMMENTARIUS.
2031 430 2238 480 LIBER
2275 430 2596 483 TERTIUS.

3311 427 3447 482 1018

147 547 363 620 borata,
390 545 641 620 quibus:
675 546 1030 620 seducerent,
1070 545 1375 620 admovere
1397 548 1739 604 commenta,
1768 550 1827 620 Α
1851 545 1969 593 erat
1991 541 2477 620 etwinformandus
2502 545 2559 594 et
2599 543 2916 620 sanandus,
2963 539 3267 620 aspiciens,
3301 551 3453 620 sem:

147 618 246 668 sed
277 617 444 680 t'juasi
464 617 1045 679 pecudesadexitium
1063 620 1305 681 paratas,
1329 617 1402 663 sic
1426 631 1507 663 eos
1534 631 1744 663 vocave-

148 695 294 750 runt,
317 693 494 750 etquo
513 689 798 751 volebant,
819 690 960 740 l'acili
982 689 1400 750 signiﬁcatione
1430 690 1746 738 traxerunt.

147 762 329 811 lVers.
357 759 662 823 2.]Uvmlim
689 762 1060 816 {Munda/mut,
1088 768 1132 808 et
1158 760 1506 807 simulati/ww
1535 759 1747 820 sacri/i-

145 833 355 894 cubant,
383 833 558 892 idest,
585 833 655 882 ad
675 833 894 885 cultum
913 834 1203 885 variorum
1228 831 1518 882 Itlolorum
1532 831 1746 892 quibus

144 909 307 955 erant
328 904 574 954 diversis
597 905 801 954 ritibus
827 905 1110 966 servituri,
1142 906 1409 954 vocantes
1439 916 1500 952 se
1516 909 1645 949 tanta
1670 905 1740 949 fal-

144 977 358 1026 cilitate
382 977 611 1038 sequuti
631 981 786 1038 sunt,
816 977 1242 1027 utdesiderium
1267 974 1550 1038 ejusmodi
1577 987 1743 1025 occa-

144 1048 322 1098 sionis
349 1048 621 1097 imbuisse
647 1048 1141 1100 convincerentur.

205 1120 362 1169 Vers.
393 1119 442 1172 3.
469 1146 528 1154 ——
553 1120 619 1167 Et
652 1136 742 1180 ego
789 1121 946 1183 quasi
996 1119 1257 1168 uutritius
1279 1117 1517 1180 E/I'raim
1559 1121 1743 1180 porta-

143 1191 260 1239 bam
287 1206 371 1238 eos
398 1191 456 1238 in
492 1190 728 1239 brachiis
761 1193 905 1254 meis,
931 1198 974 1239 et
1003 1193 1298 1240 nescierunt
1327 1190 1472 1252 quod
1494 1205 1744 1238 curarem

141 1278 237 1310 eos.
283 1263 614 1326 Interpositi
657 1263 772 1313 duo
809 1277 1031 1326 versus,
1081 1262 1422 1313 narrationis
1469 1260 1744 1323 simplicis

141 1335 419 1396 abrupere
441 1339 777 1384 contextum
796 1349 806 1384 :
826 1339 880 1385 et
895 1349 991 1398 per
1015 1336 1121 1386 hoc
1136 1333 1526 1384 diliicultatem
1543 1332 1745 1383 intelli-

142 1407 351 1469 gentiae
369 1407 781 1469 praastiterunt.
803 1410 1082 1457 Craterum
1101 1407 1250 1469 quod
1267 1407 1362 1468 ait,
1383 1405 1744 1463 Quasinutri-

143 1480 243 1524 (ius
274 1477 510 1540 E/fruim
557 1478 839 1541 portabant
876 1495 957 1526 eos
995 1480 1046 1525 in
1077 1479 1310 1525 (war/riis
1345 1477 1488 1537 nivis,
1510 1476 1589 1526 illi
1616 1488 1746 1526 Sen-

146 1551 336 1600 tentiae
377 1563 508 1612 quia
545 1555 634 1600 est
673 1551 922 1613 praelata,
959 1551 1302 1613 respondet:
1329 1550 1515 1600 idest.
1548 1549 1586 1595 0
1611 1563 1744 1608 μυρι-

144 1622 321 1679 Israel,
337 1622 568 1670 culi/euri
584 1637 705 1669 eum,
739 1623 1108 1684 ete.1;.-l;'gypto
1145 1622 1325 1670 vocavi
1343 1622 1516 1684 [illum
1549 1634 1740 1668 meum.

145 1695 275 1742 l'ost
299 1693 427 1743 haec
451 1700 666 1752 autem,
694 1694 833 1756 quid
859 1695 1137 1744 scelerum
1165 1697 1548 1757 perpetrasset
1570 1693 1745 1741 inter-

144 1779 350 1823 serens,
376 1765 432 1814 in
449 1765 705 1814 ordinem
724 1766 1247 1817 commemoramus
1266 1765 1517 1815 levitatis
1540 1766 1742 1811 reverti-

147 1843 230 1886 tur
251 1837 435 1898 :quod
455 1837 691 1898 quidem
717 1837 941 1888 videtur
958 1838 1028 1887 ad
1057 1837 1467 1888 contestandos
1497 1836 1752 1896 indigna-

1849 626 1946 676 per
1992 611 2130 662 mihi
2165 613 2496 663 resultantis
2541 613 2798 662 animum
2855 611 3125 666 ostendit,
3159 610 3341 661 donec
3375 609 3449 659 ad

1849 698 2001 746 eum,
2028 685 2086 734 in
2111 698 2224 748 quo
2250 698 2401 736 nunc
2419 689 2524 744 est,
2554 690 2768 736 statum
2791 684 3064 748 pertinaci
3093 682 3449 746 impudentia

1850 757 2187 820 perveniret.

1911 830 2071 878 Vcrs.
2092 827 2219 880 5.-7.
2245 855 2303 864 -
2337 827 2460 876 Non.
2486 834 2772 876 revertetur
2799 829 2854 875 iu
2883 833 3085 875 terram
3110 826 3445 889 Az‘gypt-iam,

1846 905 1889 946 et
1910 901 2079 948 Assur
2107 903 2212 962 ipse
2257 915 2350 948 rex
2387 901 2528 962 ejus;
2556 901 2822 963 quoniam
2866 898 3156 947 noluerunt
3195 912 3286 945 con
3301 899 3445 945 certi.

1850 972 2014 1034 ζἰςῖιρίι
2038 971 2251 1032 gladius
2269 972 2320 1018 in
2338 971 2578 1019 “eiei/ate.
2601 971 2730 1032 ejus,
2760 977 2803 1019 et
2835 974 3102 1019 consumet
3121 969 3297 1016 electos
3313 968 3444 1030 ejus,

1845 1048 1890 1090 ct
1915 1044 2140 1091 comedet
2168 1045 2347 1105 capita
2373 1058 2574 1094 eorum.
2604 1043 2670 1091 Et
2694 1043 2923 1106 populus
2951 1057 3096 1090 meus
3118 1041 3189 1088 ad
3213 1040 3440 1088 reditum

1847 1129 2024 1162 meum.
2067 1114 2309 1178 pendebit
2337 1131 2348 1164 :
2382 1115 2581 1178 jugum
2612 1121 2790 1162 autem
2821 1115 3124 1178 imponetur
3169 1112 3240 1160 eis
3263 1112 3443 1169 simul,

1845 1187 1990 1249 quod
2017 1202 2126 1234 non
2164 1188 2458 1250 auferetur.
2501 1188 2679 1251 Supra
2706 1187 2946 1243 dixerat,
2980 1188 3296 1232 vocaverunt
3322 1198 3403 1230 eos
3431 1200 3444 1231 :

1841 1258 1915 1305 sic
1946 1257 2194 1306 abierunt
2220 1275 2253 1305 α
2277 1258 2415 1319 faeie
2439 1273 2623 1306 eorum
2647 1276 2655 1306 :
2688 1273 2826 1306 nunc
2856 1273 2975 1305 vero
3005 1257 3297 1305 noluerunt
3322 1271 3447 1303 cou—

1844 1330 1994 1392 verti,
2022 1329 2127 1380 ait:
2155 1330 2211 1380 id
2238 1335 2345 1393 est,
2373 1331 2465 1393 qui
2493 1343 2527 1381 a
2553 1330 2764 1394 pietate
2782 1329 3243 1379 seavocantibus
3266 1339 3447 1390 prom-

1847 1405 1962 1451 tam
1989 1401 2371 1452 obedientiam
2399 1402 2858 1459 commodarum,
2903 1413 3078 1460 nunc,
3104 1403 3168 1450 ut
3197 1414 3229 1446 ει
3256 1401 3445 1461 pravis

1843 1474 1915 1524 ad
1943 1473 2175 1524 meliora
2212 1478 2548 1536 remearent,
2597 1486 2782 1536 neque
2819 1473 2973 1524 varia
3001 1472 3116 1521 sint
3145 1470 3445 1520 amictione

1847 1544 2154 1608 compulsi.
2185 1547 2326 1596 Nam
2363 1559 2492 1596 cum
2539 1546 2770 1595 amissis
2796 1546 3023 1608 opibus.
3063 1543 3131 1592 de
3159 1541 3444 1592 servitutis

1843 1617 2168 1667 mutatione
2193 1617 2621 1677 contenderent,
2640 1620 2703 1667 ut
2729 1615 3006 1680 .Egyjuiis
3033 1614 3242 1677 potius,
3271 1625 3446 1674 quam

1845 1690 2098 1752 Assyriis
2115 1689 2514 1744 subderentur.
2531 1702 2600 1738 nc
2615 1689 2722 1738 hoc
2741 1687 2972 1749 quidem
2987 1686 3200 1736 obtinet
3213 1698 3242 1734 e
3259 1699 3446 1731 merue-

1844 1766 2002 1822 runt,
2031 1762 2302 1825 quoniam
2326 1762 2633 1811 immobilis
2647 1765 2752 1820 est,
2772 1772 2900 1822 quin
2918 1758 2988 1808 de
3006 1762 3199 1807 nostro
3221 1769 3444 1820 proces—

1854 1833 1926 1881 sit
1951 1845 2045 1882 ore
2071 1831 2382 1882 sententia:
2419 1831 2546 1881 illos
2575 1831 2837 1881 videlicet
2873 1829 3028 1878 haud
3051 1828 3176 1878 aliis
3200 1826 3442 1878 interim.

144 1909 305 1958 tionis
325 1910 540 1958 ﬂuctus
557 1909 740 1959 valere
765 1926 775 1959 :
801 1915 988 1960 utnon
1004 1910 1395 1960 videlicetuno
1423 1914 1613 1959 tenore
1631 1909 1747 1957 ins~
1773 1926 1826 1998 Β
1854 1917 2026 1967 quam
2047 1904 2292 1967 Assyriis
2310 1917 2434 1953 esse
2454 1903 2701 1953 dominis
2716 1902 3045 1952 servituros.
3065 1899 3226 1950 Unde
3253 1898 3446 1998 i‘nopus

146 1981 299 1998 μμ-.-
345 1985 524 1998 unum.
562 1981 735 1998 -μ-.ελ
800 1996 815 1998 ,Α
874 1981 885 1998 ι
928 1982 1082 1998 ηιμ-μ
1114 1983 1160 1998 ελ,
1358 1995 1436 1998 μέν
1469 1994 1568 1998 ,μη
1619 1993 1738 1998 .___..
1856 1990 2019 1998 η....-ν.
2044 1976 2452 1998 ..ιιεΑμ-ηιςληιη
2474 1975 2764 1998 “mnum..-
2800 1974 3198 1998 ..ιηηηνηιη-ηκηθ
3223 1985 3256 1998 η
3283 1982 3334 1998 απ
3357 1969 3442 1998 ευρ

146 1981 307 2031 litata
335 1985 529 2030 currat
555 1981 759 2041 oratio,
793 1981 890 2030 Sed
916 1982 1088 2032 etiam
1114 1983 1167 2031 in
1193 1987 1443 2044 tempore
1463 1993 1743 2044 quo,quaa

147 2057 273 2101 sunt.
301 2051 439 2101 olim
487 2057 667 2115 gesta,
704 2054 1049 2108 recoluntur.
1077 2055 1165 2104 vis
1195 2053 1587 2116 praesentaria:
1615 2065 1752 2103 con-

142 2124 458 2185 questionis
472 2126 926 2187 erumpat,quasi
942 2126 1110 2175 etiam
1134 2127 1325 2176 brevis
1341 2125 1750 2174 dissimulatio-

142 2197 222 2245 nis
247 2195 583 2246 intolerans.
604 2199 748 2260 Ergo
767 2211 897 2247 cum
913 2198 1262 2248 instituisset
1277 2197 1749 2260 insigniaantiqtm

140 2268 482 2328 contingere.
509 2273 572 2317 ut
597 2269 1282 2331 degenerantisnimirum
1312 2269 1743 2332 DOpuiitzl‘t'tt'zlt‘Ot

142 2345 380 2396 reatum,
411 2344 467 2388 et
494 2340 645 2400 quod
660 2346 976 2403 spontanea
995 2341 1202 2404 pietate
1225 2341 1486 2392 dilexerit
1511 2355 1660 2398 eum,
1688 2348 1743 2393 et

141 2411 284 2472 quod
311 2411 412 2461 ﬁlii
439 2412 814 2474 appellatione
834 2412 1742 2475 decoraverit,exclamavitsuhito

139 2482 284 2543 quod
309 2496 482 2533 aures
522 2496 658 2533 suas
680 2484 956 2534 ministris
975 2485 1308 2535 dmmonum
1326 2485 1742 2548 limphantibus

147 2555 562 2616 permisissent,
601 2561 655 2606 et
681 2569 779 2606 eos
808 2557 885 2606 ita
914 2556 1170 2607 celeriter
1193 2558 1650 2620 essentsequuti,
1679 2563 1743 2610 ut

145 2626 361 2676 nullum
392 2627 450 2675 in
498 2627 862 2678 assentiendo
898 2633 1149 2678 crearent
1179 2627 1449 2678 laborem.
1485 2631 1638 2690 Quod
1675 2630 1743 2681 (le

144 2698 373 2761 impetu,
401 2703 464 2749 ut
495 2698 768 2760 diximus,
789 2701 1233 2762 conquestionis
1253 2702 1527 2751 incertum
1555 2701 1598 2750 si
1617 2716 1743 2764 pau-

145 2771 312 2819 lulum
329 2783 596 2833 seponas,
613 2771 1221 2833 lit’juidumhabebunt,
1242 2786 1370 2834 quae
1386 2780 1738 2833 sequunturad

145 2843 435 2903 superiora
460 2845 790 2892 contextum
815 2858 826 2892 :
854 2844 904 2892 id
934 2848 1038 2904 est,
1061 2845 1201 2901 Quia
1225 2860 1359 2907 puer
1388 2845 1550 2893 Israel
1575 2846 1741 2894 ditari

143 2929 272 2969 eum,
298 2921 342 2962 et
369 2929 438 2961 ea?
471 2914 704 2975 .v‘Egj/plo
741 2917 919 2963 vocari
957 2916 1134 2978 ﬁlium
1173 2932 1365 2966 Nician.
1394 2923 1439 2963 et
1468 2933 1558 2976 ego
1585 2919 1740 2979 quasi

147 2987 399 3033 nutritius
427 2985 682 3048 E/fraim,
709 2987 989 3049 portabant
1005 3004 1087 3035 eos
1100 2989 1154 3034 in
1173 2988 1408 3037 brae/ills
1423 2991 1548 3037 meis
1563 2998 1604 3037 et
1626 3005 1740 3036 urs—

143 3058 341 3105 eiei-unt
368 3059 777 3120 quodcum-rem
801 3073 882 3106 eos
906 3072 970 3108 ac
1004 3060 1051 3109 si
1076 3059 1289 3110 (liceret
1327 3078 1336 3108 ε
1371 3062 1489 3111 Non
1517 3067 1604 3112 est
1634 3063 1741 3113 hu-

138 3130 225 3202 jus
251 3129 445 3192 populi
473 3143 623 3180 nova
645 3131 973 3193 prot‘anitas,
993 3132 1303 3195 quiasigna
1322 3133 1531 3182 mentis
1557 3133 1734 3202 457

74 3233 76 3240 ι
146 3201 382 3264 ingratae
411 3202 557 3253 inter
579 3203 851 3266 ipsamihi
877 3204 1128 3254 ostendit
1158 3204 1407 3255 exordia.
1431 3207 1567 3256 Nam
1605 3201 1734 3258 cum

143 3272 949 3338 illumﬁliumnuncupassem,
972 3276 1261 3326 beneﬁciis
1290 3277 1460 3327 etiam
1487 3278 1508 3305 "
1543 3278 1738 3330 delini-

1854 1990 2025 2026 suum
2044 1976 2458 2027 ultioinchoaia
2471 1975 2782 2038 gradietur,
2800 1977 2863 2023 ut
2877 1974 3205 2037 perrumpat
3221 1969 3445 2034 gladius

1844 2049 2129 2107 civitates,
2179 2061 2522 2110 omnemque
2572 2046 2925 2097 nobilitatem
2988 2045 3194 2094 ferrum
3240 2041 3446 2106 pariter

1846 2122 2191 2183 ﬂammaque
2210 2118 2530 2183 populetur,
2551 2122 2870 2180 cunctaque
2885 2117 3096 2170 hostes.
3117 2127 3246 2176 quas
3261 2113 3446 2162 solent

1845 2192 2120 2243 divitibus
2146 2204 2274 2242 cara
2301 2204 2447 2252 esse,
2481 2189 2765 2253 diripiant.
2801 2188 2887 2238 Sic
2927 2186 3172 2250 populus
3203 2185 3294 2234 hic
3311 2183 3439 2233 olim

1845 2277 2029 2327 meus,
2043 2254 2313 2313 omnibus
2333 2262 2572 2323 viribus,
2588 2260 2813 2311 cunctis
2827 2259 2999 2310 etiam
3019 2257 3244 2307 solaciis
3262 2253 3440 2321 458

1846 2335 2178 2397 destitutus,
2194 2334 2264 2384 ad
2284 2347 2477 2385 meum
2491 2333 2734 2383 reditum
2749 2331 2907 2382 tarda
2921 2328 3314 2393 expectatione
3331 2342 3444 2386 pen-

1845 2407 2018 2468 debit,
2039 2407 2181 2457 seris
2202 2405 2463 2457 videlicet
2486 2405 2771 2468 precibus,
2786 2408 2839 2453 et
2860 2401 3170 2465 gemitibus
3185 2397 3439 2462 ingratis,

1843 2479 1974 2530 utei
2000 2478 2301 2530 auxiliator
2326 2477 2446 2528 ﬁeri
2491 2476 2710 2539 digner,
2737 2485 3078 2538 exposcens.
3109 2472 3315 2533 Jugum
3340 2484 3442 2516 au—

1844 2557 1945 2599 tem
1975 2548 2818 2611 imponetureissimulquothion
2847 2545 3140 2607 auferetur.
3165 2544 3441 2590 Inellicaee:

1844 2623 2108 2676 videlicet
2134 2622 2310 2672 fuisse
2341 2621 2624 2684 lacrymas
2652 2632 2788 2670 suas
2813 2619 2985 2668 rebus
3009 2614 3289 2680 probabit,
3308 2612 3441 2676 quia

1843 2709 1958 2746 non
1986 2705 2002 2724 θ
2021 2695 2253 2757 religam
2266 2693 2436 2744 istam
2453 2692 2995 2756 promulgationem,
3015 2700 3188 2752 quam
3206 2690 3439 2737 coactuS

1842 2767 2039 2818 multis
2058 2768 2182 2828 ejus
2202 2765 2513 2815 sceleribus
2533 2763 2835 2814 tandemin
2850 2775 2994 2826 opus
3013 2760 3164 2810 exire
3183 2759 3436 2810 mandavi,

1841 2842 1895 2891 et
1914 2840 2050 2902 quia
2066 2839 2285 2887 dixerat
2299 2850 2527 2887 manere
2545 2836 2858 2894 decretum,
2882 2835 3204 2897 jugumque
3221 2831 3441 2881 eosAs-

1843 2912 2012 2975 syr-ize
2038 2909 2383 2974 captivitatis
2407 2909 2668 2972 protinus
2689 2907 3009 2967 subituros,
3041 2904 3275 2955 schema
3292 2903 3436 2948 etiam

1841 2983 2213 3033 deliberantis
2231 2980 2493 3036 assumit,
2513 2979 2665 3042 quali
2680 2978 2944 3030 videlicet
2957 2976 3170 3028 ultione
3189 2986 3316 3024 reos
3328 2987 3441 3019 con-

1842 3058 2051 3116 sumat,
2083 3053 2457 3118 proponitque
2471 3051 2733 3114 exempla
2750 3050 2998 3106 urbium,
3014 3060 3157 3112 quas
3184 3044 3436 3097 delatum

1844 3125 2071 3177 ccelitus
2105 3125 2312 3176 delevit
2334 3124 2679 3174 incendium.

1900 3201 2061 3249 Vers.
2083 3196 2212 3252 8.-9.
2255 3197 2345 3232 -¹
2373 3197 2644 3254 Quor/locta
2670 3194 2804 3242 dabo
2837 3199 2880 3242 te
2916 3192 3049 3241 sicut
3074 3190 3307 3247 Adama,
3336 3203 3436 3251 ap-

1834 3285 2037 3336 ponam.
2068 3276 2120 3318 ut
2144 3268 2350 3318 Seboim
2369 3272 2391 3317 Ρ
2405 3269 2729 3317 Courersum
2744 3271 2813 3314 est
2840 3267 2856 3313 ἱ
2865 3283 2897 3313 η
2917 3280 2995 3312 me
3011 3280 3101 3313 cor
3127 3277 3324 3336 meum,
3337 3274 3436 3322 pa-

144 3349 324 3396 menta
338 3346 636 3408 subjunxi,
669 3332 726 3396 et
750 3349 914 3409 quasi
941 3332 1164 3411 parvuli
1192 3349 1300 3399 mei
1320 3363 1514 3399 curam
1547 3351 1734 3400 inzlnl-
1759 3351 1806 3424 ρ
1834 3332 1966 3392 δ’ίιεν
1990 3341 2303 3390 emt/urbem
2341 3347 2408 3390 σει
2441 3339 2719 3404 Plenitudo
2745 3354 2897 3418 τηθαχ
2921 3332 3436 3424 Aron'fac'iﬁjﬁfuf'o‘

142 3430 237 3476 gen
250 3418 511 3468 tissimus
537 3419 779 3469 nutritor
803 3420 1045 3470 exercui.
1066 3419 1292 3481 Quidni,
1316 3434 1444 3471 eum
1471 3435 1602 3472 eum
1621 3437 1726 3474 nec

145 3494 315 3540 vastm
348 3489 950 3541 solitudinismolesta
975 3492 1186 3542 sentire
1208 3493 1561 3555 permiserim
1591 3509 1728 3546 :nc-

143 3574 239 3622 que
266 3562 400 3612 novi
433 3565 488 3612 et
511 3562 665 3623 longi
702 3565 920 3613 itineris
951 3564 1138 3614 labore
1175 3565 1417 3614 vexari?

201 3633 352 3683 Vers.
384 3631 434 3685 4,
455 3661 510 3668 -
531 3645 548 3667 ο
582 3635 748 3691 Quasi
787 3635 1069 3696 funiculus
1102 3636 1246 3698 ejus,
1279 3636 1333 3686 id
1358 3641 1466 3698 OSL,
1487 3638 1723 3694 sortitio.

74 3765 76 3768 ν
143 3717 259 3754 cum
287 3705 433 3756 Adae
455 3704 898 3770 videlicet'primi
916 3707 1163 3757 hominis
1186 3714 1432 3770 peccato,
1452 3723 1481 3759 e
1499 3712 1727 3758 felicitate

143 3775 456 3838 decidisset,
481 3777 576 3840 qni
605 3779 850 3840 paradisi
879 3779 1726 3832 fueratcultorethabitatoref-

142 3848 330 3909 lectus,
349 3850 485 3899 utin
499 3849 769 3900 laboratis
790 3850 846 3914 [Α
861 3857 932 3900 nt.
957 3851 1304 3914 inlaboratis}
1323 3853 1499 3914 copiis
1515 3869 1728 3902 vescere-

144 3924 254 3971 tur:
281 3922 356 3971 ita
385 3925 438 3971 et
464 3922 572 3972 iste
602 3922 1013 3985 imcomparata
1034 3923 1380 3985 hominibus,
1401 3929 1454 3975 et
1473 3926 1727 3977 solismi-

74 4031 75 4034 η
143 3991 334 4043 raculis
349 3997 678 4054 comparata
701 3993 907 4056 pabula
927 3993 1239 4058 poculaque
1257 3998 1527 4060 suscepit,
1555 4002 1725 4058 sit-que

144 4063 266 4112 solis
292 4065 538 4112 caritatis
557 4065 783 4113 vinculis
809 4079 942 4116 eum
971 4067 1197 4126 alligavi
1215 4080 1280 4117 ac
1312 4075 1726 4132 praeceptor-mn

143 4133 392 4186 habenis.
414 4137 498 4187 0b
520 4137 626 4186 hoc
652 4140 855 4200 solum,
884 4145 941 4188 ut
965 4138 1073 4188 tuti
1098 4139 1441 4201 incederent,
1469 4155 1566 4191 ora
1592 4158 1728 4189 com-

116 4252 118 4256 ,
145 4208 293 4265 posui
312 4207 504 4270 ilv‘urtc.
521 4209 883 4271 compescui],
904 4210 1214 4259 ostendens
1229 4223 1318 4259 me
1338 4210 1460 4262 ideo
1477 4215 1535 4259 ad
1557 4229 1725 4260 eorum

144 4279 382 4340 requiem
423 4279 750 4341 deﬂexisse,
771 4285 833 4330 ut
859 4283 1381 4344 opportunareqaie
1395 4296 1458 4332 ac
1479 4287 1728 4344 Voluptate

143 4347 717 4416 fruerenturzquippe
744 4353 838 4414 qui
865 4365 979 4403 non
1006 4354 1601 4417 sentirentpotentiam
1632 4357 1729 4406 de-

145 4421 492 4486 primentem,
509 4423 609 4473 sed
627 4425 686 4474 in
710 4424 803 4475 illa
824 4427 1164 4476 necessitate
1185 4440 1280 4490 per
1296 4428 1418 4478 loca
1439 4433 1564 4478 vast
1584 4443 1599 4477 t
1617 4445 1727 4476 cum

143 4492 240 4543 illis
266 4494 644 4557 gradientem,
672 4498 988 4547 exaltatum
1018 4497 1295 4549 haberent
1318 4498 1533 4561 jugum,
1563 4501 1728 4564 idest,

143 4572 440 4621 remotum,
477 4568 623 4618 sicut
653 4567 710 4618 in
749 4569 1009 4620 curribus
1055 4570 1170 4620 liCri
1196 4570 1475 4631 videmus,
1513 4573 1569 4622 in
1605 4573 1733 4634 qui-

74 4683 76 4686 ,
145 4636 401 4703 busjuga
419 4652 550 4689 cum
566 4639 889 4700 solvuntur,
908 4642 1223 4705 eriguntur.
1252 4643 1345 4693 Ille
1374 4649 1566 4694 tamen
1582 4660 1736 4705 popu-

1836 3432 1948 3464 rem
1974 3415 2067 3463 irae
2090 3429 2230 3474 meze,
2258 3419 2302 3462 ct
2326 3403 2742 3461 nonconvertar
2770 3417 2824 3458 ut
2842 3407 3152 3471 dispertiunt
3179 3403 3432 3467 Eﬂ'ra'im,

1829 3503 1972 3552 quon
1989 3488 2096 3535 iam
2117 3487 2253 3534 Deus
2271 3502 2380 3548 ego,
2407 3491 2451 3533 et
2474 3499 2582 3532 non
2609 3485 2766 3531 homo
2791 3500 2799 3530 :
2831 3484 2882 3529 in
2905 3480 3078 3528 medio
3097 3479 3175 3526 tui
3200 3480 3430 3529 sanclus,

1826 3551 1870 3608 et
1902 3576 2006 3608 non
2026 3559 2311 3621 ingrediar
2330 3558 2616 3606 civitatem.
2648 3557 2725 3605 Et).
2754 3567 2885 3617 qua:
2904 3552 3038 3604 olim
3062 3551 3432 3607 fueruntgesta

1828 3631 2150 3692 recolendo,
2179 3629 2435 3680 ostendit
2466 3634 2520 3680 et
2566 3627 2852 3678 Israelitas
2898 3638 3010 3676 non
3040 3623 3231 3674 minus
3261 3633 3432 3683 quam

1827 3703 2171 3760 Sodomitas,
2202 3700 2294 3752 vel
2322 3698 2616 3764 posse,vel
2641 3698 2926 3749 meruisse
2951 3693 3246 3750 consumi;
3275 3705 3335 3742 se
3355 3696 3438 3740 ta-

1827 3789 1958 3826 men
1983 3776 2123 3824 bene
2138 3773 2399 3823 liciorum
2415 3784 2742 3824 memorem.
2772 3781 2904 3831 quae
2925 3767 2984 3817 in
3000 3766 3271 3816 honorem
3290 3777 3436 3810 sant--

1823 3849 2014 3898 torum
2035 3849 2334 3909 parentum
2353 3845 2525 3895 etiam
2550 3843 2848 3894 immeritis
2876 3855 3071 3892 eorum
3094 3839 3282 3890 liberis
3300 3851 3435 3888 con-

1828 3919 2069 3978 tulisset,
2104 3931 2220 3968 non
2246 3930 2312 3967 ea
2339 3928 2524 3978 usque
2542 3914 2682 3964 adeo
2709 3913 2854 3965 velle
2880 3911 3144 3966 rescindi.
3173 3914 3236 3960 ut
3253 3922 3350 3959 eos
3368 3909 3437 3958 el“-

1829 3991 1956 4041 fusa
1993 3990 2222 4053 penitus
2252 3987 2639 4038 internecione
2659 3989 2980 4035 consumat.
3003 3986 3068 4034 Et
3082 3983 3206 4032 ideo
3221 3995 3279 4030 se
3293 3985 3433 4040 quasi

1827 4068 2063 4126 paterno
2088 4061 2192 4111 alte
2211 4066 2306 4110 ctu
2330 4065 2558 4110 motum
2577 4070 2704 4108 esse
2728 4067 3193 4118 concussumun
3218 4053 3438 4126 denun-

1827 4124 1957 4194 ciat,
1979 4136 2031 4183 ct
2049 4132 2338 4195 quandam
2353 4130 2787 4195 pcenetudinem
2803 4127 3144 4189 suscepisse,
3170 4124 3321 4188 quod
3337 4125 3436 4173 So—

1827 4206 2180 4256 domitai-um
2206 4203 2510 4267 perniciem
2540 4200 2749 4262 Israeli,
2778 4199 2991 4251 velsub
3016 4195 3436 4248 deliberationis

1831 4278 2036 4340 specie,
2071 4277 2240 4327 fuerit
2276 4274 2700 4325 comminatus:
2753 4271 3097 4334 subjit-itque
3143 4269 3430 4328 continuo,

1828 4339 1947 4398 Non
1974 4349 2169 4411 faciem
2191 4347 2440 4409 furorem.
2463 4346 2557 4394 ira:
2578 4361 2717 4408 mem,
2733 4350 2782 4392 et
2805 4359 2910 4391 non
2941 4359 3034 4390 con
3048 4348 3237 4402 verltll'a
3266 4346 3318 4387 υί
3336 4339 3438 4386 (“5'

1825 4422 2051 4486 ρει-ιίιιηι
2088 4419 2343 4483 E/frulm.
2377 4419 2438 4468 Id
2467 4421 2570 4480 est,
2607 4429 2724 4466 non
2764 4429 2829 4466 eo
2859 4427 3042 4476 usque
3073 4411 3432 4486 clementiam

1831 4481 2024 4544 meam
2053 4481 2445 4555 indignatione
2468 4489 2722 4546 mutabo,
2746 4493 2807 4537 ut
2824 4486 3044 4537 nullum
3071 4484 3139 4534 de
3166 4481 3436 4533 Israclitis

1834 4577 2142 4627 superesse
2173 4561 2516 4626 permlttam,
2549 4560 2820 4618 Quoniam
2849 4559 3112 4618 [)eusego,
3137 4560 3180 4603 et
3205 4570 3311 4602 non
3339 4555 3438 4602 ho-

1839 4651 1949 4686 mo:
1976 4637 2148 4698 cujus
2177 4632 2634 4686 benevolentiam
2659 4631 2922 4681 videlicet
2944 4630 3108 4680 venis
3131 4631 3436 4676 undantibus

142 4704 226 4758 lus
242 4723 345 4760 nec
373 4711 798 4776 providentiam
824 4703 1032 4777 meam,
1048 4728 1152 4764 nec
1171 4703 1605 4778 indulgentiam,
1623 4703 1733 4777 qua

1843 4709 2191 4769 afﬂuentem,
2217 4705 2518 4757 exhaurire
2541 4717 2656 4755 non
2683 4707 2877 4768 posset
2902 4703 3138 4754 otl‘ensio
3157 4703 3194 4763 (κ
3210 4705 3438 4761 protinus

143 4881 482 4946 explicatum
513 4901 522 4931 :
563 4890 879 4932 rocmerunt
909 4899 1010 4947 eos,
1048 4885 1122 4934 sic
1157 4885 1406 4935 abierunt
1434 4903 1467 4935 α
1499 4887 1635 4948 facie
1659 4902 1735 4936 co-

145 4969 255 5001 rum
289 4973 300 5004 :
329 4956 566 5017 Baalim,
594 4959 702 5007 etc.
1159 5016 1166 5024 ,

146 5095 152 5102 1
200 5035 214 5052 ⁸
243 5031 427 5079 Antei
457 5029 656 5102 vitiose.
684 5032 809 5079 erat
853 5028 1083 5080 duobus
1113 5031 1326 5091 verbis,
1376 5045 1426 5077 sc
1459 5031 1729 5081 (timorm-it:

146 5101 610 5162 interpunctionis
647 5113 874 5164 quoque
899 5101 1042 5152 ratio
1069 5104 1339 5165 peccabat
1367 5119 1376 5152 :
1405 5106 1524 5153 tum
1564 5103 1733 5166 paulo

147 5175 262 5229 post
289 5173 434 5233 quod
458 5173 716 5236 volebant,
757 5185 856 5237 pro
904 5189 1007 5236 quo
1039 5174 1297 5237 valebunt,
1335 5187 1628 5238 perperam
1654 5175 1734 5227 le-

145 5243 391 5301 gchatur.

200 5312 217 5339 "
243 5318 426 5378 Atque
471 5317 597 5368 heic
641 5318 942 5371 audemus,
976 5319 1036 5368 ut
1072 5329 1282 5368 sensus
1322 5322 1563 5376 constet,
1616 5331 1734 5369 res-

144 5386 346 5438 cribere
408 5389 760 5438 delinlmenla
819 5389 1098 5452 subjuua'i,
1149 5403 1247 5452 pro
1298 5392 1510 5453 quibus
1545 5393 1732 5442 verbis

149 5459 409 5511 mendose
433 5463 668 5513 omnino
691 5462 897 5512 lectum
926 5466 1016 5512 est
1037 5461 1316 5512 hactenus
1343 5463 1733 5511 (lelineumcuta

144 5544 162 5566 ,ς
171 5529 287 5591 ullju.
296 5549 322 5577 η
332 5550 371 5580 .1;
381 5534 414 5580 ἰ.

201 5604 279 5652 ¢It
309 5605 655 5668 explicatum
697 5607 1149 5669 subsequentem
1177 5606 1527 5658 versiculum
1559 5619 1731 5670 quar-

149 5674 274 5736 tam,
302 5691 489 5738 quem,
523 5683 587 5729 ut
614 5683 862 5729 mentem
884 5679 1503 5742 Auctorisassequaris,
1530 5679 1733 5728 descri-

151 5741 264 5822 hffl'c
280 5745 404 5822 ht‘ic
432 5755 681 5812 prazstat.
712 5753 769 5800 In
804 5751 1069 5814 funiculis
1092 5751 1270 5800 Adam
1304 5741 1523 5800 traham
1543 5767 1642 5811 eos,
1670 5751 1730 5798 in

151 5819 362 5866 "(mulis
409 5824 645 5871 caritatis
681 5833 694 5877 :
740 5829 785 5871 et
831 5839 916 5872 cro
960 5825 1032 5872 eis
1068 5824 1224 5886 quasi
1264 5824 1515 5873 exultans
1531 5823 1729 5887 jugum

146 5901 291 5948 super
337 5895 593 5944 "maculas
633 5911 838 5955 eorum,
883 5901 928 5944 et
977 5896 1240 5945 declinavi
1279 5896 1350 5943 αίί
1371 5911 1510 5957 eum,
1540 5900 1596 5942 ut
1623 5909 1731 5941 res-

146 5968 348 6012 veretur.
369 5967 504 6030 Ejus
520 5968 680 6020 nulla
702 5972 868 6020 antea
883 5973 1000 6020 erat
1021 5968 1100 6021 rei
1126 5971 1279 6029 nota,
1306 5968 1446 6030 quin
1468 5969 1582 6018 imo
1606 5983 1729 6015 cou-

1835 4886 1996 4936 tinua
2015 4884 2290 4936 orationis
2317 4887 2374 4934 et
2400 4882 2760 4947 periodicum
2787 4879 3245 4946 praecedentibus
3262 4881 3433 4927 series.

1895 4957 2079 5008 dLibri
2097 4957 2193 5008 alii
2211 4957 2271 5003 in.
2292 4955 2614 5017 civitatibus,
2642 4958 3027 5017 congruenter
3049 4953 3309 5002 Hebrteo.
3330 4953 3434 4996 Mox

1832 5031 2016 5094 cupita
2051 5029 2354 5090 legebatur
2389 5041 2489 5092 pro
2519 5028 2718 5090 capita,
2756 5032 2813 5077 et
2837 5026 3002 5076 tertio
3024 5025 3094 5074 ab
3117 5023 3226 5072 hoc
3262 5033 3434 5094 versu

1832 5093 2152 5151 vocaverunt
2177 5115 2310 5160 reos,
2337 5100 2472 5149 sicut
2489 5099 2737 5149 abierunt
2761 5112 2860 5162 pro
2888 5099 3202 5146 voca-verunt
3221 5107 3333 5142 eos:
3359 5093 3433 5140 sic

1831 5175 2097 5233 abierunt,
2112 5177 2216 5223 etc.

1895 5257 1911 5275 τ
1938 5246 2125 5296 Mallet
2146 5244 2298 5309 prior
2325 5243 2522 5295 Editor
2550 5243 2870 5305 refringam.

1896 5317 1913 5351 τ
1937 5321 2224 5369 Occursus
2271 5316 2582 5366 eorundem
2628 5316 2952 5373 verborum,
2985 5310 3251 5375 quo-modo
3298 5309 3434 5359 dabo

1834 5395 1894 5455 te,
1940 5390 2126 5442 fraudi
2171 5389 2279 5440 fuit
2327 5386 2668 5450 antiquaria,
2721 5387 2821 5448 qui
2872 5385 3117 5448 priorem
3161 5381 3431 5433 versiculi

1831 5468 2070 5526 partem,
2113 5461 2378 5525 quo-modo
2424 5458 2558 5507 dabo
2612 5463 2673 5519 te,
2717 5457 3008 5520 Ephrm'm:
3056 5459 3332 5519 protegam
3366 5459 3428 5512 te,

1830 5535 2012 5592 Israel,
2042 5534 2268 5584 fallente
2313 5531 2497 5592 oculo,
2549 5530 2934 5594 prmtermisit.
2985 5530 3089 5578 Pro
3135 5543 3429 5590 apponam,

1833 5609 1980 5669 quod
2005 5606 2264 5671 proxime
2295 5605 2573 5667 sequitur,
2600 5601 2802 5664 reliqui
2821 5601 2944 5652 libri
2964 5616 3164 5666 ponam
3191 5602 3436 5650 tantum-

1831 5679 2004 5729 modo
2031 5679 2262 5728 habent.

1895 5761 1911 5785 κ
1938 5750 2284 5801 Inclusimus
2304 5748 2526 5800 uncinis
2553 5747 2870 5808 verbaquse
2898 5758 3136 5796 sensum
3161 5743 3436 5794 orationis

1833 5824 2084 5878 turbant,
2121 5827 2176 5872 et
2203 5823 2407 5886 partim
2447 5821 2711 5871 videntur
2737 5833 2808 5870 ex
2840 5823 2976 5869 nota
3021 5817 3090 5867 ad
3118 5830 3276 5867 oram
3310 5816 3436 5866 libri

1835 5894 1947 5944 huc
1974 5895 2215 5954 intrusa,
2237 5894 2444 5959 partim
2467 5894 2712 5945 aliorum
2749 5892 3085 5955 traiectione
3110 5891 3434 5940 verborum.

1833 5979 1963 6029 quae
1999 5965 2330 6024 exciderint,
2366 5980 2618 6029 peccare.
