3884 6394
457 456 598 513 1093

1530 451 1799 505 RUFINO
1832 449 2297 503 PRESBYTERO
2330 451 2718 504 ASCRIPTUS

3628 444 3768 500 1024

456 569 759 630 intellexit,
794 570 985 635 ipsum
1030 581 1165 622 esse
1210 569 1309 633 qui
1346 580 1407 621 se
1445 562 2061 639 comprehensibilibus
2087 563 2522 639 Amiam.Nam
2540 577 2691 639 cum,
2717 562 3200 639 denunciatisper
3223 558 3436 639 multos
3456 558 3769 639 prophetas

459 641 811 705 imaginibus
837 640 1435 705 dignareturinduere,
1460 651 1632 702 quem
1651 635 2056 698 vidissetapud

460 712 677 771 Bethel,
699 711 869 763 scalae
894 724 926 761 a
944 717 1091 763 terra
1112 712 1171 762 in
1198 711 1405 763 caelum
1427 710 1802 775 pertingentis
1818 709 2056 755 cornibus

456 784 816 835 innitentem.
843 781 1020 851 463
1050 784 1133 834 lbi
1150 797 1284 848 ergo
1299 784 1456 835 brevi
1473 777 2057 851 compellationetlidi-

458 856 605 906 cisse
622 856 845 912 meruit.
865 849 1156 917 et'quanta
1172 858 1325 905 esset
1348 854 1619 905 divinitas
1635 849 1979 915 apparentis.
2000 850 2057 899 et

460 927 612 988 quod
639 927 788 977 servi
809 927 993 977 fidelis
1007 927 1275 987 cilicium,
1296 926 1545 987 sinequo
1559 926 1673 974 Deo
1690 922 1919 987 penitus
1938 919 2056 984 pla-

458 1011 584 1050 cere
602 1011 715 1049 non
730 999 930 1060 possit,
950 1003 1014 1048 ut
1026 999 1178 1049 omni
1190 998 1503 1061 potentiam
1518 995 1779 1046 videlicet
1794 993 1986 1045 credat
1999 995 2057 1045 et

457 1070 1077 1132 fateaturauctoris,eiq
1086 1084 1156 1120 ue
1171 1074 1289 1121 tota
1300 1072 1489 1120 mente
1502 1080 1602 1132 per
1611 1082 1687 1114 om
1698 1082 1807 1114 nem
1820 1068 1935 1114 vitae
1950 1080 2054 1113 suae

455 1141 708 1193 confidat
724 1146 974 1194 aetatem.
994 1142 1188 1191 Dom-in
1198 1157 1262 1190 us
1286 1142 1423 1190 Deus
1440 1140 1771 1189 exercituum
1788 1139 2055 1186 Dominus

456 1214 767 1263 memorials
791 1214 923 1277 ejus.
952 1213 1014 1265 ld
1031 1214 1231 1274 est,ita
1258 1215 1356 1264 Dei
1383 1213 1465 1263 tui
1488 1224 1706 1262 memor
1728 1223 1854 1262 esse
1884 1210 2057 1261 debe-

458 1285 565 1348 bis,
583 1289 650 1337 ut
669 1286 861 1348 ipsum
886 1297 1112 1349 semper
1135 1289 1617 1349 prepugnatorem
1641 1283 2055 1344 dominumque

454 1356 701 1408 fatearis.
740 1357 848 1407 Sed
879 1357 987 1408 hoc
1023 1357 1094 1408 ad
1132 1357 1343 1420 dogma
1368 1356 1628 1420 respicit:
1660 1368 1696 1406 a
1731 1358 1888 1418 parte
1921 1367 2054 1405 vero

456 1442 701 1491 morum,
729 1428 989 1479 studium
1012 1429 1264 1492 justiciee
1292 1428 1812 1489 mi-sericordiquze'
1830 1426 2051 1474 custodi.

457 1502 627 1565 Spera
651 1501 711 1549 in
736 1501 841 1549 Deo
855 1507 944 1549 tuo
965 1516 1189 1563 semper,
1216 1505 1298 1566 ut,
1316 1500 1409 1552 vel
1429 1513 1560 1551 cum
1577 1514 1641 1550 eo
1655 1499 1923 1550 continua
1948 1502 2053 1545 γίν-

456 1574 577 1623 tute
588 1572 891 1632 consistas,
910 1571 998 1622 vel
1016 1573 1063 1623 si
1082 1572 1597 1636 fueritinterpolata
1613 1571 1927 1631 devotio,ad
1939 1585 2051 1617 cum

456 1648 718 1707 suscepta
734 1645 1651 1703 emendatione.concurras.t)u.2s
1666 1642 1894 1693 virtutis
1912 1658 2057 1699 regu-

453 1716 637 1771 las,ad
654 1716 1030 1767 beatitudinis
1041 1718 1261 1781 apicem
1280 1720 1433 1767 certo
1455 1721 1647 1767 tenore
1661 1717 1897 1763 ducentes
1912 1720 1956 1760 et
1975 1717 2053 1761 lie-

452 1786 635 1839 liciter
649 1788 921 1851 exercuit,
940 1793 996 1839 et
1011 1789 1251 1852 posteris
1270 1789 1391 1839 suis
1405 1786 1810 1838 custodiendas
1829 1788 2052 1845 reliquit,

457 1858 618 1910 Unde
630 1863 686 1909 et
697 1871 770 1910 ex
787 1858 999 1921 exiguo
1015 1859 1157 1923 loco,
1177 1860 1229 1910 in
1250 1865 1473 1909 tantum
1487 1858 1787 1922 dignitatis
1812 1860 1989 1905 usreutl
2002 1860 2012 1903 i
2024 1863 2055 1919 t,

461 1931 523 1979 ut
556 1933 706 1979 terra
726 1930 1207 1993 Repromissionis
1230 1931 1415 1994 ipsius
1442 1930 1685 1993 posteris
1713 1928 2047 1980 traderetur.

522 2002 679 2051 Vers.
708 2005 753 2052 '7.
780 1999 829 2051 8.
860 2030 915 2036 μ-
936 2004 1198 2062 t‘anaam,
1226 2003 1283 2050 in
1312 2017 1481 2050 manu
1507 2001 1829 2063 ejus-statera
1850 2000 2049 2062 dolosa,

455 2072 793 2121 calumniam
811 2074 1013 2121 dilexit.
1036 2074 1103 2122 Et
1124 2074 1263 2122 dixit
1288 2074 1550 2135 E/‘fraim,
1575 2074 1948 2123 Verumtamen
1975 2071 2053 2119 (ti-

456 2158 538 2192 ves
568 2143 781 2207 effectus
810 2159 951 2204 sum,
990 2146 1175 2194 inveni
1210 2146 1415 2193 idolum
1457 2145 1613 2203 mihi,
1652 2159 1833 2194 omnes
1854 2143 2053 2192 labores

458 2216 563 2263 mei
578 2231 685 2263 non
704 2216 761 2263 in
772 2232 860 2265 ven
872 2218 978 2265 ient
990 2218 1131 2265 mihi
1144 2217 1198 2265 in
1210 2217 1258 2281 iq
1270 2234 1298 2264 u
1310 2217 1618 2279 italem,qua
1630 2232 1681 2264 tn
1691 2216 2050 2280 peccaviﬁnm

458 2300 737 2351 generosa
762 2288 912 2339 beati
935 2290 1112 2339 Jacob
1139 2289 1283 2340 facta
1305 2293 1580 2346 narraret,
1598 2302 1631 2340 a
1666 2301 1778 2351 quo
1796 2291 2052 2351 posteros

458 2372 596 2410 suos
619 2359 998 2419 degenerasse
1022 2362 1659 2424 conqueritur,Canaam
1679 2361 1869 2411 subito
1896 2361 2053 2409 iutu-

456 2431 522 2482 lit
544 2432 916 2494 mentionem,
931 2445 1047 2485 non
1063 2433 1208 2485 utad
1221 2439 1452 2497 gentem
1466 2433 1637 2485 aliam
1656 2437 1773 2483 tran
1785 2432 1919 2482 sil-et
1941 2448 2054 2478 ora-

457 2503 551 2563 tio,
580 2502 681 2553 sed
700 2508 762 2554 ut
785 2517 939 2555 more
963 2505 1389 2568 prephetarum,
1412 2518 1508 2569 per
1530 2505 1766 2556 nimiam
1792 2504 2056 2566 indigna-

460 2574 693 2626 tionem.
719 2576 964 2626 Canaam
998 2576 1156 2640 ipsos
1188 2577 1411 2628 Israelis
1448 2582 1709 2641 posteros
1732 2576 2056 2627 nominaret

456 2646 548 2697 cui
568 2645 842 2697 nimirum
874 2647 1175 2699 similiores
1200 2650 1454 2699 moribus
1478 2648 1860 2699 exstitissent.
1894 2649 2055 2699 lianc

461 2721 653 2768 autem
683 2718 1023 2769 invectionis
1062 2721 1330 2783 speciem,
1372 2724 1427 2771 tt
1459 2720 1611 2783 apud
1635 2720 1776 2772 alios
1802 2720 2050 2783 quidem,

460 2788 558 2839 sed
584 2790 867 2853 praecipue
901 2790 1053 2853 apud
1080 2792 1312 2841 beatum
1341 2793 1581 2854 Esaiam,
1604 2796 1661 2843 et
1682 2792 2052 2853 Ezechielem,

456 2865 515 2910 et
528 2860 984 2921 apud'Danielem
996 2899 1009 2924 ,
1026 2876 1158 2913 cum
1186 2876 1355 2914 senes
1382 2864 1670 2914 adulteros
1683 2878 1790 2914 con
1804 2864 2056 2915 vinceret

455 2932 803 2983 invenimus.
830 2935 1017 2997 Hujus
1035 2948 1166 2998 ergo
1193 2940 1387 2987 tenore
1414 2948 1692 2997 censurae,
1710 2937 1767 2987 in
1786 2935 2053 2999 praesenti

463 3016 693 3067 quoque
718 3005 840 3055 loco
865 3008 1333 3058 commemoratio
1353 3011 1620 3063 Canaam,
1639 3007 1693 3057 id
1721 3013 1809 3059 est
1836 3013 2053 3069 profante

459 3076 646 3137 gentis
671 3075 905 3128 inducta
940 3082 1043 3140 est,
1076 3084 1141 3131 ut
1164 3080 1322 3131 fleret
1352 3093 1561 3132 sensus
1595 3081 1881 3142 ejusmodi
1909 3100 1919 3129 :
1948 3082 2052 3133 Sed

461 3147 595 3209 quid
612 3161 720 3212 ego
744 3149 900 3199 varia
916 3149 1165 3214 insignia
1183 3157 1434 3215 paterna:
1447 3154 1704 3216 generosi
1718 3155 1845 3203 tatis
1861 3156 2052 3205 evolvo.

461 3234 494 3271 a
507 3220 719 3282 quibus
739 3222 904 3272 turba
927 3222 1052 3283 ista,
1073 3235 1245 3285 quam
1258 3224 1457 3288 defleo,
1482 3230 1641 3276 tanto
1656 3226 1845 3289 spacio
1861 3229 2054 3286 dilapsa

459 3293 841 3357 convincitur,
871 3300 932 3345 ut
954 3308 1072 3346 non
1095 3296 1379 3349 immerito
1407 3297 1633 3349 soboles
1651 3300 1895 3349 Canaam
1913 3311 2055 3349 nun-

2158 636 2766 699 cladibus,Jerusalem
2784 636 3114 696 interiisset,
3133 638 3435 696 atquetota
3459 639 3637 696 gente
3667 635 3762 684 Ju-

2156 708 2483 760 dzeorumin
2501 708 2873 772 Babyloniam
2900 704 3461 768 translata,pauciad
3488 703 3765 755 colendos

2156 793 2326 845 agros
2370 785 2565 830 essent
2600 780 2797 839 relicti,
2851 782 3069 829 tantam
3112 778 3326 828 mentis
3350 788 3473 827 sua:
3494 777 3552 826 in
3579 776 3767 827 delin-

2156 852 2385 915 quendo
2404 852 2768 915 pertinaciam
2791 851 3253 914 publicarunt,ut
3269 848 3453 898 dicere
3466 860 3584 898 non
3607 849 3766 898 time.-

2157 929 2299 983 rent,
2326 926 2461 986 quia
2483 937 2551 973 ex
2568 935 2682 986 quo
2699 923 2955 986 reginam
2982 921 3109 972 coeli
3128 920 3328 982 colere,
3352 926 3528 982 atque
3542 934 3554 970 ι
3568 920 3764 983 eliqua

2155 997 2469 1047 vicinarum
2501 995 2761 1059 gentium
2790 994 2942 1044 idola
2957 993 3329 1057 destitissent,
3356 991 3534 1043 exillo
3557 1008 3763 1053 quoque

2156 1072 2409 1131 tempore
2427 1070 2633 1118 cuncta
2656 1079 2754 1118 eos
2767 1067 3011 1117 adversa
3030 1069 3423 1127 sequerentur.
3438 1066 3587 1127 Ergo
3604 1065 3655 1127 ej
3669 1078 3763 1114 us-

2155 1139 2307 1189 modi
2327 1138 2710 1203 opinionibus,
2739 1150 2872 1188 vero
2896 1141 2955 1187 et
2980 1136 3432 1187 clementissimo
3450 1137 3568 1186 Deo
3589 1136 3760 1198 quasi

2153 1211 2503 1262 calumniam
2538 1211 3000 1269 commovebant,
3026 1208 3335 1259 falsissime
3371 1207 3759 1272 praedicando,

2154 1283 2370 1335 ftelices
2397 1296 2456 1332 se
2480 1282 2756 1333 habuisse
2787 1281 2929 1339 dies,
2956 1294 3089 1332 cum
3112 1282 3184 1330 ab
3197 1278 3760 1331 eodiscederentmi-

2157 1368 2481 1413 seros,cum
2508 1353 2579 1405 ad
2605 1355 2764 1405 illum
2794 1355 3063 1404 redirent.
3091 1352 3329 1403 Proinde
3356 1352 3523 1403 fallax
3550 1352 3761 1401 mentis

2157 1427 2370 1479 trutina
2395 1428 2643 1477 Canaam
2668 1426 2853 1489 magis
2870 1424 3206 1487 illos,quam
3230 1423 3473 1481 Israelis,
3495 1422 3760 1483 fecitpos-

2157 1504 2308 1550 teres
2331 1498 2799 1562 nuncupari,non
2822 1501 3242 1557 momentaneo,
3266 1496 3622 1553 utdiximus,
3651 1495 3758 1545 im-

2155 1575 2290 1634 petu
2318 1570 2339 1599 ¹³
2364 1574 2637 1621 caeterum
2677 1569 2977 1631 explorata
3011 1568 3301 1631 impietate
3344 1570 3759 1630 peccantes:et

2152 1642 2281 1694 ideo
2316 1642 2436 1694 veri
2468 1641 2667 1703 judicii
2703 1641 2958 1705 pondera
2996 1653 3112 1690 non
3152 1640 3446 1702 habentes,
3480 1640 3540 1689 in
3584 1638 3756 1689 rebus

2154 1713 2526 1772 brevissimis,
2556 1713 2963 1763 etumbrarum
2980 1711 3164 1761 instar
3177 1710 3555 1761 elabentibus.
3576 1711 3757 1758 salutis

2156 1792 2213 1837 et
2245 1785 2637 1850 prosperitatis
2666 1798 2788 1836 suae
2814 1784 3087 1834 liduciam
3121 1782 3500 1833 collocabant.
3539 1781 3753 1842 Omnes,

2156 1859 2364 1922 inquit.
2398 1857 2601 1906 labores
2636 1857 2738 1904 mei
2783 1872 2887 1922 non
2930 1857 2982 1903 in
2997 1872 3085 1903 ven
3100 1856 3205 1903 ient
3238 1853 3379 1902 mihi
3406 1854 3755 1915 iniquitatem

2159 1947 2187 1994 (ι
2200 1921 2265 1978 uti
2277 1945 2483 1994 mpeccz
2497 1929 2561 1978 vi.
2579 1928 2640 1979 Id
2655 1932 2763 1991 est,
2782 1921 2912 1978 cum
2932 1932 3116 1991 perpet
3130 1926 3268 1977 ratis
3287 1925 3600 1977 sceleribus
3613 1940 3756 1980 uret--

2160 2005 2571 2066 rentur,tamen
2595 2005 2747 2050 tutos
2767 2013 2828 2051 se
2852 2000 2969 2050 fore
2985 1998 3287 2050 elaboratis
3301 1998 3506 2062 opibus
3520 2003 3753 2045 autuma-

2158 2077 2315 2137 bant,
2345 2078 2570 2125 tantum
2596 2086 2656 2123 se
2681 2072 2989 2135 opulentia:
3002 2070 3297 2132 collegisse
3314 2070 3663 2127 dicentes,ut
3680 2068 3753 2119 ad

2157 2162 2256 2199 eos
2283 2160 2399 2198 non
2418 2147 2612 2208 posset
2626 2156 2886 2195 aerumna
2911 2142 3242 2207 pervadere.
3265 2143 3367 2192 His
3384 2140 3617 2204 proinde
3634 2146 3753 2190 sta—

2158 2224 2297 2271 terae
2331 2230 2456 2269 suae
2504 2215 2801 2267 fraudibus
2825 2216 3194 2277 ludebantur,
3213 2227 3361 2276 cum,
3382 2216 3499 2264 Deo
3524 2215 3752 2271 excelso

2156 2293 2227 2343 ad
2254 2302 2269 2321 ε
2294 2288 2569 2355 judicium
2605 2300 2842 2351 cperum
2891 2290 3222 2349 prodeunte,
3264 2289 3547 2350 putarent,
3596 2285 3750 2348 qaut]

2159 2362 2423 2427 supellex
2467 2359 2642 2419 varia,
2688 2359 2782 2412 vel
2827 2360 3070 2424 pecunia
3106 2358 3379 2410 conclusa
3407 2371 3535 2410 reos
3560 2360 3751 2421 prote-

2155 2438 2331 2502 geret.

2224 2510 2382 2559 Vers.
2423 2507 2474 2560 9.
2521 2535 2577 2543 --
2616 2506 2681 2554 Et
2716 2520 2807 2567 ego
2859 2504 3127 2553 Dominus
3159 2502 3297 2551 Deus
3320 2500 3586 2566 tttus,“e.n
3610 2507 3750 2549 (t’l'l'tl

2158 2580 2398 2643 Ᾰῖςηιρίὶ,
2426 2580 2605 2627 adhuc
2642 2577 2817 2626 sedere
2841 2581 2884 2623 te
2903 2576 3107 2637 [iu-(tun
3134 2575 3191 2622 in
3217 2573 3590 2635 tabernaculis,
3614 2575 3751 2622 sicut

2157 2653 2215 2701 in
2250 2650 2430 2699 diebus
2450 2649 2770 2713 festivitatis.
2793 2650 3032 2699 Stateraa
3054 2659 3186 2710 ergo
3211 2646 3379 2707 illius,
3403 2646 3458 2696 id
3481 2651 3583 2711 est,
3610 2646 3754 2697 deli-

2160 2722 2466 2775 berationis
2490 2727 2603 2773 tum
2628 2720 2874 2781 fraudes,
2902 2720 3062 2769 exitu
3088 2731 3279 2768 rerum
3302 2722 3447 2769 attes
3459 2721 3629 2778 tante,
3653 2732 3749 2769 co-

2159 2809 2424 2862 gnosces,
2458 2799 2521 2846 ut
2556 2792 2708 2857 quod
2736 2792 2954 2843 ratione
2976 2789 3230 2850 noluisti,
3267 2802 3477 2852 angore
3502 2790 3747 2851 fatearis,

2157 2883 2250 2921 me
2274 2880 2407 2919 esse
2426 2867 2660 2918 unicum
2687 2867 2862 2915 l‘feum
2890 2868 3073 2923 tuum,
3100 2862 3195 2925 qui
3222 2866 3272 2912 te
3296 2874 3330 2912 a
3353 2867 3603 2925 tempore
3622 2862 3753 2913 libe-

2158 2942 2393 2993 rationis
2418 2937 2718 3002 Egyptian,
2736 2936 2795 2987 in
2818 2935 3162 3000 peculiarem
3184 2934 3458 2998 populum
3478 2946 3606 2983 sum
3622 2938 3746 2982 mihi

2157 3014 2429 3079 dignatus
2452 3011 2789 3063 adsciscere.
2818 3010 2993 3070 Cujus
3028 3005 3582 3057 animadversionem
3606 3006 3750 3059 adeo

2158 3085 2350 3143 nullis,
2378 3088 2478 3135 aut
2498 3081 2783 3147 presidiis,
2804 3084 2905 3131 aut
2930 3080 3142 3143 poteris
3167 3079 3382 3130 divitiis
3399 3092 3424 3129 s
3442 3080 3748 3130 ubmovere

2158 3164 2222 3210 ut
2247 3170 2364 3208 non
2400 3155 2585 3206 solum
2613 3153 2973 3203 denunciatae
3008 3151 3299 3203 servitutis
3319 3150 3525 3214 jugum
3556 3151 3747 3202 subire

2156 3229 2259 3281 tibi
2283 3240 2521 3280 necesse
2535 3228 2626 3285 sit,
2645 3238 2843 3276 verum
2864 3223 3098 3275 statutis
3111 3223 3219 3274 sub
3233 3236 3299 3274 ea
3313 3236 3542 3274 manere
3560 3230 3750 3283 tempe-

2156 3303 2333 3358 ribus,
2361 3300 2571 3363 quibus
2597 3293 3111 3357 demumevolutis,
3135 3294 3635 3358 gaudialibertatis
3651 3308 3750 3359 po-

458 3370 738 3448 cupetur‘?
763 3368 829 3446 In
846 3367 970 3448 ejus
994 3381 1129 3448 ergo
1154 3369 1917 3448 manu,caltimnia‘diligenti
1938 3375 2053 3421 sta-
2078 3374 2125 3448 ί]
2156 3379 2371 3424 strema
2394 3370 2673 3435 gustabis.
2704 3372 2848 3448 Ergo
2867 3368 2973 3419 hoc
2988 3381 3187 3448 sensu,
3204 3368 3750 3448 intercom_mitiatio-

459 3441 592 3497 tera,
613 3436 715 3487 sed
737 3436 912 3491 nimis
936 3438 1153 3501 dolosa,
1178 3440 1441 3491 consistit
1468 3457 1479 3491 :
1516 3441 1667 3503 quod
1693 3454 1757 3491 eo
1794 3441 1960 3499 Valet,
1988 3447 2053 3493 ut

454 3508 757 3559 ostendam
782 3507 943 3559 illum
956 3522 1070 3560 non
1092 3524 1299 3573 errore,
1314 3512 1411 3561 sed
1429 3512 1620 3562 studio
1636 3512 1826 3575 potius
1832 3516 1848 3571 j
1860 3516 2056 3561 udicio—

458 3591 566 3642 quc
589 3578 940 3641 delinquere.
966 3581 1068 3632 Ubi
1088 3583 1244 3632 enim
1258 3581 1386 3633 talis
1410 3584 1621 3635 animae
1646 3586 2055 3635 versaturall‘e-

457 3654 605 3709 ctus,
630 3656 695 3700 ut
720 3663 837 3701 non
862 3651 1080 3714 impetu
1109 3658 1211 3704 aut
1238 3655 1605 3717 negligentia,
1625 3656 1722 3706 sed
1749 3670 1879 3705 cum
1913 3656 2054 3707 deli-

460 3721 769 3780 beratione,
797 3724 961 3785 quasi
985 3726 1284 3787 suspensis
1300 3727 1372 3776 ab
1398 3731 1636 3789 utraque
1650 3733 1807 3789 parte
1823 3730 2053 3787 ponderi-

456 3794 583 3855 bus,
597 3794 845 3845 nel‘anda
861 3797 1199 3858 committat,
1216 3797 1424 3849 dicitur
1442 3813 1489 3861 pt
1510 3812 1707 3850 crasse
1726 3801 1833 3850 sub
1851 3804 2053 3851 trutina.

456 3867 537 3916 De
563 3878 676 3928 quo
710 3880 884 3917 sensu
920 3867 1059 3919 illud
1084 3871 1259 3920 etiam
1282 3871 1432 3932 apud
1460 3872 1688 3922 beatum
1719 3873 1899 3923 David
1918 3871 2056 3935 legi-

458 3951 589 3989 mus
615 3953 627 3989 :
665 3939 1043 3989 Verumtamen
1064 3943 1452 4006 mendaces/itii
1471 3945 1755 3993 hominum
1776 3946 1826 3992 in
1849 3946 2056 3993 stateris

459 4014 517 4057 ut
540 4010 812 4074 decipiant
840 4012 941 4076 ipsi
969 4013 1030 4061 de
1048 4016 1279 4063 vanitate
1292 4016 1349 4064 in
1366 4016 1621 4079 idipsu-m.
1642 4019 1781 4067 Cum
1801 4017 2056 4079 ergohoc

459 4084 813 4147 praecipuum
837 4085 911 4136 sit
933 4086 1174 4137 humani
1199 4088 1413 4151 ingenii
1438 4102 1673 4151 munus,
1696 4090 1905 4150 utquid
1924 4091 2057 4140 obe-

456 4154 575 4206 dire
620 4156 844 4219 debeat,
871 4157 1010 4219 quid
1034 4158 1235 4219 vitare,
1272 4160 1679 4222 perpendiculo
1710 4160 1965 4220 rationis,
2003 4166 2057 4210 et

455 4229 767 4278 momentis
793 4228 1109 4280 collationis
1131 4232 1441 4283 examinet.
1457 4234 1784 4295 profanatus
1812 4233 2056 4295 populus

455 4299 755 4349 veritatem
778 4300 837 4349 in
863 4301 1162 4352 mendacio
1187 4302 1467 4361 detinens,
1484 4303 1950 4363 admOVitquitlcm
1967 4312 2059 4352 sta-

457 4372 637 4421 teram
679 4373 945 4435 negotiis,
977 4373 1077 4424 sed
1101 4373 1357 4425 dolosam
1387 4391 1399 4427 :
1431 4376 1763 4427 melioribus
1792 4376 2058 4428 videlicet

460 4442 744 4495 deteriora
771 4458 1130 4509 praeponens,
1153 4450 1209 4497 et
1229 4447 1419 4497 noxiis
1433 4448 1615 4510 magis
1627 4460 1798 4510 quam
1823 4449 2057 4499 utiiibus

457 4514 858 4577 adquiescens.
886 4517 1047 4577 Quod
1058 4522 1248 4570 autem
1263 4520 1359 4579 ait,
1378 4521 1605 4569 Culttmn
1620 4520 1727 4567 tam
1748 4520 1952 4573 dilexit.
1969 4535 2058 4583 po-

463 4590 573 4637 test
597 4592 654 4637 et
676 4587 749 4638 ad
771 4588 911 4639 illud
948 4591 1155 4651 referri,
1192 4592 1348 4654 quod
1382 4592 1437 4642 in
1466 4592 1857 4654 superioribus
1887 4605 2058 4643 accu-

461 4657 613 4708 savit
632 4658 713 4707 :id
729 4664 834 4722 est,
854 4660 1009 4723 quod
1029 4665 1246 4713 tantum
1262 4663 1679 4726 impudentiam
1702 4664 2054 4728 plebsingra-

458 4732 532 4788 ta,
564 4730 730 4810 quasi
751 4732 1023 4810 obscaena
1072 4731 1249 4810 464
1275 4735 1842 4810 mulier,»induisset,
1890 4742 1953 4787 ut
2003 4740 2051 4791 ei

456 4803 649 4853 omnia
671 4814 802 4865 quae
827 4803 916 4854 vel
931 4804 1001 4854 ad
1024 4809 1263 4870 cultum,
1280 4807 1449 4858 velad
1470 4808 1704 4869 victum,
1726 4822 1913 4859 rerum
1935 4812 2051 4857 uni-

457 4885 561 4923 cus
588 4878 808 4925 creator
830 4876 1166 4935 contulerat,
1194 4892 1225 4927 a
1250 4880 1371 4929 suis
1392 4880 1449 4930 id
1469 4892 1530 4931 se
1555 4882 2052 4943 conscquiamalo—

458 4945 618 4996 ribus
663 4947 1019 4999 mentiretur.
1068 4951 1299 5013 Propter
1348 4951 1501 5014 quod
1539 4951 1720 5004 iratus
1756 4954 2051 5018 Dominus,

455 5018 785 5070 ablaturum
812 5033 873 5072 se
888 5024 946 5072 et
961 5020 1147 5073 lanam
1164 5023 1435 5084 etlinum,
1477 5036 1609 5086 quin
1643 5025 1903 5087 operiant
1926 5028 2053 5085 egus

456 5090 851 5155 ignominiam,
885 5094 1224 5158 repromisit,
1250 5100 1314 5146 ut
1338 5096 1692 5156 ingratorum
1719 5099 1932 5149 scelera
1956 5098 2054 5147 de-

458 5162 714 5216 formitas
726 5166 1027 5217 etnuditas
1046 5172 1243 5218 secuta
1255 5168 1638 5220 convinceret.
1662 5172 1699 5217 H
1714 5171 2053 5233 ujusautem

457 5235 764 5291 calumniae
788 5238 1137 5292 denotantur
1156 5240 1309 5305 apud
1332 5241 1567 5292 beatum
1591 5253 1822 5306 quoque
1852 5244 2053 5293 Iliere-

521 5447 537 5466 '
576 5439 759 5490 Antea
799 5436 1009 5489 vitiose
1046 5438 1529 5505 misericordiaque
1562 5440 1809 5489 custodis.
1861 5439 2047 5502 Spera,

456 5514 561 5579 etc.
591 5511 873 5561 Caeterum
908 5509 1001 5561 illa
1018 5513 1203 5562 omnis
1227 5514 1425 5564 Jacobi
1450 5513 1688 5564 historia
1707 5525 1841 5563 cum
1864 5512 2060 5563 Hiero-

465 5581 739 5644 nymiana
764 5583 1122 5647 expositione
1144 5584 1489 5635 conferenda
1510 5588 1618 5635 est.

517 5654 538 5681 "
562 5656 838 5707 Notatum
884 5658 1059 5708 veteri
1106 5658 1320 5708 Editori
1358 5657 1429 5707 ad
1472 5656 1599 5707 libri
1632 5669 1808 5717 oram,
1839 5657 1929 5705 sed
1953 5670 2053 5722 pro

451 5730 727 5788 metarum;
756 5733 952 5778 contra
978 5730 1245 5779 Auctoris
1270 5729 1567 5791 ingenium
1593 5742 1657 5779 ac
1693 5730 1927 5792 stylum.

470 5864 478 5873 .
524 5798 733 5873 ‘__Recte
758 5798 940 5849 eidem
979 5802 1348 5849 observatum
1377 5803 1571 5851 estita
1596 5801 1803 5851 melius
1830 5802 1956 5864 legi,
1983 5803 2055 5850 ad

451 5865 725 5937 judicium
750 5885 991 5933 operum,
1018 5885 1114 5934 pro
1140 5884 1254 5934 quo
1279 5878 1401 5922 erat.
1424 5873 1786 5937 udjutltcandi
1811 5890 2049 5937 operum.

522 5934 544 5963 ‘
564 5936 701 5996 Quae
726 5940 1170 6003 Ilicronymiana
1193 5944 1362 5993 editio
1388 5934 1509 5994 heit:
1550 5947 1720 5995 verba
1743 5934 2050 5998 interserit.

469 6007 565 6069 qui
588 6008 754 6057 eduxi
779 6015 841 6069 te,
864 6023 994 6062 cum
1012 6013 1589 6079 Vulgatusinterpres
1613 6021 1785 6080 atque
1808 6018 1928 6083 ipse
1944 6019 2051 6069 He-

2079 4756 2139 4830 D

2153 3445 2245 3497 nis
2276 3443 2557 3504 fremitus,
2583 3441 2799 3503 aliquid
2815 3440 2885 3491 de
2907 3440 3190 3503 prosperis
3209 3438 3750 3502 videturillatum,ut

2151 3518 2223 3570 ad
2254 3516 2744 3567 confirmationem
2772 3525 3143 3577 praecessuraa
3168 3511 3510 3575 captivitatis
3537 3511 3751 3563 valeret

2151 3602 2225 3639 ne
2254 3587 2384 3650 quis
2398 3585 2717 3647 ambigeret
2733 3583 2827 3634 inft
2838 3583 3055 3633 ircndas
3070 3596 3123 3632 m
3134 3583 3213 3633 ise
3223 3583 3350 3643 rias,
3367 3584 3510 3645 quas
3522 3580 3613 3631 did
3624 3582 3751 3633 icis-

2153 3662 2259 3721 set,
2275 3658 2723 3710 succedentibus
2742 3655 3049 3719 prosperis,
3070 3654 3474 3705 terminandas.
3492 3658 3751 3703 Possumus

2152 3738 2348 3782 autem
2398 3735 2573 3781 etiam
2620 3728 2759 3779 illud
2796 3728 3033 3787 adferte,
3065 3726 3217 3790 quod
3245 3740 3315 3777 ex
3340 3740 3452 3777 usu
3479 3726 3747 3777 nimirum

2154 3804 2575 3867 Scripturarum
2621 3800 2856 3863 veniret,
2898 3798 3399 3849 denunciationvm
3428 3800 3751 3861 permisceri

2154 3875 2420 3932 tristium,
2443 3874 2528 3924 vel
2545 3873 2831 3935 laetorum,
2848 3876 2911 3922 ut
2924 3883 3025 3922 nec
3040 3871 3372 3921 continuata
3387 3870 3600 3933 gaudia
3618 3886 3748 3919 inen-

2154 3955 2243 4001 tcs
2266 3946 2577 4003 resolvant,
2605 3959 2709 3996 nec
2772 3944 2949 3995 tristia
2994 3946 3267 3994 continua
3304 3943 3617 3994 debilitent.
3647 3942 3748 3995 Sed

2153 4020 2394 4085 priorem
2412 4031 2646 4068 sensum
2675 4016 2781 4067 loci
2808 4016 3250 4078 videturjuvare
3276 4018 3749 4065 CUIltUthtS.DUUl-

2155 4105 2265 4155 que
2290 4103 2507 4141 severa.
2541 4086 2718 4157 465
2744 4092 3089 4151 utcaeperat.
3108 4086 3746 4150 orationeprogreditur.

2220 4165 2382 4214 Vers.
2430 4162 2512 4217 10.
2550 4190 2607 4197 -—
2636 4163 2861 4210 Locutus
2893 4176 3015 4208 sum
3039 4168 3054 4187 °
3083 4174 3244 4223 super
3265 4160 3569 4223 prepltettts,
3597 4164 3640 4205 et
3663 4170 3750 4219 ego

2154 4236 2382 4283 visiones
2421 4232 2795 4297 multiplicaci,
2822 4238 2866 4280 et
2902 4232 2955 4280 in
2983 4247 3155 4279 manu
3180 4232 3567 4295 prophetarum
3604 4231 3752 4279 adsi-

2157 4307 2375 4354 mitulus
2391 4322 2528 4353 sum.
2548 4303 3183 4367 Numquammdelicet,
3197 4302 3640 4367 dcposuicuram
3657 4317 3756 4350 rne-

2154 4377 2347 4434 dendi,
2376 4378 2476 4428 sed
2510 4390 2606 4440 per
2642 4376 2952 4439 prophetas
2975 4388 3156 4435 meos,
3196 4379 3309 4426 tam
3329 4374 3643 4437 loquendo'
3666 4386 3752 4424 rc—

2155 4450 2292 4503 stiti.
2321 4462 2493 4513 quam
2519 4448 2787 4511 gerendo,
2815 4452 2878 4498 ut
2905 4447 3322 4510 providentiam
3346 4445 3752 4497 meamintelli-

2155 4525 2355 4583 gerent
2391 4526 2562 4584 atque
2598 4521 2932 4571 faterentur.
2962 4520 3060 4583 qui
3092 4522 3247 4570 tanta
3282 4519 3366 4570 eis
3399 4517 3751 4582 indulgentia

2154 4593 2545 4655 consulebam,
2572 4598 2777 4645 utnon
2804 4594 2944 4644 satis
2959 4592 3615 4657 dignasmajestalemea
3641 4606 3751 4651 spc-

2154 4667 2355 4729 cies,in
2367 4668 2576 4729 quibus
2590 4667 2823 4731 propius
2836 4666 2918 4716 eis
2932 4676 3683 4725 conversarer,assumerem
3699 4666 3746 4710 in

2156 4740 2442 4791 manibus.
2464 4742 2580 4803 Ego
2596 4740 2746 4791 idem
2771 4739 3039 4803 operibus
3063 4738 3168 4798 (sic;
3197 4738 3256 4788 in
3285 4737 3464 4787 oculis
3486 4739 3749 4798 propheta—

2157 4825 2283 4863 rum
2305 4825 2422 4862 non
2458 4825 2589 4863 sum
2621 4811 2968 4875 dedignatus
2988 4810 3074 4860 his
3092 4808 3396 4859 assimilari
3420 4808 3616 4859 formis
3631 4807 3749 4859 sive

2160 4886 2434 4949 personis,
2459 4897 2588 4947 quae
2614 4885 2721 4935 etsi
2751 4882 3106 4933 clementiam
3134 4882 3399 4933 docerent
3417 4882 3595 4944 (utcst
3612 4880 3747 4930 illud

2156 4958 2310 5020 quod
2328 4956 2494 5019 paulo
2523 4962 2658 5007 ante
2684 4956 2822 5017 dixi,
2852 4956 2987 5018 quia
3011 4960 3075 5004 ut
3101 4954 3459 5004 formidinem
3488 4953 3557 5004 de
3583 4953 3747 5003 corde

2154 5028 2380 5081 Israclis
2413 5028 2775 5092 expellerem,
2796 5040 3095 5090 personam
3124 5026 3354 5077 invalidi
3368 5024 3659 5076 luctatoris
3672 5040 3749 5072 as-

2156 5102 2416 5165 sumpsi:
2455 5105 2519 5151 ut
2544 5101 2695 5152 beati
2741 5100 2925 5164 Moysi
2959 5103 3230 5164 tempore,
3270 5098 3660 5161 transﬁgurari
3692 5097 3747 5148 in

2155 5173 2348 5235 ignem
2386 5185 2501 5235 quo
2542 5174 2724 5223 rubus
2754 5185 2869 5223 non
2905 5174 3363 5229 consumeretur,
3383 5170 3554 5233 elegi:
3598 5168 3749 5220 velut

2155 5245 2288 5310 agni
2306 5244 2587 5308 sanguine
2604 5244 2993 5297 Israelitarum
3009 5244 3207 5295 limina
3220 5242 3510 5294 communi
3522 5241 3745 5305 vi,multa

2156 5443 2384 5493 braicus
2410 5446 2608 5494 textus
2636 5442 2919 5508 ignorent,
2956 5442 3225 5494 videntur
3244 5454 3419 5504 nunc,
3445 5439 3746 5491 accedente

2156 5515 2424 5567 Auctoris
2450 5516 2633 5566 nostri
2666 5516 2956 5579 suffragio,
2984 5514 3399 5580 cxpungendas

2219 5588 2685 5651 °Rescripsimus
2728 5604 2904 5652 super,
2948 5600 3049 5652 pro
3107 5600 3217 5651 quo
3255 5590 3476 5637 tantum
3504 5590 3742 5647 eratper.

2160 5661 2498 5712 Preecerlens
2536 5662 2793 5724 proxime
2817 5676 2939 5710 sum
2977 5659 3180 5712 vocula
3208 5658 3388 5710 fraudi
3417 5658 3745 5710 fueritama—

2159 5733 2496 5783 nuensibus.

2221 5803 2239 5837 τ
2262 5806 2442 5855 Vetus
2472 5806 2663 5855 liditor
2683 5806 2856 5853 institi
2882 5804 3274 5868 reponendum
3296 5803 3616 5864 suspicatur
3651 5804 3746 5853 Re-

2156 5876 2305 5927 ctius
2337 5880 2530 5928 autem
2570 5878 2737 5941 paulo
2780 5884 2924 5941 post,
2965 5878 3072 5937 [ig/ti
3100 5877 3255 5929 idem,
3301 5889 3396 5939 pro
3424 5875 3564 5938 Ergo
3592 5873 3741 5937 idem,

2157 5948 2389 6000 rescribi
2417 5952 2574 6011 jubet
2599 5963 2610 6003 :
2632 5964 2735 5999 nec
2760 5956 2952 6001 t-uuen
2978 5949 3117 5999 satis
3142 5949 3371 6001 videtur
3392 5947 3499 5998 loci
3525 5947 3745 6009 integri-

2159 6021 2259 6072 tati
2284 6022 2653 6080 consultum;
2682 6022 2782 6071 sed
2809 6023 3073 6073 Auctoris
3094 6022 3222 6073 heic
3246 6021 3451 6072 vitium
3475 6023 3578 6070 est.
