3894 6416
548 342 680 397 1031

1604 338 1872 389 RUFINO
1905 336 2367 389 PRESBYTERO
2401 334 2791 388 ASCRIPTUS

3718 339 3844 396 1032

544 457 679 508 tidie
709 456 913 507 faciem
938 455 1121 505 Patris
1148 454 1354 515 visere,
1392 450 1745 526 _Evang_elica
1780 451 2145 526 commendat
2170 456 2223 526 Α
2249 448 2531 526 reddemus
2556 446 2745 496 vitulos
2777 445 3049 526 labiorum
3077 454 3405 526 nosti-orarit.
3434 452 3704 526 sicenim
3730 470 3845 505 ear-

546 528 858 579 auctoritas
882 527 1096 590 {illatt/t.
1141 524 1259 586 lb’.),
1308 523 1409 574 sed
1440 522 1712 585 quoniam
1756 523 1828 571 ob
1874 521 2144 573 vindicta‘

546 600 910 661 celeritatem,
946 604 1178 649 centum
1217 597 1549 658 octingenta
1581 594 1832 656 quinque
1864 594 2143 656 siquidem

510 676 513 679 ‘
546 673 655 721 sub
683 685 796 720 una
817 674 983 720 nocte
1003 682 1151 719 causa
1176 668 1519 729 referuntur,
1547 665 1979 715 similitudinem
1996 665 2143 727 ignis

542 745 903 805 assumserit,
923 747 979 791 et
996 741 1207 791 deserti
1223 740 1295 789 ad
1308 740 1415 789 hoc
1432 737 1687 788 intulerit
1703 738 2071 800 mentionem,
2090 744 2145 784 ut

545 820 728 865 totum
752 814 893 863 illud
911 825 1123 876 agmen
1138 812 1333 861 alllatu
1349 816 1559 874 potius,
1580 821 1752 872 quam
1771 812 2001 872 cperatu
2016 824 2144 867 quo—

541 886 689 949 piam
723 885 1013 937 videretur
1034 887 1388 934 absumtum.
1417 882 1505 932 Sic
1523 893 1677 932 enim
1696 889 1751 931 et
1767 882 1968 930 beatus
1989 881 2139 926 David

540 960 761 1008 uixerat
790 972 802 1006 :
835 958 936 1014 Qui
959 957 1093 1018 facit
1123 955 1352 1018 Angelos
1375 968 1499 1001 suos
1526 952 1769 1015 spiritus,
1796 959 1837 999 et
1864 952 2142 998 ministros

536 1044 659 1077 suos
704 1030 883 1091 ignem
918 1026 1351 1088 urentcm(Psal.
1404 1024 1557 1086 103.).
1607 1025 1771 1073 Hanc
1815 1036 1948 1085 ergo
1985 1035 2141 1071 nunc

536 1100 901 1151 adustionem
925 1102 996 1150 de
1020 1100 1161 1149 locis
1178 1111 1276 1162 per
1292 1096 1549 1147 ardorem
1570 1095 1707 1145 solis
1722 1097 2139 1142 iuilltlillallililiiis

537 1173 788 1235 signavit
811 1174 1000 1233 acciri,
1019 1171 1116 1234 qui
1136 1171 1323 1220 fontes
1341 1168 1610 1231 Assyrios
1632 1180 1939 1228 venasque.
1958 1167 2011 1214 id
2032 1170 2137 1229 est,

535 1259 728 1309 regem
745 1258 880 1295 cum
897 1244 1150 1295 exercitu
1164 1257 1229 1292 ac
1261 1250 1437 1304 stirpe
1462 1241 1693 1290 deleret.
1708 1240 1775 1287 Et
1797 1242 1902 1302 ipse
1919 1239 1953 1285 tt
1961 1240 2029 1285 iri
2034 1238 2138 1301 plet

534 1320 872 1381 thesaurum,
908 1320 1016 1367 etc.
1044 1316 1099 1365 Si
1124 1314 1603 1365 consuetudinem
1628 1316 2032 1375 prophetarum
2053 1323 2134 1360 re-

535 1391 761 1453 spicias,
793 1389 890 1452 qui
915 1388 1322 1439 declinationes
1342 1392 1660 1448 temporum
1680 1397 1790 1434 non
1814 1384 1953 1433 satis
1966 1388 2135 1435 anxie

531 1473 597 1512 ac
622 1462 924 1525 diligenter
953 1464 1282 1521 observant,
1311 1458 1538 1509 videtur
1568 1457 1954 1507 Sennaelierib
1984 1456 2134 1517 regis

533 1534 829 1585 colicetain
854 1534 923 1583 de
952 1533 1251 1595 triumphis
1271 1530 1621 1594 opulentiam
1646 1528 1955 1578 denotasse
1976 1540 1986 1575 :
2006 1529 2131 1577 ideo

537 1606 796 1657 videlicet
811 1606 971 1655 illum
988 1605 1264 1669 praedicta
1277 1600 1731 1652 inﬂammatione
1741 1602 2128 1660 consumtum,

527 1679 800 1740 quoniam
824 1681 1010 1727 multa
1032 1676 1335 1726 crudeliter
1359 1675 1553 1736 egerit,
1577 1686 1682 1722 nec
1706 1671 2006 1721 avaritiam
2021 1676 2129 1730 ejus

528 1753 748 1813 direpta
793 1750 1134 1801 satiaverint
1161 1764 1170 1795 :
1205 1752 1261 1798 et
1284 1760 1440 1797 nunc
1462 1746 1590 1795 ideo
1618 1757 1846 1795 vomere
1872 1748 2125 1807 cogatur.

527 1821 802 1884 quicquid
830 1834 929 1885 per
952 1820 1313 1884 iniquitatem
1335 1822 1504 1869 antea
1526 1818 1918 1869 devoraverat.

1109 1983 1341 2033 CAPUT
1391 1981 1540 2031 XIV.

586 2100 807 2151 Vers.l.
827 2127 885 2134 —
918 2099 1107 2148 Pereat
1133 2099 1410 2159 Samaria,
1450 2111 1714 2163 quoniam
1751 2096 1823 2144 ad
1845 2097 2119 2144 amaritu-

519 2171 697 2219 dinem
731 2171 1011 2219 concitavit
1041 2172 1338 2219 Dominum
1391 2171 1494 2234 [ΑΙ.
1520 2170 1723 2232 Deumj
1752 2183 1911 2216 suum
1939 2169 1981 2227 3,
2007 2175 2113 2219 etc.

520 2244 690 2294 Paulo
714 2245 1111 2295 antedixerat:
1155 2244 1463 2292 Consolatio
1500 2241 1806 2290 abscondita
1832 2246 1901 2287 est
1920 2244 1983 2286 ab
2001 2257 2119 2287 ocu-

516 2315 579 2361 lis
604 2316 750 2375 meis,
772 2315 1035 2378 quoniam
1060 2314 1169 2377 ipse
1194 2320 1334 2363 inter
1355 2315 1550 2377 fratres
1567 2313 1778 2376 dividit,
1806 2317 1862 2362 et
1887 2326 2015 2362 cuni
2040 2313 2114 2363 ef-

516 2387 725 2437 fectum
743 2399 857 2450 quo
875 2389 1101 2437 lsraelis
1123 2387 1429 2437 miseretur
1441 2385 1773 2437 ostenderat
1790 2398 1803 2447 ;
1826 2398 1979 2434 nunc
1999 2400 2112 2433 vero

513 2462 737 2523 Assyrii
752 2460 1145 2510 internecione
1159 2463 1460 2522 descripta,
1477 2458 1788 2509 adversum
1802 2460 2112 2508 Samariam

514 2543 716 2582 rursus
733 2532 1048 2582 incanduit.
1070 2532 1228 2592 quod
1250 2535 1445 2593 utique
1465 2544 1584 2581 non
1607 2530 1675 2579 de
1692 2531 1959 2580 varietate
1979 2534 2108 2593 fecit,

512 2604 616 2655 sed
640 2605 711 2655 de
734 2608 1015 2667 gravitate
1042 2608 1362 2654 sententiae.
1384 2606 1695 2665 Postquam
1708 2614 1857 2651 enim
1874 2611 1919 2648 ei
1945 2606 2108 2660 pieta-

513 2680 627 2725 tem
652 2680 709 2726 et
729 2675 998 2726 virtutem
1015 2676 1135 2725 veri
1158 2676 1276 2735 Dei,
1297 2676 1721 2737 quisuperbum
1738 2676 2108 2735 i-egeiii,quusi

511 2746 673 2798 nullo
694 2748 923 2809 negotio
955 2751 1394 2808 consumsxsset,
1440 2747 1711 2807 ostendit,
1751 2758 1948 2806 Sicque
1972 2759 2105 2797 eum

510 2824 771 2882 paratum
790 2832 919 2869 esse
931 2819 1002 2869 ad
1027 2818 1415 2869 defensionem
1431 2820 1673 2880 piorum,
1700 2822 1759 2866 ut
1775 2818 2000 2879 gaudiis
2014 2832 2106 2868 eo-

508 2903 634 2940 rum
653 2904 992 2954 magnaruni
1007 2890 1630 2953 gentiumiinpenueret
1645 2890 1910 2939 ultiones:
1932 2894 2105 2939 merito

506 2964 794 3023 Samaria),
823 2968 883 3014 ut
906 2962 1217 3027 disperiret,
1252 2964 1415 3025 quasi
1452 2966 1843 3012 inflammatus
1874 2966 2100 3026 optavit,

506 3048 635 3099 quae
659 3049 782 3086 suis
818 3036 1081 3089 Videlicet
1104 3038 1414 3086 SCLiClibUS
1439 3039 1740 3098 elleeisset,
1767 3040 1833 3085 ut
1854 3034 1945 3084 lue
1987 3041 2101 3086 tam

508 3110 693 3158 bonus
717 3111 996 3158 Dominus
1014 3121 1129 3159 non
1153 3114 1542 3171 proiiugnator
1565 3107 1737 3163 illius,
1758 3110 1857 3157 sed
1879 3108 2100 3172 depug-

501 3187 666 3233 nator
704 3182 1005 3233 existeret:
1048 3194 1113 3233 ac
1132 3195 1178 3231 s1
1197 3182 1432 3232 diceret:
1462 3184 1605 3232 Cum
1622 3180 1891 3232 beneficia
1922 3188 2097 3245 tiustri,

2247 522 2402 572 mina
2426 532 2654 583 quoque
2681 523 2881 569 sancta
2902 518 3237 583 docuerunt,
3266 523 3328 571 ut
3350 520 3721 574 immolemus
3738 528 3845 577 Deo

2247 591 2786 644 sacriliciumlaudis
2806 593 2965 654 (l’sat.
2992 594 3120 658 50.),
3155 594 3290 655 quia
3308 600 3471 656 grata
3493 595 3542 645 ei
3570 596 3648 645 sit
3671 598 3846 650 oblata

2246 679 2316 716 ex
2341 678 2484 728 puro
2509 663 2678 715 corde
2693 663 2945 714 laudatio
2969 677 3143 728 super
3165 666 3845 731 vitulumnovellum,un-

2244 742 2411 800 gulas
2428 741 2486 786 et
2509 748 2723 785 cornua
2744 738 3175 798 producentem.
3197 736 3471 799 Eloquere
3483 750 3621 802 ergo
3653 741 3841 792 adver-

2245 820 2375 858 sum
2403 811 2475 869 te,
2501 806 2719 869 Israrel,
2733 807 2811 870 inj
2824 809 3049 858 nstitias
3069 814 3197 859 tuas
3210 810 3471 871 Domino,
3487 824 3736 873 quarum
3750 828 3841 864 cu—

2242 881 2331 943 pis
2357 879 2756 930 remissionem
2789 880 3012 931 mereri.
3042 882 3145 931 Sed
3176 881 3314 944 quid
3339 882 3428 932 liis
3459 883 3715 946 adjiciat,
3741 898 3840 937 au-

2242 952 2488 1003 diamus.

2303 1026 2464 1075 Vers.
2516 1023 2565 1077 4.
2623 1026 2795 1072 Assur
2845 1038 2953 1071 non
2997 1024 3224 1072 salvabit
3282 1039 3397 1088 nos,
3442 1040 3605 1090 super
3647 1044 3837 1091 equum

2240 1112 2347 1144 non
2382 1098 2743 1157 ascendeinus,
2783 1111 2875 1143 nec
2904 1098 3141 1145 dicemus
3166 1098 3328 1158 ultra,
3356 1099 3434 1146 (lii
3459 1101 3653 1160 neutri,
3682 1117 3836 1165 opera

2242 1183 2510 1215 manuum
2534 1174 2851 1215 nostrarum
2871 1185 2880 1215 :
2903 1172 3035 1230 quia
3059 1171 3173 1231 ejus
3199 1172 3293 1233 qui
3315 1172 3373 1217 in.
3399 1178 3442 1218 te
3456 1179 3545 1229 est,
3569 1176 3839 1221 Illisel'elie-

2236 1240 2314 1285 ris
2341 1242 2360 1266 ι’
2387 1240 2601 1303 populi.
2652 1240 2815 1301 Quod
2855 1242 2951 1301 ait,
2996 1242 3168 1288 Assur
3198 1258 3305 1289 non
3356 1243 3579 1291 salvabit
3618 1260 3737 1305 nos,
3773 1247 3839 1297 de

2236 1313 2497 1374 exemplo
2510 1314 2535 1361 ,Ι
2550 1311 2679 1362 udae
2707 1311 2932 1361 videtur
2946 1318 3295 1377 assumtum.
3313 1312 3455 1364 Nam
3474 1318 3589 1379 Heg
3600 1330 3700 1367 um
3714 1330 3841 1369 nar—

2234 1388 2321 1433 rat
2336 1384 2655 1445 historiam.
2678 1383 2945 1446 Heg.'18.),
2982 1388 3254 1446 quoniam
3277 1398 3408 1435 cum
3422 1390 3715 1451 liapsaces
3737 1403 3838 1440 no-

2232 1466 2388 1505 mine
2413 1455 2528 1505 dux
2564 1460 2839 1518 Assyrius
2874 1458 3093 1506 missus
3130 1458 3283 1519 regis
3324 1460 3731 1520 Seimaclierib,
3768 1462 3836 1512 ad

2234 1529 2664 1592 compellendos
2680 1536 2849 1590 atque
2879 1530 3171 1579 terrendos
3195 1542 3313 1592 eos,
3340 1532 3437 1592 qui
3461 1532 3715 1595 Jerosolg
3730 1536 3835 1583 mis

2231 1605 2412 1653 clausi
2445 1606 2688 1663 fuerant,
2722 1602 3072 1662 advenisset,
3116 1602 3264 1651 inter
3301 1608 3525 1665 caetera,
3554 1616 3689 1666 quae
3712 1608 3836 1669 glo-

2232 1676 2379 1726 riose
2395 1688 2461 1727 ac
2480 1676 2723 1740 superbe
2742 1676 2810 1724 de
2826 1675 3081 1736 A3syriis
3098 1675 3461 1738 praedicabat,
3480 1677 3833 1739 abjecitquud

2230 1748 2344 1798 duo
2364 1749 2541 1798 millia
2564 1759 2841 1810 equorum
2864 1747 3250 1797 Sennaclierib
3275 1751 3431 1797 esset
3451 1758 3687 1811 paratus
3706 1750 3834 1800 edu—

2153 1839 2207 1912 B
2233 1831 2670 1912 cere,_.qu‘orum
2720 1829 2976 1912 sessores
3010 1820 3371 1912 totusqude
3405 1824 3831 1912 eer‘ClLUS‘DOli

2236 1894 2416 1951 possit
2439 1895 2637 1942 oll'erre
2664 1905 2676 1939 :
2706 1894 2761 1939 et
2789 1902 2903 1951 qua
2941 1891 3229 1940 dementia
3258 1891 3568 1941 adversum
3597 1905 3660 1942 se
3687 1894 3830 1943 tanti

2219 1966 2494 2027 principis
2542 1963 2737 2026 copias
2783 1962 3115 2012 incitarent.
3148 1966 3204 2013 Si
3240 1963 3409 2013 saluti
3448 1976 3570 2015 suae
3591 1965 3831 2028 proinde

2219 2042 2607 2099 consulerent,
2644 2040 2770 2097 ejus
2808 2033 3155 2085 dederentur
3172 2035 3425 2099 imperio,
3451 2036 3551 2098 qui
3578 2049 3696 2087 non
3720 2038 3828 2087 mi-

2216 2120 2328 2158 nus
2343 2110 2616 2173 subJectis
2640 2106 2909 2169 liberalis,
2933 2120 3107 2169 quam
3133 2121 3363 2159 severus
3387 2110 3825 2161 contumacibus

2217 2188 2530 2244 appareret.
2574 2182 2783 2230 \‘ernin
2823 2188 3026 2230 incolae
3068 2180 3387 2231 Jerusalem
3424 2181 3484 2230 in
3521 2181 3701 2231 sotius
3725 2183 3824 2232 Dei

2216 2254 2428 2305 virtute
2444 2252 2793 2304 liberationis
2808 2263 2932 2301 suae
2946 2252 3215 2303 llduciam
3232 2265 3291 2302 re
3299 2259 3595 2315 ponentes,
3610 2258 3822 2301 commi-

2213 2327 2516 2377 nationum
2542 2326 2841 2378 hostilium
2878 2325 3031 2374 taeiti
3062 2338 3327 2389 sprevere
3345 2326 3701 2389 Jaciantiam.
3729 2327 3816 2377 Ad

2212 2400 2383 2451 Juda:
2410 2413 2542 2462 ergo
2568 2400 2907 2451 conlidentis
2944 2408 3295 2460 exemplum,
3342 2398 3512 2448 etiam
3550 2397 3816 2449 lsraelem

2213 2484 2403 2522 sermo
2427 2486 2582 2521 nunc
2616 2481 2633 2499 ε
2667 2473 2956 2523 monentis
2989 2474 3241 2521 instituit
3276 2487 3289 2520 ;
3319 2474 3380 2519 ut
3413 2471 3535 2534 ipse
3558 2471 3820 2521 videlicet

2209 2544 2383 2607 longa
2408 2544 2679 2594 servitute
2708 2550 3017 2606 correctus,
3047 2544 3167 2606 jam
3199 2542 3562 2593 devotionem
3585 2542 3819 2606 incipiat

2210 2616 2397 2667 fratris
2422 2616 2650 2681 imitari,
2675 2629 2850 2680 quam
2884 2617 2977 2667 ille
2995 2622 3246 2679 tempoxe
3262 2616 3517 2678 Assyriae
3539 2618 3819 2662 obsidionis

2208 2689 2476 2740 ostendit.
2491 2690 2599 2739 Nec
2628 2690 2883 2754 dicemus,
2910 2688 3119 2752 inquit,
3146 2690 3308 2747 ult-ra,
3336 2690 3419 2735 αεὶ
3442 2689 3631 2745 nostri,
3650 2701 3815 2750 Opera

2208 2776 2479 2809 manuum
2516 2768 2852 2813 nostrarum.
2880 2763 2939 2811 1d
2965 2765 3073 2821 est,
3101 2760 3455 2821 desinemus,
3481 2770 3612 2821 qua:
3638 2771 3817 2809 manu

2204 2834 2486 2883 artilicum
2518 2833 3028 2884 Iluntsimulachra
3056 2832 3641 2895 venerari,postquam
3659 2834 3816 2878 ettra-

2207 2910 2287 2956 tre
2315 2911 2459 2957 teste
2474 2907 2869 2969 cognovimus,
2892 2905 3026 2969 quia
3047 2904 3242 2968 pepuli
3264 2918 3320 2953 in
3340 2910 3437 2955 tuo
3453 2909 3590 2951 cultu
3625 2899 3807 2969 474

2205 2981 2596 3041 permanentis
2636 2978 2895 3030 misereri
2928 2980 3117 3028 bonus
3162 2978 3370 3027 arbiter
3394 2988 3509 3026 non
3533 2979 3803 3025 desistas.

2202 3051 2346 3100 Huic
2370 3056 2565 3101 autem
2581 3058 2789 3103 vestra:
2815 3049 3196 3101 confessionis
3220 3049 3454 3111 obliitui,
3477 3048 3611 3111 quid
3638 3050 3805 3097 aDeo

2202 3126 2399 3173 nostro
2431 3124 2725 3185 referatur,
2753 3122 3014 3185 accipite.

2270 3193 2578 3253 γετδὸρά
2612 3221 2670 3231 -
2714 3195 2931 3244 Sanabo
2965 3193 3308 3243 contritiones
3340 3208 3544 3256 comm,
3569 3194 3796 3257 (litigii-ni

500 3259 598 3317 qui
622 3258 877 3306 alternus
902 3259 1009 3317 est,
1033 3255 1295 3331 _rectoris
1326 3254 1559 3319 aspicio,
1590 3254 1773 3316 magis
1798 3233 2098 3316 magisque

2286 3233 2489 3247 .ν.υ.υ.
2528 3233 2578 3253 υ,
2714 3233 2928 3244 unusne
2966 3233 3099 3243 em...
3124 3233 3305 3241 ...νηνν
3341 3233 3411 3241 η.
3436 3233 3544 3256 .....,
3570 3233 3795 3257 ..-πίννη

2205 3280 2286 3314 eos
2300 3274 2589 3330 spontanee
2620 3269 3093 3331 :quiaaversusest
3117 3268 3279 3329 furor
3308 3280 3454 3314 meus
3476 3266 3541 3314 ab
3563 3269 3657 3313 eis.
3685 3266 3800 3314 Ero

499 3328 724 3377 lsraelis
770 3328 985 3377 crimen
1032 3325 1319 3387 horresco,
1365 3326 1465 3389 qui
1498 3326 1764 3376 Videlicet
1786 3338 1979 3377 carere
2006 3329 2103 3377 tali

498 3399 763 3461 praesidio
789 3400 1139 3449 laborarunt.

795 3472 949 3521 Vers.
1002 3471 1052 3523 ‘2.
1088 3499 1147 3506 —
1193 3472 1521 3533 Convertere,
1572 3468 1757 3531 Israel,
1790 3469 1862 3518 ad
1914 3470 2101 3519 Domi-

496 3556 631 3589 nam
676 3543 845 3590 Deum.
893 3547 1066 3607 tuum,
1113 3544 1380 3607 quoniam
1423 3542 1676 3591 corruisti
1722 3543 1779 3589 in
1809 3541 2099 3605 iniquitate

496 3619 607 3661 tua.
643 3615 782 3665 Miro
830 3621 1103 3665 contextu
1138 3616 1393 3679 procedit
1427 3615 1624 3666 oratio.
1661 3616 2099 3666 Exelamaverat

495 3686 723 3750 quippe,
750 3686 906 3749 quod
952 3687 1024 3738 ad
1078 3689 1438 3751 gravandum
1486 3689 1753 3740 Samaria:
1795 3695 2095 3753 peccatum

493 3760 718 3823 valeret,
775 3760 876 3809 sed
931 3761 1202 3822 quoniam
1237 3761 1489 3825 idipsum
1537 3762 1866 3812 miserando
1900 3765 2093 3827 potius

492 3843 665 3893 quam
705 3833 1025 3883 execrando
1050 3833 1277 3896 fecerat,
1313 3834 1568 3885 secunda
1597 3836 1797 3885 saltem
1822 3837 2091 3901 remedia,

491 3914 623 3964 quae
644 3905 1533 3969 vulnerimedieenturapportat:
1556 3912 1612 3957 et
1635 3908 2093 3969 quianoluerunt

487 3975 777 4027 continete
821 3976 1138 4028 devotionis
1174 3980 1443 4042 praesidia
1482 3981 1799 4042 complecti,
1829 3982 2091 4032 subsidia

486 4048 839 4109 poenitentiae
864 4055 921 4099 et
943 4050 1357 4102 emendationis
1387 4055 1710 4102 assumant.
1733 4054 1936 4114 Siergo
1964 4062 2005 4100 te
2024 4057 2089 4101 ru-

485 4120 662 4183 ciunt,
690 4134 722 4170 0
742 4128 801 4172 tu
827 4122 1016 4185 Israel,
1044 4124 1133 4173 vel
1154 4124 1728 4187 periculameliorein,
1749 4132 2086 4177 convertere

483 4193 554 4241 ad
579 4192 889 4243 Dominum
904 4198 1085 4244 Deum
1099 4201 1282 4257 tuum,
1301 4209 1334 4245 a
1350 4207 1464 4257 quo
1482 4207 1781 4257 nunquam
1802 4198 2083 4249 debueras

482 4268 663 4315 averti
685 4279 697 4315 :
717 4270 773 4315 et
794 4265 935 4316 illud
958 4266 1151 4329 ipsum
1178 4266 1335 4329 quod
1358 4268 1418 4317 in
1430 4271 1532 4318 tua
1547 4267 1843 4329 iniquitate
1863 4282 2083 4322 corrue-

481 4350 593 4399 ras,
608 4343 959 4402 exsecratus,
978 4351 1221 4391 munera
1240 4339 1616 4391 confessionis
1640 4342 1940 4393 assuinito.
1962 4344 2081 4394 Iloc

481 4413 571 4459 est
604 4412 773 4475 enim,
801 4412 957 4474 quod
981 4412 1061 4462 ait
1086 4426 1098 4461 :

548 4482 704 4533 Veis.
739 4484 791 4537 3.
828 4511 887 4518 —
915 4484 1093 4532 Tollite
1116 4483 1378 4533 vobiscum
1415 4484 1588 4546 verba,
1623 4492 1667 4533 et
1701 4488 2076 4541 convertimini

478 4552 550 4601 ad
570 4556 885 4616 Dominum,
912 4562 958 4605 et
990 4558 1145 4606 dicite
1176 4558 1253 4606 ei:
1285 4560 1506 4606 Omnem
1527 4558 1683 4620 aufer
1710 4558 2074 4631 iniquitatem,

477 4631 521 4673 et
546 4628 722 4690 accipe
750 4628 956 4677 bonum
989 4646 999 4678 :
1031 4634 1091 4680 tu
1121 4631 1273 4680 enim
1315 4632 1473 4681 solus
1506 4638 1662 4695 potes
1687 4639 1928 4696 reatum,
1960 4628 2074 4699 quo

478 4700 1246 4764 preiniinuramovere.Quid
1261 4710 1455 4754 autem
1470 4705 1684 4756 bonum
1719 4708 1811 4769 sit,
1839 4714 1994 4770 quod
2022 4720 2073 4759 ut

479 4772 767 4835 acciperet,
788 4774 1142 4838 obsecrabat,
1183 4788 1434 4839 sequens
1471 4789 1671 4829 versus
1710 4782 1981 4844 ostendit,
2006 4783 2075 4831 Et

536 4924 551 4943 "
577 4916 817 4980 Scilicet,
846 4917 904 4965 in
929 4917 1109 4981 gladio
1134 4928 1380 4983 pereant:
1411 4924 1627 4986 parvuli
1652 4940 1837 4973 eorum
1855 4926 2071 4975 elidan-

472 4992 577 5051 tur,
602 4997 645 5038 et
670 4992 803 5053 [telae
827 4992 938 5053 ejus
955 4994 1350 5044 discindunt-ur.

532 5063 552 5089 λ’
575 5063 908 5125 Legendum
928 5065 1149 5129 pupilli,
1171 5080 1302 5117 cum
1327 5067 1527 5130 reliqui
1549 5068 1678 5119 libri
1695 5082 1915 5133 omnes,
1944 5076 2068 5123 tum

468 5134 589 5207 ipse
624 5139 816 5185 textus
854 5137 1169 5189 Hebraicus
1214 5142 1359 5191 Din?
1396 5145 1611 5191 monet.
1650 5143 1857 5191 Verum
1878 5145 2067 5207 pepuli

466 5206 677 5257 lectum
701 5208 774 5258 ab
796 5211 1041 5261 Auctore
1064 5216 1282 5274 nostro,
1309 5212 1522 5264 evincit
1549 5212 1658 5262 loci
1681 5213 1857 5277 hujus
1884 5206 2065 5279 expli-

465 5279 612 5330 catio
638 5282 746 5330 sub
762 5281 954 5345 tinem,
972 5283 1067 5333 ubi
1089 5284 1186 5346 ait,
1221 5287 1351 5347 quia
1371 5283 1563 5347 populi
1590 5285 1647 5332 in
1665 5290 1754 5333 tuo
1779 5287 1921 5335 cultu
1938 5305 2067 5352 per-

466 5354 735 5399 manentis
770 5355 1011 5403 misereri
1043 5359 1212 5404 bon-us
1247 5355 1448 5403 arbiter
1490 5372 1599 5405 non
1644 5359 1878 5408 desistas.
1907 5365 2063 5414 Adeo

462 5426 767 5477 immutare
785 5430 1046 5491 verbum,
1061 5432 1199 5478 utut
1215 5429 1518 5481 manifesto
1538 5431 1771 5484 alterius
1797 5435 2064 5486 similitu-

462 5496 592 5548 dine
628 5498 1018 5563 depravatum,
1052 5501 1221 5552 nobis
1245 5515 1362 5552 non
1386 5502 1561 5555 licuit.

522 5580 539 5597 ο
574 5570 774 5651 Visum
803 5576 1027 5651 estlegi
1053 5578 1244 5626 minus
1270 5581 1421 5628 recte
1444 5582 1613 5630 antea
1631 5582 1931 5642 momentis,
1959 5596 2059 5647 pro

462 5649 743 5723 monentis,
768 5649 922 5723 quod
958 5652 1382 5706 substituimus.

520 5713 703 5802 duteie
716 5730 842 5795 vero
865 5720 1079 5802 lectum
1111 5729 1428 5779 rectissime
1471 5728 1677 5791 Israeli,
1705 5734 1871 5785 tertio
1896 5747 2053 5802 casu,

459 5787 1060 5873 utpidpri‘isocqlp,-ci'o
1086 5800 1245 5861 quasi
1259 5814 1364 5864 ros,
1387 5814 1601 5853 nomen
1616 5787 1778 5855 istud
1790 5787 2050 5873 jungatur,

454 5861 654 5938 contra
666 5863 841 5938 atque
859 5864 1118 5929 Vulgata,
1137 5861 1375 5934 ipsaque
1402 5861 1843 5938 Hieronymiana
1866 5861 2051 5932 Editio

453 5931 865 5985 nostrahabet:
900 5938 1011 5985 Ero
1035 5931 1197 6001 quasi
1221 5931 1324 6007 ros,
1360 5946 1526 5995 Israel
1559 5931 1902 6011 germinavit,
1929 5954 2029 6003 etc.

2098 4669 2156 4743 D

2203 3340 2361 3402 quasi
2389 3356 2474 3388 ros
2495 3339 2516 3367 ι¹
2538 3340 2742 3399 lsraeli,
2777 3339 3105 3404 germinabit
3136 3340 3294 3402 quasi
3326 3339 3521 3396 lilium,
3556 3343 3601 3386 ct
3625 3352 3801 3385 erum-

2195 3418 2282 3475 pet
2304 3414 2473 3460 mdia:
2495 3412 2614 3475 ejus
2640 3428 2798 3476 quasi
2829 3412 2933 3475 ιΑι.
2960 3412 3043 3476 ut]
3073 3411 3288 3462 Libani.
3323 3413 3707 3461 Uonrertentur
3729 3426 3802 3459 se-

2199 3482 2374 3531 dentes
2400 3484 2457 3532 in
2496 3486 2691 3533 umbra
2728 3484 2862 3547 ejus,
2897 3485 3069 3533 vivent
3108 3484 3300 3543 tritico,
3338 3486 3383 3530 et
3414 3482 3797 3544 germinabunt

2198 3556 2357 3618 quasi
2383 3557 2559 3620 vinea,
2575 3558 2884 3605 memoriale
2898 3557 3029 3621 ejus,
3043 3557 3380 3604 sicutvmum
3391 3554 3602 3602 Libani.
3622 3556 3798 3603 Diver-

2198 3627 2278 3677 sis
2312 3630 2835 3692 comparationibus
2860 3634 2916 3679 et
2945 3629 3298 3680 liberationis
3322 3628 3529 3691 dulcia,
3555 3630 3612 3676 et
3647 3627 3795 3677 liber

2196 3700 2330 3750 tatis
2347 3700 2614 3765 insignia,
2634 3708 2692 3753 et
2714 3704 3108 3753 ammnitatem
3133 3703 3495 3753 excultorum
3519 3701 3791 3751 describit

2192 3782 2476 3835 arvorum,
2503 3787 2635 3837 quae
2659 3775 2808 3825 sicut
2826 3785 3075 3838 tempore
3092 3774 3360 3825 nimirum
3379 3785 3491 3836 quo
3511 3778 3793 3836 persultat

2192 3845 2405 3911 hostis,
2426 3850 2688 3911 squalore
2711 3849 2955 3912 plurimo
2980 3849 3316 3910 vestiuntur,
3346 3847 3426 3896 ita
3448 3858 3578 3897 cum
3597 3850 3794 3893 securi-

2190 3921 2278 3968 tas
2302 3921 2457 3982 paeis
2492 3922 2775 3972 cultorum
2810 3928 3040 3972 exercet
3085 3920 3447 3981 industriam,
3474 3925 3531 3969 et
3555 3919 3789 3970 ubertas

2188 4003 2405 4053 paSSim
2425 3992 2627 4043 visitur
2650 3997 2708 4043 et
2730 3998 3015 4045 venustat.
3033 3993 3122 4044 Sic
3137 4004 3288 4056 ergo,
3303 3990 3491 4053 lsrael,
3518 4003 3651 4041 cum
3668 4007 3789 4053 cap-

2188 4064 2465 4115 tiVitatem
2492 4068 2648 4116 tuam
2674 4078 2961 4130 prOSpera,
2980 4079 3111 4129 quae
3128 4075 3263 4116 sunt
3273 4075 3558 4128 promissa
3575 4070 3785 4124 depule-

2184 4134 2317 4199 rint,
2342 4138 2707 4200 pulchritudo
2732 4145 2785 4190 te
2815 4140 3093 4190 libertatis
3117 4144 3174 4189 et
3195 4138 3412 4189 laetitia:
3436 4136 3678 4188 dulcedo
3702 4140 3781 4187 ita

2182 4206 2442 4271 implebit
2464 4221 2531 4260 ac
2554 4212 2774 4274 vestiet,
2793 4216 2990 4262 utnon
3007 4212 3212 4262 vilibus
3237 4210 3563 4273 quibusque
3581 4222 3785 4272 germio

2182 4279 2375 4345 nibus,
2404 4282 2505 4333 sed
2524 4282 2658 4334 liliis
2676 4288 2732 4334 et
2756 4285 2964 4336 rosetis
2988 4286 3094 4347 LAt.
3120 4283 3267 4335 rosis
3271 4284 3287 4347 j
3319 4282 3592 4333 Stillantia
3618 4289 3783 4345 prata

2177 4352 2469 4404 visantur:
2496 4367 2623 4405 mea
2643 4358 2853 4420 quippe
2877 4356 3177 4408 clementia
3200 4368 3440 4419 meaque
3464 4356 3666 4419 gratia,
3692 4356 3783 4405 in-

2179 4429 2299 4475 star
2323 4426 2423 4477 tibi
2468 4428 2611 4478 raris
2646 4431 2913 4494 illabitur,
2966 4435 3028 4480 ut
3061 4429 3218 4480 omni
3247 4430 3453 4492 pedore
3495 4428 3778 4491 deposito,

2178 4499 2577 4553 °iuvocationis
2593 4508 2935 4553 ornamenta
2948 4503 3242 4566 percipias.
3259 4503 3419 4562 Quod
3434 4512 3507 4550 ne
3526 4503 3612 4548 ubi
3629 4503 3780 4548 (ἰηιή-

2179 4575 2265 4621 tes
2288 4586 2385 4635 pro
2410 4574 2806 4635 insgnitudiue
2833 4579 2921 4624 sui
2950 4588 3121 4639 posse
3146 4578 3495 4637 contingere,
3520 4573 3778 4636 procedit

2174 4642 2235 4693 in
2260 4644 2448 4708 fratre,
2481 4647 2538 4696 id
2567 4653 2672 4709 est,
2698 4647 2757 4697 in
2781 4648 2932 4698 Juda
2948 4648 3018 4699 de
3042 4649 3297 4711 Assyriis
3324 4647 3591 4697 manibus
3626 4645 3773 4696 libe-

2173 4717 2371 4768 rando.
2405 4720 2639 4780 Qualem
2682 4733 2817 4783 ergo
2858 4720 2938 4770 illi
2982 4722 3222 4784 gloriam
3246 4719 3266 4753 τ
3288 4720 3541 4770 conferet
3575 4724 3774 4782 optata

2175 4790 2424 4855 qaidem,
2452 4793 2551 4842 sed
2576 4796 2675 4844 vix
2696 4797 2923 4855 sperata
2951 4794 3185 4845 libertas
3213 4794 3339 4845 talis
3373 4795 3543 4844 etiam
3570 4799 3621 4845 te
3644 4806 3770 4845 ma-

2170 4933 2354 4985 Series
2384 4935 2589 4987 Hebrei
2616 4938 2811 4987 textus
2833 4936 3073 5002 ipsaque
3102 4951 3203 4990 vos
3249 4914 3488 4990 5812715
3526 4938 3769 5004 praeﬁxo

2168 5009 2426 5071 articulo,
2453 5010 2813 5060 verissimam
2836 5013 3140 5063 lectionem
3153 5023 3276 5062 eam
3289 5013 3507 5076 probat,
3525 5012 3599 5064 ad
3614 5028 3765 5072 quam

2168 5083 2673 5147 Hieronymianam
2702 5084 2886 5148 ipsam
2916 5086 3208 5137 reformari
3237 5090 3295 5136 et
3321 5087 3543 5136 resutui
3570 5086 3761 5137 velim.

2230 5156 2523 5207 'Placeret
2574 5158 2771 5221 utique
2817 5158 3002 5222 magis
3055 5159 3443 5207 innovationis.
3497 5159 3765 5209 Fortasse

2166 5227 2341 5279 etiam
2364 5229 2534 5292 paulo
2566 5238 2716 5293 post,
2740 5232 2986 5294 praecedit
3022 5231 3084 5280 in
3110 5230 3300 5295 fratre,
3344 5230 3557 5283 rectius
3580 5231 3759 5297 legas,

2165 5312 2336 5364 quain
2364 5300 2616 5366 procedit,
2644 5307 2751 5353 etc.

2225 5372 2241 5401 ¹
2267 5374 2444 5424 Vetus
2472 5374 2655 5424 editor
2678 5373 2982 5427 maluisset
3004 5375 3256 5425 contulit:
3285 5388 3351 5427 ea
3372 5388 3568 5427 aui-cm
3593 5380 3759 5425 veritis

2163 5446 2316 5508 quod
2340 5445 2508 5497 modo
2526 5447 2881 5513 dicebamus,
2893 5448 3161 5512 przcedit,
3184 5449 3490 5513 legendum
3508 5454 3644 5501 erat.
3665 5454 3753 5497 sed

2163 5518 2303 5568 satis
2324 5521 2650 5570 consultum
2675 5526 2829 5572 recto
2850 5522 3045 5573 sensui
3064 5522 3253 5573 visum
3284 5528 3391 5586 est,
3419 5525 3753 5577 rescribendo,

2160 5591 2410 5653 conferet,
2441 5605 2574 5642 cum
2598 5598 2767 5644 antea
2778 5594 2981 5646 vitiose
2996 5595 3565 5658 legereturcon/‘crrct.
3584 5596 3752 5646 Porro

2158 5660 2307 5713 alius
2329 5663 2494 5726 isque
2516 5664 2640 5728 ipse
2664 5668 2886 5729 gravior
2907 5667 3077 5731 longe
3093 5680 3249 5719 error
3266 5673 3370 5731 est,
3394 5680 3566 5731 quem
3584 5676 3753 5717 sustu-

2154 5733 2330 5786 limus
2365 5738 2739 5801 subsequenti
2766 5753 2955 5805 versu,
2988 5741 3085 5791 ubi
3117 5746 3161 5789 te
3182 5742 3433 5803 manebit,
3457 5742 3749 5806 rescripsi-

2155 5822 2307 5873 mus,
2340 5822 2441 5875 pro
2476 5823 2589 5875 quo
2627 5817 2796 5865 antea
2830 5826 2945 5867 uno
2983 5816 3178 5879 verbo,
3220 5814 3378 5867 nullo
3410 5819 3604 5867 autem
3637 5818 3746 5872 fere

2154 5895 2349 5949 sensu,
2374 5890 2514 5949 erat,
2534 5887 2847 5941 remanebit.
