3894 6428
96 439 224 495 1033

1273 438 1344 488 ΙΝ
1379 438 1553 489 JOEL
1586 438 2165 489 COMMENTARIUS.

3227 446 3365 501 1034

95 552 258 627 nebit,
287 551 341 627 si
353 554 545 627 tamen
567 551 779 627 dignus
803 551 894 602 cui
920 553 1264 627 conferatur,
1283 562 1562 627 appareas
1587 550 1676 601 Vi-
1699 554 1753 627 Α
1773 551 2023 627 crilegia,
2049 550 2291 627 etexitia
2316 553 2675 627 sustinendo.
2698 556 3024 607 Notandum
3050 569 3189 610 sane
3214 560 3367 621 quod

93 625 233 678 vetis
249 624 458 688 quippe
471 624 673 685 tritico,
687 628 741 674 et
757 623 1151 686 germinabitis
1170 622 1334 683 quasi
1346 622 1532 684 vinea,
1546 634 1678 684 qua:

96 695 361 748 translata
379 708 448 745 ex
473 696 732 757 Egypto,
751 693 1114 744 Palaestinam
1137 694 1266 742 latis
1284 692 1494 741 iluibus
1519 706 1681 743 occu-

92 769 335 831 paverat,
359 770 416 817 et
437 765 767 816 memoriale
785 768 1044 815 vestrum
1064 765 1215 815 sicut
1233 764 1435 813 vinum
1459 764 1565 813 erit
1586 763 1679 812 Li-

90 838 251 890 bani:
286 837 344 888 id
374 841 482 898 est,
529 836 727 899 gloriae
758 840 970 886 vestrae
1010 834 1112 885 erit
1163 838 1322 885 tanta
1356 836 1676 897 ﬂagrantia,

87 913 301 973 quanta
324 908 442 959 vini
465 908 618 971 quod
644 907 928 971 optimum
954 905 1015 957 in
1035 909 1230 957 monte
1264 904 1480 955 Libano
1505 919 1679 969 gene-

85 985 310 1103 Πιξὲξᾶ
345 1048 397 1104 9.
431 1077 493 1088 -—
529 1049 787 1112 Effraim,
829 1048 964 1112 quid
1000 1048 1143 1095 mihi
1183 1047 1326 1096 ultra
1368 1048 1514 1097 idola
1539 1049 1563 1095 .9
1585 1061 1677 1111 ego

85 1122 382 1172 eraudiam
404 1128 451 1170 et
472 1121 710 1183 dirigam
727 1135 870 1183 eum,
889 1125 947 1168 ut
972 1119 1195 1167 abietem
1209 1120 1484 1181 virentem,
1507 1132 1575 1167 ex
1596 1133 1680 1167 me

83 1194 292 1257 fructus
315 1198 440 1241 tuus
469 1193 719 1240 inventus
743 1197 832 1239 est.
874 1192 1013 1250 Quae
1040 1202 1171 1239 cum
1212 1190 1291 1239 ita
1313 1189 1447 1245 sint,
1474 1188 1677 1251 inquit,

86 1272 149 1317 ut
172 1263 486 1327 disputatio
513 1266 713 1313 nostra
750 1261 1046 1325 perdocuit
1072 1275 1083 1310 :
1116 1260 1174 1310 id
1199 1264 1304 1321 est,
1330 1272 1505 1309 unam
1528 1259 1679 1310 hanc

85 1349 213 1388 esse
232 1335 385 1386 viam
400 1333 622 1395 salutis,
642 1346 816 1395 quam
830 1331 1021 1382 cultus
1032 1330 1213 1381 nostri
1228 1330 1482 1379 numinis
1501 1332 1678 1389 religio

83 1420 194 1470 que
224 1405 485 1470 patefecit
509 1418 521 1453 :
549 1404 743 1468 ponite
765 1402 1092 1467 profanitati
1120 1401 1263 1463 [Ant
1303 1400 1676 1464 profanitatis]

82 1478 289 1531 saltem
315 1477 571 1537 modum,
597 1478 764 1535 cujus
794 1486 1093 1536 nunquam
1121 1472 1331 1523 sentire
1356 1471 1681 1523 debueratis

81 1549 388 1603 exordium
414 1564 425 1597 :
458 1552 516 1598 et
531 1546 650 1610 uni,
677 1546 771 1608 qui
798 1558 970 1596 verus
1006 1549 1114 1599 est.
1138 1543 1402 1603 Domino,
1432 1548 1552 1593 tota
1570 1544 1681 1594 iide

81 1634 147 1673 ac
163 1619 465 1671 devotione
478 1616 873 1669 coheerescite:
894 1627 1000 1666 nec
1016 1614 1311 1664 veritatem
1330 1614 1379 1675 ej
1391 1626 1457 1662 us
1475 1614 1530 1663 in
1548 1629 1682 1662 men-

54 1680 69 1692 ’
82 1692 247 1743 dacio
265 1688 569 1741 tenendam
593 1687 825 1752 putetis,
839 1690 903 1736 ut
917 1683 1455 1736 incommunicabile
1470 1698 1681 1735 nomen

78 1763 252 1815 idolis
268 1760 626 1813 adscribatis.
654 1758 764 1809 Sed
781 1758 998 1817 scitote,
1020 1756 1168 1819 quod
1188 1768 1304 1805 non
1324 1756 1509 1806 solum
1535 1769 1681 1819 prae-

80 1834 285 1898 ceptis,
312 1844 514 1883 verum
544 1831 671 1894 ipsa
692 1829 1053 1891 negotiorum
1088 1839 1227 1877 voce
1251 1826 1550 1889 didicistis,
1578 1840 1691 1878 me-

1778 623 1946 672 etiam
1965 623 2087 672 loca
2100 622 2226 683 ista,
2245 634 2374 685 quae
2392 626 2713 676 secundum
2732 627 3064 689 praedictam
3078 640 3113 678 a
3129 633 3370 689 propheta

1778 694 2094 756 historiam,
2136 699 2305 756 prout
2343 699 2544 759 captus
2586 702 2784 747 noster
2828 698 3061 761 ferebat,
3106 701 3368 762 exposui,

1778 764 1947 814 etiam
1962 764 2034 814 ad
2052 765 2333 827 majorum
2352 778 2538 816 rerum
2559 767 3037 831 signiﬁcationem
3054 770 3277 831 possint
3294 786 3374 817 va-

1776 834 1907 885 lere.
1932 837 2073 885 Nam
2090 835 2230 885 illud
2246 838 2399 897 quod
2418 837 2488 887 de
2505 839 2887 889 Sennacherib
2903 839 3120 890 dictum
3138 845 3242 902 est,
3260 841 3369 889 Ero

1777 920 1921 953 mors
1945 912 2059 966 tua,
2087 922 2117 954 o
2140 922 2304 966 mors,
2329 922 2416 956 ero
2442 922 2651 956 morsus
2674 916 2815 969 tuus,
2841 910 3071 971 inferne,
3102 913 3272 960 etiam
3299 912 3371 962 de

1776 976 2051 1038 ampliore
2068 978 2325 1039 negocio,
2348 980 2667 1029 secundum
2686 980 2836 1042 quod
2854 981 3113 1043 gentium
3136 984 3372 1041 magister

1777 1048 2046 1108 ostendit,
2067 1048 2242 1111 accipi
2264 1053 2468 1112 potest.
2488 1052 2629 1100 Nam
2653 1064 2779 1101 cum
2798 1052 2870 1101 ad
2888 1052 3206 1102 Corinthios
3220 1068 3373 1112 super

1778 1119 2976 1183 manifestandaresurrectioneloqueretur:
2996 1122 3091 1170 Ubi
3103 1127 3192 1185 est,
3204 1138 3370 1188 mors,

1779 1189 1986 1254 inquit,
2011 1188 2227 1237 aculeus
2248 1194 2372 1238 tuus
2397 1191 2421 1238 .9
2446 1190 2539 1239 ubi
2559 1197 2646 1251 est,
2672 1196 2835 1255 mors,
2863 1193 3085 1241 victoria
3111 1196 3241 1241 tua?
3267 1196 3370 1244 Deo

1779 1265 1960 1309 autem
1995 1261 2221 1322 gratias,
2260 1261 2357 1324 qui
2381 1261 2522 1309 dedit
2561 1261 2713 1310 nobis
2754 1263 3034 1311 victoriam
3069 1279 3164 1327 per
3185 1265 3371 1313 Jesum

1782 1332 2059 1380 Christum
2091 1332 2390 1379 Dominum
2413 1338 2661 1381 nostrum
2683 1332 2752 1395 (1.
2793 1333 2911 1383 Cor.
2940 1332 3063 1397 15.).
3092 1335 3196 1385 Hic
3218 1337 3369 1387 enim

1779 1404 1946 1465 quasi
1963 1406 2171 1454 ventus
2186 1415 2382 1463 urens,
2400 1403 2609 1467 quippe
2627 1406 2721 1467 qui
2734 1405 2927 1467 ignem
2946 1407 3168 1457 venerit
3182 1409 3374 1455 mittere

1781 1487 1951 1537 super
1974 1479 2180 1525 terram
2202 1475 2344 1533 (Luc.
2366 1474 2489 1537 12.),
2515 1475 2585 1526 de
2601 1476 2827 1527 deserto
2843 1474 3021 1544 476
3041 1478 3375 1529 ascendisse

1779 1546 2129 1609 perhibetur,
2153 1545 2287 1608 quia
2309 1546 2379 1596 de
2402 1551 2561 1597 utero
2583 1547 2849 1609 Virginis,
2876 1548 2949 1598 ad
2974 1561 3148 1610 quam
3174 1561 3375 1599 secun-

1780 1617 1919 1667 dum
1943 1622 2167 1667 naturae
2190 1614 2343 1679 leges
2366 1617 2449 1667 vir
2470 1618 2633 1680 quasi
2667 1618 2850 1669 cultor
2882 1618 2903 1647 ’³
2947 1624 3216 1683 cesserat,
3243 1632 3370 1683 ger-

1778 1688 2020 1737 minavit
2045 1702 2057 1737 :
2076 1690 2131 1737 et
2152 1698 2331 1738 venas
2348 1688 2548 1738 mortis
2565 1688 2895 1751 fontemque
2912 1692 3040 1752 ejus
3065 1690 3198 1740 fecit
3220 1703 3374 1741 ares-

1785 1771 1931 1820 cere,
1947 1762 2013 1808 ut
2035 1770 2152 1809 non
2168 1758 2404 1808 haberet
2415 1758 2512 1821 jus
2532 1759 2783 1809 secundo
2802 1761 3096 1822 repetendi
3112 1774 3229 1822 eos,
3248 1776 3375 1821 quos

1789 1830 1964 1879 semel
1988 1828 2048 1878 in
2073 1832 2287 1879 mterna
2303 1827 2511 1890 gaudia
2534 1829 2876 1893 Redemptor
2901 1832 3257 1880 suscitasset.
3284 1833 3379 1880 In-

83 1917 269 1958 unum
281 1915 426 1983 esse.
446 1903 614 1987 cJujuS
634 1901 782 1951 sicut
799 1900 1046 1987 cultores
1062 1903 1279 1978 aeterna
1298 1898 1587 1987 fcel‘icitate
1604 1914 1685 1958 ρο·
1712 1914 1765 1987 Β
1787 1899 2132 1987 ρδιὶῃδιξοηρδ
2158 1899 2438 1962 siquidem
2457 1900 2638 1987 ipsius
2663 1908 3039 1987 sacramento,
3064 1914 3160 1987 ros
3174 1902 3378 1982 gratiae

76 1978 321 2036 tiantur,
355 1973 433 2024 ita
456 1973 776 2023 desertores
806 1968 1035 2021 aeternis
1069 1968 1315 2019 miseriis
1348 1969 1680 2019 obruantur.

80 2050 203 2110 Ego
227 2056 361 2095 sum
381 2044 532 2093 enim
550 2042 649 2105 qui
666 2041 911 2092 exaudio
934 2040 1340 2102 supplicantes,
1358 2038 1456 2100 qui
1480 2054 1680 2097 possum

78 2124 136 2171 et
156 2117 318 2167 soleo
336 2125 539 2165 sanare
555 2114 850 2175 contritos,
869 2111 1110 2173 dirigere
1126 2114 1438 2170 contortos,
1459 2110 1682 2160 foecun-

77 2190 217 2240 dare
236 2185 480 2244 steriles,
499 2184 750 2234 invenire
764 2187 1087 2247 pereuntes,
1107 2181 1385 2231 suscitare
1402 2186 1680 2239 mortuos,

77 2265 136 2313 et
152 2261 213 2310 in
232 2270 362 2309 eam
380 2255 794 2312 celsitudinem,
813 2266 952 2314 quos
972 2257 1337 2315 vegetavero,
1358 2252 1683 2314 sublimare,

74 2338 143 2384 ut
171 2331 251 2382 de
271 2328 474 2393 palmis
492 2330 590 2377 aut
604 2326 763 2377 rubis
786 2326 845 2375 in
867 2324 1080 2375 abietes
1097 2326 1154 2374 et
1172 2335 1478 2386 cupressos
1500 2323 1686 2387 profe-

76 2404 234 2454 cisse
264 2400 583 2459 videantur,

163 2469 351 2539 475
379 2472 538 2521 Vers.
567 2467 653 2522 10.
686 2495 738 2503 -
756 2465 1135 2539 Quissapiens,
1155 2468 1208 2539 et
1234 2463 1525 2539 :intetligit
1546 2464 1687 2539 ista?

72 2535 393 2606 intelligens
414 2546 459 2590 et
478 2540 599 2589 sciet
619 2540 726 2588 haec
750 2542 773 2589 .9
796 2537 930 2601 quia
945 2543 1091 2584 rectae
1113 2536 1207 2583 via:
1226 2536 1462 2589 Domini,
1491 2540 1537 2582 et
1550 2535 1688 2597 justi

68 2633 102 2666 a
112 2613 444 2665 mbutabunt
459 2611 523 2660 in
537 2611 612 2659 eis
632 2629 643 2659 :
666 2608 1100 2673 praevaricatores
1115 2620 1237 2655 vero
1254 2612 1505 2655 corruent
1521 2607 1579 2653 in
1594 2607 1685 2654 eis.

72 2687 293 2741 Merito
308 2683 579 2736 volumen
593 2693 764 2733 suum
777 2679 1149 2730 admiratione
1161 2680 1424 2737 conclusit,
1439 2679 1585 2735 cujus
1599 2680 1690 2724 uti-

70 2759 315 2809 litatem
331 2759 389 2806 et
400 2767 498 2818 per
513 2755 799 2817 praecepta
815 2755 874 2802 et
885 2763 985 2814 per
995 2747 1258 2812 exempla
1272 2750 1691 2799 monstraverat

71 2827 295 2889 Simul,
314 2831 381 2877 ut
394 2825 639 2886 doceret,
658 2833 926 2873 caussam
949 2833 1181 2871 omnem
1199 2826 1507 2880 peccatorum
1525 2825 1569 2866 et
1592 2821 1691 2865 mi-

71 2900 379 2952 seriarum
396 2896 467 2947 de
496 2894 739 2946 Stultitia
763 2894 1052 2954 contigisse,
1072 2893 1293 2939 laudavit
1309 2893 1580 2949 sapientem
1603 2891 1689 2949 qui

69 2972 291 3025 omnia
311 2980 443 3032 quae
464 2972 601 3019 sunt
613 2965 903 3028 disputata
921 2964 1297 3026 perpendens,
1311 2961 1568 3010 utilitatem
1585 2963 1689 3007 via-

72 3056 219 3095 rum
238 3051 537 3093 sacrarum
550 3038 841 3100 ﬁnemque
856 3041 1198 3094 cognosceret:
1217 3035 1350 3093 quod
1366 3048 1454 3092 per
1472 3046 1552 3079 eas
1567 3033 1693 3090 justi

67 3113 367 3167 videlicet
392 3123 526 3160 cum
544 3108 849 3159 severitate
874 3105 1268 3169 graderentur,
1294 3106 1694 3164 praevaricatores

67 3188 290 3238 autem
313 3182 532 3246 quique
564 3182 909 3237 corruerent,
934 3175 1291 3227 admittendo
1320 3173 1586 3225 videlicet
1611 3184 1694 3223 sa-

141 3339 163 3359 ·
215 3328 416 3380 Antea
438 3321 654 3387 sapiens
689 3319 956 3383 intelligit,
982 3316 1358 3370 renuentibus
1386 3315 1511 3366 aliis
1536 3314 1693 3366 libris

65 3400 341 3465 ipsoque
364 3398 613 3447 Auctore
628 3397 827 3445 nostro
846 3403 951 3442 suo
965 3389 1157 3451 ﬁnem,
1174 3387 1272 3439 ubi
1288 3400 1523 3439 versum
1539 3388 1695 3438 hunc

63 3475 336 3595 “Periit
371 3538 613 3591 verbum
654 3533 764 3587 hoc
803 3538 1043 3597 cesserat,
1081 3531 1329 3595 negandi
1367 3530 1694 3596 signiﬁcatu

66 3609 500 3680 accipiendum
517 3613 624 3673 est,
640 3610 705 3659 ut
718 3606 869 3680 idem
888 3606 964 3657 sit
978 3612 1151 3668 atque
1168 3603 1470 3680 defecerat,
1487 3606 1545 3654 et
1560 3614 1698 3680 con-

66 3673 353 3739 tinenter
368 3682 573 3734 defecit
598 3694 610 3731 :
632 3683 733 3731 aut
746 3678 932 3728 nullus
946 3680 1247 3737 accesserat,
1262 3673 1572 3738 legendum
1587 3678 1695 3726 est.

62 3839 1464 3866 ————————,—__________————————:-"_—_—__——

62 3854 597 3866 _______i,,
618 3854 625 3855 ,

1785 1970 1845 2021 in
1872 1971 2251 2021 Ecclesiarum
2285 1982 2424 2021 arva
2451 1970 2766 2031 descendit,
2797 1976 2861 2023 ut
2885 1974 3098 2035 passim
3129 1972 3378 2023 diversis

1784 2041 2096 2093 virtutibus
2120 2041 2412 2091 fructuosa
2437 2041 2570 2091 vitis
2588 2041 2818 2104 lilioque
2836 2042 3142 2105 prodirent,
3170 2048 3227 2092 et
3244 2046 3379 2091 ﬁeret

1781 2112 2274 2175 multiplicationis
2290 2111 2542 2163 ﬁdelium
2570 2117 2727 2163 tanta
2745 2113 3024 2173 fcelicitas,
3047 2118 3263 2176 quanta
3287 2127 3380 2164 es-

1783 2187 1873 2233 set
1893 2183 2015 2245 agri
2031 2183 2181 2246 pleni
2198 2182 2476 2246 frugibus,
2495 2182 2791 2245 fructibus,
2806 2184 3043 2234 ﬂoribus
3059 2184 3379 2244 gloriantis.

1784 2254 1989 2317 Sicque
2009 2258 2412 2303 convertentur
2437 2254 2707 2304 sedentes
2731 2254 2790 2303 in
2816 2255 3018 2304 umbra
3038 2256 3180 2316 ejus,
3207 2254 3265 2304 id
3289 2259 3380 2305 est

1785 2327 2024 2377 diversae
2050 2324 2314 2375 nationes
2340 2324 2448 2375 sub
2479 2325 2829 2386 protectione
2854 2326 3125 2376 EcclesitB
3148 2327 3379 2387 requie-

1783 2410 1939 2447 scere
1956 2395 2381 2458 concupiscent,
2400 2398 2538 2446 utet
2556 2395 2882 2459 corporalis,
2901 2401 2958 2446 et
2976 2396 3289 2459 spiritualis
3306 2399 3379 2444 vi-

1785 2468 1939 2531 goris
1973 2466 2301 2517 alimoniam
2336 2466 2391 2516 in
2425 2467 2581 2522 vino,
2621 2471 2676 2517 et
2710 2466 2894 2517 tritico
2931 2472 3377 2529 consequantur.

1787 2539 1967 2601 Igitur
1986 2537 2097 2597 illa,
2117 2548 2248 2598 quae
2273 2537 2379 2586 sub
2406 2537 2646 2587 Ezechia
2668 2544 2776 2593 est,
2793 2537 3025 2601 impleta
3048 2538 3320 2603 liberatio,
3347 2551 3381 2590 a

1783 2609 2065 2670 libertate,
2084 2619 2261 2669 quam
2277 2606 2536 2657 Christus
2560 2607 2813 2671 tradidit,
2838 2612 2897 2661 et
2920 2609 3272 2659 cumulatius
3290 2623 3384 2659 ex-

1785 2679 2044 2744 plicetur,
2078 2683 2133 2729 et
2167 2679 2407 2741 gratius.
2445 2679 2575 2737 Quis
2610 2681 2844 2742 sapiens,
2871 2687 2915 2727 et
2951 2680 3203 2742 intelliget
3233 2681 3338 2727 ista
3360 2681 3384 2728 ξε

1788 2761 1807 2781 ο
1831 2750 2141 2813 Intcttigens
2177 2755 2220 2797 et
2244 2750 2365 2797 sciet
2402 2749 2508 2797 haec
2531 2754 2555 2801 .9
2588 2750 2731 2810 Quia
2764 2750 3032 2801 videlicet
3062 2751 3284 2814 positus
3311 2750 3386 2801 sit

1789 2822 2072 2872 Dominus
2086 2821 2146 2870 in
2158 2820 2383 2871 ruinam
2395 2821 2938 2872 etresurrectionem
2951 2822 3389 2872 multorummec

1790 2906 1889 2957 per
1902 2892 2072 2943 calles
2089 2894 2215 2954 ejus
2229 2890 2583 2942 conﬁdenter
2598 2892 2887 2955 incedant,
2904 2893 2963 2943 in
2981 2892 3191 2954 quibus
3204 2896 3384 2942 secta-

1791 2969 1943 3015 tores
1961 2964 2265 3013 criminum
2285 2960 2665 3020 collabuntur,
2682 2962 2795 3013 nisi
2817 2962 2914 3025 qui
2931 2976 3003 3013 ex
3022 2968 3140 3013 toto
3158 2968 3385 3026 pectore

1792 3034 2137 3085 confitentur
2164 3032 2451 3082 Christum
2477 3033 2577 3082 Dei
2600 3045 2730 3084 esse
2754 3034 3027 3084 virtutem
3051 3033 3267 3095 Deique
3291 3045 3386 3083 sa-

1790 3104 2081 3169 pientiam,
2106 3116 2374 3166 unusque
2399 3114 2530 3154 cum
2554 3115 2622 3154 eo
2657 3104 2777 3156 fieri
2807 3104 3060 3168 spiritus,
3087 3105 3237 3157 votis
3262 3108 3387 3155 stu—

1793 3175 2018 3238 diisque
2043 3173 2416 3225 contendunt.

1794 3318 1949 3368 Prior
1965 3329 2172 3367 sensus
2186 3316 2417 3367 nativus
2438 3319 2527 3367 est
2542 3316 2748 3380 magis,
2760 3321 2933 3381 atque
2949 3317 3214 3368 Auctoris
3228 3320 3382 3366 menti

1794 3387 2155 3440 conformior:
2172 3388 2314 3439 alter
2326 3387 2658 3438 clarioribus
2673 3388 2838 3451 paulo
2850 3390 3040 3439 verbis
3056 3389 3383 3452 exponitur.

1793 3459 2149 3511 Alterutrum
2167 3458 2443 3510 orationis
2467 3463 2794 3523 contextus,
2818 3464 2877 3512 et
2891 3460 3200 3525 propositae
3223 3472 3385 3525 mys-

1797 3531 1928 3583 ticae
1959 3531 2133 3582 series
2163 3531 2398 3581 omnino
2422 3531 2618 3594 exigit.

1861 3612 1880 3632 ο
1905 3604 2140 3654 Lectum
2161 3605 2330 3654 antea
2351 3601 2624 3664 Intettigit.

961 4005 2542 4158 COMMENTARIUS

788 4286 937 4386 ΙΝ
1079 4277 1451 4384 ,ιοΕι
1598 4284 1716 4381 Pl

1796 4278 2508 4379 OPHETAM
2647 4280 2720 4369 ³.

1810 4661 1908 4726 plu
1916 4662 2114 4725 sculaa)
2129 4661 2469 4725 delegissem
2486 4675 2496 4707 :
2520 4658 2715 4711 notavi
2732 4658 2997 4710 videlicet
3010 4658 3275 4712 ultimam
3286 4676 3401 4723 quae

1810 4736 2105 4783 secundum
2120 4734 2400 4782 Hebreum
2419 4736 2668 4793 vocatur,
2682 4729 2835 4794 quod
2846 4730 2904 4781 in
2924 4743 2993 4783 ea
3012 4732 3200 4797 magis
3213 4732 3403 4784 elocu-

1813 4805 2037 4856 tionum
2061 4810 2215 4856 esset
2230 4805 2549 4868 integritas,
2574 4814 2705 4866 quae
2720 4802 2810 4853 vel
2832 4801 3094 4854 docentis
3116 4803 3403 4864 affectum,

170 4688 244 4758 Δ,
256 4685 315 4757 7
327 4684 379 4755 7
401 4686 544 4738 Cum
558 4681 625 4734 ad
643 4681 771 4758 haec
784 4676 1092 4758 probetica,
1108 4674 1202 4727 vel
1222 4674 1407 4758 eh‘ditu,
1434 4672 1571 4758 vei‘si
1585 4685 1717 4758 com-

70 4743 664 4832 pegﬁtiiis_nemora
679 4743 940 4832 digerim,
954 4749 1144 4832 audax
1160 4743 1717 4832 quidem,sedeuiuii-

66 4815 330 4891 Siculis
356 4827 651 4892 religionis
672 4824 865 4890 potius
888 4816 1422 4892 quametemeritatis
1446 4815 1715 4892 ίηὲθπυξθτ
1813 4815 3338 4892 9.19.1139?9_§§‘3‘_‘Efeﬁiiﬁ§zEt???99????‘i3‘ieﬁi‘?!

65 4875 943 4977 ἕὲῖεὲἶίῖιεῖιὲιῖδῖξοοδάθτθω.’τ
985 4892 1032 4974 ξεί
1063 4891 1172 4977 θ’υέ
1205 4886 1717 4977 δθυδίδυδιῖίὲἓὶθέλ
1814 4875 3407 4977 1‘31iﬁ‘ﬁ‘ﬁin‘iﬁiﬁf’ffﬂifﬁff‘i3313?"???323313.33;

63 4943 1055 5039 fﬁiéﬁéiaiﬁééberspieuis,
1076 4961 1176 5013 sed
1192 4972 1400 5011 arcano
1416 4943 1719 5035 splendore
1816 4946 2169 5039 311831133in
2184 4947 2354 5039 [ξένιε
2386 4946 2622 5039 ίηάξξῆἱοξ
2631 4943 3406 5039 ξοῬᾎΙξξθξίξῖξξιξίξξξξδ

66 5016 1358 5107 1-5;;grfdistquawmvEditionem'assumere
1391 5016 1545 5093 (sunt
1566 5026 1721 5077 enim
1819 5018 1940 5068 XII.
1990 5017 2402 5080 Prophetarum
2429 5019 2686 5069 ordinem
2711 5016 2863 5081 apud
2894 5016 3406 5079 llebraaos,°quam

1884 5169 1903 5190 ·
1922 5160 2008 5211 Ex
2041 5158 2411 5224 Hieronymo,
2443 5160 2543 5224 qui
2575 5160 2796 5213 Prtefat.
2833 5161 3145 5211 Comment.
3174 5159 3233 5210 in
3256 5159 3412 5211 hunc

1823 5231 2070 5284 eundem
2101 5232 2462 5294 PrOphetam,
2493 5232 2621 5282 Non
2644 5232 2807 5293 idem,
2838 5232 2933 5294 ait,
2959 5231 3088 5280 ordo
3120 5237 3191 5279 est
3213 5231 3414 5279 duode-

1824 5304 1930 5353 cim
1953 5302 2351 5364 Prophetarum
2385 5302 2537 5365 apud
2562 5302 2721 5351 LXX.
2744 5304 3068 5368 interpretes,
3103 5303 3199 5366 qui
3222 5302 3282 5350 in
3305 5304 3412 5351 He-

1827 5374 2013 5424 braica
2031 5372 2247 5421 veritate
2260 5373 2536 5421 retinetur.
2563 5373 2648 5420 Itti
2665 5374 2829 5438 enim,
2846 5381 2957 5438 etc.,
2976 5386 3109 5437 quae
3125 5374 3418 5426 referenda

1830 5447 1903 5497 ad
1934 5445 2175 5497 verbum
2213 5443 2326 5494 huc
2353 5446 2507 5492 sunt.
2547 5445 2615 5493 Et
2652 5445 2762 5494 sub
2797 5446 3024 5497 initium
3052 5447 3418 5497 Commenta-

1832 5517 1937 5569 rii:
1985 5514 2256 5573 Quomodo
2287 5517 2466 5562 autem
2498 5512 2559 5560 in
2599 5512 2718 5561 Osee
2753 5515 3164 5576 Propheta.......
3190 5516 3284 5565 sub
3320 5532 3422 5567 ηο-

1834 5590 1981 5639 mine
1992 5586 2279 5651 Ephra-im,
2292 5584 2363 5633 ad
2374 5583 2545 5632 decem
2562 5583 2749 5633 Tribus
2758 5586 3034 5647 confertur
3042 5589 3379 5638 vaticinium.
3390 5625 3420 5641 ..

1836 5664 1911 5711 sic
1948 5660 2009 5708 in
2044 5657 2175 5717 Joel,
2213 5657 2308 5721 qui
2339 5656 2504 5718 juxta
2550 5653 2789 5703 Hebraeos
2836 5658 3098 5706 secundus
3139 5664 3229 5722 est,
3271 5676 3427 5711 omne

1839 5732 1984 5798 quod
2007 5730 2208 5780 dicitur
2242 5727 2315 5776 ad
2343 5725 2558 5778 Tribum
2581 5725 2749 5798 Juda,
2772 5731 2818 5774 et
2856 5726 2929 5774 ad
2949 5726 3247 5779 Jerusalem
3274 5733 3433 5793 perti-

1838 5797 1962 5857 here
1999 5800 2322 5853 credendum
2362 5804 2537 5850 est.....
2588 5797 2845 5861 Tempora
2885 5811 3097 5859 quoque
3134 5800 3193 5848 in
3239 5804 3435 5865 quibus

1838 5874 2202 5943 prophetarit,
2238 5872 2421 5923 eadem
2454 5870 2695 5921 debemus
2731 5868 2984 5933 accipere,
3010 5881 3128 5931 quae
3150 5874 3198 5920 et
3228 5872 3288 5921 in
3316 5874 3435 5926 Osee

1842 5948 2085 6014 legimus,
2111 5948 2219 6006 etc.

3154 6026 3221 6087 83

148 5207 172 5229 -
217 5184 726 5250 Vetusinscriptio
757 5185 879 5233 erat
908 5176 1097 5254 Ruﬁni
1121 5172 1477 5254 Aquilejeusis
1502 5169 1725 5254 Ifresby-

73 5267 203 5320 teri
236 5264 321 5313 in
352 5259 527 5314 Johet,
553 5261 658 5308 etc.
697 5254 853 5305 Idem
879 5255 1031 5302 certe
1061 5250 1421 5323 Auctorest,
1447 5250 1546 5323 qui
1576 5254 1725 5306 prve-

68 5317 407 5396 eedentes
426 5331 487 5382 in
503 5330 711 5382 Oseam
727 5319 1180 5396 Commentarios
1195 5317 1531 5396 elaboravit,
1551 5325 1728 5376 seque

69 5389 236 5480 ipse
262 5407 340 5458 in
363 5402 540 5465 hujus
563 5389 1280 5480 contestuioperis-prodit:

150 5461 180 5514 ῖι
205 5461 486 5533 Lectum
520 5468 801 5523 contrario
838 5476 1014 5516 sensu
1052 5466 1140 5512 est
1168 5461 1452 5533 hactenus
1483 5462 1597 5515 aut,
1626 5467 1731 5533 pro

74 5529 282 5610 νιααῖι
302 5543 559 5610 negandi
573 5538 865 5607 particula,
880 5546 1171 5610 quamnos
1185 5529 1611 5610 substituimus.
1624 5531 1734 5576 Mox

76 5606 377 5694 quoque
387 5606 715 5666 assumerem
730 5611 1005 5694 scriptum
1017 5606 1220 5657 vitiose
1234 5608 1734 5694 erat‘proma’ssuﬂere‘.

75 5674 178 5755 f1;
170 5674 626 5757 terpunctionis
643 5685 889 5748 peccata,
915 5690 1048 5742 quas
1074 5674 1506 5757 sensum‘ferr‘ne
1529 5676 1741 5757 ever‘te-
1774 5718 1780 5727 .

78 5741 315 5829 351;:
332 5741 661 5813 dissimulo:
679 5741 963 5829 Caeterum
977 5746 1419 5829 comparandus
1427 5744 1520 5796 hic
1538 5747 1639 5829 est
1656 5741 1741 5829 lo-

82 5818 229 5899 Et};
243 5818 405 5890 dum
429 5830 541 5893 illo,
567 5839 741 5892 quem
769 5825 943 5899 habet
958 5825 1173 5899 Auctor
1192 5819 1359 5899 initio
1382 5818 1742 5899 Commenta-

78 5888 368 5974 rio—rum
387 5904 447 5956 in
470 5888 636 5974 Osee,
658 5899 729 5950 de
753 5892 1237 5974 eadem-versione.
1256 5891 1460 5974 istaex
1475 5888 1740 5950 Hebraeo,

84 5961 325 6058 quain
356 5977 425 6029 de
446 5961 679 6029 nomine
710 5972 880 6021 vocat
910 5961 1432 6030 liieronymianam.

436 6064 697 6123 PATROL.
735 6058 902 6117 XXI.
