3894 6404
502 447 639 504 1035

499 574 671 628 quem
710 553 993 628 νυιεδιίον
1039 547 1223 628 Ertio
1255 544 1542 628 ροιμιίξῑεῖτίν
1586 533 1909 628 E’Fifllilf‘;
1933 528 2086 628 933.93
2111 531 2172 604 Α

501 599 707 685 ἓδῖιηῖη
732 599 1000 678 οηῆιίυυε
1035 599 1325 684 prophetis
1349 599 1566 666 indices
1591 615 1912 685 temporum
1937 599 2086 685 tituli

497 677 893 770 prmlegantur,
910 677 1261 770 neutiquam
1285 688 1574 770 incertum
1594 677 2086 770 ilthqnu‘ibus‘ﬁta;

500 743 868 827 illi};
876 743 1085 823 singuli
1101 743 1835 827 prophetaverunt:qu_ando
1853 743 2086 827 quidem

769 815 1121 904 pei‘ﬁmanus
1167 815 1350 904 missa
1370 821 1773 904 commendet,
1821 817 1930 904 sub
1976 815 2088 896 illis

499 885 934 983 ὶῖξῖιθξξὶἰῇᾳε
958 915 1172 983 eorum,
1215 901 1313 983 qui
1337 898 1461 948 sine
1487 893 1666 983 titulis
1696 885 2090 983 legitima}:-

703 960 1054 1052 doctrinam,
1073 975 1181 1024 sub
1199 960 2088 1052 quibus‘antejeos‘p‘rophetatve:

495 1025 1362 1118 iiii-1t,“quivtitulisﬁinstruuntur.
1390 1035 1631 1089 Proinde
1655 1025 1941 1118 et’rbeatus
1966 1025 2090 1078 Joel

497 1105 708 1182 vii—deris
719 1137 794 1176 an
807 1116 1503 1184 aaquasvusintercosevos
1515 1110 1714 1158 sancto
1726 1105 2090 1184 Qseaa,quem

493 1174 770 1251 amicitiis
783 1174 1046 1254 legimus,
1061 1185 1461 1246 comprobetur
1478 1190 1694 1231 :eorum
1710 1175 1842 1254 dem
1860 1174 2092 1221 videlicet

496 1247 1106 1334 crudelitatem
1123 1253 1619 1334 contumeliasque
1634 1247 1970 1334 perpetiens,
1995 1255 2092 1326 ea-

495 1315 947 1399 dem-sacrilegia
971 1329 1162 1396 populi
1184 1325 1426 1379 furentis
1447 1332 1748 1399 accusans,
1776 1315 1978 1368 eadem
1992 1315 2092 1366 im-

497 1391 805 1478 pendentia
827 1391 1150 1458 criminosis
1179 1398 1461 1449 tormenta
1493 1391 1870 1444 denuncians.

935 1483 1217 1566 CAPUT
1265 1489 1636 1558 PRIMUM.

559 1605 766 1670 Incipit
781 1606 972 1655 autem
991 1598 1064 1649 ab
1085 1591 1426 1648 admirantis
1442 1589 1654 1656 potius,
1671 1591 1730 1640 et
1745 1586 1912 1650 quasi
1934 1597 2090 1636 com-

500 1675 832 1732 miseranlis
861 1672 1067 1724 affectu
1095 1683 1107 1718 :

945 1739 1169 1796 Verbum
1209 1737 1453 1798 Domini,
1489 1732 1632 1798 quod
1661 1730 1877 1804 factum
1907 1730 1982 1776 est
2020 1724 2092 1774 ad

495 1800 808 1882 Joelﬁlium
847 1811 1052 1864 Faluel.
1086 1811 1228 1882 Hoc,
1252 1807 1456 1882 inquit,
1493 1803 1789 1882 doctrinm,
1815 1800 1930 1882 imo
1957 1811 2092 1848 cen-

499 1875 654 1943 surae
680 1899 893 1939 munus
917 1882 1191 1946 imposuit
1207 1879 1418 1930 famulo
1445 1889 1550 1927 suo
1575 1875 1774 1924 doctor
1803 1876 2084 1946 aeternus:

1561 429 1644 479 RL"
1657 424 1820 476 l-‘INO
1857 416 2314 470 PRESBYTERO
2351 411 2732 466 ASCRIPTUS

3645 393 3787 451 1036

2197 527 2374 580 vestri
2399 529 2567 578 ﬂetus
2591 523 2854 586 anticipo,
2879 523 2938 571 et
2971 515 3125 581 quod
3149 513 3223 586 ad
3246 511 3522 564 invidiam
3539 512 3790 586 _motura

2191 578 2312 650 erat
2337 597 2688 660 conquestio,
2724 578 2939 656 primus
2969 578 3232 660 enuncio,
3255 595 3373 660 non
3401 591 3420 610 °
3452 578 3792 660 unis,_vide—

2185 669 2316 720 licet
2348 652 2656 730 alterisque
2682 652 3062 726 's’ubjacuisse
3103 654 3459 730 verberibus,
3503 652 3787 730 excitatas

2185 739 2540 791 calamitates
2558 723 2949 802 spumantium
2962 731 3143 802 instar
3155 726 3444 802 undarum
3459 723 3632 774 novis
3645 733 3792 772 sem-

2186 824 2286 876 per
2297 795 2685 875 praecedentes
2701 805 2962 857 miserias
2976 798 3284 876 depulisse.
3301 795 3520 876 anes
3534 807 3674 876 ergo
3686 797 3791 874 jam

2186 863 2260 933 ad
2286 863 2635 932 audiendum
2663 877 2866 928 incolae
2891 863 3224 924 convenite:
3249 865 3336 919 vel
3355 879 3476 924 vos,
3503 867 3602 929 qui
3627 863 3790 915 senio

2187 953 2324 1004 vitaa
2346 951 2514 1002 istius
2557 949 2802 1014 plurima
2825 943 3076 1014 pericula
3101 939 3417 1014 collegistis
3442 937 3502 1002 [A
3514 943 3589 987 nt.
3616 935 3791 986 colle-

2186 1023 2360 1089 gisti],
2401 1021 2489 1075 vel
2530 1010 2638 1072 vos
2663 1020 2757 1083 qui
2785 1018 2978 1068 minus
3011 1010 3443 1089 licethabeatis
3479 1019 3786 1089 annorum,

2187 1077 2384 1148 tamen
2411 1093 2627 1157 vigenti
2653 1077 2930 1142 memoria
2959 1083 3205 1152 potestis
3233 1082 3542 1157 continere,
3570 1079 3619 1130 si
3645 1077 3784 1142 quid

2191 1165 2374 1218 simile
2400 1177 2435 1216 a
2458 1154 2793 1228 parentibus
2817 1155 3335 1228 accepistis,quale
3359 1155 3430 1228 in_
3445 1154 3789 1228 praesentem

2189 1219 2733 1289 conﬂuxitsetalem.
2753 1235 2934 1282 Immo
2948 1219 3084 1292 quid
3101 1227 3288 1278 dicam
3301 1226 3328 1274 ?
3349 1221 3502 1275 solos
3519 1219 3790 1272 consula-

2188 1321 2322 1360 mus
2333 1305 2588 1362 annales,
2605 1304 2770 1368 quasi
2783 1299 3184 1364 exemplorum
3197 1295 3402 1348 solatia
3413 1294 3788 1357 requirentes,

2189 1392 2324 1430 cum
2344 1379 2401 1430 in
2419 1390 2554 1430 eum
2566 1375 2864 1427 cumulum
2882 1370 3142 1422 miserias
3161 1368 3352 1432 gentis
3367 1371 3582 1416 nostras
3598 1375 3796 1415 ascen-

2190 1451 2344 1502 disse
2357 1449 2725 1514 perpendam,
2745 1450 2808 1496 ut
2819 1443 2957 1496 nihil
2977 1441 3086 1514 tale
3100 1441 3185 1514 vel
3201 1437 3355 1501 apud
3367 1437 3591 1487 futuros
3608 1435 3793 1514 possit

2189 1504 2545 1575 existere-Et
2558 1531 2727 1570 senes
2745 1529 2899 1578 ergo,
2915 1519 2972 1566 et
2988 1512 3337 1564 habitatores
3362 1507 3676 1578 terrae,iqui
3701 1504 3792 1556 vel

2189 1594 2478 1659 percipere
2496 1590 2751 1651 auribus,
2776 1577 2866 1638 vel
2890 1585 3088 1659 audire
3097 1583 3522 1659 jubentur._non
3540 1577 3792 1628 diversa-

2189 1649 2291 1728 aut
2315 1649 2518 1714 merita
2543 1649 2858 1724 signat'aut
2876 1655 3090 1728 studia,
3120 1653 3231 1728 sed
3248 1649 3580 1728 simpliciter
3608 1653 3671 1728 ut
3691 1660 3787 1728 au-

2193 1723 2369 1791 diant,
2393 1719 2724 1798 imperatur.
2751 1727 2928 1791 Quale
2944 1732 3033 1778 est
3055 1724 3193 1776 illud
3218 1723 3278 1798 in
3310 1722 3560 1785 psalmo:
3590 1719 3789 1798 {ludite

2191 1807 2313 1865 haec,
2340 1791 2522 1855 omnes
2537 1810 2711 1868 gentes
2735 1816 2747 1852 :
2779 1799 3006 1850 auribus
3024 1797 3298 1862 percipite,
3316 1807 3500 1843 omnes
3517 1793 3614 1856 qui
3632 1791 3788 1841 habi-

2190 1861 2314 1927 tatis
2336 1861 2760 1940 orbem,vquique
2785 1861 3058 1935 terrigenae
3081 1876 3128 1918 et
3156 1868 3257 1930 ﬁlii
3289 1867 3597 1940 hominum,
3622 1861 3787 1912 simul

500 1961 732 2012 nomine
749 1935 962 2020 quippe
981 1935 1140 2004 verbi
1159 1955 1354 2007 totum,
1373 1960 1546 2010 quam
1569 1946 1929 2020 visurus_est,
1957 1940 2090 1991 doc:-

2195 1950 2257 1998 in
2281 1963 2456 1998 unum
2483 1935 2921 2020 diveselpauper
2944 1941 3121 2020 _(Psal.
3150 1940 3276 1998 48.).
3303 1937 3565 1988 Pluribus
3589 1935 3786 2020 utique

499 2034 706 2084 trinam
723 2015 930 2093 pariter
945 2023 1218 2076 indicavit
1251 2024 1653 2093 Paterquoque
1669 2015 1961 2093 prophetae
1978 2025 2094 2093 no‘n

497 2083 769 2156 denihil‘o
795 2101 1179 2150 memoratur:
1211 2093 1310 2144 sed
1335 2091 1608 2154 quoniam
1647 2085 1947 2137 sanctitate
1973 2083 2096 2147 pol-

496 2175 758 2232 lentium,
783 2169 1048 2234 quotiens
1065 2179 1178 2216 non
1199 2165 1384 2216 solum
1405 2163 1664 2234 virtutes,
1685 2162 1955 2234 caeterum
1977 2156 2096 2234 lita-

493 2247 648 2308 jores
663 2227 832 2295 etiam
847 2239 1239 2308 nominantur,
1257 2235 1356 2285 flat
1369 2233 1453 2308 eis
1467 2245 1597 2308 cum
1617 2228 1950 2308 parentibus
1972 2227 2092 2276 suis

497 2297 797 2381 dignitatis
824 2309 1092 2374 aequatio,
1119 2297 1315 2381 sicque
1339 2310 1396 2356 et
1420 2303 1519 2360 illi,
1546 2301 1638 2381 vel
1659 2300 1821 2364 justi,
1851 2297 1935 2349 vel
1959 2310 2093 2362 pro-

499 2376 706 2453 pheta),
733 2382 824 2436 vel
848 2381 1146 2453 pontiﬁces
1167 2377 1524 2453 judicentur._
1551 2376 1690 2453 ilazc
1729 2383 1873 2453 ergo
1887 2381 2095 2448 caussa

499 2439 805 2510 laudandae
837 2439 1047 2503 radicis
1070 2450 1132 2500 in
1167 2439 1438 2512 germine,
1478 2449 1536 2496 et
1559 2445 1802 2494 honesta
1827 2446 1884 2492 et
1906 2439 2092 2503 gravis

499 2529 756 2580 docetur.
793 2523 938 2576 Illud
965 2525 1158 2573 autem
1183 2518 1334 2582 quod
1367 2516 1603 2580 quidam
1635 2524 1651 2543 ·
1676 2518 2093 2563 Commentatores

499 2597 876 2664 etymologias
895 2594 1065 2644 etiam
1078 2591 1378 2664 nominum
1399 2585 1512 2664 47
1524 2583 1576 2654 9
1589 2583 2095 2664 _prosequuti_sutit

503 2654 577 2722 de
605 2670 698 2720 his
724 2654 989 2720 videlicet
1013 2662 1248 2714 laudum
1278 2660 1496 2710 semina
1519 2656 1872 2718 colligentes,
1899 2654 1956 2704 id
1984 2659 2093 2717 est,

498 2740 625 2793 Joel
672 2749 690 2768 ι
733 2736 886 2802 quod
929 2731 1199 2800 ἀρχόμενος
1231 2731 1499 2794 incipiens
1534 2727 1851 2802 transferre
1898 2738 2096 2788 possu-

499 2825 654 2876 mus,
686 2796 925 2861 Pliatuel
949 2796 1185 2876 latitudo
1222 2803 1336 2861 Dei,
1370 2803 1427 2851 et
1467 2799 1690 2876 reliqua
1717 2799 1775 2848 in
1806 2796 2098 2876 huncine-

503 2867 662 2943 dum',
690 2885 755 2932 ut
783 2875 1019 2944 puerilia
1043 2879 1101 2926 et
1125 2875 1319 2938 inepta
1345 2875 1502 2944 sunt,
1527 2870 1609 2921 ita
1632 2869 1761 2933 plus
1783 2867 1997 2932 negotii
2018 2869 2096 2920 vi-

503 2955 706 3006 dentur
723 2943 950 3006 habere,
965 2959 1139 3010 quam
1161 2943 1462 2996 commodi.

563 3027 724 3076 Vers.
751 3019 802 3075 2.
829 3048 888 3058 -
914 3009 1112 3068 Audite
1149 3015 1265 3080 hoc,
1297 3029 1460 3078 senes,
1496 3017 1540 3062 et
1574 3009 1800 3060 auribus
1820 3010 2092 3074 pcreipite,

501 3109 682 3145 omnes
701 3091 1024 3142 habitatores
1049 3093 1216 3150 terrae,
1241 3085 1288 3135 si
1312 3085 1519 3148 factum
1553 3087 1623 3130 est
1646 3081 1792 3130 istud
1820 3081 1883 3130 in
1913 3081 2094 3129 diebus

503 3165 700 3228 vestris,
723 3168 818 3212 aut
846 3162 908 3210 in
933 3160 1114 3208 diebus
1136 3157 1693 3228 patrumvcstrorum.
1720 3151 1933 3202 Habitu
1958 3163 2096 3202 con-

502 3223 1158 3296 cionatorisingreditur,
1179 3223 1639 3290 magnitudinem
1663 3224 1966 3296 calamitatis
1980 3236 2095 3282 quas

499 3305 776 3362 lsraelitis
799 3294 1054 3366 contigit,
1081 3303 1436 3352 narraturus.
1465 3297 1624 3358 Ecce,
1663 3294 1872 3358 inquit,
1897 3305 2095 3346 vocem

2195 2022 2380 2072 modis
2399 2019 2541 2070 nihil
2560 2007 2734 2078 aliud,
2751 2027 2924 2079 quam
2944 2013 3210 2064 homines
3235 2022 3381 2072 quos
3405 2009 3682 2058 convocat
3700 2007 3788 2079 ju-

2194 2091 2456 2155 dicando,
2477 2089 2740 2154 signavit.
2763 2078 2924 2149 Quod
2944 2085 3068 2136 ideo
3089 2082 3331 2134 breviter
3343 2079 3632 2155 adnotavi,
3651 2078 3786 2155 quia

2193 2163 2214 2193 δ
2231 2149 2464 2227 quidam
2486 2149 2658 2213 iri/his
2679 2156 2973 2210 vocabulis
2998 2156 3237 2206 multam
3263 2165 3394 2227 esse
3410 2149 3785 2227 ditierentiam

2193 2221 2580 2295 crediderunt,
2607 2245 2704 2296 per
2741 2242 2874 2294 qua
2911 2229 3016 2280 hoc
3040 2227 3347 2296 plurimum
3375 2221 3664 2274 inutilium
3684 2233 3788 2272 ex-

2193 2306 2441 2371 pendere
2454 2294 2780 2356 verborum.
2795 2300 2904 2352 Sed
2917 2311 3025 2349 nos
3037 2297 3172 2361 quid
3188 2294 3465 2371 propheta
3495 2305 3628 2344 cum
3641 2298 3786 2340 tanta

2193 2366 2586 2428 admirationis
2615 2373 2838 2426 ambitu
2874 2371 3110 2430 deferat,
3133 2366 3456 2418 audiamus.

2259 2449 2415 2498 Vers.
2448 2447 2498 2500 4.
2521 2473 2580 2482 -
2607 2445 2900 2494 Residuum
2938 2456 3104 2490 erucae
3127 2438 3350 2488 comedit
3375 2437 3594 2499 locusta,
3623 2440 3666 2483 et
3703 2448 3790 2482 rc-

2189 2519 2412 2568 siduum
2436 2519 2642 2567 locusta:
2664 2513 2886 2564 comedit
2923 2513 3178 2572 bruchus,
3218 2515 3260 2558 et
3297 2509 3573 2557 residuum
3601 2505 3790 2554 bruchi

2193 2591 2415 2641 comedit
2436 2590 2644 2653 rubigo.
2664 2597 2682 2616 ο
2699 2587 2970 2638 Diversus
2989 2583 3376 2653 calamitatum
3398 2579 3622 2653 species
3633 2579 3789 2628 com-

2198 2662 2517 2726 prehendit,
2543 2647 2692 2724 quas
2710 2657 3046 2710 Judaaorum
3072 2653 3278 2726 populo
3299 2651 3556 2716 deplorat
3569 2647 3752 2726 illatas
3771 2663 3783 2697 :

2195 2721 2438 2798 quarum
2455 2721 2697 2797 singulae
2713 2743 2845 2782 cum
2863 2725 3463 2786 incidunt,itafructus
3478 2721 3613 2774 anni
3625 2734 3788 2782 spem-

2195 2819 2307 2872 que
2331 2809 2703 2864 consumunt,
2745 2808 2809 2854 ut
2838 2799 3216 2864 agricolarum
3249 2801 3482 2872 pectora
3525 2803 3784 2872 aerumna

2194 2865 2402 2944 pariter
2431 2883 2488 2928 et
2512 2875 2755 2928 formido
2789 2873 3207 2944 comminuant.
3233 2871 3390 2944 Ωιιωῇ
3409 2879 3549 2944 sane
3571 2865 3787 2944 incom-

2193 2938 2366 3002 moda
2386 2949 2498 2999 illis
2521 2961 2639 2999 non
2659 2945 2837 2998 semel
2853 2944 2953 2996 sed
2970 2943 3261 3008 plerisque
3276 2938 3554 2991 accidisse
3569 2939 3782 3008 tempe;

2193 3021 2372 3081 ribus,
2392 3018 2480 3071 vel
2493 3019 2616 3083 ipso
2637 3029 2810 3081 quem
2827 3005 3002 3082 480
3023 3012 3362 3064 disserimus
3383 3005 3783 3083 propheta,_vel

2198 3078 2631 3144 Deuteronoinio
2653 3078 3057 3149 denunciante,
3069 3083 3406 3147 colligimus.
3421 3080 3583 3133 Unde
3594 3083 3652 3130 et
3663 3078 3785 3130 illo-

2193 3175 2320 3215 rum
2334 3163 2665 3227 opinionem
2677 3159 2774 3224 qui
2788 3159 2913 3211 hmc
2925 3157 3117 3208 omnia
3128 3155 3199 3206 de
3211 3153 3476 3227 hostibus
3486 3151 3640 3227 dicta
3652 3150 3790 3200 assu-

2193 3224 2416 3299 mant,"
2439 3233 2776 3290 refutamus,
2799 3233 2946 3282 Nam
2970 3233 3028 3281 et
3042 3229 3377 3299 erucam,et
3401 3225 3698 3299 locustam,
3724 3224 3784 3273 et

2194 3293 2500 3368 brucbum,
2533 3308 2590 3357 et
2613 3303 2955 3367 rubiginem,
2985 3299 3059 3351 ad
3095 3295 3317 3362 Assyrii
3351 3299 3408 3348 et
3434 3293 3700 3354 Chaldaei,
3727 3298 3785 3344 et

570 3488 587 3509 ·
621 3473 965 3539 Estaliquid,
979 3469 1129 3536 quod
1146 3470 1336 3542 ipsum
1348 3467 1420 3542 de
1432 3466 1668 3542 nomine
1682 3464 1986 3542 _lIieronym
1997 3477 2090 3516 um

2193 3476 2318 3542 ipse
2341 3486 2496 3526 error
2519 3471 2793 3534 insinuat,
2821 3469 3032 3542 evincit
3045 3480 3180 3542 vero
3196 3467 3356 3542 vocis
3377 3463 3782 3542 interpretatio,

501 3561 619 3602 non
641 3535 1023 3608 notam—quem
1037 3545 1190 3592 certe
1205 3541 1264 3590 in
1281 3539 1472 3590 animo
1495 3535 1718 3598 habuit,
1732 3541 1959 3600 autpraa
1975 3549 2096 3588 caa-

503 3619 660 3680 teris,
685 3622 787 3668 aut
809 3614 994 3667 solum
1017 3611 1416 3676 perstringere.
1436 3609 1572 3672 Ejus
1587 3620 1793 3680 nempe
1808 3613 1947 3659 sunt
1969 3613 2098 3680 ety-

503 3678 764 3753 mologia;
790 3685 902 3738 illm
938 3683 1240 3736 nominum
1266 3680 1495 3730 Phatuct
1531 3683 1589 3753 et
1615 3678 1748 3742 Joel,
1787 3691 1858 3730 ex
1881 3679 2095 3753 quibus

499 3751 938 3818 eruditissimos,
955 3759 1012 3808 et
1036 3753 1288 3805 maxime
1313 3751 1660 3815 anagogicos
1673 3762 1882 3802 sensus
1898 3752 1957 3802 in
1973 3763 2096 3803 rem

499 3844 664 3884 suam
689 3829 986 3894 depromit.
1006 3824 1255 3886 Phatuel,
1272 3823 1476 3886 inquit,
1507 3823 1566 3869 in
1589 3821 2096 3894 linguamnostram

497 3905 738 3965 vertitur,
764 3893 1004 3952 latitudo
1031 3895 1148 3958 Dei,
1174 3895 1252 3945 vel
1267 3894 1531 3957 aperiens
1555 3895 1730 3955 Deus,
1756 3893 1889 3965 utin
1907 3895 2094 3945 Marco

499 3963 734 4039 legimus.
748 3971 1082 4022 Saluatore-1n
1108 3967 1180 4016 ad
1199 3965 1450 4039 surdum,
1467 3968 1793 4039 _mutumque
1815 3963 2092 4029 dicentem,

495 4033 778 4110 ερὴρὴεέα,
805 4045 933 4102 etc.,
975 4051 1119 4110 quae
1140 4037 1281 4088 satis
1319 4034 1600 4110 concinne
1627 4046 1698 4084 ex
1719 4033 1870 4110 _ali_is
1908 4036 2094 4088 tribus

500 4104 804 4181 Scriptura:
837 4108 1158 4164 testimonis
1179 4120 1248 4160 eo
1287 4106 1476 4181 refert.
1515 4106 1681 4181 Tum,
1707 4105 1782 4181 _De
1809 4104 2094 4181 latitudine

495 4193 542 4238 et
565 4175 916 4252 adapertione
943 4185 1248 4252 generatus,
1277 4176 1584 4252 appellatur
1605 4175 1736 4252 doct,
1762 4177 1908 4252 quod
1944 4178 2095 4242 apud

495 4274 591 4310 nos
612 4246 787 4319 sonat,
825 4254 1122 4317 incipiens,
1146 4249 1242 4314 vel,
1267 4253 1358 4300 est
1389 4250 1566 4309 Deus,
1595 4246 1798 4319 dicente
1825 4248 2090 4313 Apostoto,
2113 4275 2118 4280 ’

495 4331 722 4388 Fratres,
747 4317 840 4391 ego
863 4339 944 4374 me
977 4339 1086 4373 non
1113 4321 1349 4372 arbitror
1383 4317 1862 4391 com-prehendisse,
1899 4325 1958 4372 et
1981 4332 2094 4374 cm—

497 4405 636 4464 tcra,
661 4389 792 4464 quae
807 4397 878 4449 de
895 4395 1112 4453 Exodo,
1133 4391 1359 4450 Esther,
1374 4391 1597 4464 Joanne
1613 4395 1670 4440 et
1687 4389 1932 4442 Psalmis
1956 4404 2095 4442 con-

495 4463 659 4537 gerit,
681 4463 744 4522 et
767 4467 1061 4533 proposito
1087 4477 1192 4516 suo
1217 4466 1392 4537 aptat.
1415 4463 1557 4523 Qua)
1580 4464 1777 4537 noster
1803 4474 1944 4537 cum
1959 4478 2092 4537 pue-

493 4532 627 4593 rilia
649 4532 694 4592 et
723 4532 909 4605 inepta
934 4549 1139 4592 vocare
1161 4533 1351 4596 audet,
1368 4537 1436 4605 _et
1457 4543 1588 4605 qum
1623 4532 1746 4605 plus
1767 4534 1968 4598 negotii
1989 4535 2094 4584 ha-

495 4613 668 4675 beant,
703 4602 871 4676 qudm
899 4605 1186 4668 commodi,
1213 4605 1336 4669 ipse
1360 4602 1694 4676 fastidiosus
1707 4602 1882 4676 homo
1906 4609 2013 4676 est,
2035 4609 2092 4658 et

497 4685 569 4735 ab
595 4674 739 4747 ejus,
764 4681 936 4744 cujus
951 4690 1166 4730 nomen
1181 4676 1476 4747 mentitur,
1496 4674 1925 4747 Hieronymiani
1940 4677 2088 4741 muli,

497 4744 685 4807 Rufini
695 4790 707 4810 ,
717 4753 972 4816 inquam,
985 4747 1216 4813 ingenio
1228 4745 1468 4809 alienus,
1483 4745 1582 4809 qui
1593 4744 1878 4810 ejusmodi
1889 4751 1936 4794 et
1947 4761 2092 4807 ymo-

496 4825 676 4890 logias
692 4825 750 4875 in
768 4823 889 4874 suis
906 4817 1340 4890 Commentariis
1357 4817 1616 4890 studiose
1627 4819 2012 4890 consectatur,
2028 4818 2092 4868 ut

2194 3535 2251 3599 id
2267 3551 2374 3606 est,
2403 3543 2688 3608 incipiens,
2715 3552 2848 3606 qua:
2872 3539 3126 3592 nominis
3149 3536 3275 3590 Joel
3309 3535 3658 3608 etymologia
3675 3537 3780 3608 est,

2195 3605 2498 3670 conﬁrmat
2515 3605 2768 3678 denique
2793 3613 3178 3676 Hieronymus
3208 3609 3270 3661 in
3298 3607 3520 3660 Prmfat.
3545 3605 3675 3678 ,Ioct,
3696 3605 3784 3656 in-

2195 3689 2420 3754 quiens,
2437 3677 2726 3754 ἆρχὸμενός,
2742 3685 2802 3734 id
2841 3688 2932 3743 est,
2970 3682 3252 3748 incipiens.
3280 3681 3423 3732 Vide
3440 3679 3510 3754 isi
3544 3677 3705 3754 _lubet
3727 3682 3783 3754 et

2193 3747 2742 3815 Nominum'tibrum,
2767 3755 2840 3808 ad
2865 3755 3067 3808 eodem
3086 3747 3146 3806 VS.
3169 3755 3412 3805 Doctore
3436 3750 3634 3803 Latine
3655 3747 3783 3801 red-

2195 3831 2384 3885 ditum
2403 3842 2477 3883 ex
2511 3830 2708 3882 Graeco
2729 3828 2909 3879 Tomo
2936 3827 3187 3890 Operum
3209 3825 3305 3876 ΠΙ.

2255 3951 2276 3974 ο
2308 3936 2592 3990 Rescribit
2611 3939 2782 3988 vetus
2805 3933 3000 3986 Editor
3015 3931 3087 3984 ad
3119 3930 3246 3982 libri
3270 3941 3449 3994 oram,
3465 3927 3634 3978 unius
3646 3925 3782 3975 vide-

2195 4009 2329 4072 licet,
2366 4007 2662 4070 alteriusve,
2707 4009 2815 4058 etc.
2848 4003 2960 4056 Sed
2993 4005 3166 4056 cubat
3199 4002 3262 4054 in
3294 3997 3780 4072 subsequentibus

2194 4069 2502 4196 gntgigggim;
2541 4083 2599 4130 et
2635 4069 2772 4130 sane
2805 4075 3041 4126 miseriis
3081 4086 3184 4141 pro
3211 4071 3462 4138 miseriae
3489 4069 3600 4136 legi
3635 4080 3778 4135 prie-

2255 4248 2277 4279 δ
2299 4251 2514 4300 Iterum
2533 4259 2749 4310 magno
2786 4244 3154 4308 Hieronymo,
3189 4253 3498 4308 suppresso
3529 4238 3776 4300 nomine,

2192 4319 2450 4379 insultat,
2478 4317 2740 4382 verbaque
2763 4316 2994 4365 inutilia
3017 4318 3205 4378 vocat,
3237 4325 3370 4378 qum
3394 4312 3488 4364 ille
3507 4310 3780 4382 mysteria

2190 4395 2396 4444 notatu
2418 4381 2757 4454 dignissima
2767 4387 3056 4439 hocversu
3066 4384 3346 4451 proponit,
3362 4388 3418 4435 et
3442 4381 3780 4454 luculentis-

2191 4463 2336 4514 sime
2357 4452 2621 4526 explicat.
2649 4459 2800 4511 Satis
2828 4469 3115 4523 superque
3131 4456 3207 4508 sit
3221 4455 3292 4506 ad
3315 4453 3498 4506 sancti
3519 4452 3780 4526 Doctoris

2189 4524 2784 4586 vindiciaéLectorem
2795 4529 2866 4581 ad
2880 4530 3007 4594 ejus
3018 4526 3469 4580 eruditissimam
3479 4524 3778 4590 expositio-

2188 4617 2323 4656 nem
2347 4603 2456 4656 loci
2485 4601 2816 4665 amandare,
2841 4612 3013 4664 quam
3050 4611 3184 4652 cum
3206 4597 3424 4663 legerit,
3449 4595 3604 4648 dicas
3625 4596 3780 4660 ejus-

2187 4675 2346 4728 modi
2373 4674 2544 4726 nauci
2565 4677 2622 4726 et
2640 4672 2802 4724 nihili
2824 4671 3014 4724 faciet.

2250 4791 2270 4813 ο
2305 4781 2523 4833 Vitiose
2544 4783 2718 4832 antea
2737 4777 3035 4843 legebatur
3058 4775 3368 4828 Diversitas.

497 4871 688 4950 videre
709 4894 870 4947 estin
893 4871 1394 4944 Benedictionibus
1419 4887 1894 4950 Patriarcharum,
1922 4871 2086 4948 iisque
2111 4881 2170 4956 D
2219 4955 2230 4956 η
2248 4881 2266 4911 ²
2298 4883 2486 4944 Atque
2507 4877 2633 4956 heic
2648 4876 2813 4956 tertio
2837 4873 3342 4940 Hieronymianam
3361 4871 3776 4937 expositionem

487 4966 837 5034 jamdudum
860 4965 932 5016 ab
954 4963 1212 5028 Origenis
1231 4959 1493 5025 magistri
1519 4959 1609 5010 sui
1629 4957 1871 5010 lectione
1881 4969 2086 5011 assue-

491 5043 1114 5168 veEallivinandumfuit,
1142 5103 1281 5170 quid
1307 5101 1417 5152 sibi
1431 5097 1748 5152 illudvellet
1759 5101 2083 5170 monstrum

487 5183 664 5248 verbi,
688 5181 840 5246 quod
869 5184 1038 5233 antea
1059 5167 1387 5248 obtinebat;
1407 5183 1509 5238 pro
1525 5173 1727 5248 graeco
1750 5171 1904 5248 enim
1926 5167 2085 5248 ῥρχῤ-

488 5241 662 5320 μενος,’
681 5241 836 5318 quod
851 5263 969 5304 non
981 5245 1408 5320 substituimus,
1431 5241 1708 5320 scriptum
1727 5250 1827 5290 erat
1843 5244 2084 5294 hisliteris

485 5314 672 5392 apoke.
697 5314 842 5376 Ἠοο.
889 5325 1044 5385 Quas
1068 5317 1320 5392 quidem
1351 5315 1578 5392 Graecas
1615 5314 2082 5392 emngerevetus

482 5385 750 5450 librarius
763 5395 964 5456 voluit,
983 5398 1048 5444 ut
1063 5389 1176 5454 ipsi
1193 5387 1590 5439 characterum
1603 5385 1815 5437 ductus
1829 5386 2083 5438 subindi—

485 5475 636 5535 cant,
669 5469 768 5522 sed
791 5469 1046 5531 ignotam
1080 5472 1279 5535 vocem
1301 5456 2081 5535 describen‘di_t‘alli_solenne

481 5548 592 5602 est,
618 5529 674 5594 et
693 5529 958 5605 quaedam
979 5548 1114 5588 cum
1131 5530 1550 5605 Latinisliteris
1572 5529 1884 5605 similitudo
1916 5530 2080 5583 facile

482 5601 682 5667 fucum
705 5601 855 5664 fecit.
887 5607 995 5661 Sed
1020 5611 1080 5660 et
1105 5605 1254 5670 prior
1268 5603 1482 5663 Editor,
1509 5601 1647 5666 quid
1672 5601 1782 5653 hoc
1801 5601 1881 5652 rei
1903 5605 2080 5664 esset,

483 5697 600 5736 non
613 5699 638 5732 a
649 5685 930 5747 ssequutu
940 5679 1048 5743 s,in
1061 5677 1228 5743 pejus
1241 5675 1470 5747 videtur
1481 5674 1719 5747 verbum
1732 5673 2080 5736 depravasse

481 5743 818 5818 interposito
836 5756 1068 5818 puncto.
1089 5747 1372 5818 Scriptum
1391 5745 1631 5796 fueritin
1647 5756 1744 5818 eo,
1763 5757 1872 5818 quo
1887 5743 2080 5818 uteba-

483 5830 577 5878 tur
587 5815 751 5877 citem
761 5815 919 5888 plari,
932 5820 1332 5886 grandioribus
1345 5817 1544 5880 literis,
1561 5817 1672 5888 ΜΕ,
1691 5815 1846 5888 quod
1861 5827 1958 5879 pro
1974 5816 2074 5880 Ke,

480 5901 537 5948 et
575 5898 728 5955 NUC,
755 5886 909 5958 quod
946 5905 1046 5957 pro
1082 5892 1198 5958 Hoc
1215 5889 1451 5954 accepit.
1479 5889 1552 5940 Ut
1573 5886 1839 5958 habuerit
1873 5898 1934 5938 se
1963 5898 2072 5954 res,
2105 5897 2113 5905 '

477 5979 654 6034 quam
674 5957 786 6018 nos
813 5964 1148 6026 lectionem,
1183 5957 1471 6030 ἀρχόμενος,
1502 5957 1881 6020 restituimus,
1907 5963 2075 6012 vetus

2187 4955 2392 5006 Noster
2413 4949 2700 5016 suggillet.
2716 4949 2962 4998 Sanctus
2974 4952 3168 4998 autem
3192 4947 3355 4996 Pater
3369 4956 3436 4996 ex
3452 4946 3773 5016 Hebraeorum

2187 5014 2588 5077 traditionibus
2604 5021 2844 5085 ipsoque
2860 5031 2957 5070 ore
2977 5018 3056 5069 ibi
3069 5016 3339 5081 loquitur,
3367 5027 3512 5079 quos
3529 5014 3780 5078 antiqui-

2183 5099 2370 5148 tatum
2383 5104 2692 5156 rerumque
2709 5103 2947 5143 suarum
2963 5103 3038 5142 no
3049 5094 3206 5142 verat
3216 5087 3612 5152 peritissimos.
3632 5085 3779 5135 Eru-

2182 5184 2320 5230 cam,
2344 5167 2549 5230 inquit,
2576 5175 2800 5216 HEBRBI
2815 5162 3063 5226 Assyrios
3086 5162 3534 5226 interpretantur,
3555 5157 3781 5222 Babylo-

2181 5240 2320 5303 nios,
2347 5244 2507 5303 atque
2533 5235 2827 5296 Chaldaeos,
2857 5235 2956 5298 qui
2978 5233 3041 5283 de
3064 5247 3175 5282 uno
3200 5231 3342 5281 orbis
3361 5231 3778 5303 climate_proce-

2180 5300 2376 5372 den-tes,
2404 5300 2516 5360 tam
2559 5308 2733 5356 decem
2764 5306 3026 5367 tribuum,
3059 5317 3227 5368 quam
3266 5303 3526 5362 duarum,
3566 5300 3664 5350 hoc
3684 5306 3776 5364 est,

2179 5381 2462 5432 lsraclit-ici
2497 5378 2685 5444 populi
2712 5384 2904 5428 cuncta
2945 5380 3250 5426 vastarunt.
3292 5375 3574 5424 Locustam
3595 5377 3774 5422 autem

2177 5455 2358 5504 Medos
2384 5453 2832 5516 interpretantur,
2857 5453 2902 5498 et
2921 5449 3130 5512 Persas,
3156 5447 3252 5510 qui
3279 5445 3522 5495 subverso
3544 5445 3771 5510 imperio

2182 5525 2579 5584 Chaldaeorum,
2592 5522 2808 5572 Judaeos
2833 5521 3064 5570 habuere
3079 5519 3332 5583 captivos.
3357 5517 3636 5567 Bruchum
3651 5516 3772 5565 Ma-

2177 5599 2424 5659 cedonas,
2453 5602 2500 5646 et
2521 5610 2702 5646 omnes
2729 5592 3036 5644 Alexandri
3056 5605 3388 5650 successores,
3413 5589 3654 5638 maxime
3670 5602 3771 5651 que

2176 5684 2352 5734 regem
2374 5668 2706 5719 Antiochum
2729 5669 3075 5728 cognomento
3091 5663 3454 5728 Epiphanem,
3481 5661 3577 5725 qui
3593 5660 3769 5734 instar

2178 5729 2374 5791 br'uclti
2397 5740 2530 5789 sedit
2553 5739 2614 5787 in
2637 5738 2848 5796 Judwa,
2873 5743 2918 5785 et
2945 5749 3128 5786 omnes
3152 5735 3402 5798 priorum
3432 5746 3619 5794 regum
3642 5729 3770 5780 reli-

2177 5815 2337 5879 quias
2367 5811 2713 5862 devoraverit.
2749 5807 3071 5872 Rubiginem
3103 5806 3345 5870 referunt
3373 5803 3446 5854 ad
3473 5803 3766 5870 imperium

2175 5886 2568 5948 Romanorum,
2593 5883 2688 5948 qui
2704 5881 2887 5948 quarti
2906 5886 2954 5930 et
2969 5879 3150 5930 ultimi
3165 5879 3226 5928 in
3244 5882 3455 5928 tantum
3471 5888 3768 5942 oppressere

2173 5956 2404 6022 Judteos,
2428 5961 2484 6008 ut
2509 5957 2571 6008 de
2591 5955 2705 6007 suis
2731 5953 2933 6022 ﬁnibus
2955 5967 3040 6004 eos
3061 5949 3330 6018 pellerent,
3354 5953 3462 6004 etc.
