3884 6406
31 455 174 510 1037

1244 463 1315 511 ΙΝ
1350 463 1380 512 J
1387 461 1523 514 OEL
1559 464 2138 520 COMMENTARIUS.

3194 471 3332 527 1038

30 567 422 654 alaecllonici,
434 571 492 654 et
514 568 757 654 homani
771 569 960 654 pepuli
985 576 1335 654 putaverunt
1352 574 1636 654 significa—
1661 582 1714 654 Α
1739 579 1885 654 batis
1909 580 2086 632 thoris
2116 586 2173 633 et
2206 583 2512 646 cubilibus,
2537 584 2744 632 ululata
2780 599 2980 644 omnes,
3021 585 3117 648 qui
3159 583 3334 632 bibitis

29 640 252 690 tionem
269 637 489 689 valere:
517 651 767 701 quorum
787 642 988 704 opibus
1007 643 1279 693 nimirum
1301 646 1635 698 Judaeorum

27 715 120 762 est
161 711 361 761 attrita
397 710 760 773 Respublica,
812 713 920 762 sub
957 713 1342 776 descriptione
1376 717 1642 769 videlicet

26 783 414 844 locustarum,
431 781 897 834 vicissitudinem
912 782 1167 834 hostium
1179 785 1521 846 publicatam
1531 805 1640 838 esse

27 851 360 904 credentes.
395 851 560 913 Quod
595 854 792 915 utique
826 863 843 882 ·
877 855 1206 906 viderentur
1247 869 1347 920 per
1387 858 1639 922 aliquam

23 923 509 988 consequentiam
523 923 819 987 suspicati,
835 924 883 974 si
895 925 1038 976 nihil
1051 925 1444 979 calamitatum
1455 931 1485 980 J
1493 931 1640 982 udzei

21 995 140 1046 nisi
175 997 251 1047 ab
277 995 548 1046 hostibus
573 995 966 1058 pertulissent.
999 997 1138 1047 Cum
1175 1012 1306 1050 vero
1345 1005 1402 1051 et
1428 1001 1640 1052 famem

22 1066 462 1128 gravissimam,
489 1071 546 1117 et
566 1065 939 1130 prodigialem
957 1068 1104 1118 sicut
1125 1069 1274 1120 beati
1298 1071 1477 1123 I-Ieliae
1499 1077 1641 1123 tem-

25 1136 272 1200 poribus
307 1137 646 1194 siccitatem,
687 1141 742 1187 et
772 1143 1015 1189 mortem
1052 1139 1302 1190 subitam
1335 1143 1638 1204 variasque

23 1208 433 1272 corruptiones
447 1207 752 1272 pertulisse
767 1208 1100 1272 doceantur,
1121 1211 1260 1274 quid
1276 1211 1385 1262 fuit
1398 1225 1638 1265 necesse

23 1291 159 1330 eam
177 1291 414 1343 quoque
432 1278 751 1343 penuriam,
769 1280 1403 1342 quamvislocustarum
1425 1287 1484 1335 et
1503 1285 1637 1336 bru-
1689 1295 1692 1300 ‘

24 1351 280 1402 chorum
296 1349 555 1402 intulerit
569 1350 943 1411 mentionem,
969 1352 1231 1415 gentium
1252 1355 1637 1404 incursionibus

23 1422 356 1486 applicare?
379 1420 768 1485 Intelligentes
797 1435 931 1485 ergo
953 1424 1288 1486 simpliciter
1309 1426 1485 1476 verba
1507 1439 1634 1489 pro-

21 1495 288 1560 phetica,
301 1493 485 1556 magis
503 1506 678 1556 quam
694 1493 894 1545 eadem
915 1494 1044 1556 alio,
1058 1506 1172 1557 quo
1187 1495 1431 1553 libuerit,
1448 1501 1636 1547 trans-

25 1567 307 1630 ferentes,
321 1564 577 1616 locustas
589 1569 645 1616 et
657 1577 857 1616 erucas
870 1577 987 1616 non
1001 1565 1397 1629 cataphractos
1409 1569 1634 1630 equites

23 1639 134 1688 aut
159 1635 458 1701 clypeatos
493 1635 732 1700 pedites,
761 1636 859 1686 sed
888 1635 1230 1687 vermiculos
1263 1637 1550 1702 raripedes
1579 1644 1636 1691 et

22 1708 291 1760 minutas
314 1709 714 1772 pennatasque
744 1707 1095 1770 accipiamus
1117 1707 1440 1760 animantes
1468 1727 1478 1758 :
1504 1721 1634 1772 quae

21 1779 106 1831 ita
134 1779 250 1830 sibi
267 1781 403 1830 tunc
420 1779 480 1829 in
505 1778 820 1843 profanata:
836 1779 1026 1842 gentis
1044 1782 1325 1830 tormenta
1347 1792 1634 1832 successe-

23 1855 186 1914 runt,
215 1856 282 1902 ut
299 1849 498 1901 sedulo
516 1850 872 1902 custodirent
886 1849 1032 1902 vices
1056 1851 1318 1914 nocendi,
1345 1856 1403 1902 et
1427 1851 1474 1902 si
1499 1852 1637 1914 quid

23 1921 496 1985 praecedentibus
507 1921 902 1982 remansisset,
917 1921 973 1971 id
1000 1926 1187 1973 totum
1200 1935 1332 1984 quae
1353 1927 1635 1983 sequeban-

25 1997 124 2064 tur
143 1993 539 2064 absumerent.
559 1994 742 2064 Quam
771 2005 908 2042 sane
932 1992 1240 2064 perniciem
1263 1997 1496 2044 sanctus
1515 1993 1638 2045 Joel

24 2062 470 2128 impendentem
492 2063 700 2126 magis,
724 2075 901 2126 quam
921 2063 1041 2125 jam
1065 2062 1280 2114 illatam
1319 2065 1638 2127 prophetali

23 2134 298 2186 intuetur
309 2137 574 2198 aspectu:
599 2133 796 2185 etideo
809 2133 938 2194 illis,
954 2134 1024 2184 de
1046 2135 1260 2196 quibus
1285 2139 1510 2197 agatur,
1531 2135 1640 2186 mi-

23 2205 266 2257 serabili
283 2205 587 2256 securitate
601 2205 974 2268 torpentibus,
1000 2204 1125 2268 ipse
1142 2206 1308 2270 quasi
1331 2206 1636 2270 benignus,

25 2281 86 2328 et
115 2275 450 2341 spectaculo
477 2276 575 2327 tali
609 2281 1030 2339 consternatus,
1054 2274 1330 2328 inclamat
1355 2294 1365 2325 :

85 2349 260 2399 Vers.
289 2350 334 2398 5.
375 2374 431 2383 —
463 2346 930 2410 Expergiscimini
953 2347 1105 2407 ebrii,
1134 2354 1181 2396 et
1207 2349 1336 2411 ﬂete,
1365 2351 1412 2396 et
1435 2347 1638 2397 ululata

21 2434 218 2469 omnes
243 2419 344 2483 qui
363 2417 542 2467 bibitis
563 2418 757 2467 vinum
780 2418 839 2467 in
858 2418 1160 2469 dulcedine:
1187 2419 1452 2484 quoniam
1475 2420 1638 2483 periit

24 2491 92 2540 ab
119 2503 218 2538 ore
241 2494 426 2539 vestro.
449 2488 737 2540 Moraliter
747 2501 983 2552 prorsus
1001 2489 1265 2541 inchoata
1279 2490 1635 2553 conquestio,

23 2573 166 2625 quae
191 2561 256 2611 in
281 2559 606 2612 calamitate
628 2561 922 2612 communi
944 2559 1072 2612 illos
1088 2561 1356 2625 primum,
1381 2562 1482 2624 qui
1506 2574 1633 2624 gra-

24 2634 165 2684 vius
191 2631 419 2684 czsteris
436 2631 638 2683 eadem
652 2631 824 2682 laturi
837 2631 1141 2693 docentur,
1159 2631 1424 2697 appellat.
1456 2635 1636 2684 Acer—

22 2703 164 2754 bius
192 2703 350 2754 enim
365 2705 588 2755 mordet
603 2703 842 2768 penuria
861 2703 1079 2754 deliciis
1101 2708 1385 2767 assuetos,
1408 2706 1631 2756 etluxu-

19 2775 202 2827 riosis
227 2787 349 2826 non
391 2775 581 2826 solum
604 2775 814 2839 inopia,
852 2775 952 2826 sed
976 2776 1144 2826 etiam
1171 2775 1468 2840 frugalitas
1507 2776 1632 2838 ipsa

21 2850 390 2898 tormentum
406 2850 512 2898 est.
540 2847 682 2898 Cum
699 2860 832 2910 ergo
857 2848 1130 2910 egestatis
1145 2850 1300 2898 esset
1323 2849 1635 2895 incommoda

20 2921 392 2979 narraturus,
413 2931 446 2969 a
470 2917 854 2969 mediocribus
881 2919 1068 2982 caepit,
1085 2923 1144 2970 et
1159 2918 1490 2970 deliciarum
1517 2923 1634 2969 tan-

22 2994 160 3041 tum
171 2989 389 3040 damna
401 2989 700 3051 contingit,
719 3001 853 3052 quas
868 3002 988 3040 non
999 2989 1058 3039 in
1072 3001 1378 3040 commune
1389 2989 1632 3052 cunctis,

21 3061 132 3112 sed
160 3059 538 3112 heluantibus
577 3065 803 3112 tantum
843 3067 1093 3123 possunt
1117 3073 1248 3112 esse
1281 3059 1629 3112 metuenda:

19 3145 256 3196 eosque
277 3136 393 3182 tam
415 3131 600 3183 viliter
621 3132 890 3194 aestimat,
905 3135 970 3183 ut
984 3136 1215 3196 propter
1225 3131 1406 3182 solam
1429 3131 1632 3196 volup-

17 3207 211 3256 tatem
237 3202 423 3255 vivere
453 3203 706 3254 voluisse
729 3203 1084 3266 pronunciet.
1109 3204 1328 3266 Proque
1353 3207 1418 3254 ut
1440 3206 1628 3254 status

16 3275 238 3327 talium
261 3277 531 3332 meretur,
559 3273 840 3338 adjungit,
867 3278 933 3324 ut
956 3273 977 3302 ι’
1003 3272 1320 3338 diligerent,
1345 3279 1402 3325 et
1425 3285 1630 3336 exper-

1739 651 1928 699 vinum
1955 654 2014 701 in
2031 653 2324 715 dulcedine,
2351 656 2484 718 quia
2503 657 2665 720 periit
2684 655 2750 702 ab
2771 671 2859 703 ore
2883 662 3064 705 vestro.
3087 657 3228 705 Cum
3242 655 3331 705 de-

1738 723 2091 774 nunciationi
2109 737 2208 787 pro
2219 727 2457 788 pheticae
2475 727 2730 777 censoris
2749 727 3109 788 exprobratio
3127 727 3331 789 permi-

1739 799 1948 855 scetur,
1979 795 2233 846 ostendit
2269 798 2402 860 quia
2439 797 2613 848 homo
2648 799 2705 848 in
2728 797 2943 848 honore
2980 797 3332 848 constitutus

1738 877 1854 916 non
1871 865 2216 917 intellexerit
2237 867 2397 927 (Psal.
2427 867 2554 930 48.),
2581 873 2640 920 et
2663 868 2872 920 idcirco
2891 869 3094 931 brutis,
3119 868 3332 930 quibus

1739 946 1800 986 se
1827 935 2068 986 similem
2095 935 2357 998 reddidit,
2389 943 2767 1000 comparetur,
2795 938 3072 990 damnum
3097 937 3331 1001 quippe,

1737 1007 1802 1056 ut
1829 1006 2252 1068 diximus,vitze
2269 1014 2480 1071 putans
2498 1007 2859 1073 detrimenta,
2885 1008 2907 1038 δ
2932 1008 3334 1071 utquialuxu-

1737 1076 1820 1126 ria
1837 1089 1987 1140 aegre
2005 1079 2112 1128 sub
2131 1078 2254 1142 ipso
2290 1079 2510 1142 fragore
2536 1085 2711 1131 motae
2735 1079 2970 1132 ultionis
2987 1079 3234 1142 evigilat,
3265 1082 3335 1130 ut

1737 1149 1872 1209 quia
1893 1148 2079 1199 nescit
2099 1150 2251 1205 flere,
2274 1149 2366 1200 vel
2389 1149 2569 1201 ululet
2597 1168 2606 1198 :
2633 1151 2800 1213 quale
2823 1155 2910 1201 est
2930 1149 3068 1201 illud
3092 1151 3151 1200 in
3179 1151 3334 1213 psal-

1736 1230 1831 1268 mo
1856 1233 1868 1268 :
1890 1219 2104 1268 Famem
2116 1221 2398 1284 patientur
2419 1227 2476 1270 ut
2491 1235 2666 1282 canes,
2683 1227 2727 1270 et
2751 1221 3054 1270 circuibunt
3069 1222 3334 1270 civitatem

1735 1287 1898 1348 (Psal.
1946 1288 2075 1352 58.).
2120 1291 2461 1354 Oportuerat
2506 1305 2675 1356 ergo,
2727 1296 2792 1342 ut
2824 1293 2967 1343 ratio
3004 1305 3106 1342 vos
3143 1292 3334 1356 potius

1735 1360 2196 1423 compunctionis
2235 1361 2576 1426 stimularet,
2616 1375 2791 1426 quam
2829 1373 3092 1414 mrumna
3123 1362 3336 1414 doloris

1733 1431 2026 1480 morsibus
2050 1433 2356 1482 excitaret:
2385 1446 2446 1484 se
2461 1433 2738 1496 quoniam
2755 1433 2976 1497 ejulatu
2999 1433 3177 1484 nimio
3202 1445 3336 1484 con-

1735 1498 2041 1552 sulentiam
2059 1502 2406 1566 perdidistis,
2422 1508 2487 1554 ut
2502 1517 2618 1554 non
2630 1505 2752 1566 jam
2768 1504 3085 1568 providere,
3105 1505 3204 1555 sed
3224 1511 3338 1552 tan-

1733 1571 2030 1622 tummodo
2055 1573 2265 1624 sentire
2282 1574 2540 1636 possitis,
2558 1574 2775 1626 ululate
2799 1575 3077 1638 percussi,
3096 1575 3196 1638 qui
3213 1587 3334 1625 non

1731 1641 2007 1693 timuistis
2022 1643 2316 1696 admoniti.
2344 1647 2412 1697 Et
2426 1658 2552 1707 quas
2573 1650 2664 1697 est
2683 1659 2890 1698 caussa
2904 1645 3339 1709 taliumlachry-

1730 1724 1956 1764 marum
1981 1717 2004 1760 ?

1793 1784 1953 1834 Vers.
1995 1781 2130 1837 6.—8.
2178 1812 2238 1821 —
2285 1784 2424 1834 Gens
2461 1785 2610 1834 enim
2649 1787 2884 1835 ascendit
2931 1801 3094 1850 super
3133 1791 3335 1836 terram

1737 1869 1934 1914 meam,
1958 1855 2117 1918 fortis
2158 1861 2204 1904 et
2242 1856 2659 1905 innumerabilis
2684 1871 2696 1906 :
2723 1859 2898 1906 dentes
2926 1857 3040 1918 ejus
3074 1863 3132 1906 ut
3157 1857 3334 1906 dentes

1661 1943 1714 2016 B
1740 1925 1950 2016 leonum
1989 1925 2095 1988 [ΑΙ.
2122 1926 2308 1990 leonis]
2316 1963 2336 2008 ζ
2357 1927 2585 2016 mplares
2608 1928 2720 1991 ejus
2742 1934 2801 2016 ult
2833 1928 2996 1976 catuli
3022 1927 3206 2016 leonis.
3232 1929 3336 1976 Po-

1735 1997 1843 2044 suit
1867 1997 2083 2046 vineam
2114 2013 2292 2046 meam
2316 1999 2375 2046 in
2391 1997 2671 2062 desertum,
2699 2003 2744 2047 et
2764 2001 2929 2059 ﬁcum
2951 2011 3128 2048 meam
3151 1999 3336 2048 decor-

1739 2067 1959 2118 ticavit:
1995 2069 2222 2118 nudans
2259 2069 2512 2133 spoliavit
2535 2085 2655 2118 eam
2687 2076 2731 2118 et
2762 2070 3023 2134 projeeit:
3059 2069 3169 2118 albi
3203 2069 3338 2131 facti

1733 2145 1860 2188 sunt
1883 2140 2030 2188 rami
2045 2140 2176 2203 ejus.
2199 2140 2408 2203 Plange
2427 2141 2564 2188 sicut
2577 2141 2728 2203 virgo
2750 2142 2990 2189 accincta
3006 2155 3154 2189 sacco
3171 2155 3336 2203 super

1735 2210 1918 2258 virum
1939 2209 2230 2274 pubertatis
2251 2225 2374 2260 suae.
2395 2211 2768 2273 Temporibus
2794 2211 3023 2273 quidem
3045 2209 3176 2274 illis,
3201 2223 3333 2272 quae

1736 2280 1885 2331 beati
1902 2281 2064 2332 Oseaa
2081 2281 2244 2332 titulo
2263 2281 2652 2342 continentur,
2669 2281 2941 2342 frequens
2958 2281 3135 2331 etiam
3150 2283 3328 2345 Assy-

1735 2351 1948 2404 riorum
1972 2358 2236 2404 narratur
2258 2351 2482 2416 eruptio
2516 2353 2649 2403 :sed
2675 2353 2808 2415 quia
2831 2365 2948 2403 non
2977 2365 3094 2402 uno
3119 2363 3330 2414 genere

1738 2428 2108 2474 temeratores
2121 2422 2264 2486 legis
2280 2436 2404 2474 suae
2416 2435 2608 2474 rerum
2621 2423 2880 2474 conditor
2893 2422 3202 2486 afﬂigebat,
3217 2425 3328 2472 ideo

1732 2493 1879 2546 inter
1889 2493 2129 2546 hostiles
2144 2493 2564 2558 populationes,
2583 2493 2688 2545 has
2706 2505 2934 2556 quoque
2949 2495 3075 2544 lues
3094 2493 3328 2544 accidis-

1735 2578 1817 2628 se,
1834 2578 1978 2629 quas
1995 2565 2304 2616 denunciat
2321 2565 2615 2630 propheta,
2633 2564 2953 2628 colligimus
2971 2579 2986 2612 :
3004 2564 3063 2615 in
3081 2577 3326 2627 quarum

1735 2649 1876 2687 sane
1907 2637 2371 2699 descriptionem,
2394 2635 2634 2688 multam
2670 2647 2904 2700 operam
2938 2637 3200 2686 intentus
3225 2649 3330 2686 ex-

1734 2707 1949 2772 pendit,
1973 2707 2148 2774 482
2181 2707 2419 2758 consilio
2440 2707 2711 2757 nimirum
2735 2710 2936 2757 etarte
2957 2705 3326 2756 medicantis:

1735 2782 1799 2830 ut
1830 2778 2138 2830 salutarem
2182 2777 2342 2829 illum
2383 2779 2664 2841 timorem,
2711 2777 2812 2840 qui
2843 2776 3138 2828 illecebras
3175 2777 3330 2840 cogit

1733 2849 2081 2906 horrescere,
2107 2851 2167 2900 in
2190 2849 2546 2901 audientium
2565 2849 2892 2912 pectoribus
2917 2852 3325 2911 commoveret,

1731 2933 1838 2972 nec
1853 2921 2186 2973 denunciati
2210 2920 2441 2972 terroris
2467 2919 2734 2972 stimulos
2751 2920 2861 2970 sub
2883 2918 3081 2970 indicii
3095 2926 3114 2948 °
3136 2919 3320 2970 brevi-

1730 2994 1846 3043 tate
1865 2996 2296 3055 transcurreret,
2319 2989 2424 3042 sed
2438 2991 2890 3042 consideratione
2907 3001 3098 3041 rerum
3118 2991 3326 3040 immo-

1729 3063 1840 3114 rari
1862 3063 2182 3114 auditorem
2219 3063 2464 3123 doceret,
2501 3063 2669 3126 cujus
2697 3061 3029 3112 emendatui
3054 3063 3171 3112 tota
3197 3059 3324 3112 haec

1728 3133 2022 3198 plagarum
2035 3133 2272 3184 ambitio
2282 3132 2603 3196 parabatur.
2621 3133 2732 3182 Nec
2745 3133 2932 3182 solum
2943 3131 3321 3196 descripsisse

1729 3209 2056 3266 contentus,
2078 3203 2262 3267 pergit
2281 3203 2455 3254 etiam
2478 3203 2784 3254 verborum
2796 3205 3104 3264 ponderibus
3118 3218 3318 3270 augere,

1733 3275 1885 3338 quod
1897 3275 2157 3338 gesserit.
2175 3275 2426 3337 Denique
2437 3274 2787 3325 locustarum
2798 3273 3013 3338 agmini
3023 3275 3213 3338 gentis
3227 3290 3323 3324 no-

14 3347 349 3411 giscantur,
363 3356 563 3432 earum
581 3343 662 3396 sal
671 3349 786 3432 tein
796 3357 986 3432 rerujm
1000 3344 1336 3426 imminente
1351 3346 1632 3432 dispendio,
1659 3355 1710 3432 ρ
1733 3359 1860 3432 men
1872 3345 2196 3426 adscripsit,
2213 3345 2377 3409 quasi
2389 3358 2486 3410 per
2503 3351 2725 3425 turmas
2744 3343 3184 3425 manipulosque
3199 3359 3322 3410 gra-

15 3430 282 3484 quarum
299 3415 789 3482 studuissent48
805 3415 824 3482 Ι
845 3416 1152 3468 indormire
1165 3415 1470 3468 consortio.
1483 3415 1632 3464 Nulla

11 3504 150 3550 vos,
180 3489 394 3552 inquit,
421 3487 744 3540 studiorum
759 3488 1041 3538 hactenus
1063 3487 1269 3538 habuit
1295 3500 1432 3538 cura
1447 3486 1632 3538 distri-

16 3567 174 3626 ctos,
201 3573 314 3612 nec
333 3559 796 3624 compunctionis
821 3557 1120 3610 stimulum
1139 3561 1428 3610 tantorum
1444 3557 1630 3609 crimi-

11 3647 170 3686 num
195 3631 554 3683 conscientia
578 3631 914 3682 suscitavit:
943 3630 1048 3682 sed
1070 3630 1335 3682 servistis
1359 3630 1632 3681 omnibus

14 3703 356 3766 desideriis,
380 3701 546 3766 quasi
570 3701 816 3766 ageretis
844 3714 879 3752 a
905 3702 1132 3764 justitia
1154 3701 1347 3752 liberi:
1373 3703 1520 3753 victa
1544 3705 1633 3752 est

15 3773 314 3842 patientia
330 3774 544 3838 judicis
567 3773 769 3826 aeterni
792 3773 1148 3838 impudentia
1171 3777 1226 3823 et
1245 3773 1633 3824 obstinatione

15 3845 416 3912 peccantium:
437 3845 693 3897 decrevit
717 3857 816 3896 vos
833 3844 1040 3896 debitis
1063 3844 1189 3908 subj
1201 3857 1372 3908 ugare
1395 3843 1636 3894 verberi-

18 3921 158 3980 bus,
187 3922 250 3970 et
276 3916 684 3982 primaisthaec
705 3915 1056 3978 deliciarum,
1080 3915 1288 3978 quibus
1312 3913 1634 3978 abutimini,

13 3991 422 4042 instrumenta
445 3987 786 4040 subducere.
805 3987 984 4050 Cujus
1011 3999 1149 4038 sane
1175 3985 1428 4050 penuriae
1453 3997 1632 4048 quan-

16 4074 208 4126 quam
235 4073 544 4126 processus
561 4058 826 4111 etiamad
849 4059 1493 4121 mediocresinopesque
1517 4069 1638 4119 per.

16 4134 248 4191 veniat,
290 4145 392 4183 vos
429 4136 624 4182 tamen
667 4131 838 4182 etiam
873 4130 1107 4181 exordia
1128 4130 1254 4194 ipsa
1277 4128 1632 4179 cruciabunt.

16 4208 188 4267 Quos
219 4216 360 4267 ergo
392 4201 534 4253 nihil
561 4202 756 4254 docuit
780 4201 1080 4265 disciplina
1103 4201 1373 4264 justiti-ae,
1403 4199 1638 4262 incipiat

18 4277 242 4327 saltem
272 4274 492 4325 timoris
516 4282 536 4302 °
565 4272 832 4325 stimulus
877 4272 1141 4336 experiri,
1173 4278 1232 4324 et
1263 4271 1394 4322 date
1417 4271 1640 4333 lachry-

19 4358 157 4398 mas
183 4345 364 4406 vitiis,
391 4357 538 4408 quas
562 4344 766 4395 ofﬁciis
790 4357 910 4396 non
943 4343 1184 4394 dedistis
1213 4359 1224 4392 :
1252 4343 1466 4405 quique
1489 4352 1642 4392 nun-

18 4431 208 4483 quam
225 4414 497 4467 doluistis
512 4416 829 4467 sauciatam
840 4415 1244 4473 innocentiam,
1260 4414 1390 4464 flete
1407 4413 1640 4464 demum

21 4487 440 4542 temulentiam
457 4487 814 4539 destitutam.
832 4485 1293 4551 Expergiscimini
1316 4484 1466 4544 ebrii,
1483 4490 1530 4532 et
1549 4484 1642 4546 ﬂe-

21 4568 102 4614 te:
164 4558 379 4609 ululata
416 4573 598 4608 omnes
642 4559 740 4622 qui
779 4557 954 4607 bibitis
1002 4559 1192 4606 vinum
1235 4557 1299 4605 in
1343 4555 1639 4615 dulcedine,

20 4632 311 4698 quoniam
331 4630 492 4694 periit
515 4629 582 4678 ab
605 4645 694 4678 ore
716 4635 898 4678 vestro.
928 4631 1197 4687 Caussas,
1223 4626 1431 4690 inquit,
1457 4627 1638 4676 Offen-

22 4704 217 4756 sionis
233 4701 605 4766 gravissima)
631 4705 970 4752 consectata
990 4699 1232 4751 luxuriae
1247 4698 1632 4762 praestitistis:

19 4789 134 4827 nec
148 4773 332 4826 lautis
345 4772 824 4837 tempestivisque
839 4771 1114 4822 conviviis
1127 4774 1228 4821 aut
1248 4771 1462 4828 simplici
1479 4771 1636 4816 ebrie-

19 4851 147 4899 tate
166 4845 452 4907 contenti,
475 4843 576 4894 sed
595 4843 792 4894 vinum
809 4841 1226 4906 permiscendis
1245 4840 1508 4891 dulcibus
1524 4852 1640 4890 cor-

20 4918 243 4982 ruptis,
264 4917 324 4966 et
340 4915 764 4967 irritamentum
789 4913 970 4978 epulis
986 4913 1228 4964 artiﬁcio
1244 4911 1636 4974 comparastis,

21 4993 91 5041 ut
103 4999 293 5041 omne
312 4985 450 5038 vitm
467 4986 728 5050 spacium
741 4986 888 5036 inter
908 4983 1204 5035 lasciviam
1222 4988 1278 5034 et
1298 4984 1638 5030 temulenliam

23 5059 365 5126 disperiret.
396 5059 538 5109 Ecce
556 5071 711 5110 nunc
729 5061 958 5119 tempus
975 5054 1259 5126 ejusmodi
1285 5053 1516 5104 ultionis
1539 5051 1644 5104 ad-

22 5125 219 5193 venit,
238 5141 375 5194 quae
386 5129 728 5194 populandis
744 5133 1028 5179 terrarum
1049 5125 1333 5178 fructibus
1349 5127 1640 5174 deliciarum

21 5202 418 5270 potissimum
447 5201 836 5252 instrumenta
867 5197 1172 5270 subducat.
1197 5199 1336 5250 Haec
1366 5209 1480 5270 vos
1507 5207 1644 5270 ergo

22 5267 285 5341 primos,
300 5272 508 5335 inquit,
523 5282 805 5324 aerumma
813 5269 1044 5322 vexabit
1065 5269 1126 5333 [A
1136 5273 1211 5318 nt.
1225 5267 1506 5341 vexavit],
1524 5269 1646 5328 quia

24 5340 394 5412 frugalitatis
406 5343 623 5408 ignaris
639 5356 712 5396 ex
717 5342 988 5406 perientia
999 5353 1298 5406 poenarum
1309 5341 1374 5391 fit
1385 5340 1648 5412 imminu-

27 5421 109 5473 tio
127 5411 454 5484 Copiarum.
481 5417 550 5466 Et
566 5415 838 5479 quoniam
863 5412 1102 5465 rationis
1125 5413 1303 5476 obliti,
1331 5411 1646 5484 bestiarum

25 5504 142 5544 vos
169 5483 398 5542 similes
420 5485 770 5548 reddidistis,
795 5485 1012 5550 inipsis
1033 5484 1240 5536 saltem
1255 5483 1466 5548 quibus
1485 5483 1649 5534 incu-

94 5643 118 5666 ι
146 5635 399 5686 Lectum
422 5636 593 5684 antea
613 5629 811 5682 minus
833 5634 1010 5695 recte,
1043 5629 1314 5680 videntur.

93 5707 121 5738 δ
142 5706 411 5760 Placeret
429 5702 632 5767 utique
655 5701 858 5767 magis,
881 5707 940 5752 ut
963 5701 1198 5765 uigilant.

98 5790 121 5811 °
146 5781 348 5831 Antea
369 5775 612 5825 stimulos
633 5773 958 5840 legebatur:
981 5773 1136 5838 quod
1160 5784 1280 5824 non
1304 5774 1650 5837 mutassem,

35 5852 87 5906 si
108 5857 179 5904 et
202 5847 481 5914 incipiant
509 5846 724 5900 lectum
747 5846 952 5898 fuisset
974 5845 1223 5914 plurium
1246 5856 1504 5896 numero.

99 5922 126 5956 ⁴
159 5924 288 5976 Aut
308 5911 436 5973 heic
461 5930 624 5972 error
645 5918 838 5983 cubat,
862 5923 964 5971 aut
989 5917 1052 5970 in
1071 5911 1315 5970 ἰσοκώλου
1339 5915 1518 5980 hujus
1539 5915 1652 5967 line

36 5999 187 6064 post
214 5992 460 6048 verbum
475 5989 708 6057 evigilat,
727 5990 860 6044 etad
869 5989 1120 6044 dendum
1136 5989 1210 6040 vel
1224 5988 1646 6054 expergiscatur:

1659 4729 1716 4801 D

1731 3415 1954 3476 dientis,
1991 3421 2048 3468 et
2089 3418 2256 3478 cujus
2292 3429 2410 3467 non
2439 3416 2632 3466 minus
2668 3420 2826 3466 esset
2862 3417 3110 3480 novitas,
3145 3428 3319 3480 quam

1731 3487 2069 3552 magnitudo
2089 3486 2394 3538 formidini.
2411 3487 2600 3549 Hujus
2614 3487 2766 3537 enim
2784 3487 2832 3536 si
2850 3485 3212 3538 efficientiam
3228 3500 3322 3552 po—
3373 3545 3386 3551 _

1731 3559 1868 3620 tius,
1895 3570 2068 3620 quam
2093 3558 2354 3608 membra
2369 3557 2712 3620 consideres,
2737 3557 2952 3608 videbis
2967 3557 3173 3608 dentes
3196 3561 3322 3622 ejus

1731 3628 1961 3682 leonum
1987 3629 2209 3692 catulis,
2227 3629 2342 3680 imo
2365 3629 2507 3694 ipsis
2529 3628 2826 3692 praedandi
2840 3629 3039 3693 peritis
3060 3629 3324 3680 leonibus

1735 3700 2134 3753 conferendos:
2163 3713 2351 3763 neque
2373 3702 2528 3752 enim
2545 3699 2834 3751 difﬁcilius
2852 3701 2924 3750 ab
2941 3701 3032 3751 his
3047 3702 3324 3764 germina,
3399 3714 3402 3722 '

1736 3785 1911 3836 quam
1921 3771 2113 3822 abillis
2123 3775 2386 3822 armenta
2400 3775 2722 3822 vastantur.
2742 3772 2810 3822 Et
2827 3777 3042 3832 quanto
3054 3771 3250 3823 minus
3261 3774 3324 3820 ad

1732 3845 1946 3896 victum
1959 3841 2296 3894 mortalibus
2307 3855 2509 3906 greges
2521 3845 2748 3892 constat
2757 3843 3138 3903 commodare,
3153 3855 3329 3905 quam
3365 3845 3376 3864 ’

1732 3915 1925 3978 fruges
1949 3932 1960 3963 :
1993 3917 2148 3966 tanto
2164 3912 2411 3976 amplius
2428 3913 2675 3975 frugum,
2699 3925 2870 3974 quam
2888 3926 3131 3975 gregum
3149 3926 3330 3977 popu-

1731 3986 1878 4038 lator
1889 3984 2294 4047 incommodat,
2305 3983 2698 4044 inhiantiaque
2711 3983 2978 4046 sanguini
2991 3991 3192 4043 guttura
3215 3988 3330 4033 bes-

1734 4058 1962 4108 tiarum.
1982 4057 2090 4108 Sed
2107 4057 2298 4120 ipsum
2313 4054 2400 4105 lac
2414 4053 2646 4117 frugum
2663 4059 2719 4104 et
2735 4055 3061 4116 graminum
3077 4055 3330 4106 saeviens

1735 4129 1960 4180 locusta
1980 4127 2356 4184 consumit,et
2376 4125 2502 4176 ideo
2513 4125 2684 4174 etiam
2703 4139 2896 4184 pecora,
2909 4127 3000 4185 qui
3019 4140 3120 4173 non
3136 4129 3334 4176 mandit

1735 4201 1814 4265 [F.
1828 4213 1958 4262 qua;
1973 4213 2085 4250 non
2101 4197 2400 4261 mandunt]
2419 4197 2702 4248 interﬁcit.
2718 4199 2804 4245 Om
2815 4199 3049 4244 nes'enim
3063 4199 3234 4257 sylvas
3248 4201 3333 4246 vi-

1737 4284 1860 4323 rore
1876 4269 2174 4334 despoliat,
2191 4274 2248 4321 et
2261 4269 2425 4332 quasi
2442 4272 2664 4318 naturae
2678 4268 2857 4330 ipsius
2874 4267 3260 4320 conditionem
3277 4271 3333 4321 vi

1737 4342 1916 4394 cladis
1927 4343 2185 4393 imitatur
2201 4357 2213 4392 :
2232 4346 2296 4392 ut
2311 4339 2795 4404 quemadmodum
2813 4337 3001 4390 solein
3014 4341 3239 4400 hyberno
3255 4343 3335 4389 di-

1737 4427 1904 4474 vexo,
1923 4414 2133 4465 humor
2144 4413 2410 4464 arborum
2429 4411 2500 4462 ad
2515 4411 2784 4462 interiora
2803 4412 3138 4476 compellitur,
3161 4415 3335 4472 sicque

1737 4485 2027 4538 frondium
2047 4485 2263 4535 honore
2283 4484 2564 4547 deposito,
2582 4483 2788 4534 robora
2802 4480 2960 4532 nuda
2983 4482 3336 4548 consistunt,

1739 4569 1872 4621 quae
1898 4557 1946 4606 si
1969 4554 2288 4606 rusticandi
2311 4555 2549 4618 ignarus
2585 4553 2842 4618 aspiciat,
2879 4553 3145 4617 desperat
3167 4567 3340 4617 posse

1738 4628 2082 4680 revirescere
2099 4643 2110 4678 :
2125 4627 2205 4678 ita
2221 4626 2377 4677 istud
2389 4637 2617 4688 agmen,
2631 4625 2783 4688 quod
2797 4625 3070 4677 advenire
3083 4625 3336 4691 deploro,

1736 4701 1891 4752 haud
1909 4699 2094 4750 solum
2112 4697 2304 4750 mollia
2326 4697 2673 4760 graminum,
2699 4697 2800 4747 sed
2817 4701 3042 4748 matura
3057 4697 3232 4748 etiam
3250 4699 3338 4749 vi-

1737 4777 1870 4824 neta
1913 4775 2238 4832 consumet,
2277 4782 2385 4820 nec
2423 4769 2610 4832 pomis
2643 4769 2832 4819 albata
2861 4769 3150 4820 vindemia
3185 4775 3334 4830 tem-

1740 4843 1974 4908 perabit,
2015 4841 2216 4893 dulces
2261 4840 2468 4903 quippe
2511 4840 2656 4890 ficus
2697 4851 2890 4890 amaro
2935 4841 3108 4892 dente
3152 4853 3336 4906 popu-

1740 4915 1962 4977 labitur,
2001 4913 2161 4964 etita
2196 4911 2388 4963 dedita
2411 4923 2579 4976 Opera
2621 4916 2804 4962 totum
2830 4913 3097 4964 corticem
3137 4925 3334 4976 perse-

1743 4990 1971 5050 quetur,
2013 4997 2112 5049 per
2135 4996 2309 5048 quem
2341 4982 2530 5034 vitalis
2564 4983 2838 5034 nimirum
2872 4987 3093 5047 poterat
3121 4996 3334 5035 succus

1742 5056 1915 5119 illabi,
1939 5060 2004 5106 ut
2017 5055 2148 5106 alba
2163 5067 2262 5118 pro
2283 5053 2448 5105 viridi
2463 5053 2629 5118 sylva
2640 5055 2875 5105 visatur.
2895 5055 3037 5104 Cum
3058 5067 3210 5118 ergo,
3229 5069 3336 5109 nec

1748 5127 1763 5192 [
1769 5128 1895 5178 Ant.
1921 5127 2014 5190 ne]
2055 5125 2331 5177 creditam
2359 5125 2468 5175 sibi
2495 5126 2713 5190 frugem
2740 5128 2889 5175 terra
2919 5125 3204 5190 restituat,
3229 5139 3336 5178 nec

1745 5203 2098 5264 spontaneus
2119 5195 2406 5260 palmitem
2420 5194 3020 5258 fructusinclinet,nec
3034 5208 3337 5260 pomorum

1747 5269 1956 5322 solatia
1987 5267 2159 5332 aegris
2181 5279 2371 5318 annus
2397 5267 2712 5317 cultoribus
2737 5268 3132 5318 subministret
3157 5285 3170 5316 :
3195 5269 3336 5332 quid

1747 5345 2028 5406 superest,
2053 5343 2247 5392 noster
2271 5336 2495 5402 popule,
2531 5337 2644 5388 nisi
2668 5340 2732 5388 ut
2766 5337 3152 5390 calamitatem
3177 5343 3337 5392 tuam

1745 5413 1978 5465 ﬂetibus
2001 5411 2402 5476 persequaris?
2425 5409 2527 5460 sed
2547 5410 2628 5460 ita
2645 5408 2874 5473 irriguis
2893 5414 2951 5460 et
2968 5409 3248 5478 plurimis,
3273 5415 3342 5464 ut

1750 5485 1938 5538 solent
1969 5483 2222 5536 femina)
2243 5494 2386 5546 quas
2405 5481 2598 5533 luctus
2632 5479 2930 5533 viduitatis
2952 5483 3254 5548 oppressit,
3280 5488 3340 5538 et

1747 5629 1926 5694 idque
1941 5626 2204 5700 proprius
2227 5623 2548 5700 videturad
2573 5637 2792 5700 verum.
2815 5653 2876 5664 —-
2891 5628 3105 5683 Vereor
3125 5644 3200 5685 ne
3222 5644 3342 5686 non

1755 5703 1839 5755 sic
1861 5703 2036 5754 etiam
2061 5698 2272 5754 Sensus
2294 5698 2394 5751 ﬁat
2421 5698 2646 5753 obvius.
2677 5699 2844 5751 EDIT.

1814 5808 1834 5832 °
1876 5799 2162 5852 Admonet
2197 5803 2367 5851 vetus
2392 5797 2587 5851 Editor
2608 5799 2916 5863 legendum
2935 5801 3138 5867 judicii
3160 5818 3180 5868 ;
3203 5817 3340 5859 mox

1753 5884 1984 5937 quoque
2007 5885 2110 5936 pro
2125 5872 2551 5924 consideratione
2575 5873 2634 5926 in
2653 5875 2753 5925 Ms.
2779 5876 3090 5942 exemplari
3119 5893 3223 5932 suo
3239 5881 3343 5934 ha-

1754 5945 1874 5998 beri
1905 5959 1997 5995 con
2005 5944 2326 5995 sideraturis
2568 5956 2574 5963 ‘
