3894 6446
546 435 685 492 1039

1597 426 1689 478 ΗΠ
1701 427 1864 476 1³1Νο
1899 426 2354 478 PRESBYTERO
2389 427 2772 478 ASCRII’TUS

3703 425 3856 483 1040

544 563 743 603 eorum
758 550 1008 601 virorum
1024 546 1295 596 societate
1309 543 1620 616 privantur,
1636 539 1848 603 quibus
1861 539 2132 592 fueranta
2157 546 2212 616 Α
2233 541 2474 616 sionem,
2490 553 2662 604 quam
2681 552 2870 616 rerum
2883 538 3259 616 amissionem
3271 537 3550 616 dolentes.
3567 539 3694 616 Yos
3713 553 3855 604 pro-

542 620 886 684 virginitatis
913 629 1035 668 sua
1061 622 1314 678 tempore
1339 614 1642 684 copulata.

603 682 762 744 V_ers.
787 691 840 744 9.
867 716 930 725 —
947 688 1152 749 Plange
1176 687 1312 736 sicut
1337 686 1487 748 virgo
1517 682 1757 732 accincta
1789 695 1938 730 sacco
1971 696 2134 745 super

537 764 718 812 virum
739 759 1033 825 pubertatis
1061 773 1168 806 sua
1193 773 1206 807 :
1245 757 1408 822 periit
1429 753 1761 825 sacriﬁcium
1786 759 1832 825 et
1859 752 2044 800 libatio
2068 752 2132 825 de

537 835 694 883 domo
717 823 812 882 Dei
835 829 946 895 [ΑΙ.
971 829 1239 892 Domini].
1276 828 1607 892 Opportune
1623 823 1696 874 ad
1714 824 2006 886 regionem
2030 823 2133 873 mi-

533 905 724 968 gravit
739 905 920 954 oratio
947 901 1116 964 :quia
1139 900 1294 950 enim
1325 898 1552 949 dixerat
1582 895 2129 968 viduitatisluctum

535 965 714 1026 totius
742 973 934 1038 gentis
954 971 1278 1036 planctibus
1303 967 1752 1032 exaquandum,
1770 965 2034 1038 curhanc
2060 967 2130 1016 si-

533 1035 915 1097 militudinem
933 1035 1283 1106 protulisset,
1303 1041 1755 1092 commemoratu
1774 1035 2020 1099 regionis
2037 1038 2132 1087 ab-

535 1117 721 1168 solvit.
753 1117 899 1167 Nam
935 1115 1087 1164 sicut
1123 1124 1278 1176 sape
1318 1111 1481 1169 alias,
1506 1110 1585 1160 ita
1613 1113 1670 1159 et
1705 1107 1859 1172 apud
1893 1108 2128 1160 beatum

531 1188 698 1247 Osee,
719 1185 885 1250 quasi
906 1186 968 1236 in
990 1186 1181 1236 locum
1198 1183 1396 1235 uxoris
1421 1195 1481 1232 se
1497 1183 1648 1230 Deus
1661 1179 2127 1250 nosterSynago-

531 1271 664 1323 gain
687 1247 1008 1310 adscivisse
1025 1255 1366 1320 pronunciat
1391 1267 1402 1303 :
1430 1250 1533 1302 sed
1549 1251 1706 1323 illam
1735 1247 2126 1323 adulterarum

532 1320 693 1382 inore
709 1327 1140 1393 coniunctionis
1162 1326 1332 1376 istius
1357 1328 1525 1388 pacta
1547 1321 1814 1381 violasse,
1847 1333 1914 1370 ac
1943 1333 2005 1393 se
2047 1320 2128 1372 di-

532 1391 831 1453 versorum
854 1398 1094 1450 deorum
1116 1393 1655 1448 cultuisubdidisse.
1673 1393 1818 1454 Ergo
1832 1391 2124 1454 quoniam,

531 1479 591 1525 et
607 1473 699 1523 hic
722 1472 794 1522 ab
811 1468 1196 1534 impendentis
1207 1465 1550 1518 calamitatis
1561 1463 1796 1516 exordio
1809 1463 1867 1512 in
1881 1462 2128 1534 immens-

534 1556 666 1595 sum
695 1533 1022 1593 narratione
1049 1538 1345 1603 processit,
1390 1542 1448 1588 et
1471 1541 1602 1600 post
1633 1534 1936 1598 dispendia
1958 1533 2124 1597 quasi

533 1615 734 1678 prima
747 1611 1260 1674 temulentia,qua
1269 1609 1584 1660 luxuriosis
1597 1605 1841 1678 dolenda
1853 1605 2124 1678 signavit,

535 1675 797 1738 arumna
807 1683 1269 1735 cumulatissime
1282 1684 1372 1732 est
1395 1675 1852 1744 egestatisillata,
1867 1677 2024 1728 culta
2033 1689 2127 1742 pa-

533 1756 670 1807 riter
699 1759 756 1806 et
777 1754 964 1805 lustra
980 1752 1280 1814 vastantis,
1321 1764 1418 1815 per
1463 1761 1594 1812 qua
1629 1749 1755 1798 hac
1779 1761 1898 1798 non
1935 1747 2122 1800 solum

533 1825 860 1876 communis
883 1823 1170 1881 alimonia,
1197 1821 1300 1872 sed
1322 1833 1428 1872 nec
1443 1817 1746 1886 illa,483
1767 1831 1900 1882 qua
1917 1831 2124 1871 secun-

2230 613 2380 674 inde,
2393 611 2490 671 ait,
2517 611 2864 672 sacerdotes,
2879 610 3100 674 asperis
3117 609 3460 660 vestimenta
3475 609 3695 674 mollia,
3711 625 3854 664 mu-

2232 684 2702 740 tantes,babitum
2717 682 3038 744 lugentium
3051 681 3422 743 animumque
3434 682 3741 748 suscipite,
3757 690 3845 734 sed

2231 758 2286 806 et
2302 755 2454 817 quod
2477 754 2549 804 ad
2566 766 2764 804 curam
2787 759 3038 804 vestram
3069 751 3392 815 specialiter
3413 753 3664 815 pertinet
3694 755 3845 807 alle-

2229 830 2450 889 gantes,
2473 824 2678 875 deesse
2705 823 2986 887 videlicet,
3013 823 3165 874 unde
3188 822 3383 874 divino
3404 823 3583 874 cultui
3611 828 3838 876 servia-

2230 897 2320 946 tis.
2349 895 2509 957 Quod
2532 908 2662 947 vero
2688 898 2907 959 spectat
2929 896 3000 944 ad
3026 893 3330 958 populum:
3358 892 3535 960 484
3564 895 3844 960 Sanctiﬁ-

2227 972 2338 1015 cate
2344 966 2422 1029 jej
2429 983 2496 1014 un
2507 967 2640 1026 ium,
2666 965 2725 1016 id
2749 971 2840 1016 est
2860 965 3092 1016 indicite
3118 965 3227 1015 sub
3250 978 3317 1016 ea
3356 966 3836 1031 denunciatione,

2229 1042 2294 1089 ut
2327 1039 2374 1088 si
2399 1038 2528 1100 quis
2561 1038 2702 1088 forte
2725 1036 3113 1099 contemserit,
3139 1035 3306 1098 quasi
3334 1041 3532 1088 sancta
3563 1038 3840 1091 violave-

2226 1109 2316 1169 rit,
2349 1115 2640 1173 arguatur.
2680 1109 2803 1159 Hoc
2844 1113 2953 1170 est,
2987 1107 3140 1170 quod
3165 1106 3263 1169 ait,
3301 1106 3652 1171 Sanctiﬁcate
3675 1110 3840 1173 jeju-

2224 1179 2592 1230 nium.Simul
2613 1183 2828 1240 autem,
2854 1177 3059 1240 inquit,
3081 1191 3279 1238 omnes,
3304 1177 3362 1227 id
3386 1182 3477 1229 est
3498 1191 3616 1230 non
3635 1181 3838 1232 solum

2227 1255 2396 1303 atate
2406 1251 2643 1312 validos,
2659 1250 2757 1300 sed
2771 1263 2806 1312 q
2815 1262 2918 1300 uos
2931 1250 3100 1300 etiam
3113 1247 3425 1300 imbecilles
3437 1249 3618 1302 habes
3631 1251 3729 1304 vel
3744 1253 3839 1304 in-

2225 1322 2422 1386 fantia,
2448 1322 2541 1373 vel
2577 1325 2868 1382 senectus,
2903 1333 3004 1384 pro
3033 1318 3430 1382 magnitudine
3466 1321 3710 1384 periculi
3759 1325 3838 1376 ad

2226 1391 2692 1443 communionem
2720 1389 2887 1442 ofﬁcii
2919 1395 3250 1441 convocate.
3287 1391 3389 1441 Est
3423 1391 3576 1442 enim
3616 1406 3838 1445 conse-

2224 1476 2428 1528 quens,
2449 1468 2514 1515 ut
2525 1467 2863 1514 cunctorum
2882 1460 3117 1525 repellat
3131 1460 3364 1512 afﬂictio
3377 1473 3504 1513 eam
3521 1463 3838 1516 calamita-

2227 1539 2360 1598 tem,
2379 1547 2510 1598 qua
2535 1539 2656 1585 erat
2678 1534 2738 1584 in
2753 1545 2956 1585 omnes
2980 1533 3364 1584 communiter
3386 1534 3678 1586 savitura.
3701 1538 3836 1588 Non

2223 1613 2420 1658 autem
2431 1605 2603 1657 debet
2614 1605 2778 1656 nobis
2791 1604 3192 1668 opportunitas
3212 1602 3604 1668 intelligentia
3617 1610 3833 1657 subtilis

2225 1676 2396 1729 elabi:
2423 1675 2709 1728 universis
2728 1675 3015 1739 siquidem
3017 1677 3037 1740 j
3048 1674 3302 1736 ejunium
3323 1677 3836 1731 communiterim-

2224 1753 2473 1811 paratur.
2512 1747 2820 1807 Convocate,
2845 1745 3052 1808 inquit,
3076 1760 3238 1806 senes,
3269 1760 3450 1794 omnes
3493 1746 3831 1798 habitatores

2225 1825 2380 1868 terra
2393 1818 2456 1866 in
2479 1818 2702 1867 domum
2738 1818 2833 1866 Dei
2852 1817 3028 1868 vestri.
3049 1819 3125 1868 At
3149 1816 3199 1867 si
3225 1815 3321 1867 illa
3342 1817 3531 1880 inopia
3558 1819 3713 1882 (qua
3733 1835 3830 1872 su-

531 1894 1029 1980 dumlrejlig'ionem
1039 1896 1216 1980 Jerant
1231 1891 1536 1980 oﬁ'erenda,
1564 1895 1962 1980 superessent;
1991 1890 2123 1980 ideo
2151 1904 2208 1980 B
2231 1902 2330 1980 pra
2351 1889 2638 1980 descripta
2659 1890 2770 1980 est)
2797 1888 2930 1940 totis
2953 1888 3246 1980 regionem
3263 1887 3478 1980 ﬁnibus
3499 1889 3827 1970 obtinebat,

528 1967 695 2030 quasi
705 1965 778 2016 ad
793 1964 1224 2016 similitudinem
1234 1963 1486 2014 viduata
1497 1960 1748 2012 mulieris
1760 1962 2120 2025 convenitur,

529 2037 738 2101 quippe
763 2047 895 2099 qua
914 2047 1014 2098 per
1025 2035 1132 2085 hoc
1154 2033 1416 2084 videatur
1427 2033 1978 2083 maritidiscessione
1994 2047 2126 2084 cru-

527 2109 678 2168 clari,
694 2106 850 2170 quod
871 2106 1180 2156 oblationis
1198 2110 1254 2155 et
1270 2104 1725 2155 ceremoniarum
1738 2105 2125 2156 instrumenta

525 2179 850 2242 perdiderit,
881 2178 1095 2240 quibus
1125 2188 1224 2240 per
1246 2176 1450 2226 diurna
1483 2175 1760 2228 sacriﬁcia
1801 2181 1861 2227 et
1901 2174 2124 2239 placere

523 2253 658 2312 Deo,
687 2255 744 2302 et
777 2249 1074 2300 adharere
1099 2247 1388 2298 credebat.

585 2323 748 2372 Vers.
769 2319 965 2374 10.-1⁶Ζ.
983 2347 1044 2356 —
1065 2319 1351 2368 Luxerunt
1373 2316 1664 2366 sacerdotes
1677 2318 1921 2366 ministri
1935 2318 2120 2368 Domi-

2227 1962 2306 2012 ita
2328 1965 2393 2012 ut
2416 1974 2520 2011 nec
2533 1960 2874 2012 sacriﬁcium
2900 1960 3136 2010 solenne
3154 1959 3335 2022 possit
3350 1959 3556 2024 oﬂ‘erri,
3581 1973 3830 2024 quomo-

2223 2031 2298 2083 do
2325 2032 2534 2083 iterum
2559 2043 2786 2094 magna
2809 2029 3279 2081 sanctificationis
3295 2029 3604 2095 ambitujej
3616 2033 3824 2084 unium

2223 2103 2442 2156 eisdem
2468 2103 2728 2168 plebibus
2751 2103 3068 2166 imperatur
3093 2117 3104 2148 :
3131 2114 3265 2152 cum
3295 2101 3493 2164 utique
3521 2105 3632 2154 sub
3657 2109 3825 2156 tanta

2222 2175 2539 2238 indigentia
2566 2173 2916 2230 constitutis,
2944 2172 3231 2223 difﬁcilius
3255 2171 3409 2224 factu
3436 2173 3572 2235 [Ant
3585 2175 3824 2240 factum]

2221 2251 2378 2298 esset
2401 2247 2590 2297 cibum
2611 2257 2827 2308 parare,
2846 2257 3024 2307 quam
3047 2245 3470 2307 continuarejej
3481 2245 3724 2297 unium?
3740 2251 3824 2296 Er-

2221 2331 2294 2380 go
2319 2317 2598 2369 debemus
2619 2316 2931 2372 advertere,
2963 2316 3100 2378 quia
3121 2313 3276 2365 aliud
3303 2315 3377 2365 sit
3410 2318 3646 2380 esurire,
3659 2317 3822 2370 aliud

521 2392 601 2442 ni.
633 2392 971 2456 Depopulata
987 2395 1060 2438 est
1090 2393 1256 2453 regio,
1282 2389 1424 2437 luant
1446 2389 1665 2448 humus,
1691 2387 1955 2452 quoniam
1972 2390 2126 2438 deva-
2215 2390 2290 2453 Jej
2304 2387 2715 2439 unarezhocad
2737 2387 3213 2438 exercitationem
3240 2386 3466 2437 virtutis
3483 2389 3739 2452 respicit,
3760 2389 3824 2440 il-

519 2469 719 2512 statu-m
747 2467 819 2511 est
843 2462 1102 2521 triticum,
1138 2460 1437 2523 confusum
1454 2465 1525 2508 est
1559 2460 1771 2509 vinum.
1797 2465 1841 2507 et
1879 2460 2121 2523 elanguit

519 2535 712 2584 oleum.
749 2531 1394 2596 Confusis-untugricola,
1416 2531 1757 2580 ululaverunt
1771 2531 2026 2579 vinitores
2037 2547 2122 2580 su-

517 2620 616 2671 per
635 2605 910 2667 frumento
933 2609 980 2652 et
1005 2603 1228 2653 hordeo:
1258 2604 1390 2666 quia
1413 2604 1572 2665 periit
1592 2603 1774 2650 messis
1795 2603 1939 2664 agri.
1955 2603 2122 2652 Vinea

521 2677 752 2740 confusa
780 2682 870 2734 est,
893 2677 1086 2738 etﬁ-cus
1115 2674 1375 2737 elanguit,
1400 2673 1800 2736 malogranata.
1832 2674 2121 2736 [Antma-

523 2747 806 2810 logravata
828 2761 846 2804 ;
869 2745 941 2796 al.
963 2744 1453 2807 malogranatnm|,
1478 2749 1523 2792 et
1545 2745 1750 2808 palma,
1779 2750 1824 2793 et
1851 2745 2048 2806 malus,
2074 2751 2120 2796 et

521 2819 712 2867 omnia
724 2817 877 2880 ligna
889 2817 1012 2878 agri
1027 2820 1312 2874 aruerunt,
1326 2817 1457 2878 quia
1469 2815 1755 2877 confusum
1770 2820 1840 2863 est
1851 2816 2119 2878 gaudium

521 2904 558 2937 α
577 2889 709 2950 ﬁliis
734 2888 1043 2936 hominum.
1060 2889 1138 2936 Eo
1154 2899 1340 2949 usque
1350 2887 1420 2936 ad
1438 2885 1723 2949 publicam
1737 2887 1986 2950 inopiam
2004 2901 2122 2952 per-

526 2961 773 3021 venisse,
798 2963 1061 3009 vastante
1088 2957 1353 3008 videlicet
1374 2957 1616 3019 locusta,
1641 2957 1862 3009 brucho
1885 2963 1942 3008 et
1967 2959 2120 3010 rubi-

520 3031 673 3096 gine,
705 3035 770 3081 ut
793 3029 1111 3080 hostiarum
1149 3041 1381 3092 quoque
1403 3029 1721 3092 indigentia
1747 3036 2116 3096 sequeretur,

520 3115 627 3153 nec
651 3115 828 3166 panes
854 3101 1258 3160 Propositionis
1278 3102 1708 3164 imponerentur
1723 3101 1905 3161 altari,
1923 3115 2120 3154 conse-

521 3180 766 3237 quenter
777 3171 1282 3236 primisacerdotes
1301 3173 1606 3234 levitaque
1627 3171 1928 3236 lugebant:
1958 3173 2118 3238 plebs

519 3249 716 3295 autem
740 3244 978 3306 reliqua,
991 3244 1157 3306 quasi
1181 3245 1254 3294 ab
1278 3249 1492 3295 aterno
1505 3245 1751 3307 conjuge
1765 3247 2012 3308 repulsa,
2029 3247 2115 3298 vi-

521 3315 770 3367 duarum
793 3315 976 3366 instar
1002 3317 1083 3378 (ut
1098 3315 1372 3377 diximus)
1385 3314 1744 3378 ingemiscat,
1759 3316 1894 3378 quia
1908 3321 1966 3366 et
1988 3317 2114 3380 ipsa

522 3389 672 3436 terra
701 3388 909 3436 ornatu
933 3385 1088 3435 omni
1108 3384 1410 3436 viriditatis
1451 3397 1518 3436 ac
1543 3385 1850 3436 fertilitatis
1875 3386 2110 3452 amisso,

521 3456 787 3518 squalore
810 3455 1066 3519 lugentis
1089 3455 1358 3518 adoperta
1371 3458 1618 3507 est.Non
1641 3457 1792 3506 enim
1809 3457 1955 3508 tristi
1979 3458 2115 3510 huic

519 3527 812 3590 populatui
831 3526 1116 3577 frumenta
1134 3539 1363 3576 messor
1377 3526 1602 3587 eripuit,
1617 3540 1736 3577 non
1767 3526 2114 3582 fertilitatem

522 3609 691 3648 suam
707 3598 862 3659 vitis,
887 3609 1002 3660 qua
1012 3602 1253 3660 gravata
1264 3598 1618 3656 constiterat,
1637 3597 1710 3648 ad
1722 3597 1912 3650 dulcia
1925 3607 2116 3652 musta

521 3667 788 3732 perduxit
807 3684 817 3714 :
843 3669 943 3718 sed
969 3673 1133 3718 tanta
1149 3667 1397 3719 cultores
1419 3668 1786 3720 frustratione
1802 3669 2117 3736 decepit,ut

519 3740 888 3791 mendacium
903 3753 1076 3791 suum
1091 3739 1349 3792 videatur
1359 3741 1714 3792 erubescere.
1730 3741 1940 3793 Similis
1957 3743 2114 3796 oleas

520 3811 1019 3876 pulsavitinvidia,
1035 3811 1417 3875 elanguerth
1430 3813 1965 3874 malogranatacum
1982 3818 2117 3868 ticu-

522 3883 668 3932 bus:
696 3895 800 3932 nec
825 3881 1005 3933 ullum
1031 3897 1216 3946 genus
1231 3895 1530 3946 pomorum
1544 3883 1776 3935 meliore
1791 3887 2120 3948 potuitcon-

519 3954 733 4004 ditione
747 3953 1091 4006 subsistere:
1111 3956 1212 4006 sed
1226 3969 1361 4006 cum
1377 3955 1603 4018 gaudiis
1617 3957 1946 4020 spebusque
1963 3971 2116 4011 mor-

521 4024 656 4075 talin
667 4039 720 4074 m
730 4063 744 4088 ,
763 4031 878 4075 tam
892 4027 1153 4088 germina
1167 4027 1398 4090 periere,
1419 4040 1592 4090 quam
1605 4028 1880 4090 gramina.
1892 4031 2014 4081 Non
2026 4039 2118 4084 est

519 4095 923 4146 dissimulandi
939 4102 1165 4161 tempus
1177 4097 1616 4155 doloris,omnes
1628 4097 1950 4161 lugentium
1964 4101 2118 4154 habi-

524 4172 646 4218 tum
669 4171 1039 4230 mentemque
1058 4169 1354 4233 suscipite:
1383 4169 1742 4220 teterrimum
1765 4171 1917 4222 enim
1933 4187 2117 4235 genus

522 4239 804 4302 impendit
828 4239 1008 4298 exitii,
1033 4241 1246 4303 quibus
1272 4245 1389 4291 tam
1407 4253 1541 4304 spes
1565 4239 1701 4291 anni
1727 4241 2114 4310 lamentanda,

522 4322 698 4374 quam
734 4321 824 4359 res
848 4314 958 4361 est.

587 4381 749 4432 Vers.
777 4380 982 4435 13.44.
1015 4406 1073 4417 —
1098 4380 1372 4442 Accingite
1407 4395 1512 4442 vos,
1537 4386 1583 4430 et
1607 4381 1849 4447 plangite
1869 4389 2116 4437 sacerdo-

519 4456 608 4512 tes,
626 4452 827 4500 ululate
846 4451 1089 4500 ministri
1101 4451 1315 4514 altaris,
1335 4451 1712 4517 ingredimini,
1730 4457 1912 4506 cubate
1927 4457 1986 4510 in
1997 4474 2114 4510 sac-

517 4537 592 4585 co,
627 4523 870 4570 ministri
893 4523 989 4571 Dei
1007 4523 1129 4582 mei,
1161 4523 1427 4585 quoniam
1451 4524 1658 4574 interi-it
1675 4527 1736 4576 de
1760 4529 1916 4578 domo
1935 4531 2114 4580 Deive—

513 4593 614 4667 atri
624 4595 957 4667 sacri/icium
970 4600 1014 4642 et
1032 4593 1234 4642 libatio.
1251 4594 1756 4662 Sancti/icate[Ant.
1778 4600 1972 4664 Sacri/1'
1979 4604 2105 4667 cate]

503 4663 804 4726 jejunium,
832 4671 1008 4713 vocate
1023 4673 1560 4730 coetum,congregate
1581 4684 1744 4730 senes,
1763 4663 1944 4722 omnes
1957 4663 2100 4723 habi:

2142 3268 2192 3341 C

2220 2460 2320 2516 lud
2343 2472 2475 2511 vero
2504 2458 2578 2510 ad
2604 2457 2966 2510 mortalitatis
3001 2469 3294 2521 angorem.
3321 2456 3455 2508 Ideo
3486 2471 3605 2510 non
3630 2459 3823 2523 placat

2221 2531 2528 2582 Dominum
2553 2530 2788 2581 afﬂictio
2813 2541 3062 2589 reorum,
3088 2528 3190 2580 sed
3227 2529 3501 2580 correctio
3531 2532 3822 2593 paeniten-

2221 2603 2363 2654 tium
2383 2618 2394 2653 :
2415 2614 2605 2664 neque
2629 2614 2774 2666 opus
2792 2606 2884 2652 est
2899 2601 3048 2662 tabe,
3061 2599 3163 2652 sed
3182 2601 3624 2664 compunctione
3639 2617 3822 2652 curan-

2220 2673 2324 2723 dis.
2353 2673 2560 2724 Sordes
2575 2672 2726 2723 enim
2740 2671 2985 2722 luxuria
3003 2683 3370 2734 nequaquam
3391 2683 3651 2724 arumna
3664 2676 3819 2723 bonis

2218 2745 2500 2807 malisque
2524 2744 2874 2805 communis,
2899 2748 3177 2794 caterum
3201 2743 3389 2794 amica
3404 2748 3631 2795 tantum
3646 2757 3822 2808 gene-

2217 2816 2366 2867 rosis
2389 2816 2686 2866 mentibus
2707 2814 3009 2877 disciplina
3031 2812 3277 2876 depellit.
3293 2815 3362 2865 Et
3382 2813 3510 2866 ideo
3527 2815 3814 2880 jejunium

2219 2891 2368 2952 peto,
2397 2887 2599 2948 inquit,
2613 2885 2768 2948 quod
2784 2885 2855 2936 de
2881 2885 3068 2936 ofﬁcio
3090 2885 3270 2948 venit,
3281 2897 3398 2936 non
3418 2887 3663 2938 esuriem
3675 2899 3812 2951 qua

2219 2959 2288 3008 de
2311 2957 2588 3022 supplicio
2615 2956 2951 3019 plerumque
2977 2957 3261 3019 contingit
3278 2971 3290 3007 :
3307 2955 3397 3008 vel
3422 2958 3812 3010 esurientibus

2215 3030 2455 3092 inquam
2484 3027 2780 3079 conciliate
2805 3029 3111 3091 jejunium,
3137 3032 3203 3078 ut
3227 3027 3382 3090 quod
3412 3029 3603 3094 inopia
3628 3029 3810 3082 mole-

2220 3104 2376 3151 stum
2410 3099 2640 3160 fecerat,
2665 3098 2869 3150 reddat
2891 3099 3122 3150 devotio
3144 3097 3524 3152 fructuosum.
3551 3100 3658 3152 Sed
3677 3101 3808 3152 hac

2218 3185 2327 3223 nos
2339 3183 2438 3234 pro
2455 3170 2834 3222 adiﬁcatione
2846 3170 3201 3221 audientium
3218 3169 3804 3223 dixerimusﬁaterum

2219 3247 2409 3306 potest
2440 3241 2856 3304 consequentia
2877 3241 3222 3305 propheticis
3261 3244 3560 3295 sententiis
3591 3245 3806 3308 majore

2215 3313 2550 3377 compendio
2585 3312 2881 3364 vindicari.
2899 3313 3330 3378 Impendentem
3344 3315 3495 3365 enim
3519 3315 3808 3368 calamita-

2214 3391 2330 3438 tem
2345 3385 2550 3448 magis,
2569 3396 2743 3448 quam
2763 3385 2884 3446 jam
2908 3384 3214 3436 irruentem
3232 3387 3567 3438 vaticinator
3587 3400 3804 3440 annun-

2214 3457 2345 3518 ciat,
2378 3455 2699 3517 meritoque
2723 3455 2994 3506 admonet
3025 3456 3372 3515 sacerdotes,
3397 3462 3460 3508 ut
3483 3457 3704 3521 plebem
3728 3459 3799 3510 ad

2209 3527 2432 3593 jejunia
2446 3529 2784 3589 couvocent,
2811 3530 2868 3578 et
2890 3525 3160 3590 legitimis
3177 3527 3686 3591 supplicationibus
3702 3542 3796 3580 oc-

2215 3603 2451 3650 currant
2478 3596 2570 3648 his
2594 3597 3038 3660 calamitatibus,
3058 3609 3203 3662 quas
3217 3598 3461 3650 audiunt
3483 3599 3793 3652 imminere.

2277 3669 2534 3732 Denique
2571 3665 2834 3732 sequitur
2859 3685 2870 3716 :
2911 3669 3091 3731 [Vers.
3120 3667 3344 3734 15.-18.]
3365 3697 3423 3706 -
3449 3671 3494 3720 Α
3521 3672 3566 3720 Α
3591 3672 3632 3720 Α
3657 3673 3790 3721 diei!

2214 3741 2345 3804 quia
2369 3754 2544 3804 prope
2559 3744 2629 3789 est
2653 3739 2764 3788 dies
2792 3739 3034 3803 Domini,
3051 3746 3098 3789 et
3121 3741 3279 3804 quasi
3302 3740 3520 3789 vastitas
3543 3757 3578 3790 α
3598 3748 3796 3805 potente

2213 3812 2398 3862 ven-iet.
2423 3811 2712 3874 Numquid
2734 3826 2847 3861 non
2869 3826 3056 3875 coram
3073 3811 3238 3860 oculis
3254 3814 3432 3860 vestris
3447 3812 3701 3862 alimenta
3719 3828 3799 3877 pe-

2214 3883 2535 3932 rieruntide
2557 3884 2724 3932 Domo
2748 3884 2844 3932 Dei
2863 3883 2883 3909 ”
2899 3885 3054 3932 vestri
3067 3883 3250 3933 latitia
3280 3890 3326 3932 et
3348 3884 3639 3936 exultatio?
3655 3885 3802 3934 Com-

2210 3960 2540 4020 putruerunt
2555 3955 2809 4018 jumenla
2831 3956 2893 4004 in
2911 3960 3133 4004 stercore
3144 3970 3258 4016 suo,
3277 3955 3528 4005 demolita
3543 3962 3664 4005 sunt
3681 3958 3798 4006 hor-

2213 4043 2327 4086 rea,
2353 4027 2626 4090 dissipata
2649 4033 2778 4075 sunt
2809 4027 3094 4090 apotheca,
3112 4028 3374 4090 quoniam
3406 4028 3689 4091 confusum
3730 4035 3797 4078 est

2215 4099 2475 4147 triticum.
2498 4099 2640 4156 Quid
2658 4099 2921 4162 ingemuit
2939 4100 3171 4158 animat,
3187 4099 3685 4164 mugieruntgreges
3707 4116 3798 4149 ar-

2214 4170 2382 4218 menti
2409 4173 2434 4220 ?
2463 4171 2598 4232 quia
2620 4185 2733 4218 non
2755 4175 2884 4218 sunt
2894 4184 3100 4234 pascua
3123 4171 3196 4218 eis
3216 4185 3234 4230 ;
3269 4170 3360 4219 sed
3383 4175 3427 4218 et
3450 4186 3626 4234 greges
3646 4186 3792 4235 peco-

2213 4259 2341 4292 rum
2366 4243 2746 4306 disperierunt.
2767 4245 3078 4307 Postquam
3099 4242 3418 4307 lugentium
3431 4243 3703 4308 habitum,
3733 4250 3791 4296 ut

2217 4327 2382 4366 sacco
2399 4314 2663 4365 videlicet
2679 4315 2881 4377 operti,
2906 4315 2960 4365 id
2981 4320 3070 4366 est
3095 4315 3288 4366 amicti
3312 4314 3510 4366 ciliciis
3531 4318 3790 4367 conveni-

2213 4391 2360 4449 rent,
2378 4387 2659 4450 propheta
2669 4386 3174 4450 composuitmunc
3190 4389 3381 4449 etiam,
3401 4399 3515 4450 qua
3531 4386 3681 4449 fungi
3697 4388 3787 4439 de-

2215 4457 2672 4518 beantoratione,
2693 4457 3082 4522 subjungit,et
3099 4457 3573 4509 exclamationem
3585 4462 3786 4508 dolentis

2210 4529 2300 4580 bis
2326 4534 2522 4592 terque
2543 4531 2978 4592 congeminans,
3004 4530 3168 4592 quasi
3207 4530 3324 4580 vim
3342 4529 3559 4581 ictuum
3590 4531 3785 4593 quibus

2210 4604 2395 4666 plaga
2420 4602 2790 4658 incutiantur,
2814 4602 3117 4664 expressit.
3145 4601 3313 4652 Haud
3339 4602 3412 4652 ob
3436 4600 3590 4652 aliud
3616 4603 3786 4666 profe—

2214 4677 2324 4732 cto,
2343 4684 2518 4735 quam
2533 4676 2595 4722 ut
2615 4673 2970 4724 formidinem
2987 4677 3042 4724 et
3060 4673 3557 4736 compunctionem
3571 4675 3789 4725 inconti-

515 4739 709 4783 latores
733 4741 882 4784 terra
897 4735 957 4785 in
972 4735 1194 4784 domum
1215 4737 1311 4786 Dei
1327 4728 1504 4802 vestri,
1518 4745 1563 4788 et
1584 4741 1665 4789 cla
1673 4728 1810 4790 male
1821 4743 1894 4792 ad
1917 4745 2108 4795 Domi-
2130 4728 2190 4803 D
2213 4728 2324 4794 bus
2340 4728 2700 4794 audientium
2713 4745 3103 4806 pronunciata
3115 4728 3454 4796 calamitatis
3471 4746 3698 4797 ambitio
3710 4762 3786 4794 su-

515 4821 549 4878 n
561 4807 1068 4878 um.Magnitudine
1080 4808 1420 4860 calamitatis
1432 4813 1989 4876 exposita,omnibus
2000 4823 2110 4878 qui-

511 4875 642 4951 dem
669 4876 894 4940 populis
909 4879 1080 4930 ﬂetus
1092 4880 1420 4944 impendere
1438 4875 1840 4947 descripserat,
1861 4887 1961 4938 sed
1976 4875 2111 4951 quia

511 4946 942 5022 lachrymarum
969 4953 1368 5004 tantummodo
1393 4946 1722 5016 spectaculo
1738 4946 2106 5022 commoveri,

511 5019 844 5096 miserantis
867 5022 1077 5096 potius,
1103 5035 1278 5088 quam
1302 5023 1567 5096 docentis
1589 5025 1844 5078 ofﬁcium
1867 5019 2111 5096 est,proé

511 5091 686 5166 pheta
701 5097 895 5144 autem
921 5095 1114 5166 animo
1134 5095 1390 5159 parentis
1417 5095 1680 5157 indutus,
1707 5098 1850 5149 nihil
1876 5091 2110 5166 nisi-pro

513 5161 758 5214 utilitate
771 5165 1056 5227 conciliat,
1072 5178 1229 5216 nunc
1244 5178 1475 5228 quoque
1495 5167 1756 5219 ordinate
1773 5171 1844 5221 ad
1857 5161 2110 5226 lamenta

514 5235 803 5297 cenducit,
828 5241 895 5288 ut
923 5249 1044 5287 non
1059 5237 1258 5288 vacuis
1283 5238 1516 5288 ﬂetibus
1531 5243 1758 5304 tempus
1775 5243 2108 5306 absumant,

511 5305 776 5357 miserias
802 5319 947 5380 suas
970 5307 1314 5380 lugubribus
1347 5308 1621 5380 nimirum
1647 5313 1886 5366 vocibus
1915 5305 2110 5380 perse4

511 5383 774 5440 quentes,
800 5378 954 5440 quod
975 5378 1193 5441 utique,
1217 5383 1276 5430 et
1298 5377 1592 5443 religiosos
1605 5384 1661 5435 et
1687 5383 1862 5437 fortes
1885 5377 2108 5440 animos

509 5447 768 5500 deceret:
802 5449 904 5500 sed
921 5449 1046 5514 ipsa
1067 5449 1493 5514 lachrymarum
1518 5466 1760 5508 munera
1786 5459 2107 5511 secundum

509 5530 690 5594 sacra
713 5519 858 5584 legis
883 5521 1111 5586 regulas
1135 5523 1490 5588 ordinantes,
1516 5539 1766 5579 messem
1783 5535 2109 5594 praeparent

507 5589 870 5666 gaudiorum,
885 5596 1224 5666 tantumque
1236 5598 1510 5648 arumnis
1523 5600 1733 5650 mentis
1749 5589 2106 5666 indulgeant,

507 5665 791 5724 quantum
817 5664 1028 5716 sufﬁcit
1051 5665 1126 5717 ad
1147 5668 1608 5732 indignationem
1625 5670 1858 5734 judicis,
1887 5681 1905 5700 ·
1927 5664 2108 5723 οιῑθιλὲ

573 5804 1002 5868 ἐυρριθηᾱυω
1035 5814 1148 5860 tam
1189 5813 1321 5878 ejus,
1359 5813 1417 5866 id
1459 5818 1566 5877 est,
1597 5814 1821 5880 judicis,
1855 5819 1956 5868 aut
1995 5816 2106 5871 tale

514 5875 829 5938 quidpiam.

574 5945 596 5976 ι’
617 5945 820 6001 (lateri
843 5957 1038 6006 autem
1055 5956 1182 6010 libri
1207 5971 1429 6024 omnes,
1450 5962 1624 6022 atque
1649 5957 1771 6025 ipse
1787 5959 2103 6016 Hebraicus

2207 4817 2457 4872 scitaret,
2489 4827 2556 4864 ac
2586 4815 2634 4864 si
2654 4814 2868 4865 diceret
2893 4831 2905 4864 :
2939 4816 3162 4867 Credite
3193 4817 3373 4867 oculis
3396 4819 3559 4876 meis,
3585 4818 3779 4868 credite

2205 4888 2485 4949 sensibus,
2511 4885 2632 4937 acie
2657 4885 2974 4949 prophetali
2991 4901 3110 4938 non
3135 4887 3782 4952 solumillata,sedetiam

2209 4965 2456 5011 ventura
2469 4958 2836 5009 cernentibus
2855 4974 2867 5008 :
2889 4978 2900 5006 ε
2915 4960 3015 5023 jus
3030 4959 3303 5010 nimirum
3325 4973 3458 5024 qua
3472 4961 3687 5012 tolerari
3699 4974 3780 5012 ne-

2207 5036 2378 5098 queat
2392 5028 2568 5096 485
2588 5027 2930 5080 calamitatis
2942 5031 3169 5094 pondus
3181 5031 3526 5094 insistere,et
3543 5032 3613 5084 ad
3627 5034 3779 5096 cujus

2207 5105 2358 5156 ictus
2373 5101 2633 5164 singulos
2646 5104 2814 5166 quasi
2827 5104 3091 5155 convulsi
3106 5105 3420 5156 visceribus
3432 5104 3776 5157 collabamur.

2208 5175 2297 5225 Sic
2323 5174 2479 5226 enim
2504 5173 2614 5223 sibi
2639 5187 2809 5226 eruca
2833 5179 2890 5226 et
2913 5175 3152 5240 locusta,
3167 5177 3439 5240 bruchus,
3452 5177 3646 5240 rubigo
3660 5190 3776 5228 suc-

2209 5247 2387 5300 cedet.
2421 5245 2669 5296 cessatio
2721 5246 3098 5309 praecedentis
3130 5248 3497 5310 incommodi,
3536 5263 3660 5314 qua
3701 5264 3777 5302 re-

2210 5317 2627 5382 spiramentum
2658 5317 2960 5370 videbatur
2982 5318 3215 5382 aliquod
3241 5319 3508 5383 polliceri,
3532 5323 3774 5386 graviora

2205 5389 2434 5440 miseris
2461 5392 2746 5441 tormenta
2779 5394 3116 5454 comportet.
3142 5395 3225 5443 Ac
3249 5393 3392 5452 dies,
3433 5391 3526 5445 ille
3547 5395 3770 5454 Domini,

2209 5472 2354 5524 quos
2368 5471 2496 5510 reos
2510 5459 2776 5513 videlicet
2787 5462 3101 5515 destinavit
3113 5464 3450 5527 ulcisci,non
3467 5468 3622 5529 quasi
3637 5467 3772 5518 tenui

2208 5531 2599 5582 sitvexatione
2619 5532 2904 5595 terribilis,
2933 5534 3036 5585 sed
3071 5548 3198 5586 eam
3226 5535 3598 5588 vastationem
3623 5537 3766 5591 ferat.

2206 5614 2380 5665 quam
2406 5603 2844 5666 potentissimus
2857 5605 3100 5670 quisque
3129 5608 3595 5660 ultorinveheret.
3614 5611 3766 5673 CllJllS

2205 5675 2831 5738 videlicetviribus,nec
2843 5677 3083 5730 audacia
3093 5679 3485 5733 resistentium
3502 5681 3674 5745 quiret
3690 5683 3766 5732 ob-

2205 5822 2400 5870 textus
2413 5819 2586 5868 nostri
2601 5819 2928 5882 praeferunt.
2948 5823 3080 5872 Mox
3099 5835 3346 5888 quoque,
3366 5839 3476 5874 non
3487 5828 3559 5874 est
3564 5840 3758 5890 pascua,

2201 5891 2408 5945 minori
2430 5903 2671 5945 numero
2704 5904 2805 5958 pro
2831 5908 2941 5944 non
2967 5900 3110 5960 sunt,
3146 5899 3252 5949 etc.
