3894 6398
89 378 230 434 1041

1288 378 1358 427 IN
1395 377 1568 428 JOEL
1601 373 2184 426 COMMENTARIUS.

3240 362 3378 418 1042

84 493 316 574 sistere,
335 505 414 574 ne
431 491 770 574 subtrahere
801 492 1110 556 quippiam,
1129 491 1406 544 calliditas
1431 489 1690 542 occulen-
1713 495 1762 565 Α
1795 488 1924 550 bus,
1939 488 2252 548 autrorem,
2269 485 2779 548 autpluviam,quo
2791 481 3049 546 germina
3064 477 3378 544 producan-

89 570 98 574 -
593 568 602 574 .
725 563 732 574 ι
780 564 814 574 Α
917 563 931 574 1
970 563 979 572 ο
1030 563 1061 574 η.
1194 563 1224 574 ο-
1281 564 1322 574 ,ν
1394 564 1444 574 .-.
1794 563 1881 574 λάμ
1936 562 2217 574 -7...__sl,.l
2276 557 2429 574 /-\_--.J
2466 558 2504 574 _:
2534 557 2674 574 ιρι-ν..
2702 553 3024 574 ,Ακνηέιιλμλη
3066 555 3265 574 εςΛηιΛυι
3289 561 3356 574 IIII

85 553 732 627 tium[At.oculentumJ
750 603 754 608 .
775 553 1142 627 Quod—igitur
1157 563 1252 622 ait,
1280 564 1509 611 Vastitas
1531 579 1564 610 a
1591 577 1682 625 pn-
1713 553 1762 565 "
1793 563 1902 617 tur,
1927 562 2240 621 exspectat.
2273 557 2433 627 Quod
2461 558 2507 606 si
2534 557 2679 627 bene
2698 553 3265 627 consideres,_noster
3287 561 3380 599 au-

85 641 227 684 tente
251 635 444 696 veniet,
472 633 564 686 vel
598 635 1083 696 comparationem
1117 635 1363 698 positam
1389 635 1598 697 accipe,
1628 638 1688 684 ut

85 718 212 756 non
225 706 425 757 minus
437 705 740 756 valituram
758 705 1194 767 castigationem
1217 706 1489 763 sciamus,
1515 717 1687 768 quam

84 777 135 828 si
149 781 311 828 esset
326 777 712 842 potentissimi
725 776 892 840 alicuj
905 791 970 827 us
983 778 1132 840 regis
1147 777 1421 829 smvitura
1433 777 1686 828 victoria.

85 850 172 899 De
193 861 312 912 quo
347 848 534 900 colore
558 849 732 899 etiam
770 847 908 898 illud
943 848 1003 898 in
1026 848 1244 911 psalmo
1269 853 1358 899 est
1377 863 1389 899 :
1408 849 1689 897 Excitatus

84 927 362 984 tanquam
375 920 650 969 dormiens
669 919 952 981 Dominus,
973 925 1061 968 tan
1072 935 1238 984 quam
1248 925 1432 984 potens
1443 936 1533 968 cra
1541 919 1691 981 puta-

85 997 175 1039 tus
208 1006 248 1040 a
275 991 402 1040 vino
417 1007 436 1051 ;
461 995 536 1053 et,
572 990 836 1041 Percussit
867 991 1120 1039 inimicos
1148 1006 1268 1039 suos
1287 992 1346 1039 in
1378 991 1691 1056 posteriori-

85 1061 205 1126 bus,
241 1063 596 1127 opprobrium
629 1064 1012 1126 sempiternum
1036 1063 1180 1112 dedit
1215 1063 1322 1112 illis
1356 1063 1514 1124 (Psal.
1549 1061 1686 1123 77.):

83 1133 184 1185 Vel
203 1138 377 1196 certe,
404 1147 520 1184 non
547 1147 648 1198 per
677 1133 1028 1197 exemplum,
1047 1134 1146 1184 sed
1173 1147 1271 1197 pro
1297 1133 1692 1196 singularitate

95 1203 312 1255 factam
326 1203 716 1268 intelligamus
727 1206 1330 1256 commemorationem
1343 1207 1558 1265 potentis
1575 1219 1693 1252 neu-

81 1276 169 1338 tiq
179 1288 316 1326 uam
330 1287 505 1326 unum
518 1281 622 1328 aut
636 1276 803 1336 duos,
823 1276 924 1326 sed
937 1281 1143 1327 cuncta
1157 1288 1287 1339 quae
1301 1275 1545 1326 voluerit
1559 1277 1692 1326 abs-

83 1359 204 1410 que
216 1346 558 1398 diﬂlcultate
570 1349 867 1411 patrantis,
889 1349 1086 1410 sicque
1102 1352 1306 1410 potens
1323 1346 1693 1410 Omnipoten-

86 1421 211 1468 tem
234 1419 594 1482 expressisse
618 1418 892 1470 videatur.
921 1419 1060 1476 Quia
1073 1433 1236 1482 prope
1255 1419 1364 1466 dies
1384 1417 1624 1476 Domini,
1649 1421 1695 1464 et

86 1489 323 1538 vastitas
346 1504 382 1538 α
401 1495 608 1553 potente
646 1491 832 1538 veniet.
859 1489 1147 1552 Numquid
1175 1504 1288 1536 non
1312 1503 1494 1537 coram
1526 1487 1693 1536 oculis

87 1560 282 1609 vestris
294 1560 561 1609 alimenta
573 1561 888 1624 perierunt?
905 1563 945 1610 Ν
955 1573 1029 1611 on
1043 1565 1148 1622 est,
1163 1561 1364 1622 inquit,
1385 1563 1612 1622 tempus
1628 1562 1695 1611 ut

87 1631 576 1694 impedimentum
589 1631 872 1682 mediocre
887 1632 1174 1693 formidas,
1193 1636 1251 1682 et
1272 1632 1570 1690 colligendis
1593 1640 1694 1679 tan-

88 1704 222 1752 tum
244 1701 526 1752 fructibus
547 1711 566 1731 ·
590 1702 747 1753 haud
773 1703 946 1752 etiam
969 1701 1220 1752 collectis
1240 1701 1536 1752 calamitas
1560 1701 1694 1751 infe-

86 1775 272 1837 ratur,
299 1773 404 1824 sed
431 1773 542 1824 sub
566 1772 707 1835 ipsis
731 1773 914 1824 oculis
939 1773 1166 1831 vestris,
1195 1777 1260 1822 ut
1277 1773 1397 1834 jam
1427 1773 1691 1835 repositis

89 1843 400 1896 conﬂdatis
427 1844 714 1896 alimentis
739 1859 751 1894 :
791 1857 896 1895 nec
923 1843 1374 1906 solumprivatis
1407 1843 1692 1906 domibus,

90 1915 201 1967 sed
227 1916 402 1966 etiam
420 1915 617 1980 templi
633 1915 832 1967 aerario
847 1915 1096 1979 inopiam
1114 1915 1408 1966 imminere
1427 1915 1692 1978 praedico,

87 1985 176 2037 ita
191 1991 258 2037 ut
273 1986 496 2045 laetitia,
516 1986 631 2037 imo
649 1987 964 2037 consolatio
981 1987 1254 2036 universa
1269 1987 1550 2049 depereat.
1580 1989 1694 2037 Nec

91 2069 241 2109 sane
261 2058 466 2108 ablatis
493 2058 758 2117 frugibus
785 2059 998 2108 victum
1023 2070 1228 2120 pecora
1261 2057 1692 2120 ministrabunt,

91 2130 235 2191 quia
253 2129 432 2192 etipsi
447 2128 755 2192 perniciem
769 2128 988 2192 depasti
1003 2133 1246 2189 montes,
1261 2133 1318 2180 et
1335 2129 1696 2192 consumptio

91 2200 316 2252 vivoris
340 2201 612 2251 indicent.
642 2199 860 2261 Quibus
884 2201 1080 2262 utique
1109 2200 1504 2263 propiantibus
1531 2199 1696 2248 malis

97 2271 358 2322 ostendit
373 2284 436 2322 se
452 2270 725 2336 propheta
742 2271 975 2334 pulsari,
996 2271 1144 2334 quod
1166 2271 1253 2322 vel
1271 2271 1342 2321 ad
1359 2270 1696 2334 spiritalium

95 2355 386 2394 sensuum
399 2343 678 2406 judicium
689 2342 856 2406 valet,
874 2343 1120 2394 multum
1141 2357 1200 2393 se
1217 2343 1364 2392 ultra
1377 2341 1484 2392 hos
1501 2353 1700 2404 corpo-

93 2426 232 2466 reos
259 2414 692 2478 porrigentium,
717 2415 807 2466 vel
828 2414 900 2465 ad
919 2414 1184 2476 pompam
1211 2413 1289 2477 (ut
1309 2411 1582 2476 diximus)
1606 2411 1700 2462 de-

92 2485 520 2548 scriptionis,in
535 2484 874 2548 populorum
891 2484 1160 2535 cordibus
1174 2483 1442 2534 affectum
1455 2482 1702 2534 formidi-

99 2557 203 2608 nis
215 2558 849 2619 commoventem.Ergo
862 2557 1022 2619 quasi
1039 2555 1285 2618 speciem
1299 2554 1700 2617 interrogantis

105 2626 450 2690 assumpsit,
477 2626 718 2676 dicendo
746 2641 756 2672 :
789 2626 931 2684 Quid
961 2626 1226 2688 ingemuit
1249 2625 1478 2684 animal,
1503 2625 1705 2688 mugie-

103 2701 247 2746 runt
270 2712 446 2760 greges
457 2697 692 2745 armenti
715 2699 740 2748 ?
754 2701 863 2747 uta
874 2695 1273 2760 respondentis
1290 2699 1446 2758 parte
1465 2694 1704 2757 subjice-

106 2773 218 2830 ret,
245 2768 390 2826 Quia
411 2783 524 2816 non
552 2774 678 2816 sunt
701 2782 904 2832 pascua
927 2770 1019 2818 eis.
1048 2766 1150 2815 Sed
1174 2772 1218 2814 et
1241 2780 1417 2830 greges
1451 2779 1702 2828 pecorum

107 2839 498 2900 disperierunt.

175 2927 440 2988 Proinde,
465 2940 594 2978 cum
613 2939 708 2979 me
739 2940 810 2977 ex
833 2926 989 2977 omni
1013 2930 1172 2990 parte
1200 2923 1572 2976 intolerabilis
1596 2923 1706 2974 cir-

107 2999 352 3052 cumdet
375 2997 622 3060 afﬂictio,
661 2999 732 3048 ab
759 3002 813 3048 te
849 2997 1085 3048 unicum
1111 2997 1439 3055 Dominum,
1473 3007 1702 3056 manus,

108 3082 310 3134 voces,
336 3075 472 3120 vota
508 3067 782 3130 sustollo;
818 3071 877 3119 et
912 3072 976 3118 ut
1011 3065 1366 3118 calamitates
1393 3069 1558 3118 terrae
1582 3069 1704 3131 jam

107 3143 338 3200 dexter,
359 3141 478 3204 jam
497 3141 653 3191 mitis
669 3139 933 3204 aspicias,
955 3138 1147 3190 animo
1163 3144 1219 3190 et
1241 3151 1471 3203 corpore
1491 3145 1705 3192 stratus

107 3211 378 3278 imploro.
403 3215 546 3264 Ecce
563 3211 716 3262 enim
739 3211 753 3276 [
774 3211 918 3262 Vers
957 3211 1041 3264 19.
1061 3210 1077 3274 J
1097 3211 1333 3274 speciosa.
1351 3211 1542 3260 deserti
1556 3213 1704 3273 ﬂam-

1782 628 1946 689 ditor,
1972 628 2162 677 inesse
2183 626 2402 676 videbis
2420 625 2646 689 pondus
2661 623 2927 686 exemplo
2950 622 3301 672 :animarum
3320 632 3382 668 e-

1782 699 1902 748 nim
1921 698 2072 748 sitim
2089 697 2500 748 elementorum
2512 695 2757 747 naturali
2773 693 3274 756 appetentiae,qu2e
3293 694 3382 740 est

1782 771 1980 832 utique
2010 769 2192 820 multo
2213 767 2622 830 vehementior,
2649 765 3022 829 comparavit.
3049 761 3153 814 Sed
3183 761 3378 814 videa-

1783 852 1914 891 mus
1941 845 1997 891 et
2024 838 2257 902 reliqua.

2372 949 2658 1016 CAPUT
2701 949 2786 1013 II.

1851 1088 2014 1138 Vcrs.
2045 1084 2244 1139 1.-2.-
2274 1084 2462 1134 Canite
2489 1083 2615 1132 tuba
2631 1083 2693 1131 in
2716 1082 2868 1140 Sion,
2893 1078 3093 1129 ululate
3116 1079 3180 1126 in
3199 1081 3378 1128 monte

1785 1164 1968 1208 sancto
1984 1171 2118 1218 meo,
2135 1155 2707 1205 conturbenturomnes
2724 1151 3044 1201 habitatores
3061 1154 3226 1210 terrae,
3244 1149 3379 1211 quia

1785 1229 1954 1277 veniet
1977 1229 2086 1276 dies
2105 1226 2348 1288 Domini,
2368 1227 2500 1288 quia
2528 1237 2696 1288 prope
2718 1228 2806 1272 est.
2834 1223 2952 1271 Dies
2979 1220 3318 1269 tenebrarum
3335 1224 3380 1267 et

1787 1299 2032 1362 calignis,
2051 1299 2159 1346 dies
2175 1297 2334 1346 nubis
2355 1300 2400 1344 et
2419 1295 2683 1344 turbinis:
2704 1293 2864 1357 quasi
2881 1306 3042 1340 mane
3065 1289 3086 1318 δ
3102 1296 3381 1338 extensum

1784 1359 1946 1432 super
1959 1375 2178 1417 montes.
2199 1369 2344 1418 Cum
2354 1365 2542 1428 inquit
2557 1369 2784 1427 tempus
2798 1373 3026 1425 magnas
3038 1359 3380 1432 vastationis

1786 1431 2100 1504 appropiet,
2124 1437 2368 1490 civitatis
2386 1436 2591 1488 incolae
2612 1446 2998 1504 agrorumque
3014 1431 3380 1504 conveniant,

1787 1501 1846 1561 et
1861 1501 2212 1560 orationibus
2229 1511 2402 1570 atque
2419 1507 2649 1556 ﬂetibus
2665 1511 2892 1568 tempus
2909 1501 3274 1554 denunciatm
3286 1511 3382 1551 ca-

1787 1580 2058 1632 lamitatis
2081 1579 2414 1640 anticipent.
2441 1577 2620 1638 Cujus
2646 1576 2695 1624 si
2719 1587 2825 1638 ego
2849 1583 3082 1636 possem
3101 1576 3234 1622 ante
3256 1572 3384 1634 ipsa

1787 1664 1980 1703 rerum
2009 1650 2399 1713 experimenta
2413 1646 2787 1698 acerbitatem
2809 1643 3094 1708 explicare
3119 1642 3382 1713 dicendo,

1791 1721 2058 1772 videntur
2071 1711 2212 1770 mihi
2229 1719 2344 1770 fore
2361 1717 2502 1769 tales
2517 1728 2797 1780 angorum
2815 1715 3088 1775 tenebrae,
3107 1711 3306 1776 quales
3337 1711 3385 1764 si

1795 1792 2219 1854 contingatatra
2234 1789 2532 1852 geminari,
2554 1792 2619 1839 ut
2635 1799 2766 1837 cum
2783 1789 3007 1836 noctem
3026 1784 3206 1847 caligo
3227 1789 3284 1835 et
3300 1788 3387 1835 te-

1717 1849 1773 1926 B
1795 1849 2223 1914 nebraal‘aciunt
2236 1849 2565 1910 densiorem
2591 1857 2736 1908 :imo
2763 1855 2812 1906 si
2835 1856 2924 1906 his
2941 1855 3128 1905 nubes
3149 1853 3384 1916 densas,

1798 1935 2172 1996 turbinesque
2189 1931 2504 1990 consocies,
2519 1931 2582 1980 ut
2595 1928 2798 1979 solatio
2819 1926 3074 1977 siderum
3093 1927 3294 1985 penitus
3309 1930 3389 1972 e‘x-

1795 2005 1976 2062 eluso,
1991 2017 2090 2068 per
2106 2006 2324 2054 caecum
2338 2013 2522 2052 aerem
2538 1999 2844 2050 fulminum
2859 1996 3388 2068 terrorintermicet.

1794 2079 1933 2138 Quae
1954 2065 2144 2126 tamen
2163 2073 2444 2136 imagines
2463 2070 2642 2122 solam
2659 2066 3147 2138 mali-qualitatem
3167 2065 3390 2116 labora-

1795 2152 2005 2199 verunt
2019 2145 2290 2206 indicare,
2309 2143 2477 2206 cujus
2493 2141 2562 2192 de
2575 2139 2894 2204 quantitate
2909 2138 2968 2187 in
2979 2137 3258 2206 majorem
3269 2146 3391 2206 mo-

1797 2218 1936 2270 dum
1955 2216 2234 2267 acerbitas
2249 2204 2547 2275 augeatur.
2573 2213 2656 2262 lta
2675 2209 2829 2261 enim
2853 2208 2958 2270 vis,
2976 2207 3051 2257 de
3075 2218 3190 2268 quo
3206 2204 3392 2268 loqui-

1797 2301 1946 2348 mur,
1963 2286 2118 2349 mali,
2136 2285 2408 2336 universa
2424 2282 2615 2346 spacia
2633 2285 2848 2330 nostra}
2865 2277 3117 2349 regionis
3131 2275 3390 2349 implevit

1799 2359 1910 2424 [Αι.
1935 2346 2238 2421 implebit],
2265 2355 2429 2418 quasi
2451 2353 2728 2404 limitibus
2753 2348 3292 2424 explicatis,_omnes
3315 2346 3392 2424 si-

1799 2415 1918 2481 mul
1939 2415 2170 2480 montes
2185 2415 2356 2489 atque
2373 2425 2544 2475 colles
2561 2434 2728 2473 mane
2745 2420 3009 2478 nitidum,
3033 2418 3090 2468 id
3111 2420 3222 2489 est,
3246 2415 3385 2468 ruti-

1798 2501 1926 2552 lans
1941 2512 2148 2550 aurora
2165 2487 2488 2560 perfuderit.
2503 2497 2688 2546 Unam
2703 2504 2838 2555 ergo
2853 2503 2974 2542 rem
2991 2493 3048 2540 et
3059 2487 3213 2560 nocti
3226 2499 3390 2560 com-

1799 2572 2036 2638 paravit,
2062 2575 2120 2622 et
2140 2557 2361 2630 lumini,
2393 2571 2458 2617 ut
2479 2578 2598 2638 non
2619 2562 2968 2638 contrarium
2991 2557 3392 2638 aliquidinfer-

1800 2627 1907 2705 ret,
1933 2627 2036 2694 sed
2059 2645 2122 2692 ut
2140 2627 2529 2691 dilatationem
2555 2636 2680 2698 ejus
2703 2639 2759 2686 et
2777 2633 3146 2705 acerbitatem
3166 2627 3394 2705 diversi-

1801 2699 1921 2766 tate
1933 2709 2374 2774 comparationis
2389 2707 2750 2771 exprimeret.
2763 2703 3002 2767 Populus
3018 2701 3216 2750 multus
3230 2704 3276 2748 et
3285 2699 3394 2774 for:

1805 2787 1896 2836 tis:
1921 2767 2118 2833 similis
2137 2783 2185 2831 ei
2201 2797 2314 2830 non
2335 2779 2443 2841 fuit
2461 2767 2496 2828 ἃ
2509 2775 2804 2842 principio,
2822 2779 2868 2823 et
2887 2776 3003 2838 post
3019 2786 3141 2821 eum
3165 2767 3398 2842 nonerit

1809 2871 1970 2920 usque
1993 2856 2054 2904 in
2076 2867 2252 2902 annos
2269 2839 2631 2914 generationis
2661 2851 2706 2894 et
2731 2843 3112 2909 generationis.
3140 2839 3302 2902 Quod
3323 2839 3395 2889 de

1803 2913 2046 2978 locustis
2068 2913 2314 2987 magis,‘
2327 2932 2502 2984 quam
2523 2918 2594 2970 de
2607 2917 2876 2987 hostibus
2894 2915 2969 2987 sit
2989 2913 3254 2964 instituta
3269 2921 3395 2987 nar-

1805 2999 1969 3060 ratio,
1993 2980 2269 3060 processu
2295 2980 2568 3044 orationis
2600 2986 2869 3060 ostendit.
2903 2986 3160 3060 Examen
3185 2980 3396 3060 quippe

1807 3051 1982 3135 487
1995 3051 2200 3131 ipsum
2223 3065 2575 3135 locustarum
2591 3063 2650 3135 et
2671 3053 3234 3135 bruchorum,‘cuju.s‘
3249 3051 3398 3135 irru-

1807 3121 1925 3204 Eu'o
1940 3121 2313 3201 multiplicem
2326 3133 2708 3204 calamitatem
2724 3127 3018 3204 peperisse
3031 3121 3392 3204 describitur,

1807 3190 1962 3264 nunc
1973 3190 2190 3261 armato
2203 3203 2482 3258 exercitui
2496 3190 2876 3261 frementique
2889 3193 3225 3260 composuit:
3242 3190 3396 3264 quod

109 3261 574 3335 marconsumsit.
593 3285 659 3334 In
683 3261 797 3347 quo
819 3261 1095 3333 sanelocb
1111 3261 1354 3344 diligens
1377 3261 1604 3333 auditor
1625 3285 1707 3334 in-
1729 3265 1778 3340 C
1807 3261 2005 3344 utique
2021 3274 2617 3347 percomparationem
2641 3283 2768 3347 non
2787 3271 2984 3347 posset
2997 3265 3222 3347 inferre,
3249 3263 3300 3314 si
3324 3261 3396 3347 de

109 3357 328 3422 quirat,
346 3368 478 3419 quae
489 3357 550 3406 in
560 3355 804 3406 desertis
821 3352 1183 3418 pulchritudo
1198 3353 1542 3418 praedicetur
1551 3367 1708 3419 agro-

107 3439 268 3492 rum,
296 3438 469 3490 quam
499 3437 658 3477 nova
692 3425 820 3477 haac
851 3423 1082 3476 exustio
1117 3422 1404 3474 invidiosa
1434 3436 1710 3476 consum-

113 3499 282 3550 serit:
306 3497 629 3562 prmsertim
651 3509 784 3548 cum
806 3507 1098 3558 nusquam
1118 3494 1364 3546 incendii
1377 3498 1711 3555 praecessisset

109 3569 350 3634 querela
371 3573 395 3618 ?
431 3567 845 3630 consequentia
883 3565 1120 3630 proinde
1150 3565 1410 3616 lectionis
1438 3567 1707 3630 ostendit,

111 3639 603 3708 pulchritudinem
617 3639 708 3690 hic
718 3651 985 3701 agrorum
1000 3637 1332 3689 frondentes
1349 3637 1539 3708 sylvas
1553 3643 1608 3690 et
1618 3638 1712 3690 lte-

115 3719 178 3764 ta
202 3725 419 3776 pascua
442 3709 746 3762 nominari.
773 3709 906 3760 Ideo
929 3713 1125 3760 autem
1146 3721 1265 3759 non
1289 3707 1445 3771 culti,
1472 3709 1572 3760 sed
1610 3709 1712 3760 de-

114 3783 258 3835 serti
275 3783 424 3834 ruris
435 3794 666 3834 amoena
677 3781 950 3843 laudavit,
970 3781 1105 3842 quia
1117 3783 1508 3831 armentorum
1533 3777 1711 3848 486

115 3859 178 3907 et
196 3867 440 3919 gregum
456 3851 1030 3906 feceratmentionem
1049 3865 1060 3900 :
1075 3850 1207 3914 quia
1219 3851 1492 3914 quoniam
1508 3865 1608 3916 per
1623 3864 1717 3902 ne-

114 3938 285 3978 mora
319 3925 592 3978 laatantur
625 3928 680 3974 et
715 3934 948 3988 pascua,
983 3921 1074 3972 his
1107 3922 1306 3984 utique
1338 3923 1532 3986 aliqua
1555 3923 1714 3973 clade

117 3997 429 4060 corruptis,
442 3995 520 4047 illi
533 4007 759 4058 quoque
772 3993 1104 4044 subduntur
1115 3993 1326 4044 exitiis.
1340 3994 1537 4056 Ignem
1549 4000 1713 4042 autem

119 4069 321 4132 posuit
335 4080 434 4131 pro
449 4065 790 4128 vastatione,
805 4075 979 4127 quam
988 4062 1514 4114 locustaintulisset
1525 4068 1580 4115 et
1591 4065 1722 4114 bru-

118 4141 293 4202 chus,
309 4139 460 4190 sicut
475 4138 646 4188 etiam
668 4135 916 4198 legimus
939 4135 1001 4185 in
1018 4134 1240 4197 psalmo
1259 4151 1270 4182 :
1293 4133 1481 4184 Posuit
1500 4134 1718 4198 pluvias

116 4225 312 4260 eorum
335 4209 681 4273 grandinem,
708 4207 887 4269 ignem
917 4205 1307 4255 comburentem
1330 4205 1390 4253 in
1411 4210 1555 4254 terra
1571 4205 1718 4268 ipso-

116 4297 272 4346 rum,
309 4287 355 4330 et
377 4282 631 4345 percussit
665 4278 847 4327 vineas
877 4291 1084 4337 eorum,
1119 4282 1166 4324 et
1189 4277 1442 4324 contrivit
1465 4291 1622 4325 omne
1655 4277 1719 4324 li-

119 4368 301 4418 gnum
323 4353 523 4416 [inium
555 4366 741 4400 eorum
778 4349 940 4411 (Psal.
969 4347 1130 4410 404.).
1169 4347 1409 4398 Proinde
1444 4360 1576 4398 cum
1601 4360 1719 4398 0m-

119 4427 288 4478 nium
305 4423 597 4488 sylvarum
608 4426 664 4474 et
675 4421 1001 4488 graminum
1017 4419 1270 4470 virorum
1282 4419 1596 4469 italocusta
1609 4420 1721 4465 bru-

120 4499 392 4558 chusque
415 4495 814 4555 consumserit,
838 4494 1034 4544 utnon
1057 4490 1252 4552 adesa,
1277 4489 1377 4540 sed
1401 4493 1610 4540 exusta
1637 4489 1722 4539 vi-

123 4570 380 4621 deantur
400 4580 413 4616 :
433 4568 858 4628 consequenter
873 4573 892 4593 °
907 4563 1077 4614 etiam
1101 4561 1234 4612 ferte
1250 4559 1452 4611 bestias
1467 4559 1540 4610 ad
1556 4559 1721 4609 famis

1806 3333 2084 3406 mili-tibus
2095 3333 2300 3401 fuisset
2309 3347 2578 3398 instituta
2587 3333 2912 3405 descriptio.
2929 3336 3322 3406 Pergititaque
3333 3333 3400 3380 ef-

1806 3405 2039 3485 iectum,
2071 3423 2329 3484 inquam,
2352 3415 2489 3467 mali
2523 3427 2623 3485 per
2645 3413 2834 3485 varias
2867 3407 3088 3474 species
3110 3405 3398 3485 explicare

1807 3473 2276 3555 etvdicit'qualem
2295 3473 2575 3539 terrarum
2593 3483 2816 3555 faciem,
2833 3473 2968 3555 cum
2993 3477 3232 3555 veniret,
3247 3473 3401 3555 inve-

1805 3544 1970 3625 nerit,
1997 3544 2228 3626 qualern
2259 3556 2569 3622 reliquerit,
2603 3566 2741 3626 cum,
2759 3544 2960 3626 abiret.
3000 3544 3401 3626 Nihil,_inquit,

1809 3617 1994 3688 simile
2015 3617 2308 3698 majorum
2331 3617 2666 3680 nostrorum
2689 3625 2838 3676 vidit
2859 3625 3023 3683 mtas,
3049 3618 3192 3671 nihil
3216 3617 3403 3670 mino-

1810 3720 1937 3760 rum
1966 3705 2150 3756 simile
2172 3701 2408 3754 videbit.

1872 3779 2034 3828 Vers.
2073 3775 2124 3829 3.
2160 3801 2220 3809 —
2242 3773 2380 3822 Ante
2413 3769 2610 3833 faciem
2633 3767 2750 3831 ejus
2780 3765 2927 3829 ignis
2961 3764 3260 3833 vorans,»et
3291 3761 3406 3821 post

1811 3864 1934 3898 eum
1967 3860 2198 3897 exurens
2227 3831 2483 3908 ﬂamma:
2523 3839 2684 3904 quasi
2719 3838 2908 3886 hortus
2940 3831 3228 3896 voluptatis
3261 3834 3406 3908 terra

1813 3897 1997 3968 coram
2033 3932 2109 3979 eo,
2148 3920 2193 3964 et
2227 3897 2347 3979 post
2393 3925 2517 3960 eum
2532 3897 2780 3979 'solitudo
2812 3905 3034 3979 deserti;
3063 3917 3178 3979 non
3205 3904 3278 3949 est
3309 3897 3408 3979 qui

1812 3967 2037 4053 effugiat
2052 3967 2192 4036 eum.
2215 3967 2350 4034 Ante
2373 3975 2895 4053 faciem-ejustquod
2921 3971 3310 4053 dixit,‘ipsum.
3323 3967 3404 4053 19-

1813 4039 2112 4112 eustarum
2123 4039 2421 4107 incursum
2434 4039 2900 4110 voluit—indicare,
2914 4057 3034 4097 non
3048 4043 3243 4105 utique
3254 4043 3326 4112 ut
3336 4039 3410 4112 ia-

1815 4109 1979 4184 ciemv
1999 4109 2352 4180 locustarum
2385 4122 2540 4174 aliud
2581 4119 2792 4186 periret
2820 4115 3174 4186 incendium,
3204 4114 3265 4186 et
3294 4109 3408 4186 illm

1815 4183 2039 4255 exusta:
2055 4199 2322 4260 deinceps
2336 4206 2472 4247 rura
2491 4183 2920 4254 corrumperent
2934 4201 2946 4235 :
2961 4187 3062 4260 sed
3081 4185 3180 4260 ita,
3200 4183 3407 4260 inquit,

1817 4251 2468 4335 tdtasvregiones'eorum
2498 4251 3046 4335 vastabit‘incursio,
3069 4259 3136 4308 ut
3145 4267 3277 4335 non
3300 4251 3410 4335 mi-

1814 4325 1928 4397 nus
1951 4325 2126 4408 quain
2152 4340 2302 4404 ignis
2327 4333 2694 4408 absumserit.
2722 4333 2792 4408 Et
2813 4330 2949 4394 quia
2964 4341 3084 4379 non
3105 4325 3412 4378 efﬁcientia

1818 4401 2092 4482 probatur
2125 4401 2391 4469 incendii,
2429 4417 2633 4482 verum
2666 4401 2817 4454 levia
2839 4412 3085 4482 quasque
3107 4409 3320 4482 rerum,
3349 4401 3412 4446 ut

1819 4467 2071 4548 frondes,
2089 4487 2155 4535 ut
2167 4467 2408 4534 culmos.
2423 4482 2488 4528 ut
2503 4475 2715 4548 paleas,
2733 4470 3149 4548 crepitantibus
3167 4467 3413 4518 volitan-

1825 4541 2094 4619 tibusque
2120 4553 2366 4604 ﬂammis
2391 4547 2645 4600 celeriter
2671 4543 2816 4619 solet
2839 4541 3183 4619 penitusque
3199 4549 3410 4619 consu—

121 4637 379 4706 pericula
403 4607 810 4700 perveniarunt,
829 4638 884 4685 et
899 4633 974 4684 ad
1000 4637 1054 4684 te
1075 4644 1258 4706 unum
1279 4607 1725 4706 naturaliimaigi-
1748 4631 1806 4704 D
1826 4607 1982 4680 mere
2000 4607 2018 4677 ἶ
2039 4637 2173 4706 quae
2198 4637 2334 4706 vero
2358 4619 2614 4672 materiae
2636 4617 2766 4706 plus
2786 4611 3090 4706 habuerint
3104 4607 3414 4706 firmitatis,

123 4684 306 4764 sterio
329 4684 516 4760 doctae
535 4684 882 4770 suspiciunt,
907 4707 973 4755 ut
996 4702 1314 4756 remedium
1332 4699 1581 4765 periculo
1602 4684 1724 4763 pro-
1749 4684 1804 4704 υ
1829 4701 2046 4762 majore
2058 4684 2306 4770 incendii
2323 4704 2483 4770 mora
2501 4691 2760 4770 superat:
2782 4685 3008 4770 ideoj,’et
3033 4687 3168 4770 ante
3192 4684 3256 4770 et
3265 4684 3416 4761 post,

120 4782 376 4848 piciatus
402 4784 688 4844 apportes.
711 4775 1134 4848 Attestantibus
1159 4773 1368 4848 quippe
1391 4771 1568 4822 sacris
1591 4782 1725 4820 cum

120 4845 374 4907 veritate
397 4864 465 4904 ac
485 4850 772 4902 suavitate
797 4847 1168 4908 carminibus,
1197 4845 1395 4894 Omnia
1417 4848 1516 4892 ate
1539 4857 1726 4904 exspe-

124 4928 300 4983 ctant,
327 4926 383 4970 ut
409 4923 494 4971 des
516 4921 626 4970 illis
651 4933 823 4969 escam
839 4919 900 4966 in
918 4923 1165 4981 tempore.
1192 4916 1364 4964 Dante
1379 4919 1441 4977 te,
1467 4912 1564 4983 illa
1587 4910 1729 4960 colli-

124 5000 256 5060 gent
280 4982 295 5044 ὲ
310 4993 580 5057 aperiente
596 4996 640 5040 te
652 5005 883 5040 manum
900 4994 1072 5052 tuam,
1085 4987 1344 5036 universa
1360 4982 1730 5048 implebantur

118 5053 471 5131 iucunditate
491 5077 504 5114 :
521 5067 729 5112 averten
737 5067 782 5110 te
793 5065 838 5109 le
849 5065 1027 5110 autem
1039 5058 1236 5121 faciem
1251 5053 1731 5131 tutam,_lurbabun-

132 5125 247 5189 tur.
270 5135 496 5198 Auferes
527 5135 674 5184 enim
701 5132 955 5196 spiritum
979 5144 1164 5180 eorum
1201 5133 1247 5176 et
1278 5127 1536 5191 deficient,
1562 5131 1608 5174 et
1639 5125 1728 5172 in-

128 5223 301 5260 suum
324 5195 595 5272 pulverem
613 5195 941 5254 revertentur
963 5197 1307 5262 (Psal.103.).
1331 5197 1571 5272 Proinde
1597 5195 1679 5247 sic
1697 5207 1732 5246 a

129 5288 191 5334 te
208 5268 386 5332 etiam
404 5279 650 5330 ferarum
667 5287 870 5340 greges
895 5272 1233 5330 remedium,
1250 5275 1308 5323 et
1323 5269 1373 5320 si
1387 5268 1734 5332 liquidarum

132 5363 350 5404 vocum
369 5349 589 5413 inopes,
606 5339 800 5398 tamen
818 5343 1064 5396 diversis
1082 5341 1332 5393 faucium
1350 5339 1510 5392 sonis
1535 5343 1736 5413 postu-

134 5425 300 5477 lant:
330 5409 484 5473 sicut
505 5424 780 5472 terrarum
803 5427 936 5468 area
956 5413 1242 5478 susceptis
1271 5416 1466 5478 aptata
1503 5409 1736 5463 semini-

205 5630 225 5650 ·
237 5621 508 5670 Fortasse
519 5621 632 5676 aut,
645 5627 746 5679 pro
757 5611 1002 5678 negandi
1016 5607 1312 5678 particula,
1324 5607 1634 5679 legendum
1644 5608 1734 5654 est.

201 5691 227 5721 δ
243 5689 474 5742 Transit
484 5677 1302 5751 explicatumsubsequentem
1317 5681 1468 5731 XIX.
1483 5677 1740 5730 versicu-

137 5765 269 5816 lum
296 5777 309 5813 :
331 5761 418 5810 Ad
449 5765 510 5822 te,
536 5750 782 5821 Domine,
803 5755 1062 5818 clamabo,
1081 5755 1210 5818 quia
1230 5753 1374 5816 ignis
1389 5750 1612 5822 comedit
1627 5763 1742 5822 spe-

139 5836 292 5885 ciosa
305 5821 511 5888 deserti,
529 5837 575 5880 et
587 5831 812 5893 ﬂamma
825 5826 1054 5877 succend
1059 5827 1097 5873 it
1112 5825 1302 5874 omnia
1319 5823 1468 5886 ligna
1485 5821 1740 5883 regionis.

209 5915 228 5934 ε
257 5908 421 5957 Nunc
441 5904 686 5956 alterum
702 5915 806 5954 seu
821 5902 946 5953 XX.
964 5896 1218 5962 exponit,
1236 5907 1408 5959 quem
1429 5899 1486 5945 et
1503 5895 1742 5956 praestat

1826 4750 2118 4820 flammam
2132 4767 2323 4831 vigere
2339 4750 2666 4816 denunciat.
2680 4754 2946 4831 Augendi
2956 4757 3147 4831 autem
3159 4750 3418 4831 ordinem

1827 4853 1898 4890 ex
1912 4843 2034 4890 arte
2044 4823 2569 4898 custddiens,postq
2577 4841 2710 4883 uam
2723 4829 3003 4898 locustam
3014 4824 3139 4874 ince
3146 4823 3278 4898 ndio
3291 4833 3421 4898 con-

1828 4909 1977 4970 tulit,
2007 4907 2298 4972 regionem
2320 4890 2452 4968 quée
2477 4890 2706 4954 vastata
2730 4899 2823 4958 sit,
2853 4896 3016 4972 terris
3031 4893 3278 4972 ammnis
3296 4890 3419 4972 irri-

1827 4960 2174 5044 guisquevait
2198 4960 2457 5040 potuisse
2473 4971 2728 5024 conferri:
2756 4968 2922 5044 Quasi
2934 4967 3116 5044 hortus
3126 4960 3422 5044 potuptatis

1830 5037 2184 5100 terra-coram
2203 5037 2286 5110 eo,
2331 5052 2377 5095 et
2410 5049 2526 5110 post
2552 5059 2672 5093 eum
2703 5039 2932 5091 solitudo
2949 5037 3169 5110 deserti:
3207 5048 3320 5082 non
3349 5037 3422 5110 est

1829 5123 1925 5187 qui
1949 5119 2174 5186 effugiat
2197 5103 2338 5168 eum.
2359 5103 2434 5170 Ut
2455 5114 2815 5187 tuneutique
2835 5113 2922 5187 vis
2943 5109 3078 5161 mali
3100 5103 3422 5187 grassantis

1829 5183 2116 5256 appareat,
2143 5193 2208 5240 ut
2230 5199 2297 5239 ea
2313 5199 2446 5250 qua
2467 5185 2682 5238 fuerint
2707 5183 2881 5235 nimis
2903 5191 3132 5233 ammna
3153 5185 3422 5228 consum-

1832 5263 1986 5315 serit.
3323 5296 3330 5300 .

1894 5336 2056 5384 Vers.
2097 5329 2267 5384 4.-11.
2311 5353 2373 5364 --
2407 5325 2579 5386 Quasi
2618 5329 2858 5388 aspectus
2893 5335 3158 5388 equorum
3187 5321 3424 5384 aspectus

1832 5419 2036 5466 eorum,
2054 5407 2099 5452 et
2119 5401 2276 5467 quasi
2299 5398 2494 5463 equites
2523 5396 2598 5446 sic
2621 5399 2856 5446 current.
2885 5395 3034 5446 Sicut
3055 5391 3264 5443 sonitus
3288 5403 3430 5454 qua-

1838 5601 2186 5654 describere:
2217 5594 2319 5647 Sed
2342 5599 2389 5644 et
2417 5590 2584 5642 bestiae
2605 5590 2750 5652 agri,
2775 5589 2936 5653 quasi
2958 5603 3090 5638 area
3113 5587 3298 5636 sitiens
3327 5584 3434 5634 im-

1839 5675 2002 5724 brem.
2025 5671 2380 5736 suspexerunt
2396 5664 2469 5713 ad
2489 5668 2552 5722 te,
2571 5661 2837 5736 quoniam
2855 5659 3109 5736 emsiccati
3123 5663 3250 5708 sunt
3265 5657 3435 5720 fontes

1839 5729 2131 5809 aquarum:
2162 5745 2207 5790 et
2229 5739 2374 5803 ignis
2399 5731 2670 5785 devoravit
2691 5729 2927 5809 speciosa
2943 5729 3123 5778 dcsrti.

1886 5801 1925 5846 ’ἀ
1949 5813 2168 5878 Reliqui
2215 5801 2345 5862 libri
2384 5817 2710 5878 ea:pansum_
2733 5801 2950 5878 habent
2993 5812 3094 5862 pro
3139 5804 3436 5848 extensum.

1904 5897 1922 5916 ε’
1947 5871 2155 5940 Recole
2183 5897 2314 5948 quae
2335 5871 2604 5945 superius
2627 5874 2732 5929 col.
2761 5873 2864 5928 480
2887 5871 3041 5922 dicta
3061 5875 3216 5920 sunt.
