3894 6456
185 360 338 414 1015

1399 372 1467 420 1N
1504 373 1674 422 JUEL
1709 373 1851 422 (10M
1864 375 2176 425 MENTAIU
2192 378 2290 426 US.

3345 375 3478 428 10411

175 477 1856 567 tantumluxurimque‘famulari,miseranteratqucindl-A
1893 557 1901 567 .
1942 489 2105 567 Yers.
2140 487 2427 543 ‘15.—l7.—
2463 495 2648 541 (It-inite.
2687 493 2811 542 tuba
2851 495 2910 541 in
2946 495 3114 555 Syon,
3157 492 3477 554 sanctificata

165 553 434 608 gnanter
459 551 746 601 exclama:
777 552 962 600 Posuit
984 554 1196 601 vineam.
1218 570 1393 602 meam
1417 557 1476 602 in.
1496 558 1775 618 (lescrtiun,

169 622 224 666 et
250 620 422 680 ﬁcum
462 635 637 668 meam
667 621 1022 678 (lecorticavit,
1053 625 1269 673 nudans
1295 627 1541 689 spoliavit
1564 643 1700 689 eam,
1736 633 1781 678 et

170 690 442 753 projec-it:
466 691 574 740 albi
588 692 718 754 facti
733 700 858 741 sunt
874 696 1018 742 rami
1035 697 1164 758 ejus,
1183 699 1468 760 confusum
1485 705 1553 746 est
1569 702 1774 749 vinum.

169 760 640 823 elanguitoleum,
656 766 868 828 confusi
890 774 1014 813 sunt
1037 769 1298 830 agricolze,
1314 771 1445 832 quia
1472 772 1646 818 messis
1659 772 1780 833 agri

167 833 368 894 periit.
399 834 501 884 IIic
528 840 726 887 autem
761 837 1134 889 ecclesiarum
1170 845 1376 901 status,
1415 842 1638 904 qualem
1674 845 1778 893 hac

171 904 558 982 potissimum
581 912 915 982 tempestate
931 912 1336 974 conspicimus,
1351 913 1500 963 illam
1521 914 1781 976 indigna-

173 978 406 1025 tionem
426 978 546 1039 Dei,
561 990 734 1040 quam
753 980 1052 1031 intremuit
1070 984 1361 1045 prepheta,
1389 986 1700 1047 succendit,
1722 986 1777 1036 id

170 1050 295 1108 est,
313 1048 559 1120 qMagnus
582 1055 652 1098 est
677 1051 788 1099 dies
811 1052 1050 1113 Domini,
1077 1060 1122 1102 et
1142 1055 1390 1103 terribilis
1408 1056 1571 1116 valde,
1599 1063 1642 1105 et
1658 1059 1779 1120 quis

166 1118 461 1192 sustinebit
484 1135 607 1169 eum
627 1125 650 1172 .9
674 1125 795 1182 Quo
820 1129 1011 1173 autem
1033 1125 1106 1175 sit
1121 1126 1356 1176 consilio
1375 1128 1650 1192 proditus,
1666 1118 1777 1192 qui

171 1189 460 1240 sustineri
489 1197 751 1256 nequeat,
782 1195 1104 1246 audiamus.

243 1261 408 1313 Vers.
438 1260 646 1316 ’Κλ-14.
670 1291 732 1301 -
753 1265 914 1314 Nunc
932 1282 1053 1330 ergo
1070 1268 1199 1315 dicit
1223 1269 1514 1319 Dominus:
1546 1271 1776 1320 Conver-

165 1329 370 1379 limini
394 1333 466 1381 ad
489 1349 571 1382 me
594 1335 654 1382 in.
677 1342 779 1384 toto
809 1329 1000 1396 corde,
1021 1339 1319 1402 injejunio,
1345 1346 1390 1388 et
1411 1341 1464 1387 in
1485 1342 1623 1402 ﬂetu,
1643 1349 1688 1391 et
1714 1344 1771 1392 in

162 1402 428 1464 planctu.
450 1405 517 1455 Et
545 1408 769 1456 scindite
789 1409 952 1457 corda
971 1416 1152 1473 vestra,
1180 1416 1223 1458 et
1241 1427 1351 1459 non
1366 1414 1672 1464 vestimenta
1701 1432 1774 1463 ve-

160 1478 313 1548 stra,
327 1480 370 1522 ct
381 1479 761 1527 convertimini
777 1481 849 1528 ad
869 1482 1163 1528 Dominum
1179 1483 1344 1530 Deum
1361 1490 1528 1531 vestru
1541 1499 1617 1534 m:
1639 1501 1708 1548 qu
1719 1487 1772 1536 ia

160 1544 441 1608 benignus
464 1553 508 1597 et
533 1550 834 1598 misericors
858 1558 946 1616 est,
971 1553 1198 1615 patiens,
1233 1559 1275 1600 et
1303 1564 1319 1582 ο
1345 1555 1543 1602 multus
1577 1559 1634 1604 in
1647 1544 1769 1606 pii-

158 1618 490 1683 se-ricordia,
517 1625 561 1668 et
582 1623 898 1684 praestabilis
910 1640 1068 1687 super
1084 1625 1316 1674 malitia.
1339 1627 1440 1682 Qui
1465 1629 1558 1675 scit
1577 1630 1622 1676 si
1643 1645 1771 1678 eon-

161 1695 418 1764 vertatur
439 1698 484 1740 et
505 1692 742 1755 ignoscat
777 1700 822 1741 et
847 1695 1114 1758 relinquat
1135 1702 1248 1758 post
1264 1713 1312 1742 sc
1338 1696 1768 1764 benedictionem,

157 1762 506 1822 sacriﬁcium
530 1770 574 1811 et
601 1764 834 1813 libamen
862 1767 1092 1815 Domino
1107 1769 1209 1816 Deo
1231 1776 1390 1816 vestro
1407 1771 1430 1817 ἵ
1447 1773 1591 1833 Ergo
1609 1762 1770 1834 [101114

159 1843 307 1894 pam
334 1834 676 1897 severitatis,
697 1848 810 1898 qua
827 1839 1072 1900 stipatur
1088 1839 1382 1902 egrediens
1396 1841 1462 1890 ad
1483 1841 1765 1892 vindican-

160 1902 315 1980 (10111
340 1909 592 1980 aeternus
613 1908 908 1980 Dominus,
927 1909 1236 1971 intuentes,
1256 1912 1476 1961 animos
1501 1913 1769 1976 despera-

159 1975 328 2024 tione
345 1975 657 2039 prohibere,
674 1979 907 2040 speique
930 1980 1178 2030 melioris
1191 1982 1391 2032 etl‘ectu
1419 1975 1769 2042 scitoteﬁllum

160 2056 293 2094 non
321 2047 617 2105 saeviendi,
638 2049 737 2099 sed
764 2051 1323 2112 parcendidesiderio
1349 2056 1637 2107 terruisse.
1661 2060 1770 2107 Ne.-

165 2127 290 2190 gue
302 2119 453 2167 enim
467 2120 706 2181 prepria)
722 2120 1087 2183 benignitatis
1101 2123 1329 2186 oblitus,
1348 2129 1461 2175 tam
1476 2127 1770 2190 multiplici

156 2186 392 2250 fragore
411 2196 582 2241 motas
598 2191 1111 2243 animadversionis
1127 2194 1399 2255 insonuit,
1420 2197 1521 2247 sed
1536 2186 1774 2249 01111110-

157 2257 258 2308 bis
285 2259 554 2312 affectum
573 2263 890 2330 formidinis
908 2265 1199 2330 excitaret.
1228 2267 1488 2329 Denique
1514 2268 1635 2330 ipsa
1663 2283 1764 2320 vos

155 2332 362 2372 rerum
387 2336 524 2374 voce
555 2325 874 2387 compellat,
899 2331 964 2376 ut
989 2328 1058 2376 ad
1086 2341 1218 2377 eum
1247 2325 1648 2390 {egra—demum
1675 2346 1766 2394 pe-

156 2396 329 2443 ctora
345 2395 671 2457 conferatis,
691 2397 898 2459 ejusqu
918 2398 1296 2449 emedicinam
1313 2401 1766 2453 zeternisvirtuti-

157 2463 278 2512 bus
305 2465 646 2530 obligantes,
672 2481 790 2517 non
813 2468 1011 2518 solum
1035 2469 1290 2519 habitum
1311 2471 1765 2535 lugentium,sed

157 2538 356 2584 totum
380 2535 660 2608 impleatis
686 2540 970 2596 allectum,
1015 2541 1301 2602 cordaque
1336 2547 1526 2592 vestra
1557 2547 1762 2608 potius,

157 2618 344 2667 quam
366 2607 711 2680 vestimenta
727 2608 1019 2680 rumpatis.
1049 2612 1210 2668 quod
1229 2626 1356 2657 cum
1378 2607 1760 2680 exaggerantur,

160 2682 294 2727 tum
312 2678 484 2728 etiam
497 2679 1114 2740 01001111101010111011011,
1131 2685 1194 2729 ut
1210 2680 1342 2741 quia
1357 2693 1480 2730 mos
1497 2678 1761 2743 pl-itigenQ

158 2751 312 2799 tium
329 2755 416 2800 est
431 2753 696 2813 ,apectori
710 2753 816 2799 bus
834 2751 1168 2800 vestimenta
1188 2751 1470 2811 diducere,
1490 2752 1764 2815 illosque-

159 2834 278 2883 que
303 2822 468 2882 quasi
484 2822 730 2872 admota:
747 2836 842 2884 pec
854 2823 1068 2871 toribus
1083 2835 1289 2871 manus
1303 2823 1472 2871 altius
1493 2829 1553 2872 ut
1572 2825 1764 2887 impri-

159 2897 482 2954 merentur,
509 2893 838 2943 admonuit:
867 2907 932 2943 ac
959 2907 1072 2942 non
1094 2893 1280 2942 solum
1307 2894 1570 2944 videlicet
1597 2896 1764 2945 indu-

157 2969 381 3014 menta.
399 2964 498 3012 sed
520 2964 690 3013 etiam
710 2964 946 3025 viscera,
962 2965 1006 3012 si
1024 2965 1140 3014 fieri
1161 2971 1370 3026 posset,
1397 2967 1518 3028 ipsa
1537 2979 1660 3015 rum
1672 2980 1764 3028 pe-

163 3037 320 3091 rent,
352 3035 600 3084 Verbum
625 3049 853 3097 quoque
879 3036 1542 3086 accommodatissimum
1571 3039 1666 3098 rei,
1694 3038 1762 3087 de

167 3119 289 3168 qua
304 3107 598 3166 agebatur,
635 3107 854 3156 invenit
887 3121 897 3153 :
927 3106 1164 3154 Sc-intlile
1189 3108 1371 3164 cori-ta,
1401 3114 1444 3154 et
1477 3125 1586 3155 non
1617 3110 1768 3156 vesti-

164 3183 355 3225 menta
380 3183 566 3226 vestra.
593 3181 727 3237 Qua"
745 3178 942 3239 utique
959 3178 1157 3226 scissio
1177 3182 1378 3239 prmter
1400 3180 1766 3229 ambitionem

163 3249 440 3311 lugentis,
463 3248 864 3298 discretionem
883 3263 1110 3310 quoque.
1131 3250 1261 3299 boni
1277 3251 1524 3311 malique
1547 3252 1771 3302 videtur

166 3319 446 3379 indicere,
474 3323 529 3370 et
556 3323 971 3381 separationem
999 3333 1030 3367 a
1067 3321 1311 3381 flagitiis,
1339 3334 1584 3382 quorum
1612 3337 1769 3372 com-

167 3393 450 3442 mixtione
475 3392 829 3441 sorduerant.
850 3394 914 3441 In
933 3390 1134 3440 melius
1162 3405 1295 3452 ergo
1323 3397 1538 3441 mutate
1562 3408 1768 3456 propo—

162 3465 366 3524 situm,
394 3463 482 3512 vel
509 3475 576 3512 ea
602 3475 733 3524 quae
772 3467 907 3511 sunt
939 3463 1094 3524 prius
1130 3462 1280 3511 male
1315 3469 1496 3525 gesta.
1541 3465 1764 3517 deflete.

165 3536 380 3596 quippe
394 3534 604 3596 quibus
619 3547 823 3583 caussa
839 3535 1056 3582 sitcum
1071 3535 1398 3593 benigno,et
1414 3535 1767 3585 misericordi

161 3605 429 3659 Domino,
458 3610 501 3651 et
523 3603 813 3666 praestabili
847 3620 1006 3666 super
1032 3605 1266 3666 malitia,
1295 3605 1351 3654 id
1378 3611 1483 3666 est,
1522 3609 1616 3668 qui
1642 3609 1767 3669 ejus

165 3676 533 3735 calamitatis,
559 3689 730 3737 quam
759 3675 1035 3724 malitiam
1063 3681 1243 3728 vocat.
1274 3679 1689 3739 remissionem,
1719 3681 1767 3729 si

161 3753 546 3808 compunctos
573 3747 775 3796 viderit
798 3760 944 3806 quos
971 3747 1418 3796 comminatione
1444 3754 1688 3807 eruerat,
1712 3750 1767 3799 li-

159 3820 364 3868 benter
383 3819 472 3866 ind
484 3817 687 3875 ulgeat.
708 3820 747 3866 Ε
759 3831 787 3865 x
804 3831 912 3866 usu
929 3821 1121 3866 autem
1149 3818 1369 3880 Scriptu
1379 3833 1584 3878 rarum,
1601 3821 1767 3882 quasi

160 3891 410 3952 speciem
438 3889 756 3939 dubitantis
784 3889 1086 3942 assumsit.
1124 3889 1403 3938 dicendo:
1446 3892 1574 3947 Quis
1609 3893 1694 3953 sit,
1720 3892 1766 3938 si

155 3966 516 4018 convertatur,
543 3967 587 4008 ct
613 3962 867 4023 ignoscat,
886 3967 928 4006 et
951 3960 1222 4020 relinquat
1249 3966 1365 4022 post
1387 3975 1438 4008 se
1459 3961 1766 4009 benedictio-

158 4036 306 4080 nem?
320 4032 481 4093 Quod
497 4033 688 4094 utique
701 4045 800 4094 pro
813 4045 870 4080 re
882 4032 1163 4094 verentiaj
1178 4032 1458 4081 udicantis
1473 4033 1764 4087 inseritur.

160 4103 333 4166 cujus
367 4109 590 4154 tantum
621 4103 740 4153 vult
777 4116 905 4153 esse
937 4107 1228 4158 terrorem,
1256 4108 1320 4152 ut
1345 4104 1513 4153 etiam
1545 4109 1667 4154 tuta
1698 4106 1764 4154 ti-

160 4179 453 4225 meantur.
472 4175 763 4236 Relinquat
777 4178 964 4225 autem
981 4180 1095 4236 post
1111 4189 1161 4220 se
1187 4172 1616 4230 benedictiimern,
1637 4175 1763 4225 ideo

159 4247 258 4302 ait,
272 4247 405 4308 quia
423 4246 833 4307 suprailixerat
857 4250 1074 4295 tantam
1098 4247 1215 4294 vim
1233 4245 1508 4306 egestatis
1528 4246 1763 4296 locustis

161 4319 528 4367 vastantibus
551 4313 700 4383 49|
728 4317 1102 4378 inferendam,
1125 4319 1185 4365 ut
1205 4321 1330 4376 post
1349 4318 1656 4366 transitum
1675 4330 1764 4367 ea-

158 4401 288 4438 rum
304 4395 625 4439 remaneret
646 4394 792 4438 terra
808 4392 958 4438 sicut
972 4387 1218 4436 solitudo
1232 4387 1464 4436 deserti.
1486 4393 1612 4442 Ergo
1632 4403 1765 4437 nunc

157 4461 256 4520 ait,
285 4460 490 4509 ()lferte
508 4460 852 4521 lachrymas,
871 4459 1068 4508 olferte
1084 4459 1354 4520 gemitus.
1371 4459 1605 4507 Talibus
1623 4459 1760 4509 forte

160 4531 368 4582 hostiis
385 4532 471 4581 vis
485 4532 710 4581 animad
723 4531 1000 4581 versionis
1017 4530 1362 4579 (101101101οω⁴
1375 4529 1678 4580 laetabitur:
1698 4535 1762 4580 ut

163 4604 212 4654 si
226 4602 766 4665 imminuitcopiam,
781 4616 895 4652 non
913 4602 1086 4652 etiam
1104 4603 1393 4654 absumat,
1408 4601 1751 4650 alimoniam.

163 4675 230 4723 Et
255 4675 526 4736 relinquat
550 4680 666 4736 pest
704 4689 752 4720 se
791 4674 1204 4721 benedictionem
1247 4673 1596 4734 sacri/icium,
1631 4678 1674 4718 et
1699 4673 1758 4719 li-

161 4747 353 4795 bamen
388 4746 619 4794 Domino
659 4747 762 4792 Deo
788 4751 968 4793 nostro
999 4744 1101 4806 [AL
1130 4743 1335 4806 vestro].
1376 4745 1475 4793 Per
1502 4743 1755 4794 ordinem

161 4816 236 4868 ad
262 4817 562 4879 praemissa
578 4815 890 4877 restiondit.
911 4817 1091 4877 Supra
1113 4813 1262 4864 enim
1283 4814 1519 4872 dixerat,
1546 4815 1738 4876 magni

167 4888 428 4940 tudinem
447 4889 724 4950 egestatis
743 4900 809 4938 eo
830 4899 1015 4948 usque
1031 4891 1356 4946 venturam,
1377 4888 1438 4935 ut
1455 4885 1658 4949 periret
1677 4897 1760 4936 sa-

162 4959 441 5010 crificium
461 4964 518 5008 et
533 4959 725 5008 libatio
745 4958 812 5008 de
832 4958 1002 5006 domo
1017 4957 1272 5007 Domini:
1290 4957 1380 5007 hic
1398 4957 1606 5018 itaque,
1626 4969 1756 5007 cum

163 5043 320 5093 spem
363 5029 546 5080 solatii
580 5029 852 5081 correctis
878 5042 943 5080 ac
968 5027 1379 5092 pcenitentibus
1410 5028 1753 5085 vendicaret,

161 5101 390 5164 adjecit,
419 5101 571 5164 quod
592 5100 937 5162 relinqueret
961 5097 1440 5162 benedictionem,
1461 5111 1591 5163 quae
1615 5100 1757 5149 liba-

162 5172 372 5223 mentis
395 5172 632 5224 serviret
667 5171 880 5222 altaris.

225 5324 241 5343 ·
277 5314 521 5364 Consule
554 5314 951 5366 Praefationem
989 5319 1266 5375 nostram,
1311 5313 1409 5364 ubi
1462 5312 1534 5364 de
1577 5311 1753 5376 hujus

163 5386 563 5438 Commentarii
588 5389 830 5437 Auctore
862 5385 1222 5436 disserimus.

227 5457 245 5484 "
280 5455 672 5522 Supplendum
699 5462 880 5513 vestro,
913 5456 1067 5519 quod
1095 5459 1149 5508 et
1181 5455 1374 5508 caeteri
1405 5454 1530 5506 libri
1560 5462 1617 5507 et
1640 5457 1753 5508 He-

164 5529 390 5580 braicus
418 5533 612 5580 textus
641 5530 760 5590 ipse
786 5528 976 5579 habet.

229 5611 245 5629 °
279 5603 364 5651 Ita
401 5604 457 5651 et
482 5601 752 5651 laudatus
792 5599 955 5649 nobis
982 5599 1460 5662 Hieronymianus
1488 5601 1588 5650 Ms.
1615 5600 1756 5652 liber

169 5671 453 5724 Palatinus
468 5673 640 5723 habet
660 5684 757 5735 pro
771 5675 828 5722 et
846 5671 1023 5718 multa:
1044 5671 1436 5721 miscricordizc.
1454 5673 1595 5721 Tum
1620 5686 1754 5723 vero

168 5743 289 5795 heic
313 5743 707 5794 subnectenda
726 5741 1153 5805 supplendaque
1175 5741 1606 5802 fueruntverba,
1623 5755 1753 5804 qua;

172 5816 423 5875 deerant,
441 5821 483 5863 et
505 5813 820 5880 praestabilis
842 5813 1251 5876 super-malitia,
1278 5827 1405 5876 qua)
1437 5818 1492 5864 et
1517 5813 1639 5864 libri
1659 5815 1753 5865 alii

174 5900 370 5940 omnes
383 5900 515 5940 cum
533 5886 807 5938 IIebraico
823 5885 1132 5949 exemplari
1145 5885 1383 5937 addunt.
1403 5888 1617 5937 Auctor
1632 5885 1646 5934 i
1653 5900 1752 5949 pse

1791 1854 1845 1927 B

1794 3216 1842 3290 C

1781 4622 1837 4694 D

1872 559 2168 622 jejunium,
2184 569 2356 610 vocate
2368 564 2574 611 castum.
2599 567 2924 627 Cong-regale
2941 565 3224 627 populum,
3242 578 3298 610 sa
3310 564 3476 622 neti/i-

1879 638 1987 678 cate
2003 632 2311 694 Ecclesium,
2339 635 2636 684 coadunale
2667 652 2828 698 senes,
2856 642 3165 698 (τοίων-091110
3203 633 3455 697 parvulos

1878 707 1922 747 ct
1945 709 2183 763 sugentes
2213 705 2402 753 ubera:
2431 707 2738 766 egrediatur
2760 721 2986 768 sponsus
3011 708 3072 754 de
3093 705 3338 753 cubiculo
3360 718 3473 761 suo,

1878 779 1922 820 ct
1951 788 2148 835 sponsa.
2181 775 2242 822 de
2279 775 2520 824 thalamo
2552 792 2666 828 suo.
2696 779 2841 825 Inter
2867 777 3181 826 vestibulum
3222 781 3266 824 et
3307 775 3476 823 altare

1878 844 2465 907 plorabuntsacerdotes
2480 849 2718 896 ministri
2741 849 2982 909 Domini,
2998 854 3041 896 et
3059 849 3231 895 dicent
3252 864 3260 894 :
3288 847 3475 903 Parce,

1879 916 2122 976 Domine,
2141 919 2509 980 pareepopulo
2540 925 2659 968 tuo:
2682 919 2906 966 etnedes
2933 919 3292 968 Ita-reilitatem
3323 921 3472 964 tuam

1878 986 1937 1033 in
1952 988 2319 1048 cpprobrium,
2337 994 2391 1036 ut
2404 989 2653 1037 cltnnincn
2666 996 2753 1037 tur
2766 991 2811 1038 ei
2831 991 3274 1047 nationes.Quare
3288 987 3474 1034 dicunt

1877 1057 1931 1104 in
1954 1059 2188 1120 populis,
2222 1060 2316 1107 Ubi
2337 1066 2406 1108 est
2431 1062 2568 1108 Deus
2592 1077 2775 1109 eorum
2804 1062 3142 1112 ?l’alniliare
3162 1058 3470 1124 prophetis,

1877 1131 1940 1178 ut
1965 1142 2080 1179 non
2105 1130 2342 1180 sollicite
2369 1136 2645 1195 tempora,
2673 1133 2759 1183 vel
2786 1146 2916 1194 qua)
2957 1133 3226 1183 dicuntur
3264 1141 3474 1193 genera

1874 1203 2179 1252 verborum
2197 1203 2253 1251 in
2272 1202 2994 1254 declinationecustodiant
3017 1221 3027 1251 :
3052 1209 3322 1254 caeterum
3346 1213 3473 1250 sen-

1875 1285 2007 1322 sum
2026 1271 2352 1334 implevisse
2372 1274 2641 1335 contenti,
2656 1275 2821 1336 quasi
2850 1273 3036 1323 obviis
3052 1271 3471 1324 elocutionibus

1872 1344 2208 1394 abutuntur.
2239 1343 2398 1394 Unde
2420 1347 2475 1394 et
2499 1357 2655 1395 nunc
2683 1357 2814 1395 cum
2850 1345 3110 1403 dixisset,
3145 1343 3473 1405 Egredialur

1869 1429 2095 1479 sponsus
2132 1415 2192 1462 de
2223 1415 2460 1463 cubiculo
2497 1431 2612 1478 suo,
2657 1421 2701 1463 ct
2744 1430 2950 1479 sponsa
2986 1416 3046 1463 dc
3085 1414 3326 1463 (hamato
3351 1428 3468 1472 suo,

1872 1487 2130 1549 subjecit,
2157 1487 2301 1534 Inter
2324 1487 2630 1535 vestibulum
2652 1487 2891 1536 etaltare
2913 1486 3207 1550 plorabunt
3224 1484 3470 1533 sacerdo-

1870 1562 1958 1618 tes,
1986 1569 2086 1621 pro
2111 1570 2177 1608 eo
2203 1561 2267 1607 ut
2283 1558 2510 1616 diceret,
2543 1558 2766 1622 plorent
2783 1558 3128 1608 sacerdotes.
3151 1559 3469 1606 Contentus

1870 1629 2025 1678 enim
2049 1628 2233 1678 0111010
2259 1629 2543 1690 censoris,
2570 1643 2688 1679 non
2710 1629 2818 1678 fuit
2844 1629 3106 1678 curiosus
3135 1627 3465 1677 modorum:

1871 1699 2717 1754 1101001⁸10,01011101100111101880
2733 1699 3127 1749 hortationem
3151 1709 3315 1748 suam
3341 1707 3469 1759 pro-

1869 1769 2045 1830 deret,
2063 1770 2536 1833 dixitcuraturos,
2554 1771 2707 1833 quod
2730 1773 2789 1820 ut
2802 1770 3087 1828 facerent,
3106 1769 3463 1830 imperasset.

1874 1844 2028 1891 Inter
2046 1842 2391 1892 vestibulum
2407 1843 2618 1904 itaque,
2632 1847 2688 1892 et
2701 1841 2902 1903 altare,
2920 1845 3128 1900 cactus,
3143 1841 3240 1901 ait,
3255 1838 3470 1888 lamen-

1878 1913 2121 1962 tantium
2151 1918 2455 1976 personate
2472 1928 2482 1960 :
2499 1916 2556 1962 et
2571 1926 2674 1963 vos
2695 1913 2965 1975 prazcipui
2978 1911 3322 1968 sacerdotes,
3341 1907 3469 1970 qui-

1872 1985 1981 2034 bus
1996 1995 2290 2034 sacrorum
2305 1985 2515 2033 rituum
2533 1983 2795 2045 delegata
2815 1984 3076 2034 custodia
3089 1987 3196 2040 est,
3214 1984 3468 2028 madentes

1871 2068 1970 2105 ora
1987 2055 2596 2115 fletibus,exclamate:
2624 2057 2806 2116 Parce,
2834 2056 3078 2112 Domine,
3098 2050 3467 2116 parccpopulo

1872 2131 1980 2186 tuo,
2005 2130 2062 2176 et
2084 2138 2155 2175 ne
2177 2125 2299 2185 hos,
2323 2137 2469 2188 quos
2489 2125 2934 2186 decrevistijure
2949 2124 3311 2176 haereditario
3338 2133 3469 2184 pos—

1870 2197 2071 2257 sidere,
2098 2209 2253 2246 nunc
2279 2196 2528 2258 profanis
2549 2197 2788 2258 (quibus
2809 2197 3110 2257 cingimur)
3134 2193 3466 2245 nationibus

1868 2267 2188 2318 exsecratui
2219 2267 2354 2325 fleri,
2387 2267 2808 2329 despectuique
2847 2267 3113 2329 patiaris:
3155 2269 3211 2316 et
3247 2265 3294 2313 si
3323 2263 3458 2313 ’111111

1866 2337 2038 2401 aliud,
2054 2339 2218 2388 nobis
2234 2338 2289 2388 id
2308 2338 2507 2388 saltem
2521 2338 2680 2400 apud
2701 2341 2857 2388 tuam
2877 2336 3239 2388 clementiam
3258 2333 3464 2384 suffra-

1866 2415 2046 2470 getur,
2071 2409 2460 2471 quodabsque
2487 2413 2585 2459 tua
2616 2410 2966 2459 contumelia
2987 2409 3166 2471 perire
3195 2419 3313 2457 non
3332 2418 3465 2468 pos-

1867 2492 2088 2529 sumus.
2109 2481 2214 2540 Qui
2232 2493 2367 2541 ergo
2386 2493 2492 2530 nos
2517 2485 2649 2530 tuos
2664 2480 2813 2529 credi
2831 2481 3138 2541 vocarique
3153 2489 3370 2538 servos,
3398 2487 3464 2526 ac

1866 2550 2029 2608 lilios,
2057 2565 2172 2600 non
2199 2551 2383 2600 solum
2408 2551 2674 2609 creando,
2696 2551 2796 2600 sed
2823 2551 2994 2600 etiam
3013 2549 3342 2610 adsciendo,
3367 2558 3464 2598 vo-

1862 2621 2038 2674 luisti.
2065 2621 2180 2671 noli
2207 2623 2389 2673 sinere
2416 2628 2479 2673 ut
2504 2623 2699 2672 dicant
2720 2627 2922 2684 gentes
2947 2638 2959 2668 :
2998 2621 3094 2670 Ubi
3127 2627 3195 2669 est
3221 2622 3358 2684 Deus
3383 2631 3463 2664 co-

1863 2703 1989 2734 rum
2005 2690 2029 2738 z?
2048 2700 2160 2749 quo
2187 2693 2450 2736 Videlicet
2467 2682 3175 2747 sotetiau[propugnatore
3194 2682 3458 2745 gaudere.

1865 2760 2004 2818 Quae
2029 2762 2329 2819 postquam
2351 2756 2534 2805 oflicio
2560 2755 2928 2818 przeccptoris
2957 2754 3253 2816 explicuit,
3273 2751 3463 2802 vatici-

1864 2830 2056 2878 nantis
2074 2828 2347 2878 continuo
2367 2827 2572 2876 llducia
2598 2826 2911 2889 pollicetur,
2933 2826 3108 2875 fuisse
3134 2823 3323 2888 populi
3345 2823 3460 2873 0111-

1864 2913 2028 2950 caces
2054 2904 2337 2962 precatus,
2365 2904 2420 2948 et
2437 2899 2600 2959 quasi
2625 2911 2724 2960 pro
2743 2898 2862 2947 zelo
2881 2897 3243 2947 stimulatum
3262 2908 3457 2946 rerum

1865 2970 2195 3026 Dominum,
2233 2969 2624 3019 defensionem
2650 2967 2903 3017 lidelium
2929 2967 3228 3028 recepisse.

1935 3043 2095 3090 Vers.
2141 3040 2224 3092 18.
2264 3067 2318 3075 -
2356 3039 2569 3086 Zelatus
2600 3045 2686 3096 est,
2725 3039 2930 3100 inquit,
2966 3038 3232 3085 Dominus
3258 3041 3457 3083 terram

1866 3127 2043 3172 suam.
2069 3118 2111 3157 et
2133 3111 2358 3173 pepercit
2383 3110 2402 3137 δ
2426 3111 2622 3173 populo
2640 3125 2752 3158 suo.
2781 3112 3084 3167 Interesse,
3105 3107 3309 3168 inquit,
3330 3119 3462 3168 pro-

1870 3184 2003 3246 pria)
2017 3182 2280 3245 dignitati
2297 3182 2604 3244 aspiciens,
2619 3195 2689 3230 ne
2703 3194 2860 3242 gens,
2879 3192 3010 3241 qua)
3036 3179 3219 3241 ipsius
3239 3178 3462 3240 proprie

1868 3255 2096 3304 nomine
2109 3267 2277 3302 cense
2287 3253 2641 3314 batur,quasi
2661 3252 2894 3312 indigna
2907 3251 3223 3301 defensoris
3238 3249 3460 3312 periret,

1869 3331 1925 3376 et
1951 3324 2343 3387 desperatione
2370 3336 2494 3373 eam
2522 3322 2830 3385 prohibuit,
2874 3327 2926 3372 et
2957 3335 3055 3384 spe
3085 3320 3458 3384 jocunditatis

1869 3396 2141 3459 implevit.
2185 3397 2262 3443 Ex
2301 3395 2424 3456 ejus
2464 3407 2597 3453 ergo
2639 3393 3009 3454 responsione
3055 3392 3460 3453 subjungitur:

1933 3470 2090 3516 Vers.
2122 3466 2142 3518 'l
2155 3465 2324 3518 9.-21).
2349 3493 2412 3500 -
2441 3465 2568 3512 Ecce
2604 3479 2695 3526 ego
2720 3466 2932 3511 mittam
3163 3463 3300 3511 vobis
3335 3461 3460 3521 fru-

1867 3543 2130 3599 mentum,
2166 3538 2375 3594 vinum,
2401 3541 2446 3583 et
2481 3535 2672 3593 oleum,
2698 3541 2740 3581 ct
2767 3534 3122 3597 replebimini,
3157 3547 3175 3566 ο
3211 3549 3276 3580 ea:
3313 3547 3368 3579 co
3396 3536 3459 3592 et,

1869 3625 1980 3658 non.
2006 3609 2139 3656 dabo
2172 3625 2258 3655 vos
2298 3607 2438 3654 ultra
2473 3607 2824 3670 opprobrium
2866 3606 2920 3653 in
2952 3605 3216 3654 Gentibus.
3248 3605 3312 3651 Et
3338 3617 3458 3650 cum

1869 3682 1964 3742 qui
1999 3679 2063 3727 ab
2089 3679 2356 3741 Aquilone
2381 3683 2469 3732 est,
2501 3677 2688 3740 procul
2711 3677 2916 3737 faciam
2957 3692 2991 3723 α
3025 3677 3193 3724 vobis:
3215 3680 3258 3722 et
3284 3672 3462 3736 erpel-

1868 3752 1976 3799 lam
2000 3767 2120 3797 cum
2155 3751 2212 3796 in
2253 3755 2453 3796 (errant
2493 3750 2703 3796 inc-iam
2737 3753 2781 3795 et
2816 3748 3095 3804 desertam,
3121 3747 3317 3808 faciem
3347 3745 3459 3806 ejus

1866 3828 2050 3868 contra
2080 3835 2226 3866 mare
2243 3819 2517 3879 orirntale,
2539 3825 2836 3865 ωτι-01110111
2849 3819 2961 3880 ejus
2978 3819 3052 3865 ad
3069 3832 3216 3864 mare
3235 3813 3460 3862 novissi-

1865 3907 2018 3939 mum
2045 3912 2054 3938 :
2083 3897 2126 3938 et
2152 3905 2304 3938 ascen
2317 3891 2395 3935 rlet
2419 3889 2570 3949 [01101-
2588 3889 2719 3950 ejus,
2744 3895 2789 3936 et
2815 3889 3054 3936 ascendet
3077 3888 3299 3950 putredo
3324 3886 3454 3947 ejus.

1867 3966 2075 4014 Beatus
2089 3961 2322 4022 quidem
2333 3962 2459 4010 Jere
2469 3960 2608 4010 mias
2623 3965 2679 4010 et
2692 3959 2784 4009 alii
2798 3959 3108 4022 prOphetze,
3126 3958 3388 4019 Assyrios
3400 3959 3458 4005 et

1866 4034 2164 4084 Chaldaeos
2181 4033 2378 4082 dicunt
2399 4033 2472 4080 ab
2491 4031 2770 4093 Aquilone
2795 4036 3082 4081 venturos.
3122 4032 3190 4078 Et
3211 4028 3301 4077 hic
3323 4039 3456 4087 ergo

1866 4106 2136 4168 Assyrius
2157 4103 2620 4166 possetintelligi,
2649 4102 2773 4163 nisi,
2802 4103 2865 4153 ut
2883 4113 3055 4163 supra
3079 4099 3289 4159 notavi,
3317 4098 3456 4148 alias

1867 4191 2093 4240 quoque
2123 4178 2338 4238 plagas.
2382 4174 2703 4223 secundum
2727 4173 2877 4234 quod
2923 4173 2978 4221 in
3017 4170 3455 4220 Deuteronomio

1868 4251 2157 4306 sanxerat,
2171 4247 2464 4310 profanato
2479 4246 2685 4308 populo
2703 4246 2990 4293 constaret
3004 4242 3208 4292 illatas.
3224 4243 3452 4300 Proinde,

1867 4320 2188 4370 secundum
2203 4318 2531 4367 institutum
2549 4316 2822 4374 ordinem,
2843 4314 3096 4365 locustas
3108 4313 3454 4375 accipiamus

1867 4397 1923 4442 et
1944 4391 2212 4447 bruchos,
2229 4402 2472 4450 quarum
2493 4387 2879 4438 amolitionem
2904 4386 3160 4448 placatus
3174 4384 3454 4434 Dominus

1861 4461 2157 4526 pollicetur
2185 4477 2195 4510 :
2223 4461 2316 4522 qui
2343 4460 2451 4509 hoc
2485 4472 2623 4508 sane
2647 4458 2716 4508 ad
2744 4457 2983 4520 gratiam
3015 4461 3070 4505 et
3094 4454 3450 4504 dulcedinem

1859 4532 2208 4584 liberationis
2225 4531 2451 4593 adjecit,
2475 4532 2626 4593 quod
2646 4528 2742 4578 illa
2765 4528 2992 4588 agmina
3009 4527 3064 4575 in
3085 4526 3454 4588 desertojus-

1866 4604 2308 4656 sitoccumbere,
2325 4616 2394 4651 ne
2413 4601 2623 4652 fartoris
2637 4599 2972 4663 magnitudo
2991 4598 3060 4647 de
3077 4597 3454 4647 cadaveribus

1865 4676 2095 4727 excitati
2121 4673 2318 4723 incolis
2337 4674 2600 4723 morbum
2626 4675 2858 4722 crearet.
2886 4670 3170 4720 Ascendet
3191 4682 3323 4730 ergo
3340 4667 3454 4717 illic

1865 4749 2030 4799 faetor
2047 4747 2170 4808 ejus
2197 4750 2254 4795 et
2273 4743 2534 4806 putredo,
2561 4744 2694 4807 quia
2717 4740 2936 4806 superbe
2953 4741 3079 4802 egit:
3102 4740 3346 4802 superbe
3362 4753 3456 4788 au-

1864 4826 1977 4870 tem
2001 4829 2134 4868 eum
2160 4816 2350 4876 egisse
2378 4815 2785 4877 pronuncians,
2809 4813 2964 4863 haud
2991 4813 3203 4862 vicium
3221 4813 3451 4875 mentis,

1863 4893 2135 4941 caeterum
2161 4885 2623 4947 magnitudinem
2661 4883 2992 4934 calamitatis
3024 4883 3328 4945 expressit.

1926 4963 2086 5009 Vers.
2115 4955 2312 5010 91:23.
2339 4983 2397 4990 —
2421 4955 2547 5003 Noli
2574 4957 2773 5014 timere,
2806 4961 2967 5013 terra,
3002 4954 3202 5016 exulta,
3242 4956 3286 5000 01
3311 4953 3454 5000 laeta-

1860 5047 1916 5080 re
1940 5047 1951 5081 ε
1972 5031 2237 5094 quoniam
2255 5026 2632 5089 magni/icavit
2652 5026 2938 5084 Dominus,
2965 5029 3022 5071 ut
3046 5024 3255 5084 faceret.
3279 5021 3454 5094 Nolite

1861 5093 2217 5156 ti-merc,anim
2227 5097 2340 5145 alia
2351 5097 2534 5159 region
2546 5097 2586 5144 is
2601 5111 2611 5146 :
2627 5096 2759 5158 quia
2769 5095 3184 5158 germinaverun
3195 5099 3209 5138 t
3221 5093 3452 5155 speciosa

1861 5172 2065 5233 deserti,
2093 5170 2228 5233 quia
2252 5168 2464 5230 lignum
2489 5167 2666 5215 attulit
2687 5166 2927 5228 fructum
2950 5179 3131 5227 suum,
3158 5169 3205 5212 et
3225 5166 3376 5224 licus,
3402 5168 3450 5212 et

1860 5318 2053 5368 noster
2069 5313 2127 5363 in
2153 5311 2415 5362 subnexa
2437 5308 2792 5372 expositione
2824 5305 3106 5369 agnoscit.

1922 5387 1942 5415 εί
1977 5383 2270 5436 Excidisse
2299 5380 2524 5432 videtur
2555 5380 2918 5439 subsequens
2953 5375 3293 5438 versiculus,
3330 5376 3451 5427 sive

1859 5458 2008 5523 prior
2027 5453 2291 5507 versiculi
2309 5464 2458 5516 pars,
2483 5455 2527 5498 et
2551 5451 2817 5523 respondit
2837 5447 3344 5523 Dominus,_etdi.1:it
3365 5464 3450 5509 po-

1857 5520 1984 5596 }:qu
2001 5545 2116 5590 suo,
2137 5538 2266 5590 qua)
2283 5526 2340 5574 in
2359 5523 2579 5596 eadem,
2596 5521 2771 5596 verba
2783 5525 2957 5596 atque
2974 5520 3230 5596 proxime
3249 5531 3452 5596 praeco-

1858 5590 2023 5659 deus,
2046 5600 2247 5664 populo
2273 5612 2386 5651 suo,
2423 5594 2708 5652 desinens,
2741 5592 2900 5664 facile
2923 5591 3228 5664 antiquarii
3253 5590 3449 5641 oculos

1858 5663 2071 5725 fefellit.
2093 5674 2251 5721 Certe
2265 5672 2534 5719 hostem:
2553 5664 2647 5715 illa
2662 5663 2957 5714 Dominica
2968 5663 3311 5727 responsione
3324 5675 3450 5725 per-

1858 5746 1941 5808 git
1963 5743 2354 5806 explanatum,
2379 5751 2507 5802 quae
2535 5737 2990 5808 subsequuntur.

1920 5825 1938 5845 ο
1974 5803 2359 5875 Hieronymus
2385 5826 2450 5859 ex
2481 5807 2941 5873 praepositionem
2979 5806 3164 5857 tacet:
3204 5803 3448 5869 Vulgate

1855 5886 2106 5952 plurium
2140 5895 2378 5936 numero
2405 5883 2477 5931 cis
2519 5879 2774 5944 prmfcrt;
2811 5878 3069 5931 IIebraic.
3105 5879 3244 5929 mu.
