3894 6412
447 361 588 418 1047

1504 357 1770 410 RUFINO
1802 355 2262 408 PRESBYTERO
2295 357 2680 410 ASCRIPTUS

3597 350 3753 408 1048

445 475 603 524 vinea
619 473 882 522 dederunt
899 470 1145 520 virtutem
1159 485 1336 520 suam.
1353 470 1422 518 Et
1437 469 1541 542 ﬁlii
1567 469 1696 542 Sion
1715 469 1963 542 exilitate,
1990 473 2036 516 et
2057 471 2113 542 Α
2143 469 2454 542 Eli-ucarum
2479 481 2612 532 ergo
2636 471 2691 520 et
2712 469 3065 542 locustarum
3085 471 3213 542 ipsa
3236 468 3519 542 exiguitas
3538 471 3753 542 poten-

440 545 707 596 laetamini
729 544 790 592 in
813 543 1044 592 Domino
1060 542 1164 590 Deo
1185 546 1370 600 vestro,
1389 539 1523 604 quia
1543 539 1684 588 dedit
1709 539 1849 588 vobis
1871 540 2039 588 docto-

448 633 561 666 rem
569 615 808 680 justitiae.
829 615 1258 675 Consequenter
1271 612 1342 662 ad
1361 617 1541 662 totam
1562 613 1855 672 regionem
1877 611 2044 674 quasi

450 699 640 739 sermo
658 684 937 747 dirigitur,
958 687 1024 734 ut
1045 683 1096 734 ei
1112 683 1480 746 promittatur
1496 681 1744 734 recidiva
1763 681 2044 740 fertilitas,

451 759 544 808 cui
557 757 738 808 fuerat
752 754 1096 806 denunciata
1110 753 1373 805 vastatio.
1393 753 1460 804 Et
1471 766 1571 817 per
1581 753 1812 805 easdem
1827 753 2046 817 species

451 840 639 880 sermo
655 826 918 884 decurrit,
934 837 1032 888 per
1047 837 1194 889 quas
1210 826 1383 877 etiam
1401 825 1509 876 sub
1529 825 1880 876 adversitate
1898 832 2049 872 trans-

451 902 612 953 ferat.
635 900 780 950 Dicit
798 899 1012 961 itaque,
1039 901 1264 948 montes
1286 897 1512 961 pascuis
1525 897 1874 959 vestiendos,
1892 895 2050 948 fron-

453 973 596 1023 dosa
613 970 816 1020 faciem
851 969 1008 1019 silvis
1024 969 1226 1030 redire,
1251 967 1396 1018 ﬁcus
1415 973 1470 1018 et
1494 969 1643 1019 vites
1668 981 1908 1019 munera
1925 980 2051 1020 suis

455 1039 845 1092 fcecunditatis
865 1039 1082 1090 offerre.
1103 1039 1222 1089 Hoc
1236 1037 1390 1089 enim
1414 1043 1522 1101 est,
1539 1038 1690 1102 quod
1715 1051 1914 1090 earum
1936 1037 2048 1088 vir-

459 1115 640 1163 tutem
653 1111 900 1173 vocavit,
918 1121 1050 1172 quae
1068 1111 1340 1173 quoniam
1357 1109 1551 1159 omnia
1567 1109 1697 1159 usui
1715 1113 1853 1160 sunt
1871 1109 2051 1160 homi-

459 1195 601 1234 num
629 1181 966 1246 mancipata,
985 1181 1188 1231 merito
1215 1181 1486 1241 subjecit:
1507 1181 1572 1228 Et
1595 1181 1700 1242 ﬁlii
1727 1181 1874 1244 Syon
1897 1181 2052 1230 exul-

461 1259 581 1314 tate,
607 1257 654 1301 et
678 1253 941 1301 laetamini
966 1252 1027 1299 in
1054 1251 1288 1299 Domino
1313 1252 1418 1300 Deo
1434 1256 1631 1300 vestro:
1657 1253 1792 1316 quia
1815 1252 1957 1300 dedit
1974 1267 2057 1300 vo-

462 1325 539 1374 bis
559 1323 1070 1386 doctOremjustitiw.
1089 1323 1396 1372 Coronavit
1415 1323 1649 1373 omnino
1665 1324 2056 1386 praecedentes

464 1396 720 1446 monitus
744 1395 1081 1446 eruditionis
1111 1394 1274 1456 plena
1299 1395 1584 1444 sententia
1607 1412 1618 1442 :
1646 1407 1777 1458 qua:
1806 1400 1936 1458 post
1959 1395 2054 1446 de-

462 1466 790 1529 pulsionem
814 1477 1226 1527 aerumnarum,
1251 1469 1310 1516 et
1328 1478 1638 1516 successus
1661 1467 2057 1529 optatissimos

463 1549 885 1603 prosperorum,
910 1535 1176 1600 usurpari
1206 1548 1240 1586 a
1263 1536 1472 1600 populo
1495 1537 1720 1600 gaudia,
1740 1538 1840 1588 sed
1855 1550 1928 1588 ex
1945 1549 2060 1601 qua

465 1609 835 1673 potissimum
873 1607 1148 1658 deberent
1184 1612 1362 1670 parte,
1398 1607 1682 1670 signavit:
1711 1621 1828 1659 non
1860 1609 2060 1672 utique

467 1679 621 1742 quod
641 1678 877 1729 fruenda
892 1683 1242 1740 appeterent,
1263 1677 1364 1728 sed
1379 1677 1530 1740 quod
1551 1677 1842 1730 doctorem
1855 1683 2058 1738 justitiai

465 1750 830 1813 reperiment.
853 1749 918 1797 Et
933 1749 1055 1812 ﬁlii,
1081 1749 1286 1812 inquit,
1307 1749 1456 1810 Syon
1477 1749 1726 1810 exultate,
1744 1755 1790 1798 et
1807 1751 2067 1799 lsetamini

468 1821 532 1868 in
561 1820 790 1868 Domino
811 1819 912 1867 Deo
937 1825 1102 1868 vestro
1125 1835 1140 1868 :
1170 1821 1306 1883 quia
1329 1820 1471 1867 dedit
1495 1819 1636 1868 vobis
1659 1821 1921 1870 doctorem
1935 1823 2064 1884 jus-

471 1891 617 1940 tiliae.
636 1892 735 1940 Est
751 1890 1004 1954 quidem,
1022 1891 1229 1952 inquit,
1248 1890 1591 1950 misericors,
1610 1895 1668 1942 et
1683 1893 1781 1954 qui
1806 1906 1918 1942 una
1934 1906 2067 1944 suc-

473 1961 742 2012 currendi
759 1961 970 2011 virtute
981 1961 1229 2024 depellat
1243 1963 1442 2012 tristia.
1460 1967 1516 2012 et
1532 1967 2066 2026 seeundacontribuat;

475 2032 577 2083 sed
596 2037 676 2094 tu,
695 2031 904 2095 popule
926 2045 1108 2094 meus,
1135 2033 1194 2084 in
1213 2047 1278 2083 eo
1303 2033 1671 2096 potissimum
1691 2034 1949 2086 exultare
1971 2037 2072 2088 de-

476 2104 596 2162 bes,
619 2116 734 2166 quo
747 2103 972 2154 caeteris
1003 2103 1334 2154 nationibus
1351 2104 1670 2156 antecellis:
1699 2106 1836 2169 quia
1851 2110 2072 2157 doctores

476 2175 743 2225 videlicet
751 2175 771 2237 j
783 2179 929 2225 ustae
941 2176 1396 2226 conversationis
1407 2177 1716 2240 acceperis,
1733 2190 1979 2240 quorum
1993 2182 2072 2228 in-

477 2244 746 2305 formatu,
773 2246 1146 2296 etmodestus
1161 2258 1364 2307 ageres
1388 2251 1446 2296 et
1468 2247 1692 2298 beatus.
1715 2249 1887 2310 Quale
1904 2249 2068 2301 estil-

476 2315 574 2366 lud
598 2317 751 2379 apud
767 2317 940 2366 alium
967 2317 1334 2380 prophetam:
1361 2319 1512 2366 Beati
1535 2334 1725 2367 sumus
1741 2320 1920 2378 Israel,
1947 2336 2073 2384 quo-

477 2386 633 2434 niam
659 2402 775 2449 qua:
794 2387 895 2434 Deo
918 2387 1143 2450 placent,
1167 2388 1320 2436 nobis
1341 2394 1466 2437 nota
1486 2394 1613 2438 sunt
1629 2391 1884 2450 (Baruch.
1909 2391 1960 2444 4.
1979 2391 2071 2454 4.).

541 2459 702 2508 Vers.
730 2456 933 2511 24:25.
957 2485 1020 2495 -—
1042 2459 1108 2507 Et
1132 2459 1439 2508 descendere
1463 2459 1622 2522 faciet
1642 2462 1716 2509 ad
1737 2477 1825 2509 vos
1849 2462 2073 2510 imbrem

478 2529 818 2577 matutinum
833 2535 877 2578 et
892 2531 1181 2579 serotinum
1195 2539 1212 2558 ⁸
1225 2531 1283 2577 in
1299 2531 1593 2594 principio.
1613 2532 1678 2580 Et
1691 2533 1766 2580 sic
1782 2532 2077 2596 implebun-

479 2605 570 2652 iur
786 2602 982 2652 horrea
1001 2600 1294 2663 frumento,
1319 2606 1364 2649 et
1383 2601 1763 2652 redundabant
1781 2604 2078 2654 toreularia

478 2675 606 2723 vino
627 2681 673 2722 et
695 2675 828 2724 oleo.
856 2673 924 2720 Et
958 2673 1183 2720 reddam
1213 2672 1356 2722 vobis
1378 2689 1554 2721 annos
1578 2689 1710 2738 quos
1746 2676 1968 2724 comedit
2001 2675 2080 2724 lo-

481 2751 649 2804 custa,
676 2743 931 2802 bruchus,
948 2749 994 2792 et
1012 2743 1219 2807 rubigo,
1245 2749 1293 2793 et
1308 2759 1469 2793 eruca
1493 2759 1506 2794 :
1524 2745 1786 2806 fortitudo
1816 2763 1938 2797 mea
1962 2765 2081 2798 ma-

481 2830 614 2878 gna,
643 2829 812 2878 quam
835 2815 963 2863 misi
988 2815 1044 2863 in
1072 2830 1178 2863 vos.
1206 2816 1306 2866 Per
1319 2815 1576 2866 diversas
1601 2819 1822 2880 species
1845 2819 1901 2870 id
1927 2821 2082 2883 quod

485 2886 656 2948 caapit
671 2885 1024 2948 exsequitur,
1042 2891 1097 2935 et
1115 2885 1365 2936 futuram
1380 2887 1757 2940 mutationem
1772 2889 1842 2940 de
1857 2893 2084 2942 tristibus

484 2957 546 3008 in
568 2955 702 3008 lzeta
726 2957 1014 3008 describit.
1052 2958 1446 3008 Promissurus
1471 2971 1604 3022 ergo
1628 2959 2080 3022 fecunditatem,

489 3028 820 3090 tempestivi
843 3041 910 3079 ac
926 3028 1162 3079 serotini
1185 3029 1384 3079 imbris
1399 3029 1734 3092 praedicavit
1750 3032 1810 3083 in
1833 3032 2082 3097 lapsum,

491 3100 812 3159 descendere,
831 3100 1256 3162 inquiens,faciet
1275 3101 1498 3150 imbrem
1524 3103 1861 3152 matutinum
1885 3111 1931 3154 et
1951 3122 2086 3154 sero-

493 3171 672 3220 tinum
689 3171 748 3220 in
768 3171 1063 3235 principio.
1081 3171 1244 3231 Quod
1262 3173 1652 3236 Septuaginta,
1676 3187 1792 3226 non
1808 3176 1868 3224 in
1885 3177 2086 3240 princi-

2145 539 2282 588 tiam
2297 539 2512 589 indicat
2529 545 2583 590 et
2609 541 2878 591 creatoris
2897 547 2954 592 et
2966 541 3233 592 vindicis:
3259 541 3357 602 qui
3377 539 3474 590 ubi
3492 535 3753 602 populos

2143 609 2665 670 decrevitatterere,
2683 623 2788 662 nec
2801 612 3074 662 dentibus
3091 611 3403 662 bestiarum
3414 609 3754 672 aliquarum

2144 679 2343 742 utitur,
2359 693 2465 731 nec
2491 683 2748 744 venenis,
2779 683 2882 734 sed
2908 695 3005 746 per
3026 682 3311 734 bruchum
3334 685 3392 734 et
3416 681 3757 743 rubiginem

2147 751 2418 814 opulenta
2442 753 2610 814 paulo
2625 758 2758 805 ante
2784 765 2963 817 regna
2985 753 3292 804 consumit.
3311 755 3380 804 Et
3401 752 3528 804 ideo
3555 751 3756 802 virtus

2149 823 2247 873 Dei
2258 822 2587 886 appellatur,
2602 825 2771 888 cujus
2785 825 3153 888 sententiam,
3165 826 3313 886 quasi
3329 831 3569 873 strenuus
3581 824 3761 884 lictor,

2147 891 2486 956 impleverit.

2213 965 2356 1014 Cum
2371 976 2504 1027 ergo
2521 964 2764 1017 istorum
2789 970 3112 1028 temporum
3132 965 3344 1018 damna.
3365 964 3650 1026 fertilitas,
3665 963 3757 1014 in-

2152 1035 2295 1098 quit,
2321 1040 2516 1098 optata
2531 1037 2861 1088 correxerit:
2883 1036 3178 1102 [Vera-96.
3202 1037 3312 1102 27.]
3333 1037 3400 1086 Et
3421 1035 3762 1096 comedetis',

2151 1113 2198 1156 et
2213 1105 2618 1166 saturabimini,
2635 1114 2682 1157 et
2699 1108 2992 1158 laudabitis
3007 1123 3204 1158 nomen
3227 1108 3449 1158 Domini
3466 1107 3564 1157 Dei
3575 1104 3760 1166 vestri,

2155 1178 2252 1242 qui
2275 1178 2416 1227 vobis
2437 1179 2560 1241 fecit
2584 1179 2867 1228 mirabilia
2891 1196 2906 1230 :
2932 1185 2978 1230 et
3003 1196 3116 1229 non
3138 1180 3502 1243 confundetur
3518 1177 3764 1243 populus

2155 1264 2305 1298 meus
2328 1250 2387 1297 in
2410 1250 2815 1314 sempiternum.
2833 1251 2901 1300 Et
2924 1253 3096 1301 scietis
3117 1251 3251 1316 quia
3265 1251 3328 1300 in
3343 1251 3516 1300 medio
3541 1248 3764 1299 lsraelis

2157 1335 2248 1383 ego
2279 1335 2421 1380 sum,
2445 1326 2492 1370 et
2525 1337 2616 1385 ego
2648 1322 2918 1372 Dominus
2950 1323 3087 1372 Deus
3110 1328 3288 1384 vester,
3322 1326 3503 1372 etnon
3531 1325 3608 1370 est
3637 1335 3766 1369 am-

2158 1391 2302 1456 plius
2325 1409 2337 1440 :
2365 1395 2408 1440 et
2432 1407 2545 1441 non
2568 1393 2932 1454 confundetur
2950 1394 3184 1459 populus
3207 1409 3356 1443 meus
3376 1395 3440 1442 in
3471 1399 3764 1442 aeternum.

2158 1463 2330 1514 Venit
2353 1467 2546 1514 autem
2571 1476 2644 1514 ex
2675 1477 2833 1516 more
2877 1466 3221 1530 prophetico,
3247 1469 3310 1516 ut
3334 1465 3605 1528 quotiens
3625 1468 3766 1526 qua

2159 1538 2298 1584 sunt
2311 1533 2446 1584 laeta
2457 1535 2798 1598 promiserit,
2817 1536 2894 1586 ita
2906 1537 3151 1588 etiamin
3174 1536 3588 1599 sempiternum
3604 1547 3769 1586 man-

2161 1617 2296 1656 sura
2318 1605 2643 1656 denunciet.
2671 1607 2835 1668 Quod
2857 1607 2950 1659 vel
2973 1609 3082 1659 sub
3106 1607 3432 1660 conditione
3453 1606 3763 1666 duntaxat,

2164 1688 2299 1738 quae
2323 1676 2632 1740 Scripturis
2662 1678 2944 1730 celebrata
2964 1684 3072 1736 est,
3097 1679 3374 1730 debemus
3394 1677 3674 1741 accipere,
3703 1675 3766 1727 id

2166 1751 2274 1809 est,
2287 1747 2343 1797 Si
2355 1747 2653 1798 illistudiis
2673 1750 3278 1811 probitatisinsistant,
3298 1755 3433 1800 tunc
3444 1750 3618 1800 etiam
3631 1760 3769 1812 pro-

2168 1830 2336 1882 spera
2358 1831 2627 1870 mansum
2652 1820 2734 1872 ire
2757 1835 2769 1870 :
2800 1821 2888 1872 vel
2921 1825 3092 1884 certe,
3119 1821 3271 1884 quod
3293 1821 3366 1872 ad
3396 1817 3768 1872 vaticinantis

2169 1889 2420 1941 ofﬁcium
2435 1890 2646 1954 aliquid
2667 1903 2893 1955 semper
2907 1893 2978 1943 de
2993 1893 3240 1956 optantis
3255 1896 3413 1956 parte
3429 1892 3554 1953 conj
3565 1893 3766 1954 ungat.

2170 1964 2368 2013 Potest
2389 1966 2584 2014 autem
2611 1975 2822 2014 sensus
2848 1962 3148 2028 introferri,
3173 1964 3265 2014 cui
3293 1975 3433 2014 sane
3455 1973 3768 2026 processus

2166 2033 2350 2096 ipsius
2367 2033 2640 2083 orationis
2651 2033 2869 2085 alludit.
2883 2031 3061 2102 494
3081 2037 3225 2086 Nam
3236 2035 3353 2096 jam
3367 2046 3541 2097 supra
3553 2035 3764 2089 dixerat,

2167 2104 2296 2154 Filii
2321 2104 2469 2166 Syon
2493 2105 2742 2165 exultate,
2765 2111 2810 2154 et
2827 2105 3088 2154 laetemini
3113 2107 3172 2154 in
3190 2105 3422 2154 Domino
3445 2105 3551 2154 Deo
3579 2109 3766 2161 vestro,

2170 2175 2304 2238 quia
2319 2175 2460 2222 dedit
2477 2175 2617 2223 vobis
2631 2176 2896 2225 doctorem
2902 2177 3040 2240 justi
3045 2177 3142 2225 tiae.
3162 2177 3323 2238 Quod
3340 2176 3608 2239 quamvis
3625 2173 3768 2224 mul-

2170 2244 2436 2308 tipliciter
2446 2246 2628 2308 possit
2646 2246 2907 2310 intelligi,
2931 2253 3127 2298 tamen
3143 2253 3426 2310 quantum
3441 2246 3516 2296 ad
3527 2248 3766 2294 rationem

2173 2321 2491 2376 temporum
2518 2317 2766 2382 respicit,
2793 2319 3024 2368 beatum
3049 2318 3348 2369 Ezecbiam
3369 2317 3591 2382 proprie
3612 2315 3769 2367 vide-

2172 2392 2266 2438 tur
2280 2387 2584 2438 ostendere
2602 2403 2614 2438 :
2633 2401 2806 2452 quem
2830 2403 3040 2454 magno
3056 2390 3206 2441 circa
3220 2388 3437 2440 cultum
3459 2389 3563 2441 Dei
3578 2387 3766 2439 studio

2173 2459 2473 2522 ferbuisse,
2489 2460 2632 2510 ﬁdes
2658 2463 2856 2524 pandit
2871 2463 3190 2514 annalium:
3218 2463 3501 2526 cujusque
3526 2472 3768 2527 persona

2175 2529 2344 2593 regis,
2358 2530 2508 2581 sicut
2519 2533 2806 2596 praecipue
2821 2534 3020 2584 Esaias
3032 2532 3310 2597 propheta
3321 2533 3692 2590 demonstrat,
3705 2533 3765 2580 sd

2175 2601 2657 2664 signiﬁcationem
2689 2604 2922 2666 majoris
2955 2604 3180 2667 negocii
3215 2603 3440 2655 videtur
3465 2603 3658 2654 electa.
3691 2604 3769 2653 Ea

2176 2684 2331 2736 ergo,
2355 2685 2487 2735 quin
2512 2685 2611 2736 per
2633 2675 2939 2726 Ezechiam
2959 2682 3127 2739 gesta
3153 2679 3310 2734 sunt,
3332 2675 3403 2726 ad
3429 2677 3768 2734 Redemptoris

2177 2743 2361 2794 nostri
2379 2746 2617 2807 negocia
2635 2746 3078 2798 transferamus:
3103 2750 3167 2798 ut
3185 2746 3280 2797 illo
3303 2745 3534 2810 quidem
3558 2753 3772 2806 tempore

2179 2813 2540 2865 mediocriter
2574 2815 2824 2880 impleta,
2860 2817 2971 2867 sub
3005 2816 3314 2880 Evangelio
3344 2828 3478 2868 vero
3515 2815 3771 2878 ingentes

2181 2883 2444 2935 cumulos
2461 2886 2784 2948 adquisisse
2801 2886 3118 2938 videantur.
3143 2890 3332 2938 Verus
3353 2887 3562 2950 quippe
3579 2886 3772 2936 doctor

2176 2955 2422 3018 justitiaz
2446 2955 2537 3006 ille
2555 2961 2662 3019 est,
2680 2957 2740 3008 in
2755 2969 2870 3020 quo
2896 2963 3034 3009 sunt
3057 2971 3258 3009 omnes
3276 2957 3526 3008 thesauri
3550 2957 3773 3019 sapien-

2185 3026 2281 3078 tiae
2304 3031 2361 3077 et
2385 3026 2644 3078 scientias
2675 3029 2998 3080 absconditi
3023 3029 3243 3091 (Coloss.
3269 3027 3377 3091 2.):
3411 3028 3510 3092 qui
3530 3026 3772 3079 traditus

2183 3100 2272 3147 est
2301 3102 2530 3162 propter
2562 3097 2770 3150 delicta
2802 3105 3018 3158 nostra,
3051 3105 3108 3151 et
3138 3099 3510 3151 resurrexerit
3549 3102 3773 3162 propter

2177 3167 2648 3231 justiﬁcationem
2663 3175 2922 3221 nostram
2939 3171 3110 3234 (Rom.
3137 3170 3205 3233 4.)
3225 3188 3236 3218 :
3255 3174 3321 3221 ut
3330 3170 3622 3235 justilicati
3643 3181 3774 3233 gra-

486 3243 597 3306 pio,
623 3241 723 3292 sed
745 3243 884 3320 sicut
905 3259 940 3291 a
958 3243 1252 3320 ενδηοίρίιρ
1286 3245 1718 3320 transtulerunt,
1749 3251 1815 3298 ut
1835 3238 2086 3302 facerent
2107 3244 2158 3320 ς,
2189 3238 2260 3320 bis
2278 3240 2626 3320 gersratiam
2643 3241 2848 3320 ipsius.
2860 3254 2960 3320 per
2981 3241 3603 3320 ξθᾱθωλριίρηθπξρβιυεε
3615 3240 3772 3292 estin

490 3325 756 3364 sensum:
776 3314 911 3376 quia
927 3313 1363 3374 otl‘ensionibus,
1382 3314 1592 3377 quibus
1605 3327 1929 3368 annuorum
1950 3325 2086 3372 tem-

489 3396 693 3448 porum
717 3384 1116 3447 opportunitas
1141 3389 1262 3435 erat
1277 3385 1808 3450 quasipcrturbata,
1823 3389 2086 3452 sublatis,

486 3454 561 3506 ad
587 3467 802 3505 morem
828 3467 1002 3504 suum
1022 3468 1211 3504 annus
1234 3460 1520 3506 recurrat:
1547 3461 1613 3506 ut
1627 3469 1729 3519 pro
1755 3458 2090 3513 diversitate

487 3525 795 3587 seminum,
812 3524 901 3577 vel
913 3526 1287 3589 tempestivis,
1307 3525 1392 3577 vel
1411 3527 1679 3577 serotinis
1693 3540 1832 3580 arva
1842 3529 1863 3558 "
1876 3531 2088 3594 pluviis

482 3595 811 3659 irrigentur.
825 3598 964 3657 Quae
978 3601 1196 3647 tantam
1210 3609 1347 3648 sane
1363 3596 1711 3650 fertilitatem
1725 3602 2020 3666 creabant,
2035 3611 2092 3653 ut

487 3672 548 3720 et
573 3667 773 3718 borrea
797 3671 896 3718 tua
936 3671 1295 3730 superentur,
1333 3672 1389 3718 et
1411 3667 1579 3718 dolia.
1605 3669 1800 3721 Potest
1823 3685 1958 3736 ergo
1979 3675 2090 3726 hoc

489 3737 645 3801 quod
669 3737 832 3801 dixit,
870 3738 1280 3802 tempestivum
1311 3737 1556 3789 imbrem
1595 3744 1654 3790 et
1689 3743 2002 3795 serotinum
2027 3746 2090 3796 in

487 3809 785 3874 principio,
804 3809 885 3859 sic
899 3808 1157 3872 intelligi,
1176 3813 1242 3860 ut
1265 3809 1530 3873 signasse
1555 3810 1818 3864 videatur
1832 3815 2088 3868 ordinem

488 3880 940 3952 commodorum,
965 3893 1072 3932 nec
1091 3881 1164 3930 sit
1187 3879 1304 3932 ulla
1326 3881 1386 3952 in
1403 3881 1666 3933 sensibus
1691 3886 2086 3952 contrarietas,

491 3951 655 4014 quasi
683 3951 974 4014 quomodo
1013 3953 1072 4002 in
1105 3951 1387 4016 principio
1420 3952 1610 4004 dictus
1649 3956 1724 4004 sit
1761 3955 1962 4016 imber,
1987 3959 2088 4022 qui

489 4022 663 4073 etiam
688 4023 974 4073 serotinus
1003 4028 1272 4074 vocatur:
1296 4022 1398 4074 sed
1416 4026 1481 4074 ut
1505 4023 1940 4077 fecunditatem
1963 4027 2087 4081 fru-

489 4097 688 4144 ctuum
713 4094 910 4158 pluvia
945 4106 1304 4158 praecessura
1329 4094 1575 4158 dicatur,
1615 4095 1804 4158 sitque
1831 4111 2043 4150 sensus
2071 4115 2086 4152 :

489 4165 709 4214 Mittam
735 4165 980 4228 primum
1017 4165 1279 4227 imbrem,
1315 4170 1372 4216 et
1393 4171 1596 4230 postea
1633 4166 1865 4228 frugum
1888 4169 2089 4223 laetitia

491 4237 895 4298 subsequetur.
911 4238 1052 4298 Quae
1063 4249 1197 4286 cum
1208 4235 1458 4288 cultores
1473 4250 1608 4287 suos
1623 4239 1848 4301 gaudiis
1866 4243 2084 4292 viribus-

489 4317 600 4367 que
616 4306 1006 4369 compleverit,
1028 4307 1347 4357 obliviones
1364 4307 1572 4370 inopiaa
1597 4309 1975 4370 praecedentis
1999 4313 2088 4364 in-

485 4376 707 4436 fundat,
749 4381 807 4427 et
830 4389 1108 4428 aerumnae
1133 4382 1332 4440 pergat
1353 4378 1581 4429 abolere
1606 4380 1854 4443 vestigia
1879 4399 1890 4430 :
1917 4383 1999 4434 ita
2021 4387 2088 4436 ut

485 4459 603 4497 non
619 4445 806 4497 solum
828 4447 1084 4512 penuriae
1101 4448 1366 4499 molestia
1381 4449 1772 4512 conquiescat,
1792 4453 1893 4504 sed
1914 4454 2084 4506 etiam

485 4517 846 4583 detrimenta,
860 4532 990 4582 qua:
1001 4525 1434 4584 praecesserant.
1452 4519 1846 4583 suppleantur.
1861 4526 1983 4576 Hoc
1995 4530 2085 4577 est

485 4589 639 4639 enim
662 4589 818 4652 quod
851 4590 1015 4651 dixit,
1040 4590 1288 4640 Reddam
1317 4590 1458 4640 vobis
1481 4607 1676 4651 annos,
1701 4608 1834 4655 quos
1857 4597 2083 4645 comedit

487 4659 704 4708 loc-usta.
739 4661 864 4710 Non
887 4665 1087 4724 utique
1118 4667 1183 4714 ut
1203 4666 1497 4713 momenta
1521 4667 1866 4728 temporum,
1894 4667 1995 4718 sed
2020 4672 2085 4719 ut

485 4729 830 4803 facunditas
842 4731 1176 4803 redderetur
1186 4745 1488 4785 annorum.
1515 4736 1841 4788 Notandum
1861 4753 2081 4803 quoque,

485 4801 621 4872 quia
633 4801 1026 4872 fortitudinem
1042 4815 1209 4853 suam
1223 4806 1279 4854 et
1297 4817 1566 4867 magnam
1579 4818 1810 4858 erucam
1823 4810 1980 4860 Deus
1993 4801 2084 4872 apé

485 4870 732 4934 pellavit,
755 4877 812 4942 et
834 4870 1120 4924 locustam
1149 4894 1162 4923 :
1191 4875 1348 4926 haud
1373 4877 1588 4939 utique,
1615 4879 1771 4942 quod
1796 4870 2080 4942 ejusmodi

482 4953 714 4993 vermes
730 4941 803 4993 ad
819 4946 1164 4995 coaeternam
1193 4947 1292 4997 Dei
1321 4941 1767 5011 potentiam’aliq
1775 4941 1846 4999 ua
1861 4950 2082 5003 ratione

485 5012 822 5084 referantur,
851 5015 951 5065 sed
971 5015 1121 5078 quod
1140 5028 1337 5068 earum
1354 5018 1692 5078 ministerio,
1708 5024 1884 5082 atque
1901 5033 2078 5084 popu-

483 5083 603 5135 latu
615 5085 675 5136 in
686 5085 1055 5138 aftlictionem
1064 5100 1291 5140 reorum
1302 5102 1519 5141 munus
1529 5089 1832 5154 implevere
1848 5083 2078 5144 ultionis.

547 5237 566 5257 ι
593 5228 887 5298 Discimus
896 5230 1164 5282 Auctoris
1179 5243 1408 5295 quoque
1423 5231 1606 5282 nostri
1619 5231 1966 5296 testimonio,
1979 5246 2082 5286 ex-

480 5300 874 5363 pungendum,
899 5301 1053 5364 quod
1076 5301 1206 5354 heic
1220 5301 1380 5354 addit
1411 5302 1656 5365 Vulgata
1679 5303 1852 5354 editio
1875 5305 2078 5357 adver-

482 5371 640 5422 bium
651 5373 808 5420 sicut:
827 5373 979 5436 quod
991 5387 1179 5438 neque
1193 5375 1625 5437 Hieronymiani
1637 5375 1879 5433 codices,
1893 5389 2080 5440 neque

480 5444 795 5495 Hebraicus
812 5449 1007 5497 textus
1024 5449 1361 5509 agnoscunt.
1377 5446 1672 5497 Constabit
1687 5447 1796 5498 hoc
1807 5449 1992 5512 magis
2005 5462 2080 5501 ex

479 5516 740 5566 subnexa
756 5517 1134 5579 expositione,
1157 5528 1290 5580 quas
1308 5516 1480 5568 etiam
1505 5517 1655 5568 unde
1672 5519 1806 5570 illud
1825 5521 2077 5584 ﬂuxerit,

475 5585 660 5638 docet.
680 5589 1055 5650 Septuaginta,
1074 5587 1280 5652 inquit,
1300 5604 1413 5637 non
1435 5589 1494 5639 in
1510 5589 1805 5654 principio,
1824 5592 1914 5640 sed
1931 5592 2078 5644 sicut

475 5668 510 5707 a
534 5658 830 5722 principio,
853 5659 1268 5712 transtulerunt.
1293 5659 1420 5712 Alia
1435 5673 1508 5712 ex
1535 5667 1712 5726 parte,
1741 5675 1914 5725 quam
1938 5676 2077 5714 mox

477 5729 692 5778 Auctor
709 5729 860 5779 idem
876 5736 1074 5782 noster
1097 5732 1389 5784 interserit
1404 5733 1480 5784 sic
1501 5732 1786 5795 voculam,
1816 5734 1916 5784 ubi
1939 5733 2077 5784 dici-

480 5801 588 5859 tur,
603 5807 646 5845 et
659 5799 732 5847 sic
745 5800 1132 5864 implebuntur,
1148 5808 1276 5867 etc.,
1291 5804 1603 5855 eorundem
1617 5804 1890 5856 librorum
1903 5812 2077 5853 aucto-

478 5869 643 5920 ritate
665 5869 797 5922 hinc
819 5872 1042 5927 videtur
1057 5876 1398 5928 amovenda.
1415 5875 1655 5929 Leviora
1677 5877 1784 5929 alia
1808 5877 2074 5941 quaedam

2186 3310 2408 3362 Christo
2428 3312 2458 3361 J
2465 3323 2569 3362 esu
2594 3313 2608 3372 (
2637 3312 2784 3364 Rom.
2808 3311 2858 3366 2.
2888 3319 2928 3376 ),
2957 3317 3014 3364 et
3036 3327 3070 3364 a
3093 3314 3385 3365 veteribus
3408 3313 3773 3363 liberaremur

2185 3382 2490 3444 erroribus,
2519 3386 2580 3434 et
2603 3383 2708 3433 soli
2727 3384 2970 3442 justitiaa
2993 3384 3368 3434 subderemur
3398 3399 3410 3432 :
3432 3395 3772 3445 omnemque

2184 3453 2530 3517 praeteritam
2549 3465 2742 3504 rerum
2760 3455 3098 3507 salutarium
3115 3455 3409 3519 penuriam
3425 3466 3571 3507 nova
3587 3453 3771 3505 fertili—

2156 3529 2304 3574 -tate
2343 3523 2640 3588 pellentes,
2665 3529 2723 3576 et
2766 3526 3025 3578 doctrina
3069 3526 3457 3590 impleremur,
3500 3531 3558 3577 et
3593 3525 3769 3589 copia,

2186 3593 2490 3657 Evangelio
2514 3595 2818 3659 pollicente
2843 3615 2857 3647 :
2883 3598 3110 3656 Quaerite
3130 3598 3312 3662 primo
3337 3612 3563 3660 regnum
3587 3596 3698 3653 Dei,
3725 3601 3770 3644 et

2177 3664 2452 3729 justitiam
2467 3666 2600 3729 ejus,
2626 3672 2672 3714 et
2693 3668 2798 3716 haec
2813 3669 3002 3717 omnia
3019 3675 3362 3732 opponentur
3379 3672 3425 3716 et
3447 3667 3520 3716 ad
3515 3668 3675 3730 jicien
3684 3673 3774 3716 tur

2186 3736 2329 3784 vobis
2351 3737 2562 3799 (Matth.
2583 3736 2674 3800 6.).
2695 3738 2898 3802 Sicque
2922 3753 3039 3790 non
3055 3739 3435 3792 confundetur
3452 3739 3773 3803 adquisitio-

2185 3808 2278 3858 nis
2299 3808 2548 3872 populus
2565 3809 2622 3859 in
2647 3811 3084 3874 sempiternum,
3103 3811 3202 3874 qui
3228 3811 3528 3862 sententiae
3545 3810 3775 3861 Redem-

2186 3879 2328 3930 toris
2349 3879 2611 3931 innuitur
2636 3895 2649 3930 :
2674 3881 2808 3930 Ecce
2827 3897 2918 3944 ego
2951 3881 3219 3930 vobiscum
3241 3897 3364 3931 sum
3395 3881 3642 3931 omnibus
3662 3882 3773 3931 die-

2185 3949 2298 4010 bus,
2319 3965 2488 4014 usque
2511 3951 2584 4000 ad
2604 3953 3129 4002 consummationem
3149 3953 3311 4003 seculi
3335 3952 3505 4016 (Ibid.,
3531 3951 3771 4015 28.).1110

2185 4033 2320 4085 ergo
2339 4021 2483 4074 duce
2497 4024 2553 4073 in
2567 4021 2857 4075 suimedio
2881 4027 3286 4084 commorante,
3307 4023 3562 4076 ﬁdelium
3576 4026 3774 4086 agmina

2186 4104 2390 4144 secura.
2410 4105 2638 4158 semper
2659 4093 2980 4158 alacriaque
3005 4096 3355 4146 consistunt:
3374 4099 3432 4147 et
3449 4110 3772 4156 quaecumque

2183 4165 2243 4216 in
2267 4166 2674 4218 certaminibus
2690 4166 2936 4218 adversa
2947 4166 3329 4230 toleraverint,
3345 4177 3413 4218 ea
3426 4167 3508 4218 ita
3530 4166 3774 4218 sentient

2184 4237 2472 4299 prosperis
2505 4237 2951 4289 succedentibus
2984 4239 3288 4302 antiquari,
3323 4242 3390 4289 ut
3417 4238 3487 4289 ad
3513 4236 3772 4289 laetorum

2183 4311 2411 4359 tantum
2429 4309 2989 4361 commendationem
3013 4311 3368 4374 processisse
3390 4309 3710 4361 videantur.

2246 4379 2409 4430 Vers.
2443 4378 2651 4434 28.-‘29.
2688 4408 2748 4417 —
2782 4381 2848 4430 Et
2872 4381 2971 4430 erit
2991 4386 3109 4444 post
3135 4382 3270 4430 haec:
3303 4380 3578 4444 effundam
3605 4381 3772 4445 spiri-

2185 4455 2302 4498 tum
2324 4465 2505 4499 meum
2526 4467 2688 4516 super
2708 4467 2921 4501 omnem
2938 4467 3175 4514 car-nem,
3199 4459 3246 4502 et
3266 4452 3658 4517 prophetabunt
3671 4452 3772 4516 ﬁlii

2181 4521 2356 4582 vestri,
2382 4526 2426 4570 et
2441 4522 2564 4586 ﬁlia:
2587 4531 2796 4574 vestrae:
2826 4524 2984 4574 Senes
3008 4524 3166 4573 vestri
3179 4523 3396 4574 somnia
3409 4522 3770 4588 somniabunt,

2179 4597 2225 4640 et
2245 4607 2467 4654 juvenes
2492 4595 2650 4642 vestri
2674 4595 2899 4644 visiones
2925 4595 3192 4646 videbunt.
3221 4594 3323 4645 Sed
3357 4601 3402 4644 et
3424 4608 3584 4660 super
3605 4609 3771 4645 servos

2108 4660 2168 4734 Ι)
2191 4676 2330 4710 meos
2374 4668 2419 4712 et
2459 4665 2706 4725 ancillas,
2746 4665 2809 4714 in
2849 4665 3030 4714 diebus
3075 4665 3184 4715 illis
3223 4665 3489 4728 e/feudam
3519 4665 3768 4730 spiritum

2187 4748 2386 4782 meum.
2415 4737 2600 4800 IIujus
2622 4736 2732 4788 loci
2751 4737 3012 4788 meminit
3035 4737 3094 4788 in
3110 4738 3350 4788 Actibus
3377 4736 3770 4800 Apostolorum

2184 4805 2388 4856 beatus
2421 4808 2642 4868 Petrus,
2675 4807 2874 4858 dicens
2916 4809 3061 4859 hanc
3085 4809 3443 4872 prophetiam
3478 4805 3572 4858 illo
3595 4808 3768 4860 fuisse

2181 4877 2456 4940 tempore,
2477 4891 2610 4929 cum
2626 4879 2687 4930 in
2701 4878 3006 4942 Apostolos
3023 4880 3265 4944 Spiritus
3281 4884 3516 4931 sanctus
3533 4879 3767 4932 descen-

2183 4946 2283 5005 dit,
2309 4948 2602 5013 impletam
2628 4951 2760 5010 (Act.
2785 4949 2876 5013 2.).
2902 4951 3492 5003 Animadvertendum
3517 4951 3765 5014 proinde,

2181 5019 2320 5080 quia
2346 5019 2457 5070 hoc
2496 5019 2686 5072 solum
2721 5021 2792 5073 de
2829 5026 3104 5073 contextu
3125 5023 3474 5087 prophetica)
3497 5023 3766 5074 orationis

2181 5090 2512 5154 Apostolus,
2526 5092 2684 5155 quod
2697 5105 2801 5144 suo
2817 5094 3056 5158 tempori
3071 5095 3441 5158 congruebat,
3462 5097 3764 5156 assumseril,

2179 5245 2287 5285 nos
2311 5233 2468 5284 taciti
2498 5234 2869 5299 castigamus.

2243 5304 2266 5334 δ
2291 5305 2506 5356 Vitiose
2527 5305 2808 5357 hactenus
2823 5306 3036 5358 lectum
3051 5307 3140 5358 est
3152 5305 3376 5371 plumis,
3396 5319 3499 5371 pro
3521 5319 3634 5372 quo
3646 5308 3765 5373 ptu-

2181 5377 2282 5426 viis
2305 5390 2414 5428 nos
2439 5377 2816 5429 restituimus.

2244 5458 2262 5478 ⁶
2284 5450 2522 5502 Addunt
2544 5449 2743 5514 reliqui
2761 5449 2888 5501 libri
2913 5454 3180 5511 vescentes,
3206 5451 3360 5514 quod
3376 5457 3434 5503 et
3447 5452 3506 5503 in
3531 5451 3763 5504 Hebraeo

2180 5521 2421 5572 verbum
2445 5527 2692 5573 resonat.
2718 5523 2852 5572 Mox
2878 5533 2976 5578 pro
3001 5521 3140 5570 vobis
3161 5522 3282 5584 fecit
3305 5522 3600 5587 mirabilia,
3626 5523 3762 5575 Vul-

2178 5598 2314 5655 gata
2333 5593 2454 5654 fecit
2476 5593 2758 5642 mirabilia
2789 5593 3076 5655 vobiscum,
3100 5595 3292 5646 minus
3316 5599 3467 5646 recte
3490 5596 3761 5658 Hierony-

2178 5664 2373 5715 miana
2395 5664 2579 5714 Editio
2603 5664 2877 5713 nobiseum
2902 5664 3090 5715 habet.
3110 5665 3367 5728 Denique
3391 5666 3759 5728 subsequenti

2177 5735 2456 5787 versiculo
2479 5736 2594 5787 duo
2619 5738 2795 5788 verba
2830 5742 2874 5784 et
2900 5751 3012 5800 ego,
3042 5748 3174 5798 quin
3198 5737 3436 5789 deerant
3458 5736 3678 5789 solenni
3697 5736 3759 5788 li-

2178 5807 2494 5859 brariorum
2511 5821 2718 5873 errore,
2739 5813 2876 5859 sunt
2890 5811 3078 5858 autem
3093 5810 3149 5858 in
3169 5809 3401 5874 reliquis
3415 5808 3574 5862 libris
3591 5809 3756 5863 omni-

2177 5879 2306 5941 bus,
2332 5893 2404 5931 ex
2429 5893 2628 5933 eorum
2651 5881 2990 5933 auctoritate
3009 5895 3073 5931 su
3085 5881 3358 5932 tl‘ecimus.
