3894 6408
64 418 209 472 1049

1266 419 1340 469 ΙΝ
1374 416 1547 469 JOEL
1581 415 2179 471 COMMENTARIUS.

3242 420 3385 475 1050

59 532 119 583 id
135 530 1022 604 est.Effundamspiritummeum
1036 547 1197 596 super
1212 546 1427 580 omnem
1441 545 1676 604 carnem,
1703 532 1759 604 Α
1783 534 1917 604 pter
1947 533 2054 583 hoc
2093 545 2229 596 ergo
2259 534 2340 585 eis
2385 535 2708 585 misericors
2746 534 3024 585 Dominus
3071 533 3389 597 pollicetur,

59 610 103 651 et
130 603 538 666 praphetabunt
569 604 673 664 filii
706 606 882 664 vestri,
908 611 951 653 et
985 605 1110 665 ﬁliae
1138 609 1331 652 vestrae.
1360 603 1503 663 Quia
1526 601 1678 651 enim

56 672 402 735 linguarum
420 675 723 725 scientiam
740 675 1001 738 Apostoli
1019 675 1247 725 fuerant
1265 673 1539 723 miraculo
1553 684 1683 721 con-

64 744 278 805 secuti,
296 745 630 801 praedictam
648 744 797 795 hanc
808 747 918 796 etl‘u
929 746 1147 795 sionem
1163 745 1399 806 spiritus
1414 742 1680 794 Ecclesiae

64 814 274 865 doctor
287 816 561 879 ostendit,
580 820 637 866 et
654 816 1011 879 prOphetiam
1028 814 1338 879 appellavit
1353 814 1680 873 linguarum

67 886 406 937 scientiam:
432 899 563 950 qua)
584 891 641 936 et
660 887 837 937 sinon
852 887 924 937 de
936 888 1165 941 futuris,
1188 886 1287 935 sed
1307 885 1377 936 de
1396 888 1682 933 recentibus

65 956 390 1008 Dominicaa
408 957 817 1007 incarnationis
837 958 1125 1019 mysteriis
1139 958 1475 1020 disputaret,
1493 960 1683 1005 tamen

60 1038 187 1077 non
211 1028 325 1077 nisi
348 1028 558 1079 virtute
585 1028 769 1078 sancti
796 1029 1041 1089 Spiritus
1068 1028 1421 1089 contigisset.
1451 1028 1681 1088 Nequa-

64 1110 248 1160 quam
278 1112 412 1149 vero
438 1100 618 1149 solam
639 1100 990 1149 mentionem
1014 1100 1294 1149 donorum
1333 1098 1535 1148 fecisse
1552 1109 1685 1147 con-

66 1172 294 1231 tentus,
314 1170 440 1232 subj
453 1170 613 1233 ungit
629 1171 803 1221 etiam
820 1168 917 1219 illa
935 1182 1067 1233 qum
1085 1170 1155 1220 ad
1173 1180 1439 1233 pompam
1456 1168 1684 1218 terroris

66 1240 421 1303 aspicerent.

132 1312 302 1361 Vers.
331 1311 417 1365 30.
446 1309 531 1365 31.
566 1337 629 1348 -
651 1310 798 1360 Dabo
822 1311 1078 1376 prodigia
1110 1312 1171 1359 in
1194 1310 1331 1369 certo,
1357 1314 1403 1357 et
1434 1310 1494 1357 in
1519 1313 1684 1365 terra,

64 1383 424 1445 sanguinem,
447 1387 493 1431 et
513 1382 711 1445 ignem,
736 1388 779 1431 et
800 1398 1051 1446 vaporem
1068 1382 1230 1444 fumi.
1248 1381 1338 1430 Sol
1351 1385 1686 1429 convertetur

67 1452 131 1499 in
167 1452 427 1507 tenebras,
452 1457 498 1501 et
529 1453 688 1501 Luna
725 1453 787 1500 in
809 1454 1156 1515 sanguinem,
1182 1458 1480 1516 antequam
1504 1452 1686 1501 veniat

69 1523 186 1571 dies
202 1523 431 1571 Domini
445 1538 681 1586 magnus
698 1529 744 1573 et
767 1524 1071 1573 horribilis:
1095 1529 1139 1571 et
1160 1523 1338 1572 omnis
1357 1524 1452 1582 qui
1469 1524 1688 1571 invoca-

70 1594 211 1642 verit
229 1608 427 1641 nomen
447 1594 687 1654 Domini,
706 1594 885 1643 salvus
902 1595 1019 1643 erit.
1036 1596 1236 1656 Itaque
1255 1598 1373 1643 toto
1390 1595 1686 1642 continuam

74 1665 176 1715 illo
203 1666 450 1716 suadere
475 1667 722 1724 festinat,
745 1666 892 1729 quod
920 1678 1052 1716 cum
1081 1662 1257 1732 495
1288 1665 1409 1715 dies
1434 1664 1661 1715 Domini

71 1736 133 1785 id
152 1740 270 1797 est,
288 1740 520 1799 tempus
535 1736 930 1798 ultimijudicii
948 1749 1079 1786 cum
1095 1741 1251 1786 tanta
1275 1736 1619 1799 sitpotentia
1635 1743 1689 1786 et

69 1807 307 1868 fragore
325 1812 655 1866 venturum,
668 1813 735 1858 ut
750 1808 1168 1872 trepidantibus
1182 1810 1524 1867 perculsisque
1546 1811 1689 1855 side-

71 1878 263 1940 ribus,
282 1878 551 1929 machina
571 1879 681 1929 ista
704 1880 862 1929 velut
878 1880 1181 1929 combusta
1204 1879 1466 1939 dissiliat,
1484 1892 1549 1929 ac
1570 1878 1691 1928 sola

72 1948 225 1999 fides
253 1949 330 1999 sit
349 1961 482 2011 quas
498 1950 731 2013 agmina
748 1951 992 2013 piorum,
1011 1950 1231 2001 mundo
1248 1950 1503 2001 collaben
1513 1954 1583 2005 te,
1603 1955 1690 2000 tu-

72 2023 234 2071 tetur
260 2034 273 2070 :
307 2020 515 2071 debere
539 2020 667 2071 illos
691 2020 1004 2084 Evangelio
1044 2022 1295 2083 credere,
1323 2022 1370 2071 si
1395 2021 1694 2084 pervenire

72 2093 319 2155 cupiant
344 2093 414 2143 ad
442 2092 709 2143 salutem.
731 2094 873 2154 Quia
897 2105 1034 2155 ergo
1058 2105 1170 2143 non
1190 2092 1539 2155 explanandi
1565 2104 1695 2155 pro-

74 2164 293 2228 pheta,
328 2162 430 2214 sed
457 2163 807 2227 prtedicandi
828 2163 1127 2223 Evangelii
1155 2176 1350 2213 curam
1377 2165 1583 2214 beatus
1601 2164 1695 2213 Pe-

75 2238 210 2287 trus
229 2239 583 2297 susceperat,
606 2238 829 2285 tantum
847 2248 921 2285 ex
938 2234 1109 2284 dictis
1130 2236 1260 2298 ejus
1285 2238 1565 2298 quantum
1582 2234 1691 2287 sibi

77 2306 464 2366 conducebat,
492 2306 730 2370 arripuit
754 2322 766 2356 :
793 2319 899 2357 nec
928 2319 1028 2370 per
1052 2306 1159 2357 hoc
1187 2306 1387 2368 utique
1417 2304 1572 2356 illam
1597 2319 1693 2356 ex-

82 2376 496 2441 planationem,
523 2389 696 2439 quam
724 2377 856 2428 facit
876 2382 1205 2439 contextus,
1230 2376 1545 2439 prophetici
1569 2390 1698 2440 ope-

80 2448 164 2499 ris
176 2448 495 2510 abrogavit.
510 2449 672 2510 Quod
685 2448 813 2499 ideo
826 2450 1073 2499 breviter
1082 2448 1483 2511 admonemus,
1498 2453 1565 2499 ut
1577 2448 1695 2500 illo-

79 2531 215 2569 rum
250 2519 582 2582 repudietur
614 2528 632 2547 ³
665 2519 920 2580 audacia,
948 2519 1046 2582 qui
1079 2523 1293 2570 temere
1318 2520 1693 2583 imperiteque

81 2590 469 2653 contendunt,
484 2590 591 2641 hoc
605 2589 790 2641 solum
805 2596 1031 2654 tempus
1044 2602 1079 2640 a
1092 2589 1691 2653 prophetaindicatum

83 2661 286 2721 fuisse,
323 2661 394 2712 de
431 2674 546 2723 quo
586 2664 785 2712 Petrus
822 2663 1134 2726 Apostolus
1170 2660 1525 2724 disputavit:
1558 2675 1689 2713 cum

81 2732 297 2798 operis,
318 2732 575 2795 inquam,
603 2737 721 2783 tota
736 2733 1027 2783 contextio
1049 2732 1228 2796 primo
1251 2730 1441 2796 populi
1456 2733 1692 2784 Judaao-

78 2817 240 2868 rum,
258 2805 531 2867 deinceps
547 2817 680 2855 vero
695 2811 894 2855 nostra
918 2807 1173 2868 tempora
1197 2806 1362 2866 quasi
1387 2805 1688 2855 cumulum

78 2875 289 2927 doceat
317 2875 464 2939 [Ant
492 2875 780 2939 doceatur]
800 2876 1079 2938 amplecti
1103 2875 1262 2925 Sicut
1282 2888 1416 2938 ergo
1433 2888 1545 2925 non
1572 2876 1692 2927 ofﬂ-

77 2949 161 2999 cit
209 2948 559 3010 significatui
600 2948 930 3012 prophetico
957 2984 969 3007 ,
1009 2946 1080 2996 ad
1126 2946 1418 3007 Evangelii
1450 2947 1689 3008 negocia

78 3018 507 3080 transferendo,
530 3018 681 3081 quod
700 3019 996 3068 historiam
1012 3017 1311 3067 Judaicam
1330 3021 1513 3068 totum
1533 3018 1689 3069 νοιυρ

76 3103 221 3141 men
238 3090 598 3152 exsequitur:
621 3091 699 3140 ita
715 3089 890 3140 etiam
904 3088 1020 3138 imo
1036 3087 1206 3149 longe
1223 3089 1409 3148 magis
1432 3088 1585 3151 apud
1604 3089 1685 3141 le-

79 3165 303 3212 ctorem
323 3161 607 3212 duntaxat
622 3161 929 3224 eruditum,
947 3172 1247 3222 nunquam
1270 3160 1475 3210 sinitur
1498 3173 1709 3223 cense:

78 3234 326 3295 quentia
342 3232 510 3282 fidem
527 3245 755 3295 negare,
775 3233 822 3282 si
834 3244 948 3294 qua
959 3232 1293 3295 praedicatio
1306 3244 1375 3281 ex
1390 3233 1696 3298 Gentibus,

77 3316 317 3367 quoque
341 3304 694 3354 credentium
717 3308 889 3366 queat
909 3304 1164 3365 negociis
1188 3302 1476 3366 applicari.

147 3375 467 3425 Videamus
479 3388 634 3438 ergo,
648 3374 1135 3437 quemadmodum
1157 3378 1318 3424 tenor
1331 3375 1498 3437 quasi
1512 3375 1688 3428 histo-

77 3446 220 3497 ricas
242 3445 668 3508 explanationis
704 3445 948 3496 incedat.
976 3446 1093 3495 Sub
1124 3446 1292 3495 beato
1318 3458 1526 3510 nempe
1550 3450 1691 3500 Eze-

83 3518 217 3569 chia
231 3522 498 3568 sanctum
514 3516 775 3567 Johelem
788 3529 887 3580 pro
896 3516 1162 3579 phetasse
1175 3515 1523 3580 colligimus:
1542 3523 1691 3580 cujus

86 3589 243 3652 regis
269 3592 458 3647 aetate,
477 3592 535 3639 et
558 3588 751 3651 gravia
773 3587 1030 3637 institere
1054 3588 1386 3649 certamina,
1414 3590 1688 3651 etingen-

84 3661 166 3711 tia
188 3658 486 3710 miracula.
515 3660 671 3709 Inter
687 3663 929 3710 crateras
952 3663 1147 3709 autem
1164 3659 1375 3723 clades,
1401 3661 1613 3722 quibus
1634 3667 1690 3714 et

83 3732 290 3783 decem
309 3730 518 3781 Tribus
535 3742 724 3791 usque
736 3729 806 3779 ad
827 3729 1257 3780 translationem
1273 3729 1547 3794 leguntur
1556 3733 1691 3783 ami-

82 3810 217 3861 ctaa,
236 3800 532 3853 nonnulla:
550 3800 827 3859 civitates,
842 3800 912 3850 de
924 3802 951 3849 J
962 3801 1091 3851 udaa
1109 3813 1341 3863 quoque
1357 3805 1415 3852 et
1432 3806 1687 3862 Benjamin

83 3874 362 3933 sortibus,
388 3876 751 3923 corruerunt:
772 3871 971 3921 morbo
995 3884 1226 3933 quoque
1248 3872 1576 3932 Judaaos,et
1590 3888 1689 3938 pe-

79 3946 252 3997 nuria
275 3943 570 3994 laborasse
594 3941 1095 4003 deprehendimus.
1122 3942 1396 4004 Denique,
1431 3956 1560 3993 cum
1579 3947 1691 3995 Ra-

81 4028 293 4081 psaces
313 4014 701 4076 alloqueretur
721 4013 1013 4071 obsessos,
1032 4017 1089 4063 et
1110 4013 1478 4064 denunciaret
1495 4015 1692 4066 interi-

83 4094 232 4142 tum.
262 4085 377 4136 nisi
400 4084 520 4148 regi
545 4084 781 4146 Assyrio
807 4096 868 4134 se
893 4083 1156 4146 protinus
1191 4083 1506 4146 dedissent,
1539 4086 1691 4138 mala

82 4169 320 4223 quoque
336 4156 420 4207 eis
436 4155 602 4206 famis
616 4167 684 4205 ac
700 4155 827 4205 sitis
848 4153 1141 4206 toleranda
1158 4156 1459 4218 promittit.
1478 4158 1547 4208 Et
1560 4171 1691 4220 pro-

110 4328 122 4337 -
148 4309 169 4329 ·
194 4296 369 4349 Haud
385 4297 521 4358 scio,
546 4308 689 4346 num
709 4307 957 4358 magnus
981 4294 1371 4359 Hieronymus
1386 4297 1595 4349 Rufino
1615 4299 1687 4349 ab

82 4375 231 4438 ipso,
264 4383 447 4433 quum
473 4380 720 4420 summa:
740 4367 992 4419 invicem
1009 4368 1556 4435 essentinimicitiaa,
1580 4370 1690 4421 ini-

84 4444 262 4507 quius
286 4441 481 4491 haberi
512 4439 717 4504 potuit,
751 4443 926 4501 atque
962 4439 1155 4489 acrius
1178 4438 1535 4502 reprehendi.
1563 4442 1690 4503 Ipse

83 4515 386 4566 enimvero
409 4515 517 4573 est,
543 4522 716 4573 quem
742 4511 965 4571 Noster,
998 4513 1063 4559 ut
1093 4521 1247 4573 saepe
1272 4509 1416 4561 alias
1440 4512 1688 4575 sugillat,

83 4587 164 4636 ita
186 4596 349 4635 nunc
368 4582 626 4633 audaciai
653 4580 984 4631 temeritatis
1007 4585 1179 4644 atque
1199 4582 1497 4646 imperitiae
1521 4597 1691 4636 accu-

86 4661 204 4707 sat:
236 4653 523 4717 siquidem
541 4654 663 4716 ipse
678 4652 831 4703 idem
853 4656 959 4714 est,
978 4652 1076 4713 qui
1094 4657 1272 4704 totam
1297 4655 1689 4716 Propheticam

82 4727 435 4779 sententiam
448 4724 522 4776 ad
535 4727 813 4787 reparatae
829 4736 929 4787 per
940 4723 1233 4775 Christum
1251 4724 1455 4776 salutis
1472 4734 1564 4774 tem
1572 4742 1693 4787 pora

82 4805 141 4851 et
173 4798 368 4852 refert.
407 4800 464 4847 et
488 4794 843 4847 referendam
878 4794 1141 4857 pluribus
1174 4796 1484 4849 contendit.
1512 4798 1693 4857 Quum

83 4873 280 4935 igitur,
303 4867 509 4931 inquit,
536 4866 724 4915 Petrus
760 4865 851 4913 illo
876 4869 1124 4929 tempore,
1147 4882 1254 4931 quo
1283 4884 1472 4932 passus
1493 4874 1563 4917 est
1584 4870 1693 4919 Do-

83 4944 292 5000 minus,
306 4939 649 5003 prophetiam
658 4936 773 4986 Joel
784 4936 1061 4999 impletam
1070 4952 1173 4987 esse
1183 4946 1453 5000 memoret,
1471 4941 1567 4990 hoc
1580 4948 1696 4990 tan-

88 5021 201 5065 tum
229 5011 545 5077 quaerimus,
568 5008 834 5074 quomodo
850 5012 896 5055 et
918 5008 1199 5071 superiora
1224 5016 1271 5059 et
1291 5012 1487 5071 media,
1513 5019 1694 5077 etquae

86 5089 395 5150 sequuntur
410 5097 578 5146 usque
593 5081 666 5129 ad
680 5082 843 5143 finem
858 5078 1153 5128 voluminis
1168 5080 1270 5129 sibi
1288 5083 1502 5131 valeant
1519 5085 1693 5134 solias-

86 5173 223 5218 rere,
249 5158 361 5207 etc.
388 5152 603 5205 Relatis
626 5150 833 5203 deinde
858 5150 1104 5214 singulis
1126 5164 1225 5215 per
1248 5154 1506 5205 ordinem
1530 5154 1690 5214 locis,

84 5246 119 5277 a
132 5226 415 5293 principio
438 5224 690 5289 usquead
706 5238 827 5273 eum
843 5221 934 5271 ubi
949 5222 1211 5286 scriptum
1227 5232 1317 5285 est,
1333 5227 1566 5289 Magnus
1583 5228 1693 5277 dics

88 5300 317 5350 Domini
332 5303 377 5347 et
393 5295 664 5359 terribilis,
683 5300 810 5356 etc.,
829 5298 1000 5358 atque
1013 5296 1220 5348 exinde
1232 5310 1419 5361 usque
1431 5298 1501 5349 ad
1513 5298 1689 5364 hunc,

87 5369 396 5435 Effundam
421 5368 482 5417 de
504 5368 705 5431 spiritu
728 5382 841 5417 meo
871 5384 1033 5433 super
1056 5383 1272 5419 omnem
1294 5384 1532 5431 carnem,
1559 5375 1687 5434 etc.,

89 5443 293 5504 videri,
304 5440 403 5503 ait,
417 5441 619 5488 sibimet
629 5443 936 5500 propositum
949 5447 1150 5490 textum
1163 5456 1391 5490 servasse
1406 5442 1686 5491 sermonis.

88 5516 229 5577 Qua:
243 5516 586 5575 sequuntur,
610 5513 855 5572 tametsi,
872 5514 1027 5575 quod
1038 5513 1277 5565 minime
1296 5514 1689 5577 ipsedifﬂtetur,

88 5585 259 5649 paulo
273 5583 608 5638 difﬁciliora.
623 5586 849 5647 coaptat
861 5588 1073 5649 tamen,
1092 5598 1153 5636 os
1164 5583 1463 5647 tenditque
1476 5597 1547 5633 ex
1565 5584 1688 5647 ipso

88 5658 430 5709 Judmorum
461 5667 658 5713 sensu,
682 5668 798 5718 quae
817 5657 1088 5719 promissa
1107 5662 1253 5715 sunt,
1272 5656 1333 5703 in
1351 5654 1561 5705 Christo
1586 5668 1690 5705 esse

89 5727 434 5793 complenda:
458 5726 516 5774 id
541 5728 654 5787 hoc,
676 5726 960 5789 inquiens,
987 5726 1363 5776 tantummodo
1380 5726 1688 5791 discrepan-

92 5806 177 5860 tes,
204 5800 353 5864 quod
374 5799 458 5848 illi
478 5798 672 5860 futura
691 5798 1036 5859 contendunt,
1062 5798 1285 5861 nosjam
1306 5798 1452 5860 facta
1468 5798 1687 5845 convin-

92 5875 285 5923 cimus.
310 5872 469 5923 Adeo
493 5876 551 5922 et
566 5875 828 5935 portenta
848 5870 942 5920 illa
957 5870 1082 5923 caeli
1107 5876 1389 5934 terraique
1411 5883 1478 5921 eo
1494 5870 1683 5922 refert.

94 5948 149 5994 In
193 5945 338 6005 creto,
375 5944 578 6008 inquit,
614 5944 749 6008 quia
793 5941 883 5991 Sol
918 5949 989 5991 est
1026 5958 1204 5992 versus
1241 5943 1300 5991 in
1347 5942 1600 6004 tenebras,
1641 5947 1687 5991 et

1711 4610 1769 4684 D

1780 602 1925 663 quia
1944 605 2206 654 tristibus
2224 606 2282 655 in
2302 605 2437 657 laeta
2457 606 2709 661 mutatis,
2726 604 2939 655 damna
2957 617 3191 667 quoque
3211 616 3392 668 penu-

1779 674 1890 726 riae
1916 676 2309 737 suppleantur.
2330 679 2436 727 Sed
2454 689 2626 738 quam
2650 676 2854 727 seriem
2877 689 3071 727 rerum
3090 680 3147 726 et
3164 681 3389 739 tempo-

1780 757 1921 797 ).'um
1946 746 2154 805 fecerit,
2173 747 2490 798 audiamus.
2511 748 2813 810 Effundam
2829 748 3089 811 spiritum
3105 761 3285 794 meum
3304 761 3393 794 su-

1780 830 1885 877 per
1909 832 2119 865 omnem
2138 833 2375 877 carnem,
2400 825 2445 866 et
2468 818 2860 881 prophetabuut
2882 817 2988 876 ﬁlii
3002 817 3179 876 vestri,
3198 821 3242 864 et
3258 817 3383 876 filia:

1782 892 1986 945 :vestrae,
2004 903 2145 936 senes
2164 889 2317 937 vestri
2332 889 2547 937 somnia
2562 903 2713 936 somn
2722 888 2928 947 iabunt,
2946 894 2991 937 et
2999 887 3220 950 juvenes
3231 890 3390 935 vestri

1782 972 1810 1004 v
1823 957 2020 1005 isioncs
2040 959 2306 1009 videbunt.
2334 960 2435 1009 Sed
2458 965 2502 1009 et
2517 974 2677 1024 super
2689 975 2861 1007 servos
2880 964 2923 1008 et
2942 959 3168 1007 ancillas
3186 959 3246 1005 in
3273 958 3389 1005 die-

1783 1027 1886 1076 bus
1912 1029 2019 1077 illis
2042 1030 2321 1093 effundam
2344 1032 2599 1094 spiritum
2614 1047 2790 1079 meum
2799 1067 2814 1091 ,
2839 1036 2883 1079 et
2900 1030 3034 1079 dabo
3059 1030 3311 1093 prodigia
3330 1031 3384 1075 in

1783 1098 1910 1146 caelo
1938 1114 2175 1150 sursum.
2212 1102 2543 1166 Prophetico
2567 1114 2775 1165 nempe
2817 1114 2912 1152 ore
2942 1102 3223 1151 instructa
3258 1113 3390 1165 pro-

1782 1169 2010 1220 missio.
2028 1173 2171 1221 Nam
2185 1178 2488 1235 postquam
2507 1174 2643 1223 vita:
2655 1172 2958 1236 praisentis
2970 1172 3270 1222 commoda
3281 1185 3394 1230 per-

1785 1243 2062 1304 cucurrit,
2084 1244 2839 1307 spiritaliajunxitinsignia,
2863 1238 3264 1310 quibus496
3281 1244 3393 1292 uti-

1786 1323 1908 1374 que
1932 1312 2173 1376 populus
2197 1314 2299 1365 Dei
2326 1315 2611 1377 praecipue
2639 1315 3003 1377 gloriabatur.
3023 1317 3394 1373 Consequenter

1784 1382 1987 1445 itaque
2013 1383 2323 1448 pollicetur,
2350 1386 2481 1447 quia
2502 1390 2709 1449 praeter
2732 1386 2857 1441 ista,
2876 1389 2943 1435 ut
2965 1384 3248 1443 diximus,
3268 1394 3392 1432 cor—

1786 1454 2006 1517 poralia
2030 1456 2194 1512 bona,
2216 1455 2629 1507 revelationum
2656 1468 2885 1518 quoque
2910 1456 3027 1506 sint
3048 1458 3390 1505 ornamenta

1786 1526 2029 1589 capturi,
2048 1531 2105 1577 et
2118 1527 2460 1590 spiritalium
2476 1526 2755 1577 donorum
2767 1526 3184 1576 abundantiam
3198 1535 3396 1575 conse-

1788 1600 2063 1660 quantur.
2083 1599 2230 1660 Ergo
2246 1598 2399 1661 quod
2417 1598 2513 1657 ait,
2534 1597 2834 1661 Effundam
2846 1599 3101 1660 spiritum
3118 1609 3298 1645 meum
3309 1609 3394 1643 su-

1783 1682 1882 1731 per
1905 1682 2123 1717 omnem
2153 1683 2391 1728 carnem,
2416 1672 2475 1718 et
2499 1673 2810 1731 utrumque
2835 1680 3061 1725 sexum,
3093 1669 3149 1717 et
3172 1666 3387 1716 variam

1789 1740 2133 1801 significavit
2148 1744 2397 1791 aetatem.
2416 1739 2677 1802 Denique
2695 1739 2974 1801 sequitur,
2987 1735 3393 1800 Prophetabunt

1788 1811 1891 1871 ﬁlii
1916 1811 2097 1872 vestri,
2134 1815 2179 1857 et
2202 1811 2325 1873 filiae
2348 1816 2524 1858 vestrae
2551 1826 2561 1857 :
2598 1815 2644 1858 et
2664 1826 2808 1858 senes
2831 1809 2988 1857 vestri
3011 1808 3228 1857 somnia
3249 1820 3393 1855 som-

1790 1882 2041 1941 niabunt,
2081 1887 2127 1932 et
2156 1882 2374 1944 juvenes
2409 1883 2568 1930 vestri
2598 1883 2825 1929 visiones
2848 1880 3117 1943 videbunt,
3140 1877 3393 1929 Diversis

1796 1953 2061 2005 videlicet
2075 1953 2494 2005 revelationum
2514 1953 2831 2015 speciebus,
2857 1964 2924 2003 ea
2940 1963 3071 2014 quae
3087 1956 3206 1998 sunt
3221 1963 3314 1996 ven
3324 1955 3395 1997 tu-

1796 2036 1859 2075 ra
1889 2024 2264 2089 conspicient.
2295 2024 2397 2072 Sed
2428 2028 2474 2072 et
2494 2038 2656 2087 super
2682 2038 2872 2083 servos,
2898 2028 2944 2072 et
2968 2022 3196 2071 ancillas
3218 2018 3397 2083 effun-

1796 2096 1926 2143 dam
1949 2097 2211 2159 spiritum
2235 2110 2434 2155 meum,
2447 2095 2504 2145 id
2523 2100 2628 2154 est,
2647 2096 2719 2145 ab
2736 2095 2827 2145 his
2844 2093 3168 2145 sanctitatis
3183 2093 3397 2151 insigni-

1795 2167 1907 2217 bus
1931 2168 2081 2218 sicut
2098 2166 2261 2218 nulla
2282 2172 2447 2229 aetas,
2471 2167 2550 2217 ita
2565 2180 2673 2217 nec
2690 2167 2962 2227 conditio,
2982 2176 3113 2227 quas
3134 2162 3264 2214 vilis
3290 2175 3391 2225 pu-

1796 2244 1968 2298 tatur,
1987 2238 2345 2289 excludetur.
2365 2239 2649 2289 therum
2663 2242 2720 2288 et
2736 2238 2793 2288 in
2812 2250 3031 2295 servos,
3047 2235 3095 2285 si
3111 2235 3393 2285 donorum

1795 2311 1997 2360 talium
2029 2309 2406 2360 inveniuntur
2443 2320 2704 2372 capaces,
2744 2320 2907 2359 sacra
2942 2308 3069 2358 haec
3091 2303 3393 2356 inundatio

1794 2381 2154 2431 commeabit.
2180 2380 2389 2432 Omnia
2405 2380 2554 2430 beati
2573 2380 2827 2430 Ezechiae
2847 2377 3219 2442 temporibus,
3245 2376 3393 2435 quasi

1792 2452 1976 2515 primo
1992 2452 2275 2503 duntaxat
2284 2453 2465 2516 gradu
2481 2451 2750 2502 dicuntur
2761 2449 3069 2513 implenda.
3084 2448 3228 2509 Quia
3238 2445 3392 2496 enim

1790 2524 2195 2587 ingruentibus
2226 2522 2495 2587 periculis
2519 2524 2578 2575 in
2602 2535 2804 2587 graves
2834 2528 2923 2573 est
2946 2522 3267 2571 coarctatus
3291 2527 3395 2587 an-

1791 2586 2035 2659 gustias,
2051 2601 2109 2647 et
2121 2586 2320 2645 contra
2333 2605 2499 2657 spem
2516 2586 2837 2645 vicinarum
2856 2592 3116 2656 gentium
3134 2587 3254 2640 sola
3265 2586 3395 2638 reli-

1790 2666 1961 2729 gione
1985 2666 2273 2729 defensus,
2292 2666 2420 2716 ideo
2444 2670 2551 2716 tem
2562 2678 2673 2729 pus
2690 2666 2879 2728 ipsum
2903 2676 3035 2715 cum
3051 2672 3265 2723 magno
3281 2669 3395 2709 am-

1790 2737 1935 2801 bitu,
1957 2742 2015 2788 et
2030 2738 2137 2787 sub
2154 2738 2274 2801 pari
2292 2737 2591 2788 schemate
2608 2736 2886 2800 propheta
2901 2732 3188 2791 describit,
3207 2729 3281 2781 ad
3303 2739 3396 2779 ex-

1787 2809 2147 2873 primendam
2182 2809 2455 2859 nimirum
2483 2808 2800 2871 potentiam
2836 2806 2954 2866 Dei,
2991 2806 3160 2868 cujus
3192 2814 3299 2873 ope
3324 2812 3397 2850 ex

1790 2871 1949 2931 tanto
1972 2880 2188 2931 diluvio
2204 2880 2409 2931 civitas
2430 2879 2719 2943 potuisset
2734 2888 3041 2940 emergere.
3064 2871 3394 2925 Secundum

1788 2962 1963 3013 quem
1980 2948 2794 3012 sensum,ordinatanimirum
2821 2948 2971 2998 vatis
2997 2946 3153 2993 nostri
3174 2945 3401 2992 cucurrit

1787 3022 1986 3073 oratio.
2002 3025 2144 3073 Nam
2162 3025 2370 3086 praeter
2385 3020 2841 3072 consolationem
2858 3016 3221 3069 redeuntium
3232 3013 3397 3072 copia-

1786 3106 1933 3152 rum,
1960 3094 2132 3144 etiam
2151 3094 2303 3143 dona
2326 3092 2592 3155 Spiritus,
2616 3091 2673 3142 id
2698 3095 2804 3152 est,
2829 3087 3239 3140 revelationum
3261 3095 3389 3155 pro-

1798 3164 1954 3215 misit
1969 3164 2234 3227 insignia,
2252 3153 2465 3227 quibus
2480 3162 2577 3216 ille
2591 3160 2840 3226 populus
2855 3160 2927 3211 ad
2944 3160 3125 3210 Deum
3143 3153 3395 3227 speciali-

1797 3242 1884 3288 ter
1906 3223 2189 3300 pertinere
2217 3223 2559 3299 proderetur
2580 3223 2611 3282 ἶ
2623 3223 2684 3283 et
2710 3232 2834 3282 ideo
2858 3231 3088 3282 deberet
3113 3230 3265 3300 inter
3293 3223 3393 3300 ad-

1709 3306 1758 3380 ί]
1789 3297 1954 3359 versa
1966 3297 2270 3380 confidere.
2288 3304 2761 3380 quandoquidem
2774 3315 2891 3353 non
2902 3300 3085 3380 possit
3098 3297 3393 3380 viliterdis-

1784 3380 1985 3444 perire,
2011 3378 2109 3441 qui
2124 3390 2293 3428 carus
2308 3368 2428 3429 Deo
2445 3387 2660 3440 perque
2684 3374 2856 3424 etiam
2875 3372 3161 3437 pretiosus
3178 3368 3393 3444 existe-

1787 3442 1890 3502 ret.
1916 3453 2047 3514 Ipso
2065 3452 2260 3500 autem
2279 3449 2349 3500 de
2368 3460 2483 3511 quo
2504 3446 2793 3509 loquimur
2809 3448 3123 3514 attestante
3134 3442 3390 3514 propheta,

1787 3511 2111 3586 colligimus
2127 3519 2303 3572 etiam
2318 3516 2563 3569 somniis
2577 3516 2794 3580 aliquid
2813 3514 2981 3578 quasi
3011 3511 3333 3586 minoribus
3348 3513 3395 3586 et

1786 3582 2163 3643 familiaribus
2179 3588 2618 3651 oraculis,quod
2634 3588 2704 3638 ad
2722 3585 3140 3638 consolandum
3156 3582 3394 3643 valeret,

1789 3664 1967 3715 fuisse
1980 3667 2238 3714 monstra
2246 3667 2393 3716 tum.
2412 3662 2590 3724 Cujus
2602 3659 2711 3710 loci
2724 3671 2863 3710 sane
2875 3656 3194 3718 occasione,
3208 3655 3395 3724 distin-

1781 3735 2081 3797 guendum
2105 3733 2336 3785 videtur
2360 3722 2515 3795 quod
2539 3732 2601 3781 in
2626 3729 3072 3782 Deuteronomio
3098 3728 3255 3791 (Cap.
3288 3722 3395 3797 18.)

1785 3796 2049 3870 legimus,
2086 3804 2145 3855 id
2174 3808 2389 3865 est,ne
2413 3801 2653 3852 somniis
2678 3801 3062 3852 crederemus.
3096 3796 3393 3870 Quomodo

1788 3868 1941 3929 enim
1963 3888 2121 3926 nunc
2150 3874 2381 3925 somnia
2404 3873 2477 3923 ad
2502 3873 2687 3922 sancti
2704 3873 2947 3935 Spiritus
2972 3870 3123 3921 dona
3138 3868 3392 3919 referun-

1788 3953 1900 4011 tur,
1935 3948 1983 3998 si
2006 3946 2119 3997 illic
2148 3946 2231 3996 eis
2267 3944 2503 4008 penitus
2533 3943 2677 3994 ﬁdes
2709 3943 2985 4003 abrogata
3017 3939 3348 3991 crederetur
3367 3939 3394 3988 ?

1788 4019 1949 4072 Unde
1964 4019 2214 4081 apparet,
2240 4028 2378 4067 cum
2395 4020 2643 4076 utraque
2669 4014 2742 4063 sit
2769 4014 2889 4077 pari
2907 4011 3244 4063 auctoritate
3264 4021 3387 4060 sen-

1788 4091 1984 4146 tentia,
2006 4089 2323 4140 discrimen
2338 4086 2577 4137 rationis
2597 4084 3009 4147 adhibendum,
3022 4095 3088 4134 ac
3101 4082 3149 4133 si
3168 4096 3393 4142 personis

1790 4159 2132 4211 somniantis
2149 4170 2363 4209 caussa
2378 4157 2732 4220 congruerit:
2760 4159 2826 4206 ut
2841 4154 2988 4206 sicut
3002 4153 3099 4205 illa
3121 4153 3393 4201 reverenda

1788 4306 1949 4354 Luna
1964 4303 2025 4351 in
2037 4300 2394 4364 sanguinem:
2410 4300 2468 4348 in
2484 4304 2644 4358 terra,
2664 4299 2797 4363 quia
2811 4302 2923 4347 tam
2942 4296 3236 4346 vehementi
3252 4300 3297 4344 et
3313 4295 3399 4343 in-

1787 4376 1941 4425 solito
1958 4378 2108 4423 motu
2125 4379 2269 4421 terra
2285 4371 2626 4433 contremuit,
2650 4374 2709 4418 ut
2734 4373 3088 4417 monumenta
3113 4371 3318 4431 aperta,
3345 4370 3390 4413 et

1788 4462 1927 4496 saxa
1951 4445 2204 4507 disrupta
2225 4442 2355 4493 sint.
2382 4443 2451 4495 Et
2474 4444 2605 4504 post
2635 4440 2947 4502 aliquanta,
2975 4438 3065 4488 Sol
3087 4452 3297 4502 quoque
3321 4440 3392 4485 est

1790 4532 1970 4567 versus
1994 4518 2055 4564 in
2073 4513 2331 4572 tenebras,
2350 4512 2574 4576 quando
2591 4512 2899 4576 pendentem
2916 4510 3217 4559 Dominum
3227 4522 3389 4556 suum

1790 4588 1967 4637 videre
1988 4602 2102 4635 non
2125 4598 2294 4633 ausus
2316 4588 2417 4643 est;
2435 4587 2480 4634 et
2504 4583 2661 4631 Luna
2685 4582 2748 4630 in
2761 4582 3105 4643 sanguinem,
3126 4578 3273 4644 quod
3296 4585 3393 4627 aut

1783 4660 1951 4723 juxta
1977 4656 2262 4706 historiam
2297 4655 2505 4717 factum
2529 4667 2631 4702 esse
2655 4653 2956 4714 credamus,
2984 4657 3029 4702 et
3055 4650 3121 4701 ab
3144 4651 3393 4723 Evange-

1795 4730 1926 4779 tistis
1941 4729 2151 4778 silentio
2171 4725 2611 4791 praetermissum,
2634 4738 2800 4788 neque
2822 4724 2969 4772 enim
2985 4723 3175 4772 omnia
3192 4737 3309 4788 quae
3323 4721 3393 4784 fe-

1793 4803 1865 4851 cit
1885 4802 2055 4856 Jesus,
2084 4799 2287 4862 scripta
2307 4797 2641 4860 referuntur,
2675 4800 2805 4859 etc.,
2834 4800 2930 4844 aut
2953 4801 3103 4856 certe,
3138 4798 3246 4846 etc.
3270 4794 3395 4843 Dies

1794 4878 1970 4921 autem
1988 4871 2213 4921 Domini
2227 4884 2463 4933 magnus
2475 4871 2525 4917 et
2539 4868 2834 4932 horribilis,
2852 4873 2949 4917 aut
2973 4865 3393 4918 Resurrcctionis

1792 4959 1895 4993 esse
1932 4941 2224 4992 credendus
2247 4945 2337 4999 est,
2371 4946 2468 4988 aut
2498 4945 2631 4989 certe
2662 4940 2836 4988 multa
2862 4944 2979 5003 post
3008 4945 3252 5001 tempora
3282 4936 3394 4984 dies

1791 5014 2015 5066 Judicii.
2042 5012 2144 5063 Sed
2161 5012 2291 5075 quia
2315 5010 2575 5074 sequitur,
2601 5013 2671 5063 Et
2686 5012 2807 5063 erit.
2831 5011 3024 5063 omnis
3046 5008 3395 5073 quiinvoca-

1795 5086 1942 5137 verit
1965 5094 2178 5135 nomen
2200 5081 2451 5144 Domini,
2477 5081 2679 5134 salvus
2708 5081 2832 5141 erit,
2858 5081 3036 5142 magis
3066 5080 3129 5127 de
3149 5078 3395 5127 Resurre-

1792 5157 1983 5207 ctionis
1995 5156 2077 5205 die
2100 5152 2507 5215 intelligendum
2525 5156 2611 5204 est.
2631 5152 2909 5216 Denique,
2941 5148 3171 5201 Verbum
3183 5162 3392 5213 quoque

1791 5227 2068 5292 eff‘usionis
2102 5224 2327 5274 ostendit
2359 5224 2603 5285 muneris
2643 5224 2968 5287 largitatem,
3002 5222 3150 5287 quod
3187 5235 3394 5285 nequa-

1792 5314 1962 5365 quam
1974 5299 2035 5347 in
2046 5311 2241 5362 paucos
2258 5294 2554 5358 Prophetas
2573 5295 2649 5357 (ut
2663 5294 2795 5343 olim
2802 5293 2957 5356 ﬁebat
2970 5293 3031 5342 in
3048 5293 3207 5365 veteri
3229 5293 3392 5342 Testa-

1790 5363 2007 5435 mento),
2032 5369 2121 5418 sed
2138 5368 2193 5417 in
2220 5380 2401 5416 omnes
2420 5365 2700 5425 credentes,
2726 5366 2786 5413 in
2814 5366 3039 5414 nomine
3071 5363 3390 5428 Saluatoris,

1793 5443 2031 5507 Spiritus
2056 5439 2230 5490 sancti
2261 5437 2407 5487 dona
2439 5436 2822 5496 descenderint,
2848 5441 2956 5487 etc.
2995 5435 3152 5485 Senes
3180 5450 3392 5501 quoque

1790 5515 2040 5563 viderunt
2094 5509 2331 5570 somnia,
2377 5508 2599 5573 quando
2652 5507 2859 5557 Paulus
2901 5507 3025 5571 jam
3070 5521 3234 5556 senest:
3290 5522 3390 5556 au-

1789 5586 1922 5635 divit
1945 5585 2126 5634 virum
2149 5582 2506 5642 Macedonem,
2534 5583 2641 5630 etc.
2668 5580 2809 5630 Haec
2830 5591 2940 5630 nos
2968 5590 3152 5643 pauca
3173 5580 3390 5631 Lectori

1788 5658 1861 5707 ob
1877 5656 2076 5707 oculos
2092 5653 2382 5719 ponimus,
2401 5656 2460 5702 ut
2483 5663 2597 5714 qua
2611 5650 2819 5713 injuria
2832 5651 2904 5701 ab
2921 5651 3167 5701 Auctore
3191 5656 3389 5702 nostro

1788 5726 2203 5779 contumeliose
2219 5724 2597 5788 excipiantur,
2612 5722 2848 5786 judicet.
2868 5723 2948 5773 De
2964 5722 3269 5785 ipsiusmct
3283 5737 3389 5783 pcr-

1788 5810 1933 5849 sona
1968 5811 2042 5848 ex
2075 5798 2253 5861 hujus
2285 5807 2513 5857 quoque
2545 5793 2843 5845 occasione
2876 5794 3007 5857 loci,
3042 5792 3305 5858 pluribus
3330 5793 3388 5846 in

1786 5870 2125 5922 Praefatione
2159 5866 2515 5919 disserimus.
