3894 6428
546 410 679 465 1051

1600 409 1867 460 RUFINO
1904 404 2365 458 PRESBYTERO
2398 408 2784 460 ASCRIPTUS

3702 407 3819 462 105:2

542 523 614 574 de
636 522 876 584 meritis,
901 522 980 572 ita
1000 522 1111 572 ista
1128 521 1203 592 sit
1220 520 1291 572 de
1310 520 1432 572 suis
1450 519 1740 592 aestimata
1754 516 2139 592 ponderibus,
2166 519 2221 592 Α
2246 518 2491 592 populos
2509 532 2647 592 suos
2662 520 2927 583 libertati,
2955 520 3107 592 sicut
3119 518 3376 592 edendos
3392 517 3615 592 mundo
3626 517 3751 569 huic
3766 519 3820 568 fi-

543 592 933 657 intelligamus
947 593 1020 644 ad
1032 591 1369 643 miniculum
1381 591 1609 654 aliquod
1622 604 1721 655 per
1741 590 1967 642 somnia
1978 590 2136 638 conti-

544 664 717 728 gisse.
745 665 800 715 Si
819 675 951 715 vero
974 662 1116 714 nihil
1139 663 1293 713 adsit
1329 663 1660 723 testimonii,
1688 662 1843 725 quod
1878 661 1970 713 vel
1995 666 2140 711 tem-

540 748 671 800 pus,
689 734 777 786 vel
795 747 1037 798 persona
1058 739 1360 795 mereatur,
1379 734 1663 798 imagines
1680 733 2037 785 somniorum
2059 731 2141 782 le—

542 805 654 871 gali
680 817 811 855 esse
833 805 1170 856 auctoritate
1195 805 1555 857 temnendas.

605 872 721 943 49
734 873 783 942 7
800 876 909 927 Sed
929 889 1059 939 quae
1071 878 1192 939 jam
1208 876 1280 927 ab
1293 876 1482 928 eolate
1504 875 1730 940 adjecta
1746 876 2019 936 diximus,
2037 885 2139 925 au-

542 946 790 999 diamus.
824 946 988 1007 Dabo,
1023 948 1227 1011 inquit,
1261 948 1518 1011 prodigia
1550 949 1610 997 in
1644 948 1763 997 caelo
1796 953 1842 997 et
1879 948 1940 995 in
1975 952 2135 1004 terra,

539 1019 886 1082 sanguinem,
913 1024 958 1067 et
982 1019 1183 1081 ignem,
1209 1026 1255 1068 et
1284 1034 1534 1082 vaporem
1568 1018 1731 1081 fumi.
1760 1019 1851 1070 Sol
1873 1022 2139 1068 converte—

542 1094 633 1138 tur
648 1091 709 1137 in
736 1089 990 1148 tenebras,
1025 1095 1070 1138 et
1091 1091 1254 1139 Luna
1282 1091 1343 1140 in
1368 1092 1711 1153 sanguinem,
1738 1096 2029 1153 antequam
2053 1101 2140 1134 ve-

541 1161 662 1210 niat
679 1161 788 1210 dies
803 1162 1029 1210 Domini
1044 1176 1278 1225 magnus
1293 1166 1337 1210 et
1363 1162 1640 1212 harribilis
1655 1179 1673 1222 ;
1691 1168 1736 1211 et
1752 1162 1929 1211 omnis
1952 1158 2048 1224 qui
2058 1158 2142 1206 in-

542 1233 805 1281 vocaverit
820 1247 1017 1281 nomen
1032 1233 1277 1297 Domini,
1292 1234 1472 1283 salvus
1494 1234 1612 1284 erit.
1633 1233 2003 1285 Consuetudo
2018 1242 2139 1296 pro-

545 1303 774 1368 phetica
788 1309 896 1369 est,
918 1305 1258 1368 utquotiens
1274 1306 1663 1357 annunciatur
1676 1308 1834 1358 Deus
1852 1306 1940 1357 vel
1956 1308 2013 1352 ad
2027 1317 2139 1363 pro-

542 1376 943 1439 pugnandum,
972 1378 1061 1427 vel
1077 1375 1149 1427 ad
1176 1375 1567 1429 ulciscendum
1594 1391 1725 1428 cum
1748 1373 2139 1441 indignatione

543 1458 921 1509 consurgens,
940 1451 1159 1498 mutata
1170 1447 1435 1512 polorum
1447 1448 1641 1505 facies,
1658 1445 2141 1509 etelementaipsa

544 1516 887 1581 trepidantia
902 1516 1319 1571 describantur.
1338 1520 1513 1582 Quale
1528 1520 1767 1571 estillud
1779 1523 1925 1585 apud
1942 1523 2139 1568 beatum

544 1587 746 1649 David,
771 1588 871 1650 qui
892 1601 1201 1641 occursum
1213 1590 1537 1642 ethabitum
1557 1592 1792 1644 aetherei
1815 1600 2142 1656 propugna-

543 1658 685 1711 toris
706 1658 1007 1723 effugiens,
1025 1661 1341 1725 Ascendens,
1360 1663 1564 1726 inquit,
1586 1663 1776 1726 fumus
1798 1666 1860 1713 in
1884 1676 1984 1714 ara
2005 1662 2137 1726 ejus,

542 1734 589 1779 et
610 1729 757 1793 ignis
779 1746 815 1779 α
834 1730 973 1793 facie
1005 1732 1118 1795 ejus
1140 1734 1457 1798 exardescet,
1481 1734 1731 1785 carbones
1757 1733 1991 1785 succensi
2013 1737 2140 1781 sunt

541 1801 610 1851 ab
647 1816 725 1864 eo,
770 1802 1055 1852 inclinavit
1083 1804 1249 1865 caelos,
1285 1811 1331 1854 et
1362 1806 1648 1870 descendit,
1680 1813 1740 1859 et
1780 1808 2012 1869 reliqua.
2039 1804 2139 1857 Se-

543 1872 800 1925 cundum
836 1873 994 1954 hunc
1022 1887 1166 1954 ergo
1192 1876 1450 1941 modum,
1496 1883 1562 1929 ut
1586 1879 1860 1954 diximus,
1897 1890 1969 1954 ex
1993 1876 2137 1941 legis
2167 1880 2221 1954 B

543 1955 702 1995 more
717 1945 1066 2004 venientem,
1093 1946 1268 1997 etiam
1293 1960 1450 1998 nunc
1474 1949 1750 2013 propheta
1776 1949 1883 2000 sub
1908 1950 2137 2012 tempus

544 2013 1060 2067 animadversionis
1073 2017 1297 2070 caelitus
1319 2018 1649 2082 inferendis,
1671 2024 1914 2069 elementa
1936 2022 2143 2080 ignibus

541 2086 931 2150 pervadenda,
946 2087 1132 2139 sidera
1144 2090 1233 2140 vel
1246 2089 1405 2142 fumo
1416 2091 1734 2154 vestienda,
1745 2094 1829 2139 vel
1843 2099 1861 2119 ι
1873 2092 2140 2154 sanguine,

541 2162 748 2210 natura
784 2158 1101 2221 prmmittit.
1144 2162 1268 2212 Non
1302 2162 1457 2223 quod
1504 2163 1583 2214 ita
1616 2164 1739 2215 haec
1783 2166 1850 2214 ut
1873 2162 2143 2213 dicuntur

541 2228 741 2281 effecta
765 2230 901 2291 sint,
927 2230 1029 2281 sed
1052 2229 1142 2282 vel
1165 2232 1317 2294 quod
1342 2235 1628 2297 ejusmodi
1645 2238 1950 2298 apparatus
1972 2232 2144 2285 caelo-

539 2311 671 2351 rum
688 2299 921 2363 praesuli
936 2303 1286 2366 conveniret,
1300 2302 1395 2356 vel
1410 2304 1488 2356 ita
1499 2305 1721 2357 facilem
1733 2305 2000 2357 effectum
2012 2305 2141 2367 ejus

541 2371 830 2422 sententia
845 2370 1098 2432 duceret,
1125 2375 1292 2436 quasi
1315 2387 1443 2426 eam
1468 2381 1868 2428 consternatus
1892 2376 2067 2439 orbis,
2084 2380 2143 2428 et

540 2441 880 2493 cursitantia
902 2442 1186 2496 elementa
1211 2446 1615 2509 perducerent:
1647 2447 1800 2510 quod
1826 2451 1986 2499 tanta
2008 2461 2143 2512 pos-

541 2513 723 2583 tremo
748 2525 976 2583 reorum
998 2515 1225 2566 animos
1242 2518 1851 2581 occuparetanxietas,
1877 2531 1943 2569 ac
1974 2520 2023 2569 si
2040 2532 2142 2583 po-

538 2580 724 2657 lorum
739 2582 1005 2657 machina
1025 2584 1365 2657 solveretur,
1378 2592 1550 2650 atque
1565 2592 1703 2637 Luna
1717 2580 2139 2653 sanguinesce'ret,

539 2656 689 2703 terra
704 2654 1099 2720 cineresceret,
1112 2663 1266 2709 astra
1274 2654 1683 2722 nigrescerent.
1698 2662 1857 2721 Quod
1873 2673 2006 2723 ergo
2022 2674 2142 2711 me-

538 2724 822 2776 tuendum
837 2727 1048 2778 animis
1067 2728 1383 2790 accidebat,
1404 2732 1488 2780 sic
1504 2736 1789 2791 narratur,
1817 2732 1983 2794 quasi
2000 2732 2140 2795 ipsis

538 2795 1101 2849 eveniretelementis
1116 2814 1127 2849 :
1144 2799 1347 2851 ultima
1359 2801 1640 2864 siquidem
1655 2805 1740 2850 illa
1752 2807 1970 2851 creditur
1982 2812 2027 2851 et
2040 2819 2142 2852 una

539 2866 859 2938 convulsio,
892 2869 1001 2919 sub
1021 2869 1146 2931 ipso
1169 2870 1430 2922 videlicet
1454 2872 1566 2924 fine
1590 2874 1811 2935 mundi,
1838 2876 1931 2926 vel
1956 2876 2139 2938 terris,

540 2936 633 3008 vel
650 2936 936 2989 sideribus
962 2938 1269 2992 inferenda.
1320 2942 1417 2994 illo
1430 2947 1626 2995 autem
1650 2948 1901 3005 prophetzo
1932 2948 2011 3008 (de
2040 2936 2140 3006 quo

538 3006 898 3081 disserimus)
922 3010 981 3061 in
1009 3015 1279 3075 tempore,
1301 3026 1422 3065 non
1445 3016 1585 3066 caelo
1615 3028 1649 3067 a
1675 3018 1836 3068 terris
1863 3006 1945 3081 (ut
1968 3030 2140 3081 supra

538 3078 673 3140 dixi)
689 3080 971 3143 ejusmodi
984 3095 1050 3145 pe
1060 3085 1360 3143 rturbatio,
1380 3086 1481 3136 sed
1497 3086 1633 3137 solis
1645 3078 1875 3139 reorum
1887 3078 2140 3137 mentibus

2242 587 2351 639 lios
2368 595 2551 641 mater
2564 591 2848 643 imbecilla
2869 590 3205 655 [imbecillis]
3228 590 3822 653 conceperat,imoquae

2240 660 2499 723 pariendi
2518 662 2737 714 viribus
2753 663 3050 722 destituta,
3068 660 3456 712 indubitatum
3481 660 3643 712 fcntui
3666 662 3823 711 mina-

2240 732 2670 795 returexitium,
2688 734 2954 797 apparuit
2966 733 3158 785 subito
3170 737 3289 784 tam
3300 732 3550 797 gloriosa
3562 731 3823 795 defensio,

2240 805 2306 853 ut
2324 806 2530 866 praeter
2545 817 2673 856 eam
2693 818 2984 869 nusquam
3002 809 3158 856 esset
3181 808 3337 855 certa
3353 803 3612 855 salvatio.
3635 803 3695 851 Et
3710 803 3820 851 erit:

2239 876 2419 922 omnis
2436 876 2532 938 qui
2548 877 2873 925 invocaverit
2892 891 3091 925 nomen
3110 875 3347 933 Domini,
3363 874 3541 922 salvus
3556 874 3675 923 erit.
3701 872 3827 930 Quia

2240 943 2301 992 in
2326 952 2504 995 monte
2526 946 2677 1011 Syon
2693 953 2737 995 et
2768 949 2827 995 in
2851 947 3154 996 Jerusalem
3174 947 3273 994 erit
3294 945 3536 1004 salvatio,
3553 945 3691 994 sicut
3712 943 3828 992 dicit

2239 1018 2525 1077 Dominus,
2547 1023 2593 1067 et
2614 1019 2673 1067 in
2696 1019 2928 1067 residuis
2952 1033 3085 1083 quos
3109 1018 3380 1068 Dominus
3400 1017 3678 1066 vocaverit.
3703 1016 3829 1065 Haec

2238 1093 2430 1140 autem
2449 1089 2733 1147 universa,
2752 1102 2886 1152 quae
2903 1102 3037 1140 cum
3055 1102 3279 1140 summa
3296 1086 3737 1152 propugnatoris
3757 1090 3830 1133 De-

2238 1159 2419 1211 nostri
2434 1159 2603 1211 laude
2620 1160 2867 1223 perfecta
2882 1165 3040 1218 sunt,
3058 1166 3311 1224 tempore
3326 1158 3736 1210 Incarnationis
3755 1159 3829 1204 Doi

2239 1230 2469 1282 minicaa
2481 1230 2832 1281 cumulatius
2844 1231 2904 1281 in
2917 1231 3083 1281 donis
3099 1230 3446 1294 spiritalibus
3459 1229 3739 1279 docentur
3750 1230 3829 1273 im-

2241 1299 2394 1363 pleta
2419 1316 2431 1350 :
2459 1301 2539 1350 ita
2562 1306 2628 1352 ut
2648 1301 2776 1364 ipsa
2807 1313 2939 1365 quae
2961 1305 3191 1365 patrum
3218 1300 3570 1364 temporibus
3594 1310 3829 1361 praeces-

2243 1384 2369 1423 sere
2384 1372 2675 1435 miracula,
2692 1385 2809 1423 non
2832 1371 3020 1423 solum
3036 1372 3387 1434 liistoricam,
3411 1371 3509 1422 sed
3527 1370 3705 1422 etiam
3721 1381 3831 1433 pro-

2240 1444 2523 1509 pheticam
2543 1444 2663 1495 vim
2684 1443 2959 1495 habuisse
2982 1443 3247 1496 videatur
3270 1459 3282 1495 :
3311 1443 3519 1506 quippe
3542 1441 3615 1492 ad
3643 1452 3829 1491 eorum

2241 1514 2718 1578 significationem
2744 1513 3009 1573 valentia,
3032 1526 3165 1576 quae
3188 1513 3357 1577 longe
3380 1517 3513 1576 post
3535 1511 3831 1563 redderen-

2244 1590 2352 1638 tur.
2390 1587 2480 1637 Sic
2505 1586 2661 1637 enim
2706 1589 2963 1649 tempore
2997 1586 3316 1639 Dominicis
3355 1583 3675 1647 Passionis,
3709 1595 3829 1633 cum

2239 1657 2675 1709 acerbissimam
2690 1662 2936 1709 mortem
2950 1659 3085 1710 vita;
3100 1661 3301 1708 auctor
3315 1656 3572 1719 intraret,
3590 1656 3722 1703 diem
3744 1669 3831 1701 me-

2242 1729 2401 1780 dium
2424 1742 2539 1780 nox
2561 1728 2870 1792 improvisa
2892 1729 3190 1780 subduxit.
3215 1729 3259 1777 A
3283 1731 3449 1789 sexta,
3474 1724 3684 1789 inquit,
3704 1726 3830 1773 hora

2238 1800 2457 1850 tenebrae
2470 1801 2621 1863 facta:
2633 1804 2760 1849 sunt
2776 1815 2942 1864 usque
2956 1800 3029 1849 ad
3042 1802 3237 1849 horam
3254 1813 3459 1849 nonam
3478 1796 3692 1861 (Matth.
3709 1794 3827 1858 ‘24.):

2241 1878 2305 1925 ut
2320 1872 2475 1936 quod
2497 1872 2817 1937 splendoris
2835 1872 3077 1933 ingeniti
3091 1872 3268 1923 decus
3290 1875 3413 1922 atro
3435 1868 3615 1932 sydus
3638 1880 3737 1917 ore
3752 1870 3830 1914 de-

2242 1945 2453 2008 posuit,
2479 1945 2551 1995 ad
2567 1943 2820 1995 ofﬁcium
2839 1943 3128 1995 videretur
3151 1943 3247 1994 vel
3266 1940 3519 2006 lugentis
3535 1939 3829 2003 respicere,

2241 2016 2332 2067 vel
2356 2016 2617 2066 timentis
2643 2030 2656 2065 :
2689 2015 2826 2079 quia
2860 2014 3080 2067 nollent
3103 2012 3513 2067 contumeliam
3537 2011 3828 2069 creatoris,

2242 2086 2335 2138 vel
2349 2086 2687 2138 Judaaorum
2706 2086 2931 2137 facinus
2948 2085 3175 2146 intueri,
3192 2087 3500 2148 antequam
3514 2081 3637 2133 dies
3652 2081 3831 2133 Domi-

2242 2158 2303 2209 ni
2324 2170 2573 2221 magnus
2604 2162 2661 2209 et
2693 2157 2981 2209 horribilis
3004 2157 3304 2208 adveniret
3328 2172 3341 2207 :
3368 2153 3653 2215 videlicet,
3676 2155 3833 2203 ante-

2241 2241 2416 2294 quam
2437 2228 2618 2292 gloria
2636 2229 3076 2280 resurrectionis
3092 2229 3361 2280 emicaret
3383 2244 3394 2274 :
3423 2225 3516 2277 vel
3539 2227 3693 2275 certe
3716 2222 3829 2294 dies

2238 2301 2333 2353 ille
2363 2313 2536 2363 quem
2559 2300 2842 2351 Dominus
2864 2306 3063 2351 noster
3094 2300 3155 2351 in
3185 2297 3505 2362 Evangeiio,
3535 2295 3701 2359 quasi
3728 2293 3830 2344 sub

2238 2373 2467 2436 gemina
2490 2373 2817 2423 narratione
2833 2371 3155 2435 digesserit.
3175 2373 3319 2421 Nam
3336 2380 3466 2420 cum
3489 2365 3677 2418 ultimi
3700 2371 3833 2417 tem-

2240 2444 2393 2509 poris
2408 2444 2575 2506 signa
2589 2443 2966 2502 contraderet,
2984 2444 3144 2507 prius
3159 2441 3645 2505 Jerosolymorum
3657 2439 3836 2485 descri-

2240 2517 2355 2580 psit
2378 2516 2638 2579 exitium,
2654 2519 2712 2567 et
2727 2516 2940 2578 quibus
2964 2515 3389 2565 calamitatibus
3406 2511 3743 2562 Judaaorum
3758 2521 3835 2559 re-

2240 2589 2335 2651 gio
2359 2587 2755 2650 compleretur.
2776 2588 2933 2637 Sicut
2956 2599 3092 2649 ergo
3114 2585 3226 2636 illic
3250 2582 3533 2636 eversioni
3547 2580 3835 2643 Jerosoly-

2241 2673 2471 2711 morum
2500 2660 2674 2711 tinem
2707 2660 2862 2710 orbis
2897 2658 3180 2722 adjunxit,
3213 2658 3293 2708 ita
3315 2657 3486 2708 etiam
3511 2653 3702 2705 omnis
3728 2653 3833 2702 ista

2240 2732 2393 2795 apud
2410 2732 2744 2795 prophetam
2764 2730 3175 2782 elementorum
3187 2734 3587 2790 astrorumque
3598 2737 3832 2776 concus-

2242 2806 2343 2865 sio,
2372 2803 2536 2866 plene
2561 2804 2670 2854 sub
2687 2802 2888 2854 mundi
2914 2802 3026 2853 fine
3052 2805 3381 2864 peragetur:
3407 2797 3650 2857 Quando,
3679 2799 3742 2846 ut
3758 2796 3832 2845 ait

2239 2877 2450 2926 Beatus
2462 2877 2624 2927 Petru
2633 2889 2678 2934 s,
2693 2875 2803 2923 caeli
2814 2875 2978 2922 arden
2989 2880 3058 2921 tes
3072 2887 3270 2936 magno
3282 2872 3481 2935 impetu
3494 2867 3779 2917 transibun
3791 2874 3803 2914 t
3815 2882 3828 2914 :

2238 2952 2283 2996 et
2308 2947 2561 2995 elementa
2584 2947 2800 3010 ignium
2825 2946 3113 2995 ardoribus
3139 2946 3495 3007 decoquentur
3516 2938 3586 3003 (2.
3613 2940 3757 2989 Petr.
3781 2937 3827 2991 5.

2240 3016 2369 3079 10.).
2385 3019 2545 3069 Tunc
2566 3019 2623 3082 [Α
2634 3023 2708 3066 nt.
2730 3017 2911 3078 Nunc]
2928 3016 3078 3067 enim
3104 3016 3245 3065 ﬁdes
3263 3013 3383 3064 sola
3402 3015 3658 3075 proteget
3673 3021 3829 3064 suos.

2243 3096 2288 3139 et
2312 3092 2409 3153 qui
2431 3092 2483 3137 in
2496 3092 2773 3149 vocaverit,
2798 3104 2991 3137 nomen
3018 3087 3240 3137 Domini
3263 3085 3439 3133 salvus
3464 3084 3580 3132 erit.
3612 3082 3757 3140 Quia
3778 3082 3831 3128 in

536 3149 807 3228 incidisse
824 3151 974 3228 {An}.
991 3154 1401 3228 insidisse]est.
1420 3159 1596 3223 Cujus
1613 3161 1884 3223 quoniam
1897 3162 2145 3225 speciem
2242 3149 2421 3213 monte
2455 3164 2624 3228 Syon,
2654 3169 2699 3213 et
2724 3165 2785 3213 in
2808 3163 3106 3213 Jerusalem
3136 3162 3236 3211 erit
3263 3159 3503 3218 saluatio,
3531 3157 3669 3206 sicut
3693 3156 3831 3203 dixit

538 3222 1421 3303 modumquedeprehendimus,
1445 3222 1791 3284 narrationis
1808 3222 2035 3297 quoque
2060 3248 2144 3285 se-

535 3296 677 3344 riem
702 3296 1138 3360 investigemus.

599 3365 947 3417 Pronunmat
979 3381 1114 3430 ergo
1144 3368 1237 3420 illa
1276 3374 1494 3435 omnia,
1521 3386 1655 3437 qua
1702 3375 1853 3426 beati
1883 3375 2142 3427 Ezechias

536 3438 893 3511 temporibus
910 3438 1183 3502 leguntur
1198 3441 1450 3506 impleta.
1481 3446 1623 3507 Quia
1642 3447 1793 3499 enim
1814 3446 2006 3497 decem
2022 3448 2140 3511 jam

537 3508 802 3558 tribubus
825 3509 899 3559 ad
918 3511 1212 3563 Medorum
1235 3526 1377 3565 arva
1394 3517 1705 3579 translatis,
1729 3517 1787 3567 in
1803 3518 1972 3569 Judee
1996 3508 2140 3570 fines

536 3578 811 3640 Assyrius
822 3580 1025 3644 irrupit
1040 3584 1328 3634 exercitus
1345 3602 1355 3633 :
1371 3590 1429 3635 et
1440 3599 1572 3638 cum
1588 3578 1975 3641 Sennacherib
1994 3595 2140 3640 urbes

535 3647 679 3698 alias
703 3650 1009 3714 obsideret,
1040 3654 1111 3702 ad
1141 3655 1465 3707 Jerusalem
1490 3660 1807 3723 Rapsacem
1832 3663 2138 3723 quemdam

534 3730 666 3768 cum
692 3732 902 3794 magna
925 3724 1216 3786 copiarum
1236 3738 1271 3787 p
1292 3731 1396 3777 irte
1422 3727 1652 3794 direxit,
1675 3732 1772 3793 qui
1797 3731 1870 3781 ad
1894 3732 2141 3784 deditio-

534 3801 666 3840 nem
692 3791 932 3855 populos
956 3794 1039 3858 (ut
1062 3808 1236 3860 supra
1251 3796 1439 3849 dicere
1463 3791 1842 3865 coeperamus)
1863 3805 2139 3856 Hebraico

537 3873 818 3937 sermone,
844 3866 1011 3928 cujus
1028 3872 1148 3918 erat
1170 3869 1407 3935 peritus,
1425 3870 1688 3924 illiceret:
1709 3880 2009 3937 cmperunt
2031 3878 2140 3927 im-

536 3934 739 3996 pendio
765 3934 823 4011 hi
840 3937 938 3998 qui
960 3939 1144 4011 muris
1162 3948 1447 4003 praeerant
1464 3944 1777 4007 postulare,
1804 3934 1867 3996 ut
1883 3949 2023 4011 Syro
2044 3964 2142 3997 ser-

535 4016 718 4081 mone,
743 4010 799 4056 et
824 4020 945 4081 non
972 4010 1249 4081 Ilebraico
1283 4012 1626 4073 loqueretur.
1665 4017 1830 4067 Tunc
1854 4010 2140 4081 Rapsaces

530 4075 761 4157 pondus
795 4078 1032 4129 maximi
1061 4082 1288 4157 terroris
1312 4083 1538 4147 adjecit,
1564 4097 1838 4138 asserens
1865 4101 1924 4138 se
1938 4075 2139 4139 elades

533 4152 965 4213 maximamque
992 4152 1317 4217 perniciem,
1343 4168 1458 4206 non
1484 4158 1687 4220 paucis
1712 4161 2137 4223 stemmatibus,

530 4225 804 4294 caeterum
833 4224 1126 4274 universae
1153 4225 1328 4287 genti,
1362 4226 1473 4277 nisi
1498 4229 1807 4290 imperium
1841 4231 2138 4294 reciperet,

526 4289 812 4365 attulisse.
839 4294 1060 4354 Quibus
1082 4295 1255 4345 minis
1279 4296 1422 4347 adeo
1445 4303 1503 4349 et
1530 4289 1736 4351 beatus
1764 4289 2056 4365 Ezechias,
2082 4289 2140 4353 et

528 4363 767 4424 reliquie
784 4369 921 4414 sunt
938 4364 1121 4428 ipsius
1140 4368 1333 4430 populi
1352 4370 1744 4432 comminutas,
1765 4377 1829 4422 ut
1843 4372 1916 4422 ad
1931 4363 2139 4424 Isaiam

528 4435 867 4497 prophetam
900 4440 1021 4487 toto
1044 4435 1471 4501 lachrymarum
1496 4442 1719 4492 ambitu
1751 4447 2135 4505 verterentur,

528 4506 786 4557 dicentes
804 4521 816 4557 :
844 4507 1114 4557 Venerunt
1129 4509 1235 4571 [itii
1252 4525 1420 4574 usque
1436 4510 1508 4561 ad
1516 4520 1760 4575 partum,
1778 4522 1824 4563 et
1840 4516 2012 4563 virtus
2026 4531 2135 4564 non

529 4582 601 4624 est
620 4578 894 4640 pariendi,
913 4578 975 4630 id
991 4584 1099 4637 est,
1118 4581 1179 4631 in
1199 4594 1327 4632 eam
1355 4595 1417 4633 se
1434 4586 1881 4636 coarctationem
1900 4588 2137 4649 spiritus

530 4650 884 4727 pervenisse,
911 4663 1085 4713 quam
1114 4656 1371 4727 tempore
1395 4658 1591 4717 partus
1616 4656 1821 4708 edendi
1845 4657 1866 4686 ι’
1883 4672 1993 4709 usu
2016 4659 2136 4719 ﬁlii,

533 4723 581 4768 si
612 4723 796 4771 virtus
819 4734 938 4771 non
970 4726 1126 4773 esset
1162 4723 1221 4774 in
1257 4725 1530 4787 pariente.
1574 4728 1872 4780 sentirent.
1899 4729 2016 4780 Sub
2042 4730 2135 4781 illo

529 4801 664 4862 ergo
682 4792 1200 4862 tnstuimminentis
1216 4795 1570 4849 discriminis
1585 4800 1829 4851 Ezechia
1847 4802 2137 4862 Judaeisque

528 4860 753 4942 positis,
781 4865 840 4913 et
854 4862 948 4942 Sql
971 4864 1244 4917 nimirum
1272 4867 1576 4942 videbatur
1598 4871 1659 4921 in
1685 4872 1969 4934 tenebras,
1995 4860 2137 4923 etin

527 4936 876 5012 sanguinem
908 4936 1071 4987 Luna
1098 4940 1375 5012 converti,
1409 4946 1722 5005 antequam
1756 4942 1979 4994 veniret
2011 4944 2136 4994 dies

528 5003 760 5075 Domini
778 5018 1032 5071 magnus
1048 5012 1105 5059 et
1121 5009 1427 5073 horribilis,
1447 5013 1546 5075 qui
1562 5003 1718 5064 illam
1734 5013 1997 5066 videlicet
2011 5027 2137 5067 mo-

523 5074 641 5149 lem
657 5078 872 5129 atrocis
889 5080 1048 5130 exitii
1067 5082 1396 5138 transferret
1416 5096 1452 5135 a
1470 5074 1685 5149 populo
1701 5085 1731 5136 J
1741 5086 2065 5149 udasorum,
2082 5091 2138 5139 et

527 5146 601 5197 ad
625 5148 903 5211 Assyrios
926 5152 1120 5204 subita
1148 5154 1360 5207 virtute
1383 5146 1764 5208 converteret.
1797 5146 2138 5210 Horribilem

525 5214 706 5292 498
727 5220 968 5283 proinde
983 5224 1135 5277 diem
1154 5227 1384 5278 Domini
1400 5229 1458 5277 et
1472 5240 1753 5291 magnum
1774 5230 2020 5292 vocavit,
2034 5246 2137 5280 non

525 5290 680 5352 quod
698 5292 878 5365 tristis
894 5301 1053 5349 esset
1074 5297 1361 5362 fidelibus,
1381 5299 1482 5350 sed
1500 5290 1656 5363 quod
1679 5301 1868 5365 operis
1884 5290 2138 5363 majestate

521 5364 889 5419 reverendus.

533 5504 544 5516 .
588 5435 853 5516 Denique
886 5439 1184 5516 sequitur:
1220 5441 1405 5516 [γεγε.
1433 5439 1543 5516 32.]
1577 5442 1641 5492 Et
1663 5444 1765 5492 erit
1792 5461 1803 5493 :
1830 5446 2011 5494 omnis
2039 5446 2136 5509 qui

524 5509 854 5557 invocaverit
884 5525 1081 5559 nomen
1104 5512 1350 5573 Domini,
1370 5514 1549 5562 salvus
1572 5516 1689 5565 erit.
1717 5516 1858 5575 Quia
1882 5517 1943 5566 in
1958 5523 2136 5567 monte

526 5577 697 5642 Syon,
731 5584 780 5653 et
815 5580 878 5627 in
904 5580 1210 5633 Jerusalem
1240 5584 1341 5633 erit
1365 5584 1609 5635 saluatio.
1651 5589 1716 5638 In
1739 5587 1852 5651 illo,
1878 5588 2133 5653 inquam,

526 5654 746 5729 monte,
767 5650 1278 5729 inquomim’mum
1300 5656 1654 5729 defensionis
1674 5659 1791 5710 fere
1817 5650 1985 5723 paulo
2002 5650 2135 5713 ante

524 5721 733 5774 virium
749 5721 1124 5786 pollicebatur
1132 5726 1267 5778 attri
1275 5727 1351 5779 tio
1365 5742 1376 5778 :
1397 5728 1458 5780 in
1468 5730 1581 5795 illa,
1598 5721 1854 5796 inquam,
1869 5736 2009 5796 urbe,
2022 5747 2134 5794 quae

594 5872 612 5891 ·
636 5865 820 5942 Magis
844 5867 1092 5942 placeret
1110 5872 1434 5934 sanguinis;
1461 5886 1672 5925 sensus
1694 5887 1901 5940 nempe
1925 5880 2033 5942 est,
2053 5878 2133 5929 si-

532 5931 665 5985 dera
686 5936 747 5986 in
771 5940 1071 6004 sanguinis
1101 5931 1369 6000 naturam
1394 5931 1800 5999 convertenda.

2244 3238 2509 3286 Dominus
2530 3252 2548 3297 ;
2572 3242 2617 3284 et
2640 3237 2695 3284 in
2726 3236 2972 3293 residuis,
2999 3249 3131 3298 quos
3159 3233 3420 3281 Dominus
3442 3228 3723 3278 vocaverit.
3747 3229 3833 3277 Je-

2165 3296 2212 3370 C
2239 3307 2505 3367 rusalem,
2530 3296 2749 3369 inquit,
2786 3296 3053 3366 caelestis,
3093 3316 3227 3367 qua:
3258 3307 3345 3353 est
3381 3305 3561 3351 mater
3586 3300 3830 3363 piorum.

2240 3378 2617 3441 municipatui
2629 3378 3029 3428 adscribentur
3043 3388 3244 3427 omnes
3264 3372 3361 3437 qui
3376 3372 3447 3424 ad
3462 3371 3674 3435 gaudia
3690 3381 3832 3418 acter-

2240 3462 2316 3501 na
2331 3450 2691 3513 migrabunt:
2712 3448 2810 3511 qui
2829 3453 3021 3499 tamen
3040 3459 3243 3497 omnes
3260 3444 3470 3495 residui
3485 3443 3831 3513 nominantur,

2241 3522 2377 3584 quia
2399 3512 2564 3571 multi
2598 3524 2736 3570 sunt
2765 3520 2977 3581 vocati,
3002 3518 3170 3582 pauci
3198 3521 3389 3568 autem
3414 3513 3578 3566 electi
3601 3513 3613 3576 (
3636 3512 3828 3561 Matth.

2244 3592 2366 3656 13.).
2395 3592 2505 3644 Sed
2529 3591 2838 3643 videamus
2862 3595 2919 3641 et
2943 3591 3179 3653 reliqua.

2826 3696 3108 3761 CAPUT
3139 3695 3255 3758 III.

2226 3808 2236 3821 '
2303 3809 2465 3859 Vers.
2493 3806 2629 3860 1.-3.
2655 3834 2716 3842 -
2740 3805 2881 3864 Quia
2905 3820 3011 3853 ecce
3030 3805 3088 3852 in
3116 3803 3299 3852 diebus
3323 3801 3428 3851 illis
3451 3804 3495 3849 et
3518 3799 3578 3847 in
3604 3803 3832 3859 tempere

2240 3878 2349 3937 illo,
2389 3894 2511 3927 cum
2536 3883 2834 3927 converte-ro
2866 3876 3227 3937 captivitatem
3249 3874 3401 3923 Judae
3424 3877 3468 3918 et
3490 3868 3791 3919 Jerusalem
3820 3883 3833 3925 ;

2238 3950 2571 4013 congregabo
2597 3964 2777 3997 omnes
2802 3950 3003 4007 Gentes,
3028 3952 3073 3995 et
3098 3947 3366 3995 adducam
3392 3942 3503 4006 [AL
3542 3939 3829 4013 deducam]

2238 4037 2326 4069 eas
2350 4023 2411 4070 in
2438 4022 2627 4069 vallem
2650 4021 2915 4082 Josaphat
2933 4035 2947 4067 :
2966 4026 3007 4066 el
3026 4018 3322 4081 disceptatio
3346 4029 3467 4063 cum
3489 4013 3561 4062 eis
3583 4012 3658 4060 ibi
3672 4026 3833 4073 super

2236 4092 2436 4156 populo
2469 4107 2602 4151 meo,
2638 4096 2682 4140 el
2723 4090 3026 4139 haereditate
3051 4104 3170 4137 mea
3205 4086 3384 4144 Israel,
3418 4098 3545 4148 quos
3569 4083 3835 4156 disperse-

2239 4155 2373 4212 runt
2396 4165 2451 4211 in
2480 4162 2812 4216 nationibus,
2830 4168 2873 4210 et
2899 4168 3099 4209 terram
3123 4160 3417 4208 diviserunt
3440 4169 3633 4204 meam.
3663 4155 3833 4202 Etsu-

2237 4250 2333 4299 per
2348 4234 2613 4297 populum
2629 4249 2807 4281 meum
2826 4234 3088 4280 miserunt
3104 4237 3314 4289 sortem,
3332 4235 3375 4277 ct
3396 4230 3699 4292 posuerunt
3716 4240 3835 4289 pue-

2236 4298 2362 4355 rum
2390 4307 2444 4353 in
2470 4304 2852 4369 prostibulum,
2876 4310 2921 4351 et
2943 4303 3179 4367 puellam
3203 4301 3555 4351 vendiderunt
3578 4313 3682 4361 pro
3712 4298 3833 4344 vino

2241 4384 2296 4427 ut
2319 4378 2564 4426 biberent.
2585 4376 2911 4427 Terminato
2926 4374 3098 4437 illius,
3126 4385 3257 4437 quae
3272 4373 3331 4422 in
3355 4373 3589 4433 longum
3609 4381 3836 4437 proces-

2238 4448 2411 4511 serat[
2430 4450 2556 4498 Ant.
2572 4446 2984 4511 praecesserat],
3002 4435 3389 4506 significationis
3404 4456 3636 4499 excursu,

2238 4520 2550 4573 revertitur
2574 4518 2646 4569 ad
2675 4523 2946 4581 tempora,
2972 4517 3043 4568 de
3069 4516 3277 4579 quibus
3297 4512 3629 4566 vaticinium
3653 4511 3839 4561 fuerat

2239 4603 2502 4647 exorsus,
2523 4596 2580 4642 et
2592 4590 2929 4640 immoratur
2944 4590 3026 4639 eis
3043 4599 3174 4649 qua:
3192 4584 3515 4650 propediem
3532 4582 3723 4632 cernit
3738 4583 3842 4631 im-

2240 4662 2446 4727 plenda
2477 4675 2489 4711 :
2518 4666 2583 4711 ut
2608 4661 2699 4711 vel
2721 4672 2919 4712 eorum
2950 4658 3317 4710 attestatione
3341 4653 3841 4727 confirmetetiain

2240 4722 2465 4785 illorum
2485 4732 2677 4796 fidem,
2696 4744 2826 4795 quae
2848 4730 3017 4790 longe
3036 4734 3165 4793 post
3178 4732 3416 4780 ventura
3431 4724 3724 4796 promisit:
3756 4722 3840 4796 vel

2236 4810 2302 4859 ut
2317 4803 2588 4855 ostendat
2613 4795 2675 4854 se
2700 4816 2819 4853 non
2844 4800 3180 4865 deposuisse
3203 4799 3457 4850 studium
3474 4795 3839 4853 consulendi,

2236 4890 2336 4943 per
2358 4875 2469 4927 hoc
2491 4874 2645 4938 quod
2670 4876 2953 4938 impetum
2970 4872 3332 4924 vaticinantis
3354 4868 3705 4945 assumserit
3732 4888 3745 4925 ;
3778 4880 3841 4945 ac

2236 4940 2283 5000 si
2300 4948 2515 4999 diceret
2531 4962 2543 4997 :
2560 4947 2615 4998 Si
2631 4945 2729 4997 illa
2749 4956 2879 5008 quin
2895 4945 3029 4996 olim
3044 4948 3286 4997 ventura
3302 4946 3439 4994 sunt
3454 4940 3738 5005 temporis
3755 4940 3844 4989 sui

2234 5020 2554 5071 rationibus
2569 5018 2905 5079 invitentur,
2930 5030 3088 5068 nunc
3113 5028 3246 5067 vero
3271 5014 3421 5077 quod
3444 5014 3625 5064 instat
3648 5014 3707 5061 et
3732 5011 3842 5062 im-

2235 5091 2435 5153 minet,
2464 5102 2867 5152 exsequamur.
2896 5090 3111 5153 Nempe
3122 5089 3242 5152 jam
3266 5086 3462 5138 decem
3479 5083 3713 5146 Tribus,
3733 5085 3844 5134 As-

2237 5164 2388 5227 syrio
2407 5163 2807 5224 transferente,
2828 5160 3167 5225 migrarunt,
3179 5158 3346 5210 Judae
3363 5161 3415 5206 in
3427 5163 3610 5205 sortem
3628 5155 3843 5227 infestus

2237 5226 2549 5299 populatur
2588 5233 2899 5295 exercitus,
2933 5245 3041 5283 nec
3074 5243 3206 5295 spes
3228 5229 3344 5282 ulla
3373 5228 3599 5299 virium,
3624 5226 3841 5290 quibus

2235 5298 2606 5369 obsistamus,
2624 5305 2920 5356 remansit.
2938 5302 3235 5355 Denuncio
3251 5313 3383 5364 ergo
3400 5298 3553 5363 quod
3569 5310 3737 5350 nunc
3753 5312 3842 5357 p0-

2236 5377 2529 5429 tissimum
2554 5382 2944 5441 propugnator
2957 5379 3238 5437 occurrat,
3262 5376 3319 5426 et
3341 5371 3736 5436 captivitatem
3758 5384 3841 5429 p0-

2237 5448 2356 5512 puli
2383 5449 2492 5513 sui,
2516 5449 2683 5500 Judaa
2709 5448 2943 5511 scilicet,
2972 5460 3105 5511 quae
3123 5448 3244 5510 jam
3266 5444 3565 5498 videbatur
3588 5441 3835 5498 inhiare,

2235 5520 2502 5585 depellat,
2520 5533 2587 5571 ac
2604 5525 2735 5584 post
2751 5520 3209 5584 desperationem
3227 5516 3430 5569 salutis
3446 5515 3598 5578 ejus,
3619 5515 3836 5562 ultionis

2235 5591 2476 5657 gloriam
2501 5604 2634 5654 quae
2656 5596 2773 5643 toto
2798 5591 3117 5643 celebretur
3141 5590 3293 5662 orbe,
3320 5586 3663 5639 contribuat.
3691 5586 3834 5662 cum

2233 5654 2388 5716 enim
2402 5663 2475 5715 ad
2487 5663 2846 5715 obsidionem
2860 5661 3390 5725 Jerosolymitarum
3400 5662 3596 5722 Assyr.
3606 5672 3642 5707 a
3652 5654 3839 5706 multi-

2236 5734 2373 5787 tudo
2397 5735 2749 5796 convenerit,
2776 5735 2856 5787 ita
2878 5748 2995 5799 eos,
3014 5734 3215 5799 inquit,
3234 5732 3509 5785 faciamus
3532 5730 3835 5793 subjacere

2296 5878 2316 5908 ¹³
2337 5879 2445 5931 Sed
2470 5893 2656 5944 neque
2671 5879 2798 5933 heic
2815 5894 2917 5929 usu
2940 5879 3153 5944 placet;
3174 5878 3422 5931 fortasse
3446 5889 3616 5939 usque
3632 5870 3833 5927 rescri-

2235 5952 2488 6003 bendum
2515 5958 2623 6016 est,
2649 5955 2746 6004 aut
2786 5952 2922 6017 quid
2954 5952 3152 6003 simile.
