3894 6440
104 429 253 486 1033

1311 441 1383 491 ΙΝ
1418 440 1589 492 JOEL
1625 441 2209 497 COMMENTARIUS.

3272 447 3411 502 1054

100 552 403 629 vindictae,
420 558 615 629 utnon
635 556 910 629 tamenad
928 557 1139 609 bellum
1152 560 1438 621 concitati,
1454 571 1623 622 quam
1638 560 1710 611 ad
1735 556 1789 629 Α
1820 555 2215 629 mension‘ibus
2235 557 2631 620 possederunt.
2650 558 2921 623 Nunquid
2940 572 3074 623 ergo
3090 559 3282 611 rebelli
3300 559 3415 623 spi—

100 624 364 674 tribunal
390 625 691 677 videantur
706 628 962 678 exhibiti.
987 630 1124 680 Cum
1149 643 1285 691 ergo
1312 644 1536 695 coepero
1561 635 1715 681 disce-

102 695 432 758 ptationem
456 708 686 747 movere
713 698 771 748 in
790 698 996 749 vallem
1015 702 1312 765 Josaphat,
1340 706 1717 755 remunerabo

100 766 364 830 Assyriis
381 766 742 831 diversisque
760 770 1044 833 hostibus,
1066 772 1221 834 quod
1241 779 1552 839 merentur,
1581 781 1646 826 ut
1662 780 1720 827 et

99 849 374 910 proceres
392 839 662 891 absumat
678 841 938 891 immissa
955 844 1253 905 pernicies,
1273 850 1329 895 et
1345 845 1511 896 malis
1536 848 1717 910 capti-

104 909 311 980 vitatis
342 922 487 971 gens
514 910 712 961 relicta
737 913 1034 975 subjaceat
1061 931 1069 961 :
1098 917 1270 977 atque
1297 917 1490 980 populi
1517 909 1628 967 mei
1652 917 1719 968 il-

107 978 225 1051 lios
240 981 339 1042 qui
361 981 419 1030 in
437 982 796 1043 servitutem,
814 988 914 1034 aut
928 978 1342 1047 turpitudinem
1362 978 1716 1051 vendiderunt,

104 1050 224 1113 ipsi
247 1064 480 1114 quoque
504 1053 793 1116 patiantur
817 1055 1046 1105 arbitria
1071 1057 1515 1109 nundinantium
1541 1076 1553 1110 :
1583 1050 1718 1117 sen-i

107 1121 377 1184 tiantque
391 1122 591 1185 quales
604 1125 864 1175 sintante
876 1128 1020 1177 actae
1038 1126 1258 1178 fructus
1270 1130 1543 1190 audaciae,
1556 1132 1720 1191 quiob

105 1191 245 1255 hoc,
282 1194 438 1255 quod
470 1206 599 1244 mea
632 1208 816 1259 nuper
843 1210 977 1247 arva
1010 1200 1382 1263 pervaserint,
1421 1201 1721 1265 patiuntur

109 1274 390 1325 agrorum
416 1278 655 1316 suorum
684 1268 1089 1319 acerbissimos
1122 1270 1419 1321 divisores.

177 1336 344 1397 Vers,
395 1335 531 1389 4.-8.
576 1364 636 1373 -
686 1338 883 1386 Verum
919 1340 1053 1402 quid
1094 1340 1237 1389 vobis
1275 1347 1319 1389 et
1352 1342 1513 1393 mihi.
1548 1342 1721 1405 Tyrus

107 1409 175 1477 et
188 1406 380 1477 Sidon,
406 1413 450 1455 et
472 1408 651 1457 omnis
676 1410 937 1457 terminus
966 1411 1380 1461 Palaestinorum
1404 1414 1428 1461 ?
1449 1413 1721 1477 Nunquid

109 1475 383 1524 ultionem
405 1492 493 1526 vos
517 1487 534 1507 ·
559 1478 782 1527 redditis
806 1480 969 1541 mihi,
997 1486 1041 1529 et
1062 1482 1394 1531 ulciscimini
1422 1499 1508 1532 vos
1531 1475 1720 1534 contra

107 1561 204 1595 me
226 1550 251 1598 .9
279 1548 393 1596 Cito
416 1548 656 1597 velociter
678 1550 907 1600 reddam
932 1553 1362 1603 vicissitudinem
1396 1555 1537 1604 vobis
1564 1571 1725 1620 super

106 1623 282 1683 caput
306 1625 555 1671 vestrum.
574 1622 874 1683 Argentum
897 1625 1043 1672 enim
1066 1640 1244 1673 meum
1271 1632 1315 1674 et
1340 1641 1541 1675 aurum
1568 1628 1724 1676 tulis-

110 1692 187 1742 tis
213 1706 227 1742 :
254 1696 299 1740 et
331 1692 709 1742 desiderabilia
737 1707 857 1743 mea
896 1700 941 1743 et
962 1696 1334 1759 pulcherrima
1374 1698 1635 1747 intulistis
1660 1700 1722 1748 in

116 1762 349 1812 delubra
372 1770 559 1815 vestra.
588 1765 656 1813 Et
677 1765 817 1829 ﬁlios
836 1767 1006 1826 Judae,
1031 1773 1077 1816 et
1105 1768 1248 1830 ﬁlios
1270 1770 1571 1819 Jerusalem
1594 1785 1709 1819 ven-

118 1834 342 1882 didistis
364 1835 494 1897 ﬁliis
520 1836 842 1896 Grecorum,
868 1844 928 1886 ut
952 1838 1103 1901 longe
1124 1840 1368 1901 faceretis
1391 1855 1474 1890 eos
1506 1842 1567 1890 de
1589 1841 1721 1904 ﬁni-

1818 626 1931 676 ritu
1955 625 2113 688 illud,
2147 628 2244 691 ait,
2284 633 2515 693 tempus
2536 630 2749 693 paratis
2775 630 2976 682 ulcisci
3002 634 3028 681 ?
3062 635 3120 682 et
3140 631 3305 694 quasi
3327 631 3417 681 in-

1817 702 1990 748 venta
2005 700 2447 762 opportunitate,
2462 706 2772 764 occupatos
2790 702 2934 753 tlnes
2952 714 3287 766 recuperare
3298 715 3417 750 con-

1817 768 2053 818 tenditis
2075 772 2100 818 ‘t
2125 769 2235 820 Sed
2261 770 2309 820 si
2326 771 2613 833 ejusmodi
2634 785 2736 823 vos
2760 772 3055 823 meditatio
3077 772 3408 834 concitavit,

1816 843 1874 889 ct
1902 839 2370 902 imbecillitatem,
2398 847 2456 893 ct
2482 844 2881 904 profanitatem
2910 848 3163 896 vestram
3190 843 3415 894 irruens

1815 909 2071 961 vindicta
2095 912 2413 963 convincet.
2438 915 2561 964 Non
2594 913 2781 965 solum
2806 914 2958 966 enim
2983 915 3126 965 nihil
3151 914 3416 965 valebitis

1816 980 1887 1032 de
1911 982 2167 1044 antiquis
2188 985 2411 1034 mutare
2435 983 2698 1049 decretis,
2721 986 2821 1036 sed
2846 988 2953 1037 sub
2977 986 3238 1048 ipsorum
3259 989 3415 1049 pote-

1816 1058 1965 1103 state
1991 1054 2227 1116 sistetis,
2247 1067 2392 1117 quos
2415 1068 2757 1119 oppressum
2779 1058 2859 1108 ire
2891 1058 3094 1109 vestris
3123 1056 3414 1120 conspira-

1815 1124 2071 1175 tionibus
2096 1124 2417 1176 mstimatis.
2445 1128 2544 1177 Per
2570 1129 2792 1191 species
2825 1134 3019 1180 autem
3050 1128 3238 1181 varias
3262 1128 3414 1178 mala

1817 1195 2167 1259 captivitatis
2185 1201 2502 1261 enumerat,
2521 1210 2652 1260 qua:
2670 1211 2770 1261 pro
2787 1200 3113 1250 nocentium
3138 1198 3412 1248 nimirum

1817 1266 2066 1317 arbitriis
2092 1266 2430 1319 inferuntur.
2457 1271 2646 1331 Atque
2663 1268 2810 1332 ideo,
2837 1282 2970 1321 cum
2991 1270 3254 1331 dixisset,
3279 1269 3414 1332 quia

1817 1348 2022 1387 aurum
2045 1342 2102 1388 et
2121 1342 2425 1401 argentum
2444 1340 2719 1392 aviditate
2744 1341 3125 1405 praedantium
3151 1340 3413 1392 sustulis-

1818 1412 1971 1469 sent,
1992 1398 2228 1472 addidit,
2246 1415 2292 1458 et
2308 1411 2685 1460 desiderabilia
2704 1398 2843 1475 mea,
2864 1418 2911 1461 et
2934 1398 3303 1475 puliherrima
3325 1412 3417 1460 in-

1819 1479 2012 1528 tulistis
2028 1480 2087 1528 in
2105 1480 2327 1530 delubra
2343 1488 2531 1543 vestra,
2556 1487 2618 1534 ut
2636 1483 2727 1534 vel
2747 1482 3023 1546 reliquam
3040 1483 3301 1535 videlicet
3317 1496 3416 1533 su-

1816 1550 2176 1615 pellectilem,
2219 1553 2314 1604 vel
2336 1553 2570 1604 monilia
2608 1554 2838 1606 diversa
2871 1555 3117 1617 signare.
3157 1555 3300 1604 Cum
3323 1553 3416 1604 his

1818 1622 1992 1673 etiam
2023 1623 2324 1675 domorum
2343 1626 2701 1676 ornamentis
2719 1626 2889 1676 etiam
2920 1626 3159 1689 pignora
3179 1624 3413 1675 misero-

1816 1706 1947 1744 rum
1974 1694 2432 1746 venumdedistis
2455 1712 2465 1743 :
2494 1696 2649 1759 quod
2672 1696 2908 1759 qualem
2931 1696 3148 1747 orbatis
3171 1694 3420 1759 parenti-

1824 1764 1935 1815 bus
1948 1771 2102 1816 creet
2115 1766 2388 1826 dolorem,
2405 1765 2567 1818 illatu
2584 1766 2730 1831 [Ant.
2743 1766 2985 1832 illatum]
3003 1765 3418 1819 vicissitudinis

1825 1835 2105 1887 sentietis.
2140 1838 2220 1887 Eo
2258 1838 2483 1901 quippe,
2524 1838 2691 1899 cujus
2718 1838 2934 1901 judicia
2970 1838 3315 1889 convulsum
3338 1837 3418 1887 ire

118 1905 222 1991 bus
245 1906 375 1987 suis.
402 1907 530 1955 Ecce
563 1922 654 1970 ego
676 1908 1125 1991 suscitaboueosde
1159 1911 1285 1972 loco,
1318 1913 1379 1960 in
1408 1927 1512 1991 quo
1536 1914 1722 1961 vendi-
1747 1916 1801 1991 B
1827 1907 2084 1991 tentatis,
2100 1907 2362 1991 vindicari
2373 1912 2708 1991 tentempus‘
2725 1909 3009 1991 adveniet,
3040 1913 3103 1991 ut
3118 1921 3235 1991 non
3254 1910 3417 1991 solum

122 1976 285 2026 distis
307 1992 416 2027 eos:
436 1982 482 2026 et
501 1984 804 2027 convertam
817 1980 1215 2031 retributionem
1234 1989 1461 2032 vestram
1484 1984 1545 2033 in
1564 1990 1725 2048 caput
1748 1976 1801 1991 ”
1824 1978 2032 2041 gaudia
2054 1978 2244 2029 Judaei
2262 1978 2615 2030 liberationis
2641 1979 2965 2042 adquirant,
2985 1980 3087 2029 sed
3108 1980 3279 2029 etiam
3295 1978 3421 2029 vin-

120 2051 378 2096 vestrum.
420 2048 486 2097 Et
518 2049 745 2098 vendam
772 2050 914 2113 ﬁlios
948 2058 1158 2113 vestros,
1198 2058 1243 2102 et
1262 2054 1407 2117 ﬁlias
1440 2060 1633 2103 vestras
1666 2056 1728 2103 in

117 2118 385 2193 manibus
424 2118 668 2193 ﬁliorum
705 2120 871 2193 Juda,
904 2127 949 2170 et
985 2124 1372 2173 venundabunt
1404 2140 1487 2173 eos
1512 2125 1725 2193 Sabaeis,

113 2190 271 2252 genti
295 2190 622 2255 longinque,
649 2192 783 2255 quia
807 2192 1073 2242 Dominus
1106 2194 1360 2258 loquutus
1382 2199 1469 2243 est.
1499 2190 1725 2248 Vicinu-

114 2272 277 2322 rum,
296 2260 508 2322 quibus
526 2262 868 2313 circumdati
884 2266 1045 2314 erant
1060 2265 1266 2325 Judaei,
1285 2265 1647 2329 iniquitatem
1672 2272 1729 2318 et

118 2330 346 2404 odium,
365 2330 456 2382 vel
472 2331 611 2383 levis
629 2345 781 2396 saepe
797 2334 1103 2398 detegebat
1122 2337 1367 2387 occasio.
1390 2340 1531 2388 Nam
1552 2335 1724 2404 500

118 2402 401 2465 quoniam
436 2404 677 2466 propriis
715 2405 938 2456 viribus
970 2407 1209 2457 Judaeos
1248 2402 1585 2471 oppugnare
1610 2402 1730 2459 non

118 2476 410 2537 poterant,
433 2476 717 2537 majorum
729 2475 989 2527 hostium
999 2478 1398 2541 jungebantur
1418 2482 1725 2541 agminibus.

118 2543 293 2605 Quod
332 2557 531 2595 eorum
555 2545 777 2598 facinus
802 2561 1032 2599 carmen
1054 2562 1367 2612 accusans,
1398 2551 1733 2600 Tabernacu-

119 2615 264 2677 lum,
304 2616 510 2678 inquit,
554 2617 933 2682 ldumaeorum,
964 2625 1008 2667 et
1042 2620 1335 2681 Ismaelilze,
1362 2622 1519 2670 Moab
1552 2628 1598 2671 et
1620 2624 1732 2685 Ag-

117 2687 341 2757 gareni,
360 2686 517 2735 Gebal
531 2693 577 2736 et
591 2689 847 2752 Ammon,
861 2696 905 2738 et
925 2692 965 2739 A
976 2691 1197 2755 malech,
1216 2698 1259 2740 et
1278 2693 1593 2757 alienigena:
1608 2709 1731 2742 cum

120 2755 501 2806 habitantibus
522 2757 738 2822 Tyrum.
756 2760 969 2808 Etenim
980 2762 1150 2809 Assur
1161 2763 1303 2809 venit
1314 2778 1437 2811 cum
1450 2755 1581 2812 illis:
1600 2764 1731 2826 facti

115 2832 255 2878 sunt
279 2828 339 2876 in
354 2830 735 2893 susceptionem
756 2831 885 2894 ﬁliis
900 2832 1033 2881 Loth
1051 2833 1216 2895 (Psal.
1244 2833 1371 2896 82.).
1399 2836 1731 2886 Secundum

120 2900 287 2951 hunc
303 2912 438 2963 ergo
455 2913 693 2963 morem,
714 2904 1087 2955 conterminae
1102 2905 1367 2955 nationes
1383 2906 1454 2955 ad
1472 2912 1732 2957 everten-

121 2971 268 3022 dam
292 2972 444 3033 Syon
461 2984 592 3021 cum
615 2973 871 3036 Assyriis
892 2975 1086 3037 copias
1109 2977 1499 3039 miscuissent,
1520 2990 1732 3029 conve-

123 3042 222 3093 nit
236 3053 336 3092 eos
357 3041 532 3092 divini
546 3055 789 3094 censura
805 3046 1107 3108 sermonis,
1123 3052 1181 3097 et
1196 3048 1361 3109 quasi
1378 3060 1642 3099 caussam
1658 3050 1730 3099 ab

118 3113 212 3164 eis
248 3112 379 3162 talis
404 3113 587 3176 poscit
599 3114 846 3177 injuriae.
866 3115 1148 3180 Deinceps
1173 3131 1306 3169 vero
1330 3119 1722 3171 convictorum

111 3188 181 3235 et
211 3184 528 3234 tacentium
571 3186 715 3248 parti
750 3187 1060 3249 respondit,
1096 3201 1169 3239 ne
1212 3189 1354 3240 forte
1390 3192 1724 3241 memoriam

111 3254 399 3318 prmteriti
420 3254 630 3306 doloris
646 3258 1055 3309 assumserint:
1085 3260 1316 3322 quando
1334 3260 1599 3312 videlicet
1620 3260 1718 3313 ﬁlii

1826 2050 1997 2101 dictae
2017 2048 2304 2114 voluptate
2326 2056 2654 2115 pascantur,
2673 2051 2926 2113 dentque
2951 2062 3170 2102 venum
3194 2055 3419 2102 vestros

1825 2119 1974 2170 illios
1999 2132 2115 2171 non
2139 2121 2344 2172 vicinis
2367 2122 2638 2185 gentibus
2661 2122 2716 2185 (a
2740 2121 2950 2184 quibus
2971 2126 3208 2185 sperent
3227 2132 3422 2171 recur-

1827 2191 1999 2255 sum),
2018 2191 2118 2243 sed
2147 2190 2373 2255 populis
2392 2191 2413 2220 δ
2436 2192 2600 2254 Saba,
2627 2203 2801 2254 quem
2825 2190 3079 2243 Gentiles
3101 2191 3279 2241 litera:
3303 2192 3423 2242 Me-

1826 2274 1965 2312 roen
1984 2267 2280 2313 vocarunt.
2302 2262 2462 2331 Quod
2482 2267 2669 2314 totum
2689 2274 2827 2313 sane
2843 2262 2931 2314 vel
2948 2262 3145 2313 statim
3163 2262 3293 2325 post
3312 2263 3422 2312 As-

1829 2335 2112 2395 syriorum
2133 2334 2375 2395 exitum,
2388 2333 2478 2385 vel
2494 2339 2626 2397 post
2644 2333 3028 2384 reversionem
3053 2333 3124 2383 de
3140 2334 3423 2393 captivitate

1827 2403 2154 2468 Babylonia,
2169 2404 2631 2456 Machabaaorum
2645 2405 2996 2467 temporibus
3009 2404 3237 2455 videtur
3250 2404 3425 2473 imple-

1830 2477 1971 2525 tum.
1991 2475 2319 2527 Notandum
2330 2481 2524 2527 autem
2535 2513 2547 2536 ,
2560 2476 2693 2538 quia
2707 2487 2822 2526 non
2836 2475 3027 2525 omnia
3038 2486 3171 2537 qum
3187 2475 3292 2521 illis
3306 2479 3425 2521 sunt

1828 2552 1993 2610 gesta
2028 2548 2405 2611 temporibus,
2434 2546 2509 2598 ad
2548 2546 2861 2611 spiritalem
2883 2545 3342 2609 intelligentiam,
3366 2544 3425 2595 id

1830 2622 1937 2677 est,
1956 2618 2431 2681 signiﬁcationem
2448 2616 3044 2680 Evangelicimuneris
3062 2614 3428 2680 probabiliter

1832 2686 1980 2755 50|
2035 2697 2053 2717 °
2098 2689 2539 2751 transferuntur,
2579 2690 2730 2739 sicut
2771 2688 2884 2739 alia
2906 2699 3038 2751 qua:
3080 2689 3249 2750 paulo
3290 2690 3424 2737 ante

1830 2760 2084 2810 diximus
2113 2759 2184 2810 de
2220 2760 2602 2810 commotione
2627 2759 2899 2816 siderum,
2925 2758 2996 2809 de
3028 2757 3428 2820 magnitudine

1832 2831 2238 2893 prodigiorum,
2257 2830 2327 2881 de
2351 2830 2633 2881 effusione
2651 2830 2963 2881 donorum:
2984 2840 3117 2892 qua“.
3140 2833 3198 2879 et
3221 2826 3332 2877 illis
3346 2827 3428 2879 vi-

1830 2901 2033 2953 delicet
2072 2902 2423 2965 temporibus
2465 2901 2852 2964 contigerunt,
2900 2903 2956 2951 et
2993 2900 3101 2950 sub
3132 2898 3428 2949 Dominica

1828 2973 2113 3036 passione,
2156 2973 2249 3025 vel
2289 2972 2489 3024 ultimo
2530 2973 2656 3036 ejus
2694 2971 2917 3022 Judicio
2942 2969 3292 3021 cumulatius
3316 2969 3425 3019 im-

1830 3044 2395 3107 pletaimplendaque
2406 3042 2736 3094 creduntur.
2751 3041 2918 3092 Haud
2931 3053 3084 3105 ergo,
3098 3043 3353 3103 inquam,
3368 3054 3426 3088 eo

1830 3113 2002 3165 modo
2026 3120 2249 3173 cuncta,
2268 3126 2398 3182 quae
2420 3114 2509 3165 his
2532 3113 2812 3177 propheta
2836 3111 3150 3174 subtexuit,
3168 3110 3241 3161 ad
3265 3109 3424 3182 spiri-

1826 3184 1997 3235 talem
2021 3181 2458 3247 intelligentiam
2475 3184 2834 3248 c0pulantur.
2862 3185 3017 3244 Quos
3041 3182 3195 3233 enim
3219 3181 3422 3244 Tyrios

1825 3267 2047 3318 quosve
2072 3256 2352 3318 Sidonios,
2376 3256 2464 3307 vel
2488 3255 2738 3318 reliquos
2768 3253 3202 3306 Palaestinorum
3226 3251 3423 3303 termi-

113 3301 298 3376 israel
338 3327 553 3387 egressi
591 3326 660 3378 de
690 3329 949 3391 IEgypto,
975 3301 1121 3380 Jesii
1142 3332 1296 3381 Nave
1321 3330 1485 3396 duce,
1515 3338 1717 3383 terram
1746 3301 1794 3377 (ἶ
1824 3301 1930 3378 rios
1952 3329 2290 3389 ambientes,
2314 3301 2523 3390 praeter
2540 3327 2857 3390 simplicem
2879 3323 3317 3396 intelligentiam
3335 3335 3427 3373 su-

114 3397 610 3460 Repromissionis
626 3398 931 3464 intrarunt,
951 3404 1009 3452 et
1036 3401 1300 3453 traditam
1318 3403 1427 3453 sibi
1452 3404 1621 3454 certis
1647 3403 1732 3455 di-

192 3530 212 3550 ·
234 3521 388 3572 Libri
411 3521 501 3573 alii
539 3535 674 3574 cum
698 3524 964 3585 Hebraeo,
989 3525 1219 3575 reddetis
1244 3526 1405 3590 mihi,
1435 3531 1479 3575 et
1503 3528 1551 3577 si
1574 3528 1733 3577 ulcis-

117 3592 343 3649 cimini,
370 3598 478 3645 etc.

192 3664 213 3693 ι’
238 3664 530 3717 Ptolemaei
559 3667 767 3717 Arabia
781 3668 1015 3720 Sabinos
1040 3667 1283 3719 collocat
1306 3670 1625 3721 Mocoretas
1646 3670 1735 3722 in-

120 3740 217 3787 ter
231 3739 292 3787 et
305 3736 580 3788 Anchitas
598 3751 773 3802 supra
795 3744 1052 3791 montem
1070 3740 1332 3792 Climaca.
1355 3742 1737 3805 Agatharchi-

116 3807 234 3859 des
261 3819 491 3870 quoque
516 3812 845 3861 Sabaeorum
867 3816 1102 3873 gentem
1138 3813 1396 3863 omnium
1420 3814 1735 3864 maximam

117 3882 320 3941 vocat,
351 3881 478 3930 κατὰ
506 3876 592 3942 τὴν
624 3882 877 3947 Ἀραϐίαν,
896 3897 993 3945 per
1014 3881 1298 3931 Arabiam.
1316 3885 1652 3935 Eustathius
1675 3885 1735 3935 in

114 3950 475 4013 Dionysium
498 3951 731 4003 eosdem
754 3957 936 4017 putat,
962 3965 1110 4015 quos
1127 3953 1217 4003 hic
1234 3954 1421 4017 Sabas,
1443 3957 1604 4012 Σάϐας
1635 3968 1737 4008 vo-

120 4023 503 4097 cata-eosque
526 4023 773 4097 proprie
815 4024 1089 4074 Arabiam
1125 4020 1427 4097 Εὐδαίμονα,
1465 4026 1737 4097 Faeticem,

119 4091 395 4144 habitare
418 4093 609 4144 tradit.
627 4094 738 4145 Sed
760 4100 959 4158 postea
974 4107 1046 4146 ex
1062 4096 1265 4145 eodem
1285 4096 1572 4159 Dionysio,
1598 4102 1657 4149 et
1674 4091 1737 4150 in

122 4162 366 4213 Perside
389 4164 634 4215 inveniri
670 4177 788 4225 eos,
819 4170 1001 4227 notat,
1031 4164 1251 4231 εὕρονται
1281 4167 1334 4217 δὲ
1368 4170 1453 4218 καὶ
1486 4172 1733 4234 Περσικοὶ.

122 4237 416 4285 Praeterea
437 4234 493 4285 in
507 4235 685 4299 India,
698 4237 1010 4305 xaijlvbmbv
1026 4238 1157 4293 ἔθνος
1172 4238 1215 4287 οἱ
1228 4239 1383 4289 Σάϐαι
1411 4240 1732 4305 εὑρίσκονται.

120 4306 390 4367 Denique
417 4305 479 4356 in
503 4296 761 4372 Thracia,
785 4296 915 4370 ἦσαν
941 4303 994 4358 δέ
1023 4310 1107 4358 καὶ
1139 4310 1269 4365 ἔθνος
1292 4296 1535 4375 Θρακιολὸν
1559 4314 1733 4366 Σάὸαι.

120 4376 235 4428 His
260 4376 410 4428 addo
427 4377 840 4443 Hieronymum
856 4380 913 4429 in
928 4379 1175 4430 eundem
1187 4379 1344 4430 hunc
1357 4380 1531 4431 Joelis
1550 4384 1733 4437 locum.

121 4446 381 4510 Sabaim,
406 4448 610 4511 inquit,
631 4464 757 4513 gens
777 4455 930 4499 trans
946 4451 1163 4499 Indiam
1181 4451 1398 4515 dicitur,
1425 4453 1609 4517 dequa
1627 4455 1737 4517 fuit

119 4525 173 4569 et
199 4519 408 4581 Regina
442 4520 605 4582 Saba,
632 4536 748 4584 quae
780 4522 938 4585 venit,
973 4526 1077 4572 etc.
1106 4522 1245 4570 Licet
1270 4523 1500 4585 quidam
1527 4526 1736 4578 Sabaeos

120 4591 171 4642 A
182 4590 335 4639 rabes
344 4592 697 4655 suspicentur.
708 4593 741 4643 J
745 4604 838 4643 am
851 4593 1042 4655 itaque
1058 4593 1207 4644 inter
1220 4593 1408 4644 varias
1420 4597 1734 4650 Auctorum

125 4661 473 4723 sententias,
493 4663 783 4714 neminem
796 4663 978 4725 vides,
993 4664 1239 4727 quicum
1264 4666 1469 4716 Nostro
1490 4667 1676 4731 faciat,
1690 4677 1736 4719 et

1831 3399 2199 3463 spicabimur,
2217 3404 2283 3450 ut
2301 3411 2398 3470 eos
2414 3398 2671 3449 ﬁdelium
2687 3398 2898 3448 liberos
2918 3394 3253 3447 vendidisse
3269 3397 3425 3454 ﬁnga-

1829 3524 2063 3576 nomine
2098 3523 2157 3573 in
2195 3522 2500 3587 Scripturis
2533 3520 2839 3573 laudatur:
2879 3520 2994 3584 illa,
3038 3519 3156 3571 sive
3192 3530 3326 3582 quae
3367 3517 3425 3569 in

1830 3595 2115 3657 Ethiopia
2137 3598 2242 3654 est,
2268 3607 2370 3658 per
2396 3594 2620 3643 Sumech
2658 3594 2929 3644 scribitur
2958 3593 3115 3654 N10,
3141 3591 3267 3642 haec
3292 3602 3426 3641 vero

1832 3668 2059 3718 Arabiae
2093 3668 2239 3717 κεκτη
2275 3678 2377 3729 per
2403 3665 2562 3716 Shin.
2594 3666 2772 3716 Probe
2795 3670 3100 3725 utramque
3124 3662 3428 3724 distinguit

1833 3739 2039 3789 Psalm.
2062 3736 2148 3799 η,
2176 3751 2232 3789 v.
2268 3736 2353 3791 16.
2384 3752 2610 3786 munera
2634 3736 2853 3800 o/ferent
2884 3750 3027 3798 reges
3052 3735 3213 3784 N301
3257 3735 3422 3788 κω,

1834 3808 2017 3858 Shaba
2040 3814 2084 3857 et
2122 3807 2296 3858 Saba:
2323 3819 2570 3870 quorum
2605 3808 2855 3871 primum
2880 3808 3115 3857 Graecus
3138 3806 3427 3866 Interpres

1835 3882 2080 3947 Ἀράϐων,
2098 3892 2170 3930 ex
2193 3892 2374 3941 eoque
2399 3878 2672 3941 Vulgatus
2697 3877 2939 3928 Arabum
2966 3876 3159 3947 vertit,
3182 3875 3427 3947 alterum

1834 3945 1995 4003 Saba.
2025 3951 2299 4001 Nimirum
2333 3950 2423 4000 hic
2449 3950 2638 4006 etiam,
2664 3950 2834 4011 cujus
2857 3957 3069 3998 caussa
3088 3945 3215 3996 haec
3240 3945 3428 3995 disse-

1832 4024 2054 4076 ruimus
2067 4021 2241 4074 Joelis
2256 4021 2415 4072 locus
2428 4033 2527 4085 per
2543 4020 2684 4070 Shin
2706 4019 2972 4070 scribitur
2994 4018 3232 4079 omnis,
3247 4020 3314 4066 ut
3324 4014 3428 4065 mi-

1832 4097 1989 4147 nime
2004 4095 2071 4145 de
2087 4094 2433 4157 Ethiopicis,
2456 4092 2556 4142 sed
2580 4092 2780 4155 utique
2796 4090 3082 4142 Arabibus
3107 4088 3324 4139 Sabaeis
3347 4087 3429 4138 in-

1836 4166 2061 4230 telligas
2087 4177 2414 4216 sermonem
2440 4176 2589 4214 esse.

1899 4249 1917 4267 °
1942 4229 2307 4299 Persequitur
2323 4232 2829 4298 Hieronymianam
2840 4229 3256 4295 expositionem
3274 4230 3428 4288 hujus

1834 4321 2063 4373 quoque
2094 4308 2202 4359 loci
2224 4318 2488 4381 carpere,
2526 4316 2700 4381 quam
2726 4301 3240 4381 Sanctuanuidem
3265 4301 3429 4381 Pater

1834 4380 2019 4444 primo
2042 4392 2115 4432 ex
2135 4380 2509 4431 Hebraeorum
2534 4377 2674 4451 ipsis
2694 4374 3100 4451 traditionibus
3121 4374 3428 4451 expressit,

1834 4442 1933 4515 qui
1958 4450 2347 4516 propheticam
2366 4448 2711 4523 sententiam
2728 4448 3024 4523 impletam
3047 4456 3166 4523 non
3183 4442 3433 4523 inten-

1835 4512 1932 4575 tur
1959 4512 2197 4586 tempore
2235 4522 2559 4586 captivitatis
2594 4520 2853 4577 Judaicx,
2896 4516 3117 4582 quando
3140 4514 3264 4563 victi
3298 4512 3432 4578 ipsi-

1832 4598 1957 4642 sunt
1980 4610 2015 4642 a
2041 4594 2320 4642 Romanis.
2356 4592 2465 4643 Sed
2488 4596 2545 4667 et
2578 4590 2743 4667 valde
2766 4600 3047 4667 congruas
3075 4587 3136 4638 in
3158 4599 3286 4667 eam
3310 4598 3431 4667 rem

1837 4665 2088 4715 rationes
2120 4665 2244 4728 ipse
2283 4663 2612 4715 subnectit:
2644 4662 2796 4726 quia,
2824 4659 3111 4722 inquiens,
3147 4663 3263 4723 post
3290 4658 3430 4707 diem

124 4714 803 4797 Meroeninterpretetur,
817 4714 942 4786 sive
961 4714 1140 4785 eiiilla
1151 4714 1547 4800 peninsuﬁlaaut
1565 4714 1735 4791 insula
1755 4714 1812 4787 D
1837 4736 2061 4785 Domini
2084 4714 2370 4797 magnum,
2395 4740 2441 4783 et
2465 4714 2776 4783 horribilem
2802 4733 2908 4781 haec
2936 4730 3129 4793 futura
3150 4730 3427 4791 dicuntur,

126 4803 441 4867 Ethiopire
484 4807 593 4856 sub
636 4808 898 4871 Egypto,
939 4807 1173 4858 Sabaeos
1205 4813 1477 4860 accersat.
1512 4812 1735 4863 Etenim

126 4879 330 4930 Meroe
344 4877 499 4941 regio
515 4890 649 4929 cum
666 4878 931 4942 ejusdem
946 4879 1197 4930 nominis
1214 4879 1439 4944 oppido,
1456 4882 1647 4934 Nilum
1664 4887 1739 4932 in-

126 4954 223 5001 ter
246 4952 307 4999 et
329 4949 671 5001 Astaboram
697 4951 905 5002 ﬂuvios
924 4951 1096 5014 jacet,
1123 4951 1280 5014 quod
1307 4953 1541 5003 Veteres
1565 4966 1632 5005 ac
1654 4968 1736 5006 re-

127 5019 422 5072 centiores
433 5020 754 5084 Geographi
767 5020 1021 5073 tradunt.
1037 5023 1343 5085 Accepisse
1356 5029 1554 5075 autem
1566 5029 1737 5075 Noster

126 5091 388 5153 videtur,
412 5104 530 5142 non
548 5092 619 5142 ab
633 5092 989 5153 Ethnicis,ut
1008 5092 1161 5143 credi
1180 5092 1319 5153 vult,
1336 5095 1733 5159 Scriptoribus,

128 5163 240 5215 sed
264 5163 370 5213 abs
391 5163 662 5226 Josepho,
688 5165 789 5227 qui
812 5164 906 5213 lib.
932 5164 1052 5226 VII,
1080 5164 1381 5229 Antiquit.,
1403 5179 1523 5230 cap.
1557 5167 1607 5231 ‘2,
1628 5171 1737 5219 Re-

126 5236 337 5301 ginam
361 5235 545 5294 Sabm,
581 5247 713 5297 qum
736 5235 809 5286 ad
834 5234 1201 5286 Salomonem
1230 5237 1407 5300 venit,
1434 5239 1737 5304 Ethiopian

128 5306 419 5371 Reginam
443 5306 625 5358 fuisse
648 5308 959 5358 arbitratus
984 5309 1092 5369 est,
1123 5312 1182 5357 et
1206 5308 1492 5373 superius,
1524 5312 1648 5363 sive
1670 5312 1737 5363 li—

130 5381 238 5430 bro
264 5379 333 5440 Il,
352 5390 473 5440 cap.
497 5376 548 5441 5,
575 5377 759 5427 urbem
783 5378 985 5428 Sabam
1008 5379 1220 5442 regiam
1235 5379 1527 5445 Ethiopiaz
1549 5387 1734 5443 vocat,

132 5462 309 5514 quam
331 5453 510 5511 postea
530 5450 809 5514 Cambyses
826 5450 1082 5501 MEROBN
1099 5450 1159 5498 de
1174 5451 1376 5499 sororis
1386 5466 1495 5501 suae
1522 5455 1739 5502 nomine

130 5520 447 5586 appellavit.
474 5522 592 5573 Nec
612 5534 748 5573 vero
770 5522 1042 5582 negarim,
1069 5522 1249 5574 fuisse
1264 5524 1437 5574 etiam
1454 5524 1513 5575 in
1526 5526 1741 5577 jEthio-

134 5594 231 5658 pia
255 5592 466 5643 Sabam
496 5597 554 5643 et
577 5593 826 5653 Sabaeos,
853 5593 956 5644 sed
987 5594 1347 5658 propositum
1374 5595 1562 5647 locum
1586 5597 1742 5660 quod

137 5667 384 5729 spectat,
409 5664 598 5715 ausim
620 5667 929 5716 Auctorem
951 5668 1216 5715 nostrum
1255 5667 1460 5717 erroris
1484 5681 1740 5730 arguere,

136 5737 397 5798 itemque
417 5733 598 5798 illum,
611 5735 950 5799 Josephum,
969 5735 1227 5800 inquam,
1244 5748 1279 5787 a
1298 5749 1413 5799 quo
1426 5738 1535 5788 sibi
1550 5739 1744 5790 fucum

138 5806 263 5859 ﬁeri
278 5820 489 5871 passus
507 5812 611 5858 est.
630 5809 704 5859 Ut
726 5808 885 5858 enim
905 5808 1187 5869 omittam,
1215 5809 1516 5873 Ethiopiae
1538 5812 1745 5863 Sabam

141 5878 381 5931 minime
413 5890 541 5929 esse
576 5877 764 5929 thuris
802 5877 1094 5929 fertilitate
1135 5878 1434 5937 celebrem,
1472 5883 1536 5931 ut
1565 5894 1635 5933 ea
1658 5888 1747 5933 est

143 5951 400 6001 maxime
415 5949 473 5999 in
484 5950 695 6002 Arabia
714 5949 898 6002 Felice
918 5961 1087 6013 prope
1100 5949 1293 6001 sinum
1308 5951 1631 6016 Arabicum,
1645 5968 1745 6014 quo

1835 4823 1951 4871 quae
1960 4807 2002 4856 Α
2011 4807 2199 4870 postoli
2216 4807 2274 4854 in
2290 4807 2586 4855 Resurrecti
2590 4821 2655 4854 on
2664 4821 2689 4854 e
2704 4804 2928 4854 Domini
2940 4804 3386 4867 interpretantur.
3395 4837 3428 4851 ..

1833 4879 2011 4941 magis
2026 4878 2088 4926 de
2102 4879 2365 4926 Romanis
2380 4883 2450 4925 est
2471 4877 2897 4939 intelligendum,
2912 4875 3056 4940 quod
3078 4874 3431 4938 Vespasianus

1834 4955 1880 4998 et
1904 4950 2048 4997 Titus
2063 4950 2242 4997 Romae
2270 4948 2479 5011 Templa
2503 4947 2666 4997 Pacis
2684 4948 2962 5010 mdiﬁcato,
2990 4960 3121 4995 vasa
3141 4944 3358 5008 Templi,
3385 4949 3432 4992 et

1834 5035 2089 5071 universa
2127 5020 2371 5068 donaria
2392 5019 2454 5067 in
2483 5018 2700 5068 delubro
2739 5019 2889 5069 illius
2927 5020 3324 5067 consecrarunt.
3363 5013 3432 5064 Et

1834 5092 2005 5157 paulo
2044 5096 2212 5154 post:
2251 5091 2362 5138 Hoc
2402 5088 2486 5137 illi
2524 5089 2749 5151 (Judaei)
2790 5089 3052 5152 referunt,
3090 5093 3150 5137 ut
3172 5087 3430 5136 ultionem

1836 5162 2139 5226 Sanguinis
2165 5160 2367 5211 Christi
2390 5164 2435 5208 et
2451 5160 2844 5210 subversionem
2866 5158 3182 5223 Jerusalem,
3206 5174 3323 5223 qua:
3338 5158 3435 5207 Dei

1827 5233 2038 5300 judicio
2064 5232 2255 5282 accidit
2278 5236 2467 5280 contra
2495 5231 2697 5295 Tyrum
2731 5237 2776 5279 et
2800 5230 3070 5294 Sydonem
3094 5244 3193 5293 per
3222 5245 3274 5279 se
3297 5228 3436 5279 acci-

1839 5308 1973 5355 disse
1989 5306 2319 5365 conﬁrment.
2336 5303 2447 5353 Nos
2456 5307 2635 5351 autem
2638 5308 2801 5365 Juxta
2817 5306 3041 5365 coeptam
3056 5302 3432 5366 tropologiam,

1849 5379 2053 5442 Tyrum
2068 5382 2113 5425 et
2129 5376 2385 5427 Sidonem
2400 5379 2449 5423 et
2463 5374 2777 5423 Patwstinos
2792 5386 2874 5421 eos
2890 5373 3319 5435 interpretemur,
3339 5373 3435 5437 qui

1839 5450 1937 5500 Dei
1956 5447 2221 5514 populum
2237 5449 2609 5509 coangustant,
2628 5449 2675 5493 et
2699 5443 2978 5514 tribulant,
2997 5448 3107 5494 etc.
3125 5444 3291 5507 Tum,
3314 5445 3435 5493 Hae-

1841 5513 2034 5572 reticus
2064 5533 2407 5585 quoscunque
2431 5516 2702 5579 deceperit,
2729 5519 2775 5563 et
2797 5529 2900 5563 sua
2918 5513 3096 5575 fecerit
3118 5514 3349 5562 adorare
3370 5515 3438 5563 si-

1840 5584 2107 5655 mulacra,
2144 5592 2283 5656 ﬁlios
2305 5589 2455 5640 Juda
2477 5593 2522 5637 et
2543 5587 2683 5650 ﬁlios
2700 5585 2998 5636 Jerusalem
3022 5584 3199 5633 vendit
3225 5585 3433 5656 Graecis,

1841 5668 1949 5717 sive
1966 5655 2277 5724 Gentilibus,
2299 5668 2344 5711 et
2367 5677 2451 5711 eos
2484 5662 2545 5710 de
2572 5657 2902 5710 Christianis
2925 5656 3183 5706 Ethnicos
3204 5655 3353 5719 facit,
3381 5661 3437 5704 ut

1843 5739 2156 5788 exterminet
2181 5737 2240 5784 de
2258 5736 2460 5798 ﬁnibus
2479 5733 2607 5793 suis,
2631 5735 2737 5783 etc.
2765 5729 2903 5781 Haec
2928 5733 3211 5792 suntquae
3236 5730 3439 5780 Noster

1843 5810 2031 5875 pergit
2052 5808 2281 5873 singula
2304 5807 2614 5871 exagitare.
2652 5805 2882 5865 Jurene,
2913 5813 2990 5853 an
3010 5800 3237 5866 injuria,
3261 5813 3439 5866 penes

1844 5885 2141 5935 Lectorcm
2166 5880 2455 5933 eruditum
2472 5876 2756 5944 judicium
2783 5877 2925 5927 esto.
