3894 6414
523 423 663 477 1055

1580 420 1844 474 RUFINO
1888 416 2345 469 PRESBYTERO
2378 418 2757 469 ASCRIPTUS

3686 418 3826 472 10δό

527 540 693 589 mus?
717 540 871 601 Quos
889 539 935 589 si
956 543 1163 597 tamen,
1178 538 1314 602 quia
1330 547 1348 567 ³
1370 536 1725 602 pellexerunt
1748 532 1819 607 ad
1842 532 1998 592 vitia,
2016 544 2117 607 ve_-
2141 535 2202 607 Α
2224 531 2819 607 destituit,etin_ipsos
2829 536 2919 607 est
2934 530 3147 607 directa
3160 534 3410 607 sententia
3421 534 3659 607 ultionis,
3676 534 3830 581 vallis

526 621 668 659 num
694 610 869 666 etiam
903 609 1202 661 tradidisse
1239 609 1526 673 ﬁngamus
1562 608 1728 670 [Ant
1772 602 2113 668 ﬁngantur],

527 679 814 742 quomodo
827 680 908 730 eis
918 680 1161 730 eandem
1172 679 1633 731 vicissitudinem
1657 673 2116 735 comminabitur,

525 755 593 802 ut
616 762 720 800 nos
745 750 1010 801 videlicet
1030 751 1442 802 mercatoribus
1470 748 1687 800 Sabaeis
1713 758 1908 797 eorum
1933 745 2120 795 denuo

530 820 677 871 ﬁlios
694 822 1102 873 contradamus
1114 825 1140 872 ‘I
1152 822 1393 873 Proinde
1410 820 1658 872 tenenda
1667 817 1762 869 illa
1773 817 2121 875 intelligentia)

530 890 744 955 regula,
762 896 827 942 ut
842 905 976 943 cum
1005 897 1199 945 tenore
1216 893 1461 956 simplici
1488 892 1755 942 instituta
1777 891 1971 939 currat
1996 898 2123 938 ora-

530 962 633 1022 tio;
646 975 746 1026 per
758 965 1334 1017 excessusinterdum
1344 962 1612 1016 vaticinio
1638 963 2037 1025 congruentes,
2057 969 2124 1008 ea

528 1033 907 1093 intersonent,
944 1048 1078 1100 quae
1113 1036 1321 1087 futuris
1355 1035 1528 1086 etiam
1561 1032 1786 1097 possint
1824 1029 2124 1082 convenire

529 1105 842 1169 mysteriis.
857 1108 961 1159 Sed
981 1112 1209 1171 peracto
1222 1120 1427 1158 rursus
1453 1105 1548 1156 ofil
1558 1106 1661 1163 cio,
1680 1102 1751 1153 ad
1765 1102 2122 1166 propositum

530 1178 621 1227 sui
634 1180 905 1241 temporis
918 1192 1008 1230 res
1032 1179 1305 1241 ducatur;
1324 1191 1389 1229 ac
1406 1191 1505 1241 per
1516 1173 2014 1237 consequentiam,
2031 1171 2123 1223 vel

528 1248 1012 1313 comminationis,
1050 1249 1141 1301 vel
1159 1247 1579 1301 exhortationis
1603 1245 1848 1296 incedat.
1876 1243 2039 1295 Unde
2068 1247 2125 1293 et

531 1319 736 1369 beatus
747 1320 777 1370 J
784 1319 891 1385 oeL
910 1325 1215 1384 postquam
1229 1321 1441 1384 impetu
1460 1315 1837 1383 prophetandi
1852 1314 2125 1366 extremis

531 1390 703 1441 etiam
728 1391 939 1442 seculis
977 1394 1237 1455 ventura,
1271 1391 1374 1442 sed
1413 1390 1679 1451 breviter,
1718 1386 2013 1445 indicavit,
2052 1385 2126 1436 ad

533 1462 805 1525 temporis
839 1464 930 1513 sui
964 1464 1244 1515 rationem
1282 1462 1602 1514 revertitur:
1644 1458 2125 1521 conterminisque

533 1530 801 1583 hostibus
824 1534 1000 1585 exitia
1024 1535 1428 1595 comminatus,
1452 1533 1636 1597 pergit
1658 1543 1727 1582 ea
1748 1529 1979 1594 gaudia,
1996 1539 2128 1591 quae

530 1603 653 1666 jam
678 1605 1009 1668 appropiare
1034 1610 1435 1670 conspexerat,
1462 1603 1765 1667 explicare,
1792 1605 1857 1652 ut
1879 1604 1937 1652 et
1961 1601 2129 1662 longe

535 1673 698 1737 postII
711 1676 972 1726 venturis
987 1676 1161 1727 ﬁdem
1178 1676 1404 1737 faciant,
1419 1686 1551 1738 quae
1568 1672 1893 1737 propediem
1911 1671 2132 1721 denun-

535 1745 649 1796 ciat
671 1747 985 1799 exibenda:
1019 1753 1077 1800 et
1096 1762 1216 1806 eos,
1243 1748 1454 1811 quibus
1480 1744 1927 1797 consolationem
1952 1745 2131 1806 parat,

534 1816 1272 1883 percipiendajucunditate
1287 1817 1609 1883 perfundat.
1631 1817 1907 1879 Pompam
1936 1818 2130 1865 autem

538 1887 835 1952 subrogat,
856 1892 921 1940 ut
944 1890 1294 1952 instituerat,
1323 1888 1690 1940 nunciandis.

600 1958 764 2010 Vers.
791 1957 962 2014 9.-12.
1002 1988 1063 1997 -
1103 1961 1341 2013 Clamate
1365 1961 1462 2009 hoc
1494 1959 1555 2008 in
1590 1958 1850 2022 gentibus,
1888 1956 2129 2017 sanctifi-

537 2032 648 2078 cate
685 2028 894 2089 bellum,
928 2032 1175 2081 suscitate
1212 2032 1469 2082 robustos.
1514 2030 1800 2092 Accedant,
1844 2026 2134 2077 ascendant

539 2113 723 2149 omnes
745 2102 852 2150 viri
874 2101 1160 2153 bellatores.
1201 2102 1473 2153 Concidite
1501 2104 1695 2151 aratra
1723 2105 1893 2149 vestra
1918 2099 1980 2146 in
2012 2096 2133 2160 gla-

540 2170 675 2233 dios,
719 2177 765 2221 et
808 2172 1010 2237 ligones
1053 2181 1251 2224 vestros
1289 2175 1353 2223 in
1394 2174 1624 2224 lanceas.
1651 2171 1915 2232 Inﬁrmus
1956 2170 2130 2218 dicat:

541 2242 683 2300 Quia
705 2242 862 2306 fortis
884 2260 977 2309 ego
1002 2260 1139 2295 sum.
1167 2246 1471 2309 Erumpite,
1493 2249 1538 2293 et
1560 2243 1731 2293 venite
1755 2256 1936 2290 omnes
1961 2245 2134 2304 gentes

540 2313 602 2362 de
624 2314 875 2376 circuitu,
902 2323 948 2365 et
962 2318 1371 2381 congregamini
1399 2334 1409 2365 :
1429 2316 1505 2365 ibi
1529 2315 1830 2365 occumbere
1848 2313 2007 2376 faciet
2026 2312 2136 2360 Do—

539 2385 726 2436 minus
750 2388 989 2438 robustos
1011 2394 1144 2441 tuos.
1166 2390 1232 2439 Et
1253 2394 1600 2451 consurgant,
1623 2392 1669 2436 et
1691 2386 1983 2435 ascendant
2006 2398 2136 2447 gen-

542 2462 612 2506 tes
636 2458 699 2507 in
717 2459 851 2508 valle
865 2460 1149 2524 Josaphat.
1169 2464 1393 2522 Quanta
1413 2459 1548 2512 belli
1565 2458 1877 2523 cupiditate
1889 2457 1961 2507 ad
1979 2467 2137 2506 ever-

544 2527 765 2581 sionem
786 2533 810 2579 J
820 2530 950 2582 udae
970 2532 1443 2596 conscenderent,
1457 2530 1705 2594 imagine
1718 2525 2135 2580 exhortationis

540 2598 737 2664 hujus,
756 2603 1080 2666 vimjudicii
1093 2602 1458 2666 continentis,
1475 2600 1777 2665 expressit.
1802 2599 2020 2662 Omnis,
2042 2596 2137 2647 in-

544 2672 685 2733 quit,
709 2673 894 2724 cultor
916 2687 1184 2738 agrorum
1208 2686 1368 2725 arma
1390 2673 1682 2737 corripuit,
1706 2672 1763 2722 in
1787 2670 2007 2735 gladios
2032 2668 2133 2719 fal-

545 2752 662 2804 ces,
679 2748 735 2794 et
749 2756 1008 2795 vomeres
1026 2746 1084 2795 in
1096 2745 1210 2809 pila
1230 2749 1546 2796 mutarunt.
1562 2742 1832 2794 Nonnulli
1852 2742 2025 2793 etiam
2049 2739 2138 2791 vel

544 2811 937 2865 imbecillitate
953 2817 1219 2880 corporis,
1246 2816 1336 2869 vel
1352 2814 1683 2880 praejudicio
1706 2812 2023 2865 senectutis
2046 2823 2139 2862 ne-

546 2884 726 2946 gociis
739 2884 953 2936 bellicis
967 2888 1309 2945 abnuentes,
1324 2891 1519 2938 tamen
1532 2890 1736 2951 sponte
1752 2885 1824 2937 ad
1837 2884 2031 2949 prmlia
2047 2896 2141 2934 cu-

545 2960 851 3008 currerunt
868 2972 879 3005 :
895 2970 1013 3021 prae
1029 2958 1397 3010 multitudine
1412 2958 1676 3009 videlicet
1691 2957 2001 3021 copiarum,
2016 2970 2139 3016 quas

547 3035 666 3081 tam
683 3028 955 3092 Assyrius
972 3030 1101 3080 belli
1122 3031 1401 3095 princeps,
1424 3030 1476 3096 5
1489 3028 1537 3097 0
1552 3028 1600 3096 2
1621 3041 1795 3092 quam
1813 3026 2015 3090 reliqui
2030 3025 2140 3076 mi-

548 3098 674 3149 nuti
696 3104 754 3150 et
778 3102 1123 3152 contermini
1153 3101 1354 3153 hostes
1380 3101 1700 3164 trahebant,
1733 3099 2057 3150 indubitata
2078 3109 2140 3147 se

549 3170 829 3233 potituros
855 3172 1095 3223 victoria
1112 3174 1505 3237 suspicantes:
1535 3174 1634 3236 qui
1657 3184 1794 3223 sane
1816 3180 2141 3235 propugna-

548 3242 688 3292 toris
718 3242 898 3293 nostri
932 3243 1284 3307 profundum
1309 3244 1619 3295 consilium
1651 3242 1673 3272 δ
1713 3242 1966 3293 noscitis.
1995 3242 2139 3291 Nam

2221 603 2348 653 haec
2359 602 2714 663 concisionis,
2725 603 2824 653 sed
2836 602 3110 665 Assyriae,
3124 602 3513 655 nominabitur
3528 621 3539 652 :
3554 604 3631 655 ad
3646 616 3830 666 quam

2216 674 2401 738 primo
2425 686 2555 725 cum
2578 674 2818 725 hostiles
2837 674 3016 738 copiae
3037 674 3441 725 convenissent
3457 678 3621 726 tanta
3643 676 3710 725 in
3735 679 3831 726 Je-

2218 744 2523 809 rosolymis
2540 745 2843 796 conclusos
2858 745 3122 796 anxietas
3139 750 3196 796 et
3212 746 3453 796 formido
3466 747 3753 810 pervasit,
3770 752 3831 797 ut

2219 816 2302 868 eis
2325 829 2513 879 neque
2536 829 2748 879 magna
2774 817 3081 881 quicquam
3107 824 3261 869 astra
3283 817 3561 869 lucerent.
3601 819 3832 868 Verum

2221 901 2353 939 cum
2378 888 2690 939 ulciscendi
2704 901 2932 952 operam
2946 889 3320 953 Omnipotens
3340 894 3749 952 propugnator
3760 904 3833 937 as-

2223 965 2490 1023 sumeret,
2525 959 2635 1012 illae
2662 961 2913 1012 tenebrae
2948 974 3093 1024 quas
3130 972 3311 1023 angor
3349 961 3526 1012 animi
3564 961 3829 1023 creabat,

2222 1032 2597 1083 barbarorum
2633 1035 2690 1083 et
2716 1032 2923 1084 animis
2956 1036 3013 1083 et
3040 1031 3220 1083 oculis
3249 1032 3578 1083 inciderunt
3605 1048 3618 1080 :
3649 1036 3832 1094 atque

2222 1103 2296 1154 ad
2316 1103 2725 1154 vindicandum
2738 1105 2893 1154 Deus
2906 1108 3102 1156 noster
3114 1108 3275 1155 tanta
3286 1105 3591 1168 majestate
3604 1103 3830 1168 prosili-

2223 1175 2325 1235 vit,
2357 1178 2422 1225 ut
2451 1186 2568 1224 non
2594 1173 2777 1225 solum
2802 1174 3109 1226 clamorem
3132 1175 3314 1226 instar
3348 1174 3695 1226 bellantium
3722 1174 3833 1225 du-

2224 1258 2376 1309 cum,
2391 1246 2493 1297 sed
2510 1247 2736 1309 rugitus
2752 1246 3034 1309 quosdam
3050 1246 3338 1299 videretur
3352 1251 3409 1297 et
3422 1246 3695 1297 fremitus
3709 1245 3835 1295 edi-

2225 1316 2398 1368 disse.
2433 1319 2685 1378 Quorum
2715 1316 2978 1368 videlicet
2996 1318 3265 1369 virtutem
3278 1322 3336 1369 et
3359 1316 3834 1380 magnitudinem

2224 1388 2380 1440 haud
2406 1389 2591 1438 solum
2616 1388 2786 1439 corda
2808 1388 3128 1452 hominum,
3172 1388 3272 1441 sed
3307 1400 3414 1439 nec
3432 1388 3558 1452 ipsa
3582 1391 3836 1451 possent

2227 1460 2510 1512 elementa
2528 1460 2793 1524 proferre.
2822 1460 2915 1510 Ait
2933 1460 3169 1523 quippe:
3189 1459 3454 1508 Dominus
3469 1459 3531 1508 de
3550 1457 3709 1522 Syon
3736 1473 3837 1505 ru-

2226 1532 2348 1596 giet,
2376 1536 2421 1579 et
2459 1532 2519 1579 de
2540 1531 2839 1580 Jerusalem
2873 1530 3020 1579 dabit
3043 1545 3215 1580 vocem
3242 1545 3400 1579 suam
3418 1546 3435 1590 ;
3460 1536 3506 1579 et
3529 1529 3828 1578 movebun-

2230 1608 2319 1651 tur
2339 1602 2448 1650 cwli
2484 1618 2544 1651 ac
2574 1608 2733 1652 terra.
2774 1603 2842 1651 Et
2873 1603 3138 1653 Dominus
3163 1617 3276 1666 spes
3296 1602 3482 1666 populi
3503 1602 3613 1663 sui,
3635 1606 3688 1650 et
3712 1601 3833 1663 for-

2231 1675 2404 1722 titudo
2421 1674 2663 1736 ﬁliorum
2688 1674 3002 1723 Jerusalem.
3023 1674 3148 1725 Fiet
3162 1687 3315 1737 ergo,
3334 1678 3399 1725 ut
3417 1674 3698 1735 diximus,
3721 1672 3835 1724 ista

2232 1745 2551 1808 conversio,
2570 1750 2635 1796 ut
2651 1746 2939 1805 tenebras,
2959 1758 3104 1807 quas
3124 1757 3487 1809 nequaquam
3508 1744 3715 1803 astris,
3731 1743 3832 1794 sed

2232 1816 2557 1868 timentium
2582 1817 2909 1880 pectoribus
2926 1816 3259 1880 insidentes,
3283 1816 3624 1868 Judworum
3640 1815 3830 1879 primo

2155 1890 2208 1962 Β
2235 1901 2389 1962 (ἔθυε,
2407 1892 2685 1962 senserat,
2708 1888 2978 1952 deinceps
2997 1889 3082 1962 ita
3096 1888 3350 1939 hostium
3372 1889 3536 1962 turba
3551 1887 3828 1962 patiatur,

2236 1963 2302 2010 ut
2336 1958 2642 2010 videantur
2674 1963 2731 2010 et
2762 1964 2918 2009 astra
2952 1959 3292 2023 nigrescere,
3329 1963 3387 2009 et
3411 1958 3701 2009 elementa
3724 1969 3830 2006 nu-

2234 2032 2371 2081 tare;
2398 2030 2555 2080 Filiis
2578 2042 2713 2093 ergo
2746 2029 2972 2081 Israelis
3006 2029 3280 2081 fortitudo
3305 2029 3617 2093 continget,
3645 2025 3827 2094 503

2233 2110 2252 2130 °
2275 2101 2568 2164 scientque
2593 2100 2746 2151 docti
2766 2114 2961 2153 rerum
2984 2101 3275 2165 periculis,
3300 2102 3434 2165 quia
3449 2102 3601 2152 Deus
3626 2112 3828 2151 eorum

2233 2172 2503 2222 dominus
2544 2172 2620 2222 sit
2652 2172 2938 2223 universae
2971 2177 3151 2234 terrai,
3185 2172 3281 2236 qui
3313 2176 3508 2222 tamen
3537 2171 3599 2221 in
3627 2174 3829 2220 monte

2235 2244 2387 2307 Syon
2425 2244 2497 2293 ob
2549 2243 2785 2294 nimiam
2827 2243 3188 2295 clementiam
3236 2243 3501 2307 dignetur
3544 2242 3826 2293 habitare.

2296 2317 2458 2365 Vers.
2494 2313 2700 2367 17.48.
2732 2343 2789 2351 —
2815 2315 2881 2364 Et
2904 2316 3003 2364 erit
3035 2315 3331 2364 Jerusalem
3357 2320 3560 2374 sancta,
3584 2319 3632 2361 et
3654 2310 3827 2360 alieni

2233 2402 2343 2434 non
2374 2385 2681 2436 transibunt
2716 2401 2810 2449 per
2839 2401 2958 2434 eam
2989 2386 3243 2447 amplius.
3272 2386 3339 2435 Et
3373 2386 3470 2433 erit
3506 2384 3566 2432 in
3597 2382 3685 2431 die
3710 2382 3825 2443 illa,

2231 2457 2511 2506 stillabunt
2534 2463 2736 2507 montes
2770 2458 3123 2520 dulcedinem,
3153 2462 3197 2506 et
3219 2457 3368 2506 colles
3399 2457 3561 2518 ﬂuent
3601 2455 3757 2516 lacte,
3778 2459 3826 2501 et

2228 2542 2327 2591 per
2342 2543 2521 2577 omnes
2550 2530 2692 2577 rivos
2720 2528 2869 2578 Juda
2894 2529 3046 2577 ibunt
3070 2544 3238 2591 aquae.
3273 2530 3485 2589 Facies,
3506 2526 3715 2589 inquit,
3743 2529 3827 2574 to-

2236 2600 2351 2651 tius
2375 2600 2624 2664 regionis
2645 2600 2715 2651 de
2742 2600 3003 2650 tristibus
3020 2599 3075 2649 in
3092 2599 3225 2651 laeta
3239 2599 3569 2649 mutabitur.
3588 2600 3657 2648 Et
3674 2608 3824 2658 quo-

2234 2672 2389 2722 niam
2421 2670 2702 2735 peculiare
2718 2674 2932 2723 nostrae
2948 2672 3138 2735 gentis
3153 2672 3379 2734 insigne
3402 2674 3509 2731 est,
3533 2674 3596 2720 ut
3619 2673 3827 2719 sancta

2237 2742 2476 2804 dicatur,
2502 2755 2618 2793 non
2644 2742 2830 2794 solum
2857 2743 3176 2806 Templum,
3204 2742 3304 2793 sed
3328 2742 3498 2794 etiam
3523 2743 3642 2792 tota
3663 2739 3825 2790 urbis

2236 2812 2452 2864 muenia
2476 2813 2554 2864 ita
2576 2815 2879 2865 reverenda
2895 2813 3059 2863 faciet
3075 2813 3373 2864 admiratio
3395 2823 3821 2876 prosperorum,

2237 2889 2304 2935 ut
2319 2898 2489 2935 nemo
2507 2897 2631 2935 eam
2648 2885 2918 2949 profanus
2935 2884 3090 2935 adire
3108 2897 3273 2947 posse
3290 2883 3568 2935 credatur.
3581 2882 3824 2932 Dulcem

2237 2960 2431 3006 autem
2444 2956 2761 3006 libertatem
2781 2958 2937 3006 tanta
2953 2959 3339 3018 consequetur
3354 2956 3604 3015 ubertas,
3623 2955 3685 3003 ut
3707 2964 3826 3002 non

2240 3026 2427 3079 solum
2441 3026 2510 3078 de
2522 3027 2784 3078 alveariis
2802 3026 2864 3091 [Α
2874 3026 2907 3077 ι.
2922 3028 3152 3077 alvariis
3169 3026 3183 3090 ]
3200 3030 3299 3078 aut
3310 3025 3625 3087 arboribus,
3640 3023 3741 3074 sed
3754 3022 3824 3073 de

2238 3099 2379 3163 ipsis
2412 3098 2707 3150 montibus
2730 3099 3031 3149 videantur
3061 3098 3232 3150 mella
3260 3097 3524 3157 deﬂuere,
3561 3100 3734 3159 atque
3764 3095 3823 3145 in

2241 3171 2607 3221 fontanorum
2618 3170 2872 3219 rivorum
2890 3169 3135 3231 gratiam
3154 3174 3431 3220 torrentes
3452 3170 3639 3228 quique
3658 3173 3824 3214 muta-

2240 3242 2305 3304 ri,
2321 3246 2385 3293 ut
2409 3242 2677 3292 continue
2696 3241 2961 3292 videlicet
2976 3241 3281 3292 ﬂuentium
3294 3240 3515 3303 copiam
3525 3251 3638 3289 non
3650 3237 3821 3300 depo-

548 3325 683 3364 cum
708 3314 780 3364 ad
806 3306 1013 3365 vallem
1036 3316 1334 3379 Josaphat,
1358 3315 1416 3366 id
1440 3320 1547 3381 est,
1570 3314 1643 3366 ad
1666 3313 2022 3365 obsidionem
2044 3315 2141 3364 Je-
2167 3306 2215 3381 C
2239 3317 2399 3364 nant.
2420 3315 2581 3364 Hanc
2592 3317 2806 3375 autem,
2824 3313 3253 3375 inquit,novam
3266 3323 3543 3363 venarum
3559 3308 3820 3381 felicita-

547 3385 965 3449 rosolymorum
981 3389 1246 3451 superbo,
1262 3386 1469 3449 inquit,
1481 3400 1547 3437 ac
1565 3388 1711 3437 truci
1729 3386 1930 3450 spiritu
1952 3384 2141 3435 omnis

549 3460 742 3508 vestra
765 3460 1098 3508 convenerit
1114 3458 1441 3518 multitudo,
1456 3462 1594 3508 tunc
1610 3458 1669 3508 in
1690 3470 1795 3508 vos
1813 3456 1998 3520 capiet
2013 3468 2141 3506 ver-

550 3539 746 3578 suram
765 3528 927 3591 justa
949 3529 1246 3591 pernicies.
1272 3531 1340 3579 Et
1360 3528 1632 3592 quoniam
1657 3529 1739 3578 sic
1755 3527 1815 3578 in
1834 3540 1927 3579 me
1947 3531 2143 3578 contu-

550 3597 752 3648 melias
776 3598 1088 3661 direxistis,
1106 3600 1257 3650 sicut
1275 3599 1541 3651 solebatis
1564 3600 1623 3649 in
1642 3600 1842 3650 obvios
1867 3599 1979 3649 tela
1987 3599 2143 3661 jacu-

551 3667 654 3718 lari
666 3684 678 3719 :
703 3669 835 3720 inde
858 3670 1235 3734 trepidabitis,
1248 3670 1306 3721 id
1318 3676 1427 3735 est,
1442 3671 1701 3723 sentietis
1714 3671 1976 3732 exitium,
1990 3671 2142 3721 unde

549 3741 888 3802 neutiquam
901 3741 1184 3806 suspicari
1200 3743 1435 3794 omnino
1450 3743 1739 3807 poteratis.
1757 3743 1819 3793 Id
1841 3745 1948 3803 est,
1965 3742 2143 3795 nullm

548 3810 697 3860 acies
720 3812 1063 3864 laborabunt
1082 3812 1393 3865 adversum
1414 3826 1517 3866 vos
1553 3814 1720 3878 signa
1742 3813 2010 3878 proferre,
2037 3826 2144 3865 nec

550 3881 758 3945 aliquis
790 3882 1004 3934 clamor
1041 3885 1428 3948 pugnantium
1463 3885 1830 3948 personabit:
1867 3889 2143 3936 caeterum

552 3965 751 4005 omnes
790 3968 904 4006 una
944 3962 1130 4012 nocte,
1179 3956 1420 4007 feriente
1460 3955 1699 4020 Angelo,
1739 3957 2048 4007 corruetis:
2087 3960 2145 4008 et

552 4026 717 4089 quasi
735 4027 930 4090 magni
944 4028 1609 4092 certaminisincapaces,
1621 4040 1755 4079 cum
1772 4027 2023 4090 quodam
2044 4027 2143 4079 de-

552 4102 751 4160 spectu
775 4102 949 4162 atque
966 4099 1176 4163 derisu,
1203 4104 1488 4151 nocturna
1511 4103 1687 4163 atque
1699 4099 1954 4164 jocunda
1974 4103 2146 4151 antea

550 4169 712 4232 quies
738 4175 952 4222 interno
977 4169 1245 4235 deceptos
1271 4170 1456 4222 tradet
1480 4171 1686 4235 sopori.

616 4240 1005 4296 Vers.13.-16.
1033 4269 1093 4278 --
1118 4243 1330 4306 Populi.
1351 4243 1542 4307 populi
1567 4244 1626 4291 in
1646 4243 1779 4293 valle
1794 4243 2059 4294 concision
2070 4243 2143 4295 is:

551 4313 685 4375 quia
707 4313 875 4377 juxta
898 4320 969 4361 est
989 4313 1100 4363 dies
1121 4314 1345 4363 Domini
1370 4314 1431 4363 in
1456 4313 1588 4363 valle
1616 4314 1954 4364 concwionis.
1983 4316 2074 4365 Sol
2102 4320 2150 4365 et

552 4384 711 4433 Luna
726 4384 1050 4434 obtenebrati
1066 4390 1212 4447 sunt,
1229 4390 1275 4434 et
1287 4384 1440 4434 stella»
1454 4390 1801 4435 retraxerunt
1812 4386 2147 4450 splendorem

552 4470 732 4504 suum.
760 4456 826 4504 Et
864 4457 1132 4506 Dominus
1161 4458 1224 4505 de
1263 4457 1413 4521 Syon
1445 4457 1636 4520 rugiet,
1671 4463 1716 4507 et
1751 4458 1813 4507 de
1849 4458 2146 4508 Jerusalem

551 4526 699 4575 dabit
720 4542 894 4577 vocem
916 4544 1093 4578 suam.
1121 4528 1189 4577 Et
1214 4528 1566 4578 movebuntur
1582 4529 1692 4579 cali
1712 4535 1757 4579 et
1779 4535 1940 4593 terra,
1965 4535 2010 4579 et
2033 4531 2145 4579 Do-

552 4599 737 4648 minus
785 4615 900 4663 spes
929 4599 1122 4665 populi
1158 4600 1264 4663 sui,
1299 4603 1344 4648 et
1380 4600 1641 4663 fortitudo
1684 4601 1932 4665 ﬁliorum
1960 4601 2143 4653 Israel.

556 4671 700 4733 Rite,
718 4671 922 4734 inquit,
938 4671 1218 4736 Josaphat
1235 4670 1397 4723 vallis
1422 4672 1765 4724 concisionis
1787 4674 1950 4724 locus
1974 4685 2147 4724 voca-

2241 3390 2356 3436 tem
2382 3384 2453 3435 de
2477 3384 2572 3436 illo
2592 3384 2769 3448 fonte,
2801 3384 2901 3448 qui
2918 3383 2989 3435 de
3019 3383 3228 3436 domus
3247 3383 3348 3435 Dei
3373 3380 3617 3445 erumpit
3642 3379 3659 3408 '
3682 3379 3826 3441 ady-

2242 3456 2334 3520 tis,
2353 3458 2792 3518 consequentur.
2806 3458 2945 3516 Quse
2961 3454 3157 3506 omnia
3168 3455 3364 3518 utique
3379 3452 3463 3505 vel
3474 3465 3574 3516 pro
3585 3463 3823 3514 exagge-

2242 3528 2459 3578 ratione
2475 3527 2763 3592 dicuntur,
2781 3526 2870 3579 vel
2889 3527 3043 3590 quod
3059 3526 3269 3591 populi,
3290 3528 3625 3589 recuperata
3640 3523 3818 3574 salute

2241 3598 2581 3663 gaudentes,
2595 3598 2880 3661 ejusmodi
2896 3599 3185 3661 patiantur
3194 3597 3431 3649 affectus
3458 3614 3469 3646 :
3487 3600 3553 3647 ut
3569 3595 3716 3646 sicut
3728 3607 3820 3644 su-

2242 3682 2343 3735 pra.
2364 3670 2644 3730 tristibus,
2664 3672 2721 3720 et
2740 3669 2798 3719 in
2817 3669 3019 3721 ultimo
3035 3669 3363 3720 discrimine
3380 3666 3704 3719 constitutis
3724 3665 3822 3715 ob-

2243 3741 2459 3793 scurari
2483 3746 2639 3792 astra
2673 3744 2732 3791 et
2764 3739 3051 3793 elementa
3080 3745 3324 3792 tremere
3348 3740 3717 3800 videbantur;
3743 3738 3818 3787 ita

2243 3826 2446 3864 rursus
2461 3812 2655 3877 gaudii
2675 3812 2970 3875 elfusione,
2990 3812 3322 3864 temulentis
3332 3810 3421 3863 lac
3437 3810 3695 3863 videatur
3708 3821 3822 3859 ma-

2242 3897 2380 3937 nare
2405 3884 2474 3935 de
2496 3884 2757 3947 rupibus,
2790 3884 2963 3935 mella
2984 3883 3055 3935 de
3083 3884 3399 3941 montibus,
3431 3885 3708 3933 torrentes
3732 3892 3822 3930 cu-

2245 3955 2446 4007 mulari
2470 3954 2743 4014 fontibus,
2760 3956 3047 4018 variisque
3062 3955 3299 4006 ﬂoribus
3314 3968 3433 4007 non
3449 3954 3635 4005 solum
3650 3958 3819 4018 prata.

2245 4028 2344 4079 sed
2362 4028 2535 4079 etiam
2564 4039 2707 4079 saxa
2734 4040 3006 4079 vernare:
3033 4027 3253 4079 fontem
3275 4039 3503 4091 quoque
3526 4038 3813 4090 egressum

2242 4100 2311 4151 iri
2332 4100 2402 4151 de
2414 4099 2584 4151 domo
2595 4099 2715 4164 Dei,
2734 4099 2832 4162 qui
2849 4103 3137 4149 torrentem
3161 4099 3455 4162 spinarum
3471 4097 3633 4162 riget,
3645 4096 3701 4148 id
3720 4101 3818 4157 est,

2243 4171 2385 4236 loca,
2403 4183 2535 4235 qum
2551 4174 2715 4222 erant
2732 4171 3005 4234 vepribus
3022 4174 3317 4235 occupata,
3332 4170 3499 4221 faciat
3513 4172 3821 4233 opportuna

2245 4244 2506 4303 culturis,
2539 4256 2640 4307 per
2673 4242 2730 4293 id
2768 4242 2924 4306 quod
2960 4244 3232 4294 continuo
3264 4242 3560 4305 rigationis
3582 4240 3822 4291 fomenta

2247 4314 2592 4379 suppeditet.
2608 4312 2770 4377 Capit
2781 4314 2901 4377 jam
2913 4313 3022 4365 iste
3040 4317 3369 4376 contextus,
3386 4325 3500 4376 quo
3514 4311 3820 4364 Jerusalem

2246 4387 2509 4438 faelicitas
2545 4385 2906 4450 praedicatur,
2943 4385 3117 4437 etiam
3152 4384 3421 4436 Ecclesiae
3458 4388 3821 4443 sacramenta,

2248 4470 2381 4521 quae
2425 4462 2482 4509 et
2510 4457 3009 4521 impugnationem
3043 4456 3391 4508 adversaria;
3426 4455 3743 4521 potestatis,
3773 4460 3823 4504 et

2246 4530 2585 4581 Judazorum
2608 4529 2816 4593 pariter
2838 4527 3265 4591 Gentiliumque
3297 4539 3568 4591 perpessa
3590 4532 3696 4590 est,
3730 4525 3821 4576 sed

2248 4600 2471 4651 cunctis
2484 4600 2567 4651 eis
2578 4599 2651 4651 ad
2664 4599 2929 4663 nihilum,
2942 4611 3110 4663 aqua;
3124 4599 3322 4662 instar,
3339 4598 3721 4650 dilabentibus
3733 4600 3823 4645 mi-

2254 4671 2415 4723 rabili
2445 4683 2604 4723 more
2628 4671 2936 4733 convaluit,
2954 4676 3012 4722 et
3034 4671 3107 4722 ad
3131 4670 3273 4722 ﬁnes
3308 4670 3461 4721 orbis
3487 4674 3649 4721 terra)
3669 4668 3822 4719 vinea

557 4746 647 4793 tur
674 4725 698 4789 ;’
719 4725 869 4794 sicut
897 4725 1050 4795 enim
1079 4725 1468 4807 opinabantur
1500 4744 1718 4808 hostes,
1744 4745 1873 4795 istic
1897 4748 2017 4796 erat
2042 4747 2146 4796 Ju-
2174 4725 2232 4798 D
2258 4743 2492 4795 dilatata
2506 4725 3208 4807 processit,0ppressaque
3226 4740 3508 4793 idolorum
3524 4741 3818 4802 profanitate,

554 4811 812 4866 decorum
826 4812 1019 4866 futura
1031 4814 1300 4866 concisio.
1327 4817 1543 4867 Verum
1555 4816 1689 4879 quia
1700 4828 1797 4868 eos
1811 4831 1923 4876 spes
1939 4818 2077 4878 profu
2086 4832 2147 4865 na

616 4965 635 4985 ι
660 4958 766 5008 Pro
791 4954 1138 5021 pellexerunt,
1166 4957 1395 5010 videtur
1431 4962 1602 5011 vetus
1637 4956 1832 5009 Editor
1870 4957 2148 5009 maluisse

553 5027 892 5092 pepulerunt,
912 5029 1063 5092 quod
1082 5029 1224 5081 nihil
1241 5035 1346 5082 est.
1367 5029 1614 5082 Omnino
1630 5033 1823 5079 autem
1842 5029 1995 5093 quod
2014 5042 2147 5081 mox

552 5104 675 5151 erat
697 5100 1058 5152 librariorum
1084 5101 1307 5165 vitium,
1325 5113 1399 5152 ex
1416 5112 1532 5163 quo
1548 5098 1737 5149 omnis
1755 5112 1964 5152 sensus
1982 5100 2148 5164 depe-

554 5171 754 5235 riebat,
790 5184 907 5223 non
930 5171 1235 5223 intellexit:
1263 5172 1473 5222 lectum
1499 5171 1707 5235 quippe
1731 5171 2012 5224 hactenus
2040 5176 2146 5233 est,

554 5258 747 5293 venam
769 5244 929 5293 etiam
955 5242 1239 5293 tradidisse
1266 5255 1364 5304 pro
1389 5256 1601 5303 venum,
1630 5246 1735 5293 etc.
1757 5243 1908 5306 quod
1929 5257 2037 5295 nos
2061 5257 2150 5295 re-

556 5315 873 5366 stituimus.
896 5316 1115 5366 Auctor
1130 5313 1201 5364 ad
1226 5314 1582 5378 propositum
1597 5315 1945 5366 versiculum
1969 5316 2149 5379 respi-

557 5387 654 5449 cit,
679 5386 747 5435 Et
771 5387 911 5449 ﬁlios
931 5386 1103 5447 Judae,
1130 5390 1175 5434 et
1196 5385 1336 5449 ﬁlios
1357 5386 1656 5436 Jerusalem
1679 5387 1991 5436 vendidistis
2019 5387 2150 5449 filiis

555 5458 877 5521 Graecorum,
910 5462 1002 5510 etc

620 5529 639 5557 ι’
653 5530 838 5581 Antea
847 5545 941 5578 ven
952 5530 1017 5578 tis
1032 5529 1330 5593 legebatur
1347 5544 1359 5580 :
1375 5528 1530 5592 quod
1546 5542 1619 5581 ne
1638 5530 1974 5595 typographi
1990 5543 2147 5581 men-

557 5599 695 5651 dum
711 5603 892 5665 putes,
908 5606 1077 5653 vetus
1091 5601 1283 5653 Editor
1295 5600 1579 5665 Italico,ut
1589 5607 1811 5659 vocant,
1826 5603 2150 5653 charactere

560 5670 918 5733 distinxerat,
946 5678 1002 5723 et
1017 5686 1118 5737 pro
1134 5674 1280 5723 sacri
1304 5677 1614 5724 contextus
1636 5675 1808 5726 verbo
1832 5679 2147 5735 acceperat.

621 5753 638 5771 °
676 5746 813 5795 lieic
838 5746 1072 5797 verbum
1094 5745 1377 5807 Accedant,
1398 5746 1549 5809 quod
1574 5746 1984 5808 subsequentis
2004 5746 2152 5797 simi-

560 5812 799 5872 litudine
824 5817 1142 5867 exciderat:
1162 5820 1285 5868 tum
1303 5817 1444 5870 illud
1462 5823 1651 5881 vestra,
1670 5823 1800 5881 post
1817 5824 2037 5868 aratra:
2060 5819 2153 5871 de-

560 5885 734 5946 nique
761 5886 1044 5951 Dominus,
1064 5892 1195 5951 post
1214 5888 1392 5950 faciet,
1412 5902 1543 5952 quae
1568 5895 1624 5940 et
1647 5891 1703 5940 in
1728 5891 1990 5953 Hebraeo,
2015 5897 2071 5942 et
2093 5892 2153 5942 in

556 5954 719 6007 libris
777 5957 1063 6023 plerisque
1114 5959 1384 6011 omnibus
1440 5961 1749 6024 habentur,
1801 5962 2148 6015 sull‘ceimus.

2253 4814 2566 4878 convaluit,
2591 4818 2766 4877 atque
2778 4815 2838 4866 in
2854 4813 3104 4877 quodam
3122 4813 3262 4866 solio
3282 4818 3563 4878 perceptae
3582 4810 3825 4863 domina-

2314 4958 2334 4988 ⁴¹
2359 4961 2477 5012 Aut
2500 4958 2728 5020 nescitis,
2752 4961 2852 5009 aut
2875 4958 3015 5021 quid
3038 4957 3220 5011 simile
3236 4956 3661 5011 rescribendum
3675 4954 3821 5007 vide-

2254 5035 2363 5083 tur.

2313 5111 2331 5130 ο
2356 5100 2592 5152 Adludit
2617 5099 3028 5164 subsequentis
3045 5099 3308 5152 versiculi
3334 5099 3421 5162 17,
3444 5099 3685 5164 priorem
3705 5110 3821 5162 par-

2257 5178 2401 5224 tem:
2429 5173 2495 5222 Et
2524 5172 2712 5232 scietis,
2755 5172 2891 5235 quia
2919 5187 3011 5235 ego
3036 5172 3304 5222 Dominus
3326 5173 3465 5221 Deus
3489 5175 3663 5233 vester,
3690 5169 3823 5219 habi-

2255 5250 2376 5294 tans
2412 5244 2472 5292 in
2507 5243 2642 5293 Sion
2677 5250 2855 5293 monte
2890 5249 3073 5293 sancto
3097 5258 3231 5295 meo.
3263 5245 3348 5295 Ex
3372 5255 3485 5307 quo
3509 5242 3676 5294 etiam
3710 5242 3820 5293 loco

2254 5317 2473 5367 discere
2497 5319 2604 5379 est,
2630 5327 2805 5378 quam
2820 5314 3045 5367 diversa
3067 5315 3204 5366 olim
3227 5315 3301 5367 ab
3317 5328 3400 5376 ea,
3418 5326 3549 5377 quae
3564 5326 3714 5365 nunc
3727 5313 3819 5364 ob-

2255 5388 2416 5453 tinet,
2441 5392 2598 5439 esset
2627 5399 2906 5437 versuum
2930 5387 3179 5450 partitio.

2314 5459 2330 5488 '
2371 5458 2734 5511 Correximus
2772 5459 2854 5509 ita
2891 5471 3019 5515 nos,
3050 5459 3145 5522 qui
3177 5458 3239 5507 de
3262 5458 3453 5508 domus
3490 5456 3583 5506 Dei
3607 5456 3818 5519 erumpit

2253 5532 2453 5595 adytis,
2476 5536 2894 5595 consequentur;
2926 5530 2984 5581 id
3011 5535 3116 5593 est,
3144 5529 3354 5595 populi,
3382 5530 3504 5581 sive
3526 5541 3667 5593 gens
3688 5540 3816 5583 mea,

2254 5616 2387 5668 quas
2404 5604 2579 5655 modo
2592 5602 2825 5654 laudata
2835 5605 2941 5665 est,
2962 5603 3320 5654 obtinebunt.
3338 5604 3522 5653 Antea
3534 5602 3746 5659 vitiose,
3769 5603 3817 5649 et

2252 5675 2408 5727 nullo
2435 5687 2630 5736 sensu,
2656 5675 2718 5724 de
2743 5674 2900 5723 domo
2929 5674 3024 5723 Dei
3054 5676 3306 5738 erumpit,
3333 5672 3494 5723 aditis
3520 5685 3817 5734 consequen-

2257 5752 2364 5796 tur.
2390 5745 2623 5797 Adludit
2647 5748 2860 5797 Auctor
2894 5746 3168 5809 propositi
3207 5745 3472 5797 versiculi
3498 5742 3583 5803 18,
3605 5743 3814 5795 alteram

2255 5831 2431 5883 quam
2456 5821 2607 5871 tacet
2627 5823 2865 5884 partem,
2892 5823 2939 5868 et
2961 5819 3084 5881 fons
3108 5819 3169 5867 de
3194 5819 3351 5867 domo
3374 5816 3594 5866 Domini
3612 5814 3816 5879 egredie-

2255 5897 2365 5955 tur,
2391 5897 2435 5940 et
2460 5892 2712 5955 irrigabit
2737 5897 3024 5941 torrentem
3046 5892 3354 5955 spinarum.
