3894 6410
67 342 195 443 105:7

1236 386 1307 436 IN
1344 384 1534 435 AMOS
1567 383 2144 437 COMMENTARIUS.

3189 392 3331 449 1058

62 504 227 576 tionis
246 506 490 576 augusta
512 500 788 576 dignitate
805 498 1537 576 _consedi_tz_quantumque
1566 498 1639 550 ad
1664 502 1719 576 Α
1746 499 1984 576 sitiebat
2018 499 2276 576 ulterius,
2326 501 2435 576 sed
2482 502 2747 576 ﬂumina_
2773 504 2843 576 de
2907 511 3106 558 ventre
3178 507 3331 559 illius

60 572 430 625 institutionis
488 571 614 634 ejus
660 568 889 633 regulas
940 569 1159 641 aspicit,
1220 575 1639 641 praceptorum
1664 568 1719 576 “’
1743 571 1996 621 ﬂuebant
2019 584 2186 634 aqua
2224 572 2473 623 viventis
2501 573 2680 636 (Joan.
2718 573 2809 638 7.).
2838 577 2942 626 Per
2964 577 3092 629 hac
3136 578 3331 641 itaque

62 645 355 696 sanctitate
380 641 592 695 vallata
616 646 724 703 est,
753 645 813 691 ut
837 652 1006 691 nemo
1031 639 1214 691 valeat
1236 652 1337 703 per
1358 652 1483 691 eam
1508 640 1645 691 alie-

63 730 193 779 nus,
216 716 270 766 id
290 719 397 777 est,
426 713 696 777 profanus
713 712 1172 773 criminosusque
1199 712 1459 762 transire.
1479 711 1643 773 Quid-

64 788 151 839 ni!
190 800 313 837 cum
339 798 440 850 pro
461 798 528 836 ea
553 797 613 835 se
639 784 902 833 Christus
924 782 1235 847 tradiderit,
1263 785 1329 833 ut
1350 782 1647 833 exhiberet

64 860 170 910 sibi
197 857 491 910 ecclesiam
533 870 645 904 non
677 854 953 904 habentem
994 854 1268 902 maculam
1315 858 1408 902 aut
1447 868 1647 917 rugam

64 931 267 995 (Ephes.
293 928 389 992 5.),
418 928 513 978 sed
542 939 675 990 qua
694 931 895 977 sancta
917 924 1354 976 etimmaculata
1373 926 1647 976 consiste-

60 1006 161 1052 ret.
180 1003 311 1052 Hac
324 1012 457 1062 ergo
485 998 644 1059 virgo
658 996 861 1048 aterni
876 997 1024 1059 regis
1042 996 1231 1046 dicata
1255 996 1648 1057 consortio,si-

62 1077 159 1124 cut
179 1072 236 1123 in
248 1069 518 1136 prasenti
535 1070 607 1119 ab
622 1068 894 1132 improbis
913 1068 1243 1130 quibusque
1262 1068 1541 1118 virtutum
1558 1068 1647 1117 in-

65 1143 375 1202 stitutione,
398 1142 481 1192 ita
504 1141 564 1190 in
587 1138 782 1190 futuro
808 1137 1020 1196 seculo,
1038 1138 1403 1201 pramiorum
1417 1150 1648 1201 quoque

68 1213 122 1280 5
134 1211 242 1281 04
259 1213 546 1264 falicitate
558 1210 859 1269 dirimitur,
878 1213 943 1259 ut
967 1221 1136 1260 nemo
1153 1209 1212 1259 in
1223 1208 1304 1259 eis
1318 1210 1651 1281 tabernacu-

65 1280 648 1349 lisconquiescatmisi
671 1282 766 1344 qui
780 1281 1097 1345 ingreditur
1114 1280 1238 1331 sine
1255 1280 1646 1342 macula(Psal.

65 1357 550 1421 14),operaturque
561 1352 975 1417 justitiam.Cui
998 1365 1131 1415 ergo
1148 1354 1338 1399 munici
1346 1359 1488 1411 palus
1505 1353 1649 1399 illius

65 1428 350 1479 falicitate
379 1425 723 1489 [F.felicitas]
754 1429 969 1475 aeterna
985 1422 1649 1486 contigerit,itainebria-

65 1500 220 1552 bitur
240 1499 494 1549 ubertate
517 1496 725 1547 domus
749 1495 849 1546 Dei
887 1494 1046 1555 (Psat.
1087 1493 1213 1557 55.),
1241 1499 1306 1545 ut
1340 1494 1649 1557 voluptatis

66 1575 275 1622 sancta
288 1568 538 1633 quodam
551 1570 798 1619 torrente
815 1566 1408 1629 potetur,sentiatque,
1427 1569 1649 1615 dolorem

64 1647 169 1694 aut
180 1653 482 1693 mcerorem
495 1639 702 1703 pariter
721 1638 1181 1702 aufugisse.Qua
1194 1637 1483 1689 beatitudo
1503 1638 1653 1691 sicut

63 1714 232 1779 plena
240 1711 669 1763 resurrectionis
683 1716 935 1773 tempore
951 1708 1291 1769 conferetur,
1310 1709 1389 1759 ita
1401 1714 1457 1759 et
1472 1710 1531 1759 in
1544 1710 1652 1761 hac

67 1784 189 1836 vita
212 1787 429 1848 partem
454 1783 580 1846 ejus
604 1782 917 1831 maximam
936 1779 1043 1830 sibi
1068 1779 1327 1843 Apostoli
1344 1792 1656 1843 eorumque

1743 641 2021 693 donorum
2038 642 2392 695 incrementa
2406 644 2735 707 conspicuis
2753 645 2827 696 ad
2838 649 3138 700 cumulum
3157 650 3336 701 faelici-

1743 714 1898 769 tatis,
1914 712 2185 766 vindicta
2201 713 2565 767 dulcedinem
2589 714 2906 779 pollicetur.

1808 787 1970 835 Vers.
2000 784 2082 837 19.
2127 812 2185 820 --
2217 786 2501 849 /Egyptus,
2558 786 2833 849 inquit,in
2855 789 3178 839 desolatione
3214 793 3334 853 erit,

1743 856 1979 904 Idumam
2006 856 2067 903 in
2096 856 2361 905 desertum
2392 857 2735 921 perditionis,
2753 874 2855 923 pro
2880 875 2936 909 eo
2974 861 3118 923 quod
3144 862 3336 927 inique

1746 927 1950 989 egerint
1974 928 2033 974 in.
2043 928 2182 989 ﬁlios
2197 927 2229 975 J
2236 928 2363 976 uda.
2380 928 2446 976 Et
2468 927 2814 991 e/I‘underunt
2836 932 3162 993 sanguinem
3174 933 3333 983 inno-

1747 1003 1946 1045 centem
1960 998 2022 1045 in
2039 1004 2181 1045 terra
2199 1012 2317 1047 sua.
2345 998 2637 1050 Conclusit
2661 1001 2732 1050 ad
2759 1003 3032 1065 temporis
3059 1003 3151 1053 sui
3189 1006 3335 1056 vati-

1749 1068 1963 1118 cinium
1981 1068 2255 1131 propheta
2266 1081 2608 1120 sermonem.
2627 1071 2858 1122 Etsicut
2875 1085 3051 1136 supra
3066 1074 3251 1137 Tyriis
3269 1087 3339 1128 ac

1749 1139 2016 1204 Sydoniis
2032 1139 2405 1192 denunciavit
2423 1140 2876 1193 vicissitudinem
2893 1144 3340 1198 calamitatis:ita

1748 1223 1904 1262 nunc
1930 1211 2208 1274 Egyptis,
2233 1216 2292 1262 et
2315 1211 2588 1262 Idumais
2609 1213 2682 1263 ob
2706 1213 2906 1263 eadem
2943 1215 3158 1267 scelera
3185 1229 3341 1269 com-

1749 1282 2182 1343 minatur.Quod
2210 1282 2441 1345 quidem
2456 1296 2566 1334 nos
2581 1285 2650 1334 ad
2666 1284 2934 1336 Ecclesia
2951 1287 3251 1348 negotium
3277 1299 3344 1339 ea

1749 1353 2065 1418 poterimus
2096 1353 2309 1404 ratione
2335 1354 2659 1417 transferre,
2679 1355 2728 1406 si
2744 1356 3031 1407 ldumaos
3053 1362 3109 1407 et
3131 1360 3343 1423 Egyp-

1748 1425 1876 1483 tios,
1903 1423 2162 1475 crudeles
2185 1435 2250 1475 ac
2286 1426 2620 1477 tenebrosos
2641 1426 2864 1478 animos
2886 1428 3277 1481 nominemus.

1811 1497 1973 1546 Vers.
2000 1493 2200 1547 20.421.
2221 1495 2549 1544 —EtJudaea
2576 1497 2634 1545 in
2651 1502 2912 1546 aeternum
2940 1499 3340 1565 ‘adiﬁcabitur,

1749 1572 1792 1617 et
1803 1566 2102 1615 Jerusalem
2119 1566 2178 1613 in
2189 1567 2530 1627 generatione
2544 1573 2589 1615 et
2599 1568 2993 1631 generationem
3003 1570 3091 1618 .Et
3104 1586 3234 1620 mun
3243 1571 3346 1621 da-

1750 1638 1811 1688 bo
1826 1653 1921 1686 san
1928 1638 2149 1701 guinem
2165 1652 2532 1701 eorum,quem
2547 1654 2661 1688 non
2675 1640 3143 1703 mandaveram,et
3158 1643 3343 1693 Domi-

1750 1725 1856 1758 nus
1872 1708 2291 1758 commorabitur
2302 1709 2360 1757 in
2380 1710 3249 1776 Sion.Assyriis,inquit,uliisque
3264 1731 3348 1777 po-
3411 1765 3415 1769 _

1753 1780 2026 1845 pulis,qui
2043 1792 2176 1830 cum
2198 1780 2282 1831 eis
2298 1791 2461 1832 arma
2484 1782 3109 1845 sociaverant,mirabili
3132 1786 3348 1837 ultione

67 1854 343 1942 discipuli,
365 1852 753 1942 vindicarunt.
776 1854 836 1942 ~A
856 1850 1337 1942 persecutoribus
1365 1851 1651 1932 siquidem
1679 1868 1733 1942 B
1756 1851 2187 1942 deletiszincola
2201 1852 2336 1903 Sion
2349 1852 2408 1903 in
2425 1854 2697 1942 omnibus
2713 1855 2930 1916 spebus
2947 1860 3005 1906 et
3019 1856 3349 1942 actibusau-

67 1926 366 1989 verberati,
391 1924 755 1981 latabantur,
773 1922 907 1986 quia
921 1922 1271 1972 meruissent
1286 1934 1388 1985 pro
1422 1923 1653 1974 nomine

67 2000 277 2053 Christi
301 1997 707 2051 contumeliam
734 1996 849 2060 pati
874 1995 1005 2057 (Act.
1032 1992 1120 2057 5.).
1158 1995 1240 2045 De
1262 1993 1354 2044 his
1385 2007 1517 2057 ergo
1543 1994 1657 2045 cel-

69 2072 152 2123 sis
165 2071 458 2121 montibus
480 2068 870 2127 doctrinarum
884 2065 1217 2117 salutarium
1233 2065 1499 2116 videmus
1512 2068 1660 2114 mella

68 2142 332 2194 ﬂuxisse.
355 2142 525 2191 Teste
549 2139 702 2191 enim
728 2138 1022 2203 propheta,
1048 2135 1238 2187 dulcia
1264 2140 1412 2187 sunt
1434 2137 1658 2200 piorum

68 2214 329 2265 faucibus
350 2210 575 2275 eloquia
590 2210 709 2271 Dei,
735 2221 906 2272 super
923 2207 1266 2259 suavitatem
1283 2207 1469 2258 mellis
1486 2220 1553 2259 ac
1577 2208 1661 2258 fa-

65 2286 127 2336 vi
152 2283 317 2347 (Psat.
344 2281 469 2344 18.).
496 2283 577 2332 De
591 2279 1016 2344 Apostolorum,
1041 2279 1304 2342 inquam,
1325 2280 1660 2342 pectoribus

64 2352 649 2407 viviﬁcantiamundo
663 2354 881 2402 ﬂuenta
896 2351 1180 2401 manaban
1189 2354 1288 2411 t,et
1304 2363 1374 2400 ex
1388 2351 1420 2398 d
1431 2350 1659 2414 umetis,

65 2428 130 2479 in
146 2438 277 2490 qua
296 2426 355 2489 [Α
366 2424 581 2487 nt.qua]
597 2422 1092 2484 inciderant,picta
1103 2421 1339 2471 ﬂoribus
1363 2421 1663 2484 ingravata

68 2498 330 2562 frugibus
344 2507 484 2547 arva
493 2492 1041 2555 reddebant.Quidni
1056 2496 1079 2541 Ρ
1094 2505 1226 2542 cum
1243 2492 1663 2543 abundantiam

70 2570 144 2622 de
162 2569 259 2620 illo
288 2568 443 2620 fonte
462 2567 836 2632 perciperent,
872 2578 945 2617 ex
968 2577 1082 2628 quo
1112 2564 1209 2628 qui
1244 2564 1504 2629 bibisset,
1542 2576 1663 2617 non

1756 1925 2062 1990 gebuntur,
2076 1934 2391 1987 curamque
2408 1923 2697 1986 religionis
2714 1932 3018 1978 assument
3032 1942 3208 1988 meque
3231 1931 3351 1977 ﬂent

1757 2000 2091 2061 protectore,
2124 1995 2435 2058 conspicui.
2462 1995 2624 2055 Quod
2647 1996 2798 2047 sicut
2813 2010 2884 2047 ex
2906 2002 3065 2061 parte
3082 1999 3194 2049 sub
3217 2001 3351 2051 Eze-

1760 2066 1888 2117 chia
1903 2066 2147 2129 legimus
2163 2065 2534 2128 eﬂectum,ita
2550 2067 2725 2117 etiam
2741 2068 3093 2119 cumulatius
3120 2073 3231 2121 sub
3252 2069 3353 2122 Dei

1759 2142 1815 2189 et
1830 2138 2130 2187 hominum
2146 2137 2458 2187 mediatore
2475 2138 2858 2200 pradicamus
2881 2140 3205 2203 impletum.
3224 2144 3353 2189 Mor-

1762 2214 1895 2260 tuus
1914 2212 2001 2258 est
2027 2207 2307 2270 siquidem
2327 2213 2556 2272 prOpter
2580 2208 2784 2260 delicta
2802 2215 3018 2274 nostra,
3036 2213 3353 2263 resurrexit

1760 2282 1993 2343 propter
2007 2277 2476 2340 justillcationem
2503 2284 2762 2330 nostram
2778 2281 2929 2341 (Rom
2963 2281 3053 2343 4.).
3079 2286 3145 2332 ut
3177 2283 3353 2345 justi-

1761 2350 1915 2401 ﬂcati
1946 2362 2016 2400 ex
2055 2347 2169 2399 ﬂde
2194 2360 2393 2412 pacem
2429 2349 2744 2401 habeamus
2781 2352 2853 2402 ad
2896 2351 3227 2403 Dominum:
3254 2353 3354 2416 qui

1762 2420 2101 2473 commorari
2118 2433 2179 2470 se
2203 2422 2261 2470 in
2285 2420 2474 2472 media
2490 2426 2640 2485 Syon
2659 2423 2797 2474 urbe
2813 2424 3076 2487 promisit
3093 2423 3358 2481 dicendo,

1762 2494 1890 2542 Ecce
1909 2508 1999 2556 ego
2025 2493 2289 2541 vobiscum
2311 2506 2433 2540 sum
2457 2494 2705 2543 omnibus
2739 2493 2922 2544 diebus
2946 2510 3113 2559 usque
3137 2497 3210 2545 ad
3233 2512 3359 2546 con-

1762 2565 2178 2615 summationem
2195 2564 2354 2613 seculi
2377 2564 2585 2626 (Matth.
2608 2563 2740 2630 28.).

65 2713 83 2733 ·
120 2698 444 2764 Antiquarii
471 2698 697 2750 videtur
723 2709 912 2749 errore
945 2696 1225 2761 scriptum
1256 2694 1628 2758 adiﬁcabitur,
1654 2707 1790 2748 nam
1818 2700 1876 2748 et
1900 2695 2180 2747 Hebraeus
2215 2696 2389 2756 nam,
2429 2698 2487 2746 et
2522 2694 2960 2760 Hieronymiani
2988 2696 3119 2750 libri
3153 2710 3359 2751 omnes

72 2771 431 2829 habitabitur,
455 2768 785 2834 praferunt.

78 2954 2866 2982 ωψψὲ
2931 2957 2944 2982 ε

925 3125 2501 3273 COMMENTARIUS

832 3422 980 3521 IN
1126 3421 1528 3520 AMOS
1675 3421 2626 3521 PROPHETAM.
2672 3416 2673 3419 γ

72 3794 261 3866 505
286 3791 701 3866 Explanatione
725 3789 910 3866 sancti
924 3789 1316 3866 Joe_lis,_prou_t
1337 3793 1543 3855 captus
1573 3803 1679 3866 no-
1702 3784 1754 3860 C
1777 3789 1973 3866 .loelis,
1991 3789 2424 3866 tum_si_quidem
2440 3790 2837 3866 cummaxime
2855 3790 2916 3842 in
2940 3789 3143 3866 decem
3168 3790 3378 3866 Tribu-

66 3859 318 3932 svteiadj
330 3868 545 3917 uvante
568 3864 705 3924 Deo,
724 3862 963 3926 protulit
979 3859 1261 3924 absoluta,
1280 3862 1407 3926 ipsa
1423 3862 1681 3914 muneris

70 3941 233 3994 serie
264 3948 541 3990 vocamur
569 3934 641 3986 ad
678 3934 911 3986 tertium
955 3932 1310 3996 prophetam,
1346 3933 1443 3995 qui
1480 3932 1687 3984 dicitur

69 4009 473 4074 Amos,virum
492 4019 609 4057 non
621 4004 818 4056 minus
831 4003 1058 4067 generis
1066 4002 1575 4074 humilitate,quam
1589 4005 1688 4051 vir-

71 4084 225 4137 tutis
247 4073 561 4133 eminentia
576 4076 933 4141 gloriantem.
950 4073 1130 4125 Nullis
1154 4074 1365 4138 quippe
1388 4078 1690 4137 parentum

70 4155 268 4208 fultus
281 4148 774 4215 insignibus,solis
788 4146 1008 4198 meritis
1023 4150 1087 4197 ut
1100 4146 1157 4196 in
1170 4146 1577 4209 prophetarum
1589 4158 1692 4195 nu.

76 4239 248 4280 mero
263 4224 567 4284 locaretur,
582 4219 857 4270 obtinuit:
877 4218 1305 4282 prophetarum,
1320 4216 1577 4279 inquam,
1593 4216 1691 4279 qui

74 4311 207 4352 non
234 4295 425 4348 solum
438 4291 834 4357 magisterium
846 4292 1184 4354 Synagoga,
1205 4288 1307 4340 sed
1331 4289 1504 4339 etiam
1517 4290 1692 4336 tunda-

75 4374 357 4422 mentum
381 4363 651 4416 Ecclesia
666 4361 1079 4425 prastiterunt,
1101 4364 1245 4411 teste
1257 4359 1534 4421 magistro
1553 4360 1695 4409 Gen-

77 4443 261 4503 tium,
287 4437 389 4502 qui
413 4434 679 4489 adiﬁcari
703 4433 1013 4484 Ecclesiam
1039 4444 1217 4503 super
1225 4431 1540 4482 doctrinam
1558 4441 1691 4503 apo-

80 4500 378 4564 stolorum
402 4508 925 4577 prophetarumque
948 4504 1168 4577 (Epltes.
1192 4500 1284 4565 2.),
1304 4502 1691 4577 commendat.

78 4587 245 4648 Ergo
274 4580 350 4633 ad
387 4572 546 4631 illum
581 4582 799 4629 catum
825 4572 1048 4627 siderea
1075 4575 1200 4626 luce
1222 4574 1559 4632 radiantem,
1588 4572 1701 4623 etsi

76 4653 256 4707 nullo
278 4653 485 4716 adjutu
509 4648 815 4701 clariorum
844 4648 1147 4709 natalium,
1166 4658 1391 4697 morum
1417 4649 1611 4695 tamen
1634 4648 1699 4716 ut

82 4715 380 4779 diximus.
394 4736 460 4774 ac
474 4722 650 4774 totius
668 4721 804 4773 vita
818 4724 1034 4770 sancta
1044 4719 1333 4782 profectus
1347 4721 1452 4768 est:
1467 4715 1699 4766 abunde

81 4800 249 4864 ipso,
277 4795 449 4846 etiam
471 4793 520 4845 si
544 4790 686 4843 nihil
718 4802 983 4864 sermone
1018 4789 1329 4864 docuisset,
1350 4788 1699 4864 probaturus

81 4859 203 4924 exe
213 4866 532 4931 mplo,quia
542 4864 615 4917 ad
629 4861 1042 4927 capescendam
1058 4874 1257 4913 veram
1268 4859 1578 4912 faticitatis
1590 4859 1702 4931 glo—

84 4929 482 5003 riam,wpietas
504 4935 718 4987 mentis
741 4932 1088 4996 devotioque
1114 4931 1420 4992 sufﬁceret,
1449 4929 1702 5003 quando-

88 5011 240 5077 quid
252 5002 347 5060 om
371 5008 850 5072 impedimentum
874 5004 925 5054 ei
946 5016 1053 5077 nec
1064 5007 1372 5067 paupertas
1391 5002 1574 5077 possit
1597 5013 1705 5052 nec

89 5074 438 5137 obscuritas
462 5089 810 5142 comparare.
838 5078 903 5126 Et
918 5075 1053 5139 quia
1068 5080 1351 5137 quantum
1375 5074 1585 5126 meruit
1613 5086 1709 5124 co-

91 5153 446 5222 gnovimus,
470 5149 607 5215 quid
630 5148 886 5200 docuerit
905 5146 1230 5199 audiamus.

586 5280 866 5348 CAPUT
897 5279 1253 5344 PRIMUM

166 5436 380 5492 Vers.l
392 5464 468 5486 .—
481 5434 649 5487 Verba
660 5432 942 5498 Amos,qui
951 5431 1060 5495 fuit
1071 5432 1129 5481 in
1140 5431 1504 5495 pastoralibus
1521 5430 1720 5480 Thecue

100 5514 227 5581 [ΑΙ.
267 5509 487 5573 Thecue]
513 5526 524 5557 :
552 5522 668 5581 qua
700 5506 843 5581 uidit
884 5520 1045 5581 super
1076 5502 1260 5581 Israel_
1284 5507 1343 5553 in
1368 5503 1560 5581 diebus
1589 5503 1720 5581 Ozia

96 5575 262 5649 regis
281 5584 317 5633 J
326 5582 454 5645 uda,
470 5586 515 5631 et
531 5581 592 5630 in
608 5578 791 5630 diebus
805 5577 1091 5628 Jeroboam
1103 5576 1207 5639 [itii
1223 5576 1353 5625 Joas
1370 5576 1511 5649 regis
1534 5575 1719 5639 Israel,

100 5647 246 5709 ante
275 5655 411 5705 duos
433 5668 609 5703 annos
621 5657 770 5701 terra
792 5654 1041 5714 motus,et
1058 5649 1218 5699 dixit.
1242 5647 1726 5699 Animadverten-

102 5732 267 5785 dum
297 5727 503 5794 primo,
527 5725 682 5790 quod
707 5723 908 5776 eadem
933 5726 1069 5774 sunt
1089 5719 1269 5784 hujus
1298 5724 1560 5794 tempora
1590 5732 1725 5783 qua

1732 5165 1790 5239 D

1784 3863 1914 3925 bus,
1944 3872 2076 3924 qua
2097 3858 2274 3928 506
2289 3860 2465 3912 Israel
2487 3860 2860 3926 appellantur,
2876 3863 3150 3913 servabat
3167 3861 3376 3924 impie-

1787 3939 1896 3996 tas,
1921 3936 1979 3983 et
2002 3934 2238 3985 omnino
2267 3932 2434 3995 quasi
2472 3932 2840 3983 discernendi
2866 3932 3013 3996 [Ant.
3044 3933 3375 3984 discernen-

1787 4005 1895 4067 dis]
1926 4003 2242 4054 luminibus
2266 4003 2510 4067 effossis,
2536 4003 3051 4067 tenebras,quibus
3079 4016 3143 4054 se
3172 4003 3379 4055 indue-

1788 4080 1895 4135 rat,
1918 4073 2166 4138 populus
2176 4073 2469 4138 diligebat,
2493 4074 2575 4125 ita
2597 4080 2662 4126 ut
2683 4087 2790 4126 nec
2815 4073 3167 4125 salutaribus
3192 4075 3378 4125 moni-

1790 4146 1885 4207 tis,
1910 4157 2015 4197 nec
2040 4146 2258 4196 severis
2272 4145 2607 4197 verberibus
2620 4145 2928 4208 quicquam
2941 4144 3177 4195 omnino
3200 4144 3381 4209 respi-

1793 4220 1961 4275 ceret,
2014 4216 2117 4267 sed
2160 4216 2439 4280 impietati
2478 4215 2897 4279 impudentiam
2929 4215 3289 4279 copulantes,
3317 4219 3382 4267 ut

1793 4287 1991 4351 culpas
2017 4300 2154 4339 suas
2175 4287 2383 4351 pariter
2406 4291 2461 4338 et
2475 4288 2737 4339 miserias
2747 4287 3077 4338 viderentur
3097 4286 3380 4352 amplecti.

1794 4359 1939 4421 Quia
1957 4371 2092 4423 ergo
2104 4359 2381 4410 Dominus
2392 4364 2591 4410 noster
2612 4359 2838 4410 muneri
2851 4371 2914 4409 se
2937 4358 3171 4409 ultionis
3194 4360 3386 4410 accin-

1794 4442 1959 4494 gens,
1983 4429 2237 4493 idipsum
2283 4429 2456 4481 variis
2484 4429 2935 4493 pranunciabat,
2962 4429 3151 4480 modis
3175 4429 3386 4494 quippe

1796 4513 1930 4552 cum
1943 4500 2289 4553 emendandi
2299 4502 2506 4565 potius,
2524 4511 2700 4563 quam
2715 4499 2987 4562 puniendi
2999 4504 3390 4552 commoveret

1795 4570 2055 4633 intentio,
2080 4570 2443 4635 pranunciat
2457 4582 2591 4633 qua
2608 4582 2669 4620 se
2683 4569 2910 4621 noverit
2924 4568 3390 4622 illaturum.Ante

1799 4642 1963 4706 duos,
1987 4642 2194 4707 inquit,
2207 4654 2391 4693 annos
2405 4653 2581 4705 quam
2605 4639 2903 4705 prodigiali
2918 4644 3078 4691 motu
3092 4646 3243 4693 terra
3252 4654 3394 4705 qua-

1800 4719 2034 4777 teretur,
2052 4713 2208 4777 quod
2237 4713 2451 4765 factum
2472 4724 2623 4770 esse,
2646 4714 2781 4764 licet
2802 4715 3029 4776 Regum
3051 4725 3169 4763 non
3194 4713 3398 4777 prodat

1801 4786 2056 4849 historia,
2082 4791 2276 4837 tamen
2309 4797 2417 4836 nos
2455 4784 2581 4848 ipso
2606 4784 2882 4848 propheta
2927 4796 3131 4835 sumus
3167 4790 3399 4836 auctore

1802 4857 2056 4910 contenti
2071 4872 2081 4904 :
2097 4869 2204 4908 nec
2217 4856 2549 4907 dubitamus
2568 4855 2821 4906 indicem
2832 4860 3093 4907 ventura
3107 4856 3401 4907 calamita-

1802 4930 1877 4982 tis
1892 4931 2173 4980 terrarum
2203 4928 2650 4980 commotionem
2679 4927 3400 4991 praisse.Ergoperinter-

1806 5001 1993 5067 posita
2011 5006 2334 5065 temporum
2359 5000 2577 5062 spacia,
2596 5012 2728 5062 qua
2742 4999 3057 5050 vindictam
3071 5007 3089 5026 ι
3107 4997 3291 5049 serius
3305 4998 3405 5048 dif-

1808 5074 2083 5132 ferebant,
2109 5076 2174 5123 ut
2197 5072 2266 5123 de
2278 5070 2679 5123 emendatione
2694 5072 2928 5133 cogitet,
2944 5067 3189 5133 populus
3204 5068 3407 5121 admo-

1815 5149 2006 5207 netur,
2033 5148 2091 5195 et
2116 5143 2180 5194 ﬁt
2206 5155 2413 5207 pompa
2436 5142 2685 5204 terroris,
2698 5154 2773 5192 ne
2795 5139 3005 5192 molem
3015 5142 3203 5202 ipsam
3233 5144 3408 5192 terro-

1817 5216 1894 5268 ris
1915 5215 2191 5278 incipiant
2205 5213 2467 5278 experiri.
2491 5215 2631 5274 Qua
2644 5224 2782 5264 sane
2797 5211 3147 5275 dispensatio
3170 5213 3409 5263 cumni-

1814 5287 1897 5340 hil
1920 5286 2073 5351 apud
2093 5286 2219 5339 illos
2239 5288 2558 5350 promovet,
2582 5296 2699 5335 non
2733 5284 2921 5335 solum
2954 5282 3281 5346 securitate,
3306 5284 3410 5336 sed

1817 5358 2186 5412 excusatione
2200 5357 2514 5421 privantur.
2529 5354 2957 5408 Concionatoris
2979 5358 3177 5406 autem
3204 5354 3409 5418 ipsius,

1818 5431 1916 5495 qui
1938 5429 2356 5481 revelationum
2374 5425 2771 5490 magnitudine
2783 5424 3415 5487 sublimetur,animad-

1820 5500 2095 5555 vertenda
2118 5499 2485 5551 mediocritas
2497 5501 2620 5548 est:
2645 5496 2782 5561 quia
2804 5496 2980 5548 istam
3002 5508 3120 5560 qua
3140 5496 3413 5550 inclaruit

1822 5573 2177 5639 dignitatem,
2204 5570 2457 5622 solorum
2484 5581 2615 5619 cum
2631 5572 2786 5619 esset
2807 5580 3060 5631 morum,
3094 5582 3213 5621 non
3241 5569 3412 5621 etiam

1822 5646 2115 5707 natalium,
2141 5643 2293 5693 sicut
2314 5641 2426 5699 alii,
2453 5639 2727 5704 suffragio
2763 5645 3115 5692 consecutus
3149 5642 3414 5704 (quorum

1824 5718 2084 5772 videlicet
2105 5717 2349 5779 majores
2373 5713 2434 5763 in
2455 5712 2635 5763 titulis
2652 5711 3019 5775 collocantur)
3038 5716 3229 5764 tamen
3244 5712 3418 5764 vilem
3519 5763 3531 5777 ,

104 5783 765 5867 ἐϋδηίριοωοέᾱέωἰαω
778 5783 1382 5861 prophetarum,Osea
1395 5792 1729 5845 videlicetet
1826 5802 1940 5855 qua
1969 5788 2255 5843 exercitus
2289 5790 2430 5850 erat,
2455 5795 2575 5837 non
2597 5783 2798 5836 celavit
2821 5783 3168 5838 industriam
3195 5799 3211 5835 :
3236 5784 3337 5837 sed
3360 5785 3419 5838 in

183 5952 205 5975 ι
244 5942 439 5994 Antea
468 5937 606 5989 serio
640 5933 955 6001 legebatur,
994 5945 1095 6000 pro
1130 5944 1243 5998 quo
1278 5945 1352 5982 ser
1366 5930 1451 5982 ius
1485 5928 1904 5995 rescripsimus.
