3894 6440
477 419 616 476 1059

1532 414 1798 468 RUFINO
1833 413 2294 466 PRESBYTERO
2328 412 2711 464 ASCRIPTUS

3631 408 3774 464 1060

476 534 708 585 Thecue
732 531 951 584 alendis
972 530 1275 596 pecoribus
1302 541 1527 602 semper
1564 528 1950 602 seginstitisse,
1987 526 2069 577 si-
2092 530 2144 602 Α
2230 527 2394 578 Vers.
2436 524 2571 579 3.-5.
2604 553 2663 562 —
2690 527 2862 588 Super
2896 522 3064 602 tribus
3086 522 3360 573 sceleribus
3404 522 3671 602 Damasci
3709 528 3770 587 et,

478 606 692 669 gnavit.
724 605 951 665 Thecue
989 606 1187 653 autem
1209 601 1433 653 viculus
1459 613 1591 652 esse
1615 600 1837 659 dicitur,
1866 600 1924 649 in
1954 611 2068 661 quo

482 682 777 741 pastorum
804 674 1023 725 habitet
1053 672 1378 736 multitudo,
1411 682 1427 701 ·
1453 672 1697 737 septimo
1721 682 1755 721 a
1779 670 2067 721 Bethleem

480 748 622 799 urbe
637 746 855 797 miliaro
884 750 1205 809 separatus,
1227 749 1357 808 post
1374 758 1547 807 quem
1572 749 1739 794 vasta
1752 744 1869 805 jam
1884 753 2067 804 usque

478 819 548 869 ad
567 819 859 869 Oceanum
884 816 1137 867 solitudo
1154 817 1629 880 porrigitur.Ergo
1648 816 1793 864 inter
1810 819 2067 877 pastores

477 889 600 940 loca
614 887 850 949 inculta,
870 886 973 938 sed
996 888 1185 951 pecori
1208 891 1533 951 opportuna
1554 883 1727 953 507
1761 890 2065 945 sectantes,

478 960 606 1011 ideo
631 972 693 1011 se
727 959 1038 1011 educatum
1083 971 1209 1009 esse
1245 958 1630 1021 commendat,
1660 970 1732 1007 ne
1769 955 2067 1006 occasione

473 1032 603 1082 novi
627 1030 883 1081 muneris
909 1029 1175 1081 videatur
1193 1030 1400 1092 elatus,
1426 1033 1483 1079 et
1509 1028 1580 1079 de
1602 1041 1664 1078 se
1689 1026 1899 1090 aliquid
1918 1026 2071 1077 aesti-

478 1114 636 1153 mare
649 1101 951 1152 sublatius.
968 1100 1130 1162 Quod
1144 1102 1501 1164 propositum
1518 1099 1682 1150 seriae
1700 1098 1992 1162 parcitatis
2008 1096 2068 1147 in

479 1186 753 1237 processu
791 1184 1022 1235 quoque
1077 1171 1262 1234 operis
1303 1170 1610 1235 explicavit
1660 1169 1899 1220 dicens:
1940 1168 2068 1216 Non

475 1259 625 1293 eram
648 1244 930 1307 propheta,
950 1257 1045 1291 nec
1055 1242 1204 1305 ﬁlius
1222 1243 1514 1306 praphetce,
1540 1241 1630 1291 sed
1642 1246 1988 1304 pastoreram
1999 1253 2068 1288 ex

472 1314 623 1364 rubis
657 1329 825 1379 poma
859 1314 1138 1377 decerpens
1164 1328 1176 1363 :
1208 1320 1252 1362 et
1275 1313 1396 1361 tulit
1420 1327 1503 1361 me
1528 1312 1814 1373 Dominus,
1838 1316 1886 1359 et
1920 1310 2068 1359 misit

476 1387 549 1435 ad
561 1385 863 1450 prophetan
873 1385 1024 1435 dum.
1058 1386 1196 1436 Haec
1217 1389 1413 1435 autem
1431 1384 1735 1435 modestiae
1756 1384 1941 1434 virtus
1958 1385 2065 1444 est,

478 1470 652 1521 quam
674 1462 730 1508 et
748 1456 1005 1518 gentium
1019 1458 1231 1507 Doctor
1246 1456 1515 1519 ostendit,
1549 1468 1681 1507 cum
1705 1454 1841 1505 dicit
1865 1470 1877 1503 :
1903 1455 2068 1503 Reve-

478 1529 748 1579 lationum
772 1527 1153 1591 magnitudine
1187 1542 1253 1576 ne
1286 1528 1579 1591 extollerer,
1616 1527 1775 1575 datus
1819 1531 1889 1574 est
1924 1525 2068 1572 mihi

476 1600 727 1649 stimulus
749 1601 933 1648 carnis
960 1614 1107 1661 meae,
1132 1600 1352 1661 angelus
1379 1600 1655 1659 Sathanae,
1683 1598 1779 1660 qui
1818 1611 1901 1644 me
1925 1595 2069 1644 cola-

472 1671 665 1735 phizet.
690 1671 916 1733 Propter
942 1670 1087 1733 quod
1110 1675 1187 1718 ter
1202 1671 1501 1718 Dominum
1526 1670 1731 1733 rogavi,
1761 1674 1815 1716 ut
1840 1668 2071 1715 discede-

475 1748 553 1791 ret
576 1759 611 1791 a
630 1757 730 1802 me,
748 1748 796 1790 et
817 1741 959 1790 dixit
983 1742 1127 1789 mihi
1150 1755 1162 1791 :
1191 1741 1405 1802 Sufficit
1428 1740 1719 1804 tibigratia
1744 1755 1857 1787 mea
1880 1754 1899 1799 ;
1933 1753 2065 1786 nam

479 1814 649 1863 virtus
674 1814 736 1862 in
778 1813 1101 1874 infirmitate
1121 1815 1405 1875 perﬁcitur
1431 1810 1497 1876 (‘2.
1554 1813 1674 1862 Cor.
1713 1809 1839 1873 ‘12.).
1882 1811 2069 1859 Patult

478 1896 612 1948 ergo
627 1882 1058 1949 prophetalibus
1076 1884 1291 1933 occulis
1308 1883 1464 1933 illam
1478 1888 1758 1933 terrarum
1774 1883 2069 1928 commotio-

479 1968 634 2019 nem,
659 1955 732 2007 ad
760 1954 1199 2018 significandam
1224 1954 1445 2018 imperii
1486 1953 1943 2012 convulsionem,
1966 1963 2067 2002 va-

479 2026 594 2077 lere
618 2038 633 2089 ;
667 2031 725 2077 et
748 2025 904 2076 hunc
928 2038 1055 2076 esse
1079 2029 1099 2053 δ
1119 2026 1377 2089 rugitum
1404 2024 1628 2075 Domini
1643 2023 1944 2074 irascentis
1966 2035 2071 2086 ap-

480 2096 670 2162 pellat.

542 2170 695 2219 Vers.
725 2165 779 2220 2.
808 2195 868 2203 —
893 2166 960 2215 Et
992 2167 1054 2215 de
1096 2165 1418 2231 Jerusalem,
1458 2166 1666 2230 inquit,
1709 2164 1855 2213 dabit
1896 2179 2070 2213 vocem

478 2254 654 2288 suam.
682 2238 1126 2289 lIancnimirum
1150 2251 1369 2301 vocem,
1388 2250 1518 2301 quas
1536 2240 1634 2287 irae
1650 2237 1775 2299 ejus
1798 2248 2070 2300 congrua,

480 2323 598 2361 non
624 2314 847 2361 naturae
872 2319 890 2339 °
913 2308 1299 2361 intremuisse.
1322 2312 1469 2372 Ergo
1507 2312 1793 2359 aeternum
1817 2306 2072 2371 judicem

477 2387 689 2434 tremor
700 2382 851 2433 orbis
875 2380 1179 2444 eloquitur,
1198 2382 1367 2444 cujus
1388 2387 1548 2431 tanta
1562 2378 1927 2431 vehementia
1944 2378 2070 2443 fuit,

482 2458 546 2505 ut
569 2453 764 2504 statim
789 2454 941 2504 viror
962 2451 1289 2515 graminum
1314 2451 1637 2516 disperiret,
1669 2455 1728 2501 et
1748 2462 1864 2500 non
1882 2448 2071 2500 solum

479 2523 832 2587 hominibus,
866 2522 968 2573 sed
984 2523 1156 2574 etiam
1181 2524 1459 2585 gregibus
1486 2521 1947 2573 subducerentur
1965 2520 2073 2571 ali-

476 2602 703 2647 menta:
751 2595 772 2624 ά
799 2596 1034 2659 speciosa
1063 2594 1345 2657 siquidem
1368 2601 1651 2657 pastorum
1690 2592 1824 2643 laata
1857 2603 2073 2655 pascua

477 2666 814 2723 nominavit,
842 2671 899 2717 et
921 2666 1275 2716 exsiccatum
1298 2664 1823 2715 Carmeliverticem
1844 2663 1918 2713 ad
1943 2676 2069 2713 ean-

479 2739 608 2789 dem
637 2737 814 2788 voluit
828 2737 1301 2798 signiﬁcationem
1328 2735 1536 2787 valere.
1564 2735 1854 2797 Siquidem
1873 2738 2069 2797 pasto-

480 2820 573 2859 res
599 2807 819 2859 soleant
842 2807 1080 2858 aastivas
1108 2807 1395 2870 praecipue
1419 2806 1478 2856 in
1504 2807 1814 2856 verticibus
1839 2804 2071 2855 collium

479 2891 736 2942 quaerere
761 2878 1053 2941 pastiones
1078 2895 1089 2925 :
1119 2890 1250 2940 qum
1274 2878 1466 2928 omnia
1500 2876 1596 2927 illo
1622 2879 1900 2927 terrarum
1935 2888 2072 2926 con-

479 2964 657 3002 cussu
669 2950 1029 3001 arefacienda
1045 2947 1428 3011 denuncians,
1447 2948 1714 3012 opinione
1732 2959 1961 3010 quoque
1975 2959 2071 2998 na-

479 3022 647 3074 turali
668 3021 892 3073 videtur
914 3019 1132 3083 aliquid
1144 3019 1477 3082 contigisse.
1496 3018 1755 3081 Plerique
1781 3018 1955 3077 enim,
1972 3016 2072 3081 qui

482 3105 677 3146 eorum
705 3091 916 3143 curiosi
929 3092 987 3141 in
1006 3090 1293 3154 ejusmodi
1306 3090 1551 3154 negotiis
1562 3093 1842 3138 exstiterint
1853 3091 2071 3151 opinan-

486 3169 577 3217 tur
599 3165 837 3228 probare
865 3174 1106 3214 caussas
1132 3168 1415 3213 terrarum
1438 3161 1693 3213 motibus
1732 3161 2070 3223 siccitatem,

479 3235 653 3298 idque
663 3234 942 3298 exemplis
958 3234 1196 3298 probare
1208 3238 1265 3284 et
1277 3232 1762 3297 disputationibus
1772 3234 2074 3292 persuadere

478 3311 778 3358 conantur.
798 3308 953 3367 Quas
976 3318 1132 3357 nunc
1155 3308 1351 3356 tamen
1374 3305 1534 3356 vobis
1558 3304 1833 3367 replicare
1849 3315 1966 3353 non
1981 3307 2071 3354 est

477 3389 731 3438 necesse,
748 3376 848 3427 sed
863 3374 1004 3427 illud
1027 3376 1278 3427 breviter
1310 3375 1754 3437 adnotavi,quia
1774 3375 2067 3437 geminam

476 3448 702 3513 plagam
725 3446 981 3499 intulerit
1005 3446 1247 3498 vixdum
1277 3446 1545 3497 inchoata
1569 3445 1894 3496 commotio.
1936 3446 2068 3497 Sive

475 3525 667 3571 autem
686 3518 1024 3577 siccitatem,
1049 3521 1214 3581 quasi
1240 3518 1598 3569 cOnturbatis
1615 3516 1859 3567 fontium
1883 3517 2065 3581 venis,

476 3590 680 3641 crearit
702 3602 915 3653 magna
937 3589 1265 3649 concussio,
1282 3589 1353 3639 ad
1368 3589 1684 3652 potentiam
1701 3589 2071 3653 respicitcon-

476 3661 695 3726 ditoris,
720 3663 890 3723 cujus
906 3660 1071 3711 notui
1093 3662 1379 3711 elementa
1402 3659 1767 3712 deserviunt:
1792 3660 1915 3711 sive
1931 3672 2073 3723 prae-

477 3734 712 3787 veniens
737 3731 999 3783 defectus
1030 3732 1290 3783 humoris
1325 3737 1535 3782 terram
1569 3732 1753 3795 primo
1791 3743 2069 3795 arescere,

476 3810 677 3871 postea
686 3804 857 3855 etiam
867 3803 1000 3855 fecit
1014 3803 1337 3866 intremere,
1354 3803 1548 3866 sicque
1565 3803 1938 3867 pereuntibus
1954 3818 2072 3864 pas-

479 3879 622 3940 cuis,
650 3875 926 3927 siccitatis
950 3875 1315 3926 incommoda
1344 3877 1601 3939 patuisse
1633 3889 1645 3926 :
1694 3874 2069 3927 nihilominus

477 3948 717 4002 eandem
729 3947 1043 4012 potentiam
1051 3947 1071 4011 j
1082 3947 1366 3998 udicantis
1381 3946 1656 4008 ostendit,
1671 3947 1769 4009 qui
1781 3951 1847 3997 ut
1858 3947 2069 4010 pietate

479 4022 735 4075 continet
757 4032 888 4084 quas
911 4019 1140 4083 creavit,
1156 4019 1237 4070 ita
1247 4019 1467 4082 eadem,
1487 4031 1621 4070 cum
1632 4030 1779 4082 opus
1802 4022 1910 4079 est,
1924 4017 2071 4069 indi-

478 4094 752 4160 gnatione
777 4092 1103 4143 conturbat.
1131 4091 1440 4143 Possemus
1476 4094 1673 4142 autem
1699 4103 1795 4153 per
1826 4088 2062 4154 tropolo-

478 4166 648 4231 giam,
673 4167 971 4227 pastorum
996 4162 1231 4213 nomine
1255 4173 1520 4226 proceres
1543 4174 1610 4211 ac
1629 4174 1789 4223 reges
1814 4160 2070 4212 diversa-

477 4249 606 4289 rum
618 4235 880 4300 gentium
891 4234 1173 4286 indicatos
1188 4233 1680 4297 putare,verticem
1687 4246 1797 4295 que
1809 4232 2069 4296 Carmeli,

476 4305 951 4371 eampotentiam,
967 4318 1142 4369 quam
1166 4318 1299 4356 cum
1325 4303 1587 4355 fceliciter
1610 4303 1899 4367 degerent,
1924 4303 2071 4354 obti-

476 4380 711 4438 nebant,
733 4378 1053 4443 praesertim
1076 4377 1209 4440 quia
1233 4380 1291 4427 et
1320 4376 1393 4427 ad
1435 4375 1695 4427 diversas
1717 4381 1920 4439 gentes
1944 4388 2067 4440 pro-

477 4452 667 4517 phetas
686 4450 854 4501 istius
879 4461 1071 4500 sermo
1095 4447 1362 4511 dirigitur
1385 4459 1397 4506 ;
1425 4446 1527 4498 sed
1551 4451 1608 4498 et
1646 4446 1955 4511 simplicior
1978 4450 2068 4498 est

472 4524 624 4589 prior
648 4522 976 4585 explanatio
1007 4526 1065 4572 et
1089 4518 1575 4571 accommodatior
1598 4519 1870 4582 historiis,
1899 4519 1947 4570 si
1984 4518 2068 4569 di-

474 4607 660 4648 versas
683 4594 831 4657 [Αηι.
875 4592 1127 4654 diversa]
1162 4591 1539 4643 aiﬂictionum
1563 4593 1783 4656 species
1809 4590 2063 4656 profanis

470 4666 753 4719 institisse
776 4663 1057 4715 dicantur.
1084 4662 1195 4716 Sed
1220 4663 1344 4727 jam
1367 4662 1672 4716 videamus
1713 4663 1854 4728 quid
1880 4662 2059 4715 inire-

473 4749 641 4791 mens
665 4737 816 4788 ultor
837 4735 1140 4788 exclamet.

540 4883 688 4934 'Sex
709 4877 883 4931 modo
918 4881 1190 4931 numerat
1232 4879 1357 4944 ejus
1393 4882 1565 4933 vetus
1601 4877 1789 4931 incola
1814 4878 2065 4943 regionis

476 4955 880 5017 Hieronymus.
911 4952 1032 5016 Hic,
1074 4951 1281 5017 inquit,
1318 4951 1589 5015 Propheta
1616 4951 1725 5015 fuit
1768 4950 1830 4999 de
1863 4951 2063 5016 oppido

481 5028 697 5089 Thecue,
723 5024 871 5089 quod
907 5035 1021 5076 SEX
1049 5022 1269 5073 milibus
1314 5024 1387 5072 ad
1429 5022 1801 5071 meridianam
1842 5023 2066 5087 plagam

474 5098 615 5152 abest
646 5113 683 5148 a
716 5100 907 5146 sancta
930 5095 1214 5158 Bethleem,
1246 5100 1355 5147 etc.
1380 5095 1451 5145 Et
1473 5094 1534 5145 in
1558 5094 1867 5145 Jeremiam
1900 5096 2067 5146 Com-

472 5168 750 5223 mentario
773 5167 1028 5221 secundo
1043 5180 1166 5231 cap.
1193 5167 1251 5221 6:
1274 5167 1542 5216 Theucam
1558 5165 1793 5214 viculum
1805 5166 1864 5215 in
1887 5172 2070 5217 monte

468 5244 703 5304 situm,et
713 5241 991 5291 duodecim
1002 5238 1241 5289 millibus
1252 5236 1723 5301 abJerososolymis
1732 5252 1783 5286 se
1784 5253 1857 5302 pa
1863 5243 2064 5303 ratum,

469 5314 707 5382 quotidie
734 5313 901 5364 oculis
922 5312 1212 5362 cernimus.
1228 5309 1448 5382 Quibus
1464 5308 1865 5382 indicatfuisse
1885 5310 1946 5362 in
1969 5311 2065 5363 via

467 5380 801 5451 situm,qum
812 5382 1188 5446 Jerosolymis
1200 5381 1526 5433 Hebronem
1537 5380 1889 5434 ducit.Porro
1904 5384 2058 5447 quod

467 5460 548 5512 ait
577 5459 801 5519 Noster,
818 5455 947 5504 inde
968 5469 1137 5519 usque
1159 5454 1233 5503 ad
1254 5453 1420 5504 Ocean
1432 5468 1522 5502 um
1537 5452 1901 5506 solitudinem
1929 5469 2060 5520 pro-

467 5530 646 5595 tendi,
669 5527 996 5581 accuratius
1017 5525 1198 5578 multo
1214 5525 1620 5589 Hieronymus,
1642 5540 1809 5590 usque
1823 5527 1898 5577 ad
1911 5542 2065 5577 mare

462 5601 708 5653 Rubrum
752 5600 1153 5664 Persarumque
1176 5598 1565 5662 et/Ethiopum
1602 5602 1763 5664 atque
1798 5599 2065 5649 Indorum

467 5674 723 5723 terminos
745 5670 979 5737 profert.

529 5744 552 5775 δ
581 5743 820 5795 Videtur
833 5744 889 5793 τὸ
908 5757 1011 5792 esse
1034 5741 1503 5807 expungendum.
1520 5744 1605 5794 Ex
1628 5742 1719 5794 his
1734 5745 1927 5794 autem
1939 5755 2063 5796 ver-

471 5813 691 5865 siculus
713 5812 807 5866 ille
843 5814 1043 5878 incipit
1067 5829 1079 5863 :
1103 5815 1173 5865 Et
1196 5814 1337 5865 dixit
1362 5828 1374 5864 :
1399 5815 1670 5865 Dominus
1701 5813 1763 5863 de
1798 5813 1933 5864 Sion
1962 5830 2066 5864 ru-

471 5884 593 5949 giet,
607 5888 713 5935 etc.

535 5954 827 6008 °Placeret
860 5955 1061 6021 utique
1103 5958 1310 6025 magis,
1333 5959 1402 6009 sit
1443 5959 1618 6013 verbo
1643 5957 2062 6026 subintellecto,
2108 5975 2116 5983 '

2096 1918 2149 1991 Β

2099 3334 2148 3411 C

2088 4704 2147 4780 D

2165 614 2326 662 super
2346 604 2585 660 quatuor
2608 613 2715 644 non
2734 600 3037 644 convertam
3059 611 3199 655 eum,
3227 611 3283 643 eo
3309 596 3454 659 quod
3471 597 3773 645 triturave-

2169 675 2298 716 runt
2324 669 2379 715 in
2410 670 2673 732 plaustris
2698 667 2888 729 ferreis
2907 666 3132 718 Galaad.
3170 667 3235 715 Et
3258 667 3468 715 mittam
3496 668 3682 729 ignem
3714 667 3771 714 in

2376 741 2609 789 Domum
2628 738 2846 801 Asahel,
2878 746 2921 786 et
2956 736 3224 785 devorabit
3251 737 3434 786 domos
3486 736 3771 787 Benadab.

2169 815 2233 863 Et
2257 824 2530 864 conteram
2564 816 2757 859 vectem
2782 810 3054 872 Damasci,
3086 814 3129 857 et
3157 809 3464 871 dis-perdam
3495 808 3774 857 habitato—

2166 902 2279 935 rem
2292 887 2354 935 de
2379 884 2583 948 eampis
2608 881 2941 946 [ALcampo]
2962 880 3108 943 idoli,
3135 886 3180 929 et
3217 886 3474 928 tenentem
3493 885 3775 942 sceptrum

2168 959 2229 1007 de
2253 959 2409 1007 domo
2442 953 2765 1018 voluptatis'
2798 952 3116 1012 etluxurioe,
3144 958 3188 1000 et
3221 952 3578 1014 transferetur
3596 966 3778 1015 popu-

2166 1028 2249 1077 lus
2273 1029 2440 1091 Syriae
2468 1027 2747 1091 Cyrenem,
2774 1023 2905 1071 dicit
2929 1022 3213 1071 Dominus.
3232 1022 3462 1080 Scimus,
3490 1022 3576 1073 ait
3603 1022 3775 1084 Apo-

2166 1101 2371 1162 stolus,
2408 1100 2540 1163 quia
2564 1095 2753 1144 omnia
2777 1110 2893 1158 quae
2916 1094 3000 1143 leae
3026 1093 3285 1157 loquitur,
3313 1093 3397 1143 his
3428 1094 3524 1157 qui
3562 1092 3625 1163 in
3664 1094 3777 1154 lege

2166 1176 2313 1232 sunt,
2331 1162 2572 1233 loquitur
2596 1168 2769 1229 (Rom.
2794 1165 2845 1219 3.
2884 1164 3007 1228 19.).
3033 1167 3177 1215 Cum
3207 1177 3341 1228 ergo
3387 1169 3444 1215 et
3465 1162 3776 1228 prophetis

2168 1246 2325 1295 esset
2348 1240 2722 1306 propositum,
2754 1235 2965 1287 scelera
2987 1235 3178 1300 populi
3204 1237 3312 1286 sub
3338 1235 3462 1300 lege
3500 1235 3776 1299 degentis

2166 1326 2423 1377 arguere,
2442 1316 2499 1363 et
2524 1313 2726 1361 beatus
2746 1310 2923 1359 Amos
2947 1307 3145 1357 decem
3170 1307 3453 1372 praecipue
3470 1306 3775 1357 Tribubus

2168 1376 2301 1449 qua:
2314 1383 2482 1434 Israel
2495 1379 2875 1445 appellantur,
2897 1378 3187 1429 insisteret
3203 1393 3214 1428 :
3239 1376 3666 1441 dispensatoria
3681 1383 3776 1429 ta-

2166 1448 2303 1508 men
2325 1468 2391 1506 ac
2416 1451 2748 1516 multiplicis
2765 1451 2985 1501 ratione
3009 1448 3398 1500 consiliiDeus
3423 1453 3624 1500 noster
3639 1449 3775 1500 alia-

2166 1541 2295 1579 rum
2310 1539 2536 1590 quoque
2548 1524 2809 1588 gentium
2834 1521 3030 1573 intulit
3055 1521 3424 1581 mentionem,
3441 1533 3589 1584 quas
3611 1519 3773 1584 aequi

2161 1599 2363 1664 judicii
2383 1598 2602 1649 ratione
2618 1594 2933 1658 dispungat
2951 1606 2964 1654 ;
2982 1592 3131 1643 sicut
3153 1598 3209 1644 et
3232 1591 3568 1664 Judzeorum
3594 1605 3773 1664 popu-

2166 1663 2308 1733 lum,
2331 1683 2405 1721 ex
2422 1682 2489 1720 eo
2514 1668 2621 1718 sibi
2648 1665 2957 1730 plurimum
2974 1670 3175 1715 contra
3198 1664 3336 1716 vitae
3353 1663 3580 1726 merita,
3605 1663 3773 1727 quod

2168 1741 2398 1792 discreti
2422 1741 2495 1791 ab
2512 1738 2752 1800 reliquis
2769 1740 3025 1799 agerent,
3042 1740 3421 1799 arrogantem.
3444 1736 3591 1786 Cum
3610 1734 3771 1786 enim

2166 1814 2409 1864 audiunt
2428 1812 2600 1863 etiam
2620 1809 2839 1860 vicinas
2864 1812 3066 1871 gentes
3087 1807 3158 1857 ad
3198 1819 3443 1858 examen
3466 1805 3625 1857 haud
3672 1819 3771 1857 se-

2170 1884 2536 1949 gnius,qnam
2564 1893 2700 1931 suas
2715 1879 2919 1929 Tribus
2938 1878 3468 1940 vocari,intelligant
3493 1877 3770 1942 profecto,

2171 1961 2228 2007 et
2244 1956 2502 2005 omnium
2520 1952 2821 2003 nationum
2839 1963 3017 2000 unum
3043 1963 3171 2001 esse
3194 1949 3546 2001 conditorem
3571 1948 3772 2000 Domi-

2168 2028 2413 2078 num.In
2449 2038 2515 2076 eo
2541 2036 2675 2087 ergo
2714 2023 2839 2083 ipso
2864 2021 3020 2085 quod
3064 2021 3451 2073 Israelitarum
3485 2020 3651 2071 dolor
3696 2020 3769 2071 de

2170 2098 2372 2151 vicinis
2387 2096 2658 2160 gentibus
2674 2094 3019 2157 vindicatur,
3036 2092 3304 2157 superbia
3319 2105 3513 2144 eorum
3533 2103 3656 2143 una
3678 2090 3772 2143 de-

2167 2169 2451 2233 primitur,
2470 2173 2535 2219 ut
2560 2166 2814 2218 sentiant
2839 2165 3093 2223 demum,
3114 2164 3268 2229 quod
3290 2177 3407 2215 non
3438 2163 3512 2215 sit
3535 2166 3769 2214 tantum

2167 2242 2196 2292 J
2206 2240 2501 2292 udaaorum
2514 2237 2799 2299 Deus,sed
2816 2237 2989 2289 etiam
3002 2238 3268 2288 Gentium
3281 2234 3767 2299 :quandoquidem

2169 2312 2386 2363 nullius
2412 2309 2605 2375 populi
2631 2308 2821 2359 studia
2844 2307 3055 2359 debitis
3084 2308 3172 2359 vel
3209 2305 3638 2368 consolationis,
3673 2304 3769 2356 vel

2169 2382 2405 2434 ultionis
2423 2382 2627 2445 preciis
2653 2383 2957 2431 exuantur.
2985 2378 3075 2429 Ad
3103 2382 3459 2442 postremum
3488 2375 3764 2440 ostendit,

2170 2468 2342 2518 quam
2357 2455 2431 2504 sit
2443 2454 2512 2503 ad
2534 2450 2884 2516 parcendum
2901 2462 3059 2514 prem
3068 2450 3193 2513 tior,
3206 2449 3303 2512 qui
3315 2447 3387 2500 ad
3399 2447 3764 2499 irascendum

2169 2538 2303 2578 cum
2329 2530 2486 2576 tanta
2503 2522 2841 2575 difficultate
2863 2525 3192 2582 consurgat,
3219 2524 3283 2571 ut
3306 2532 3603 2583 nunquam
3626 2532 3763 2571 eum

2169 2609 2287 2649 una
2303 2598 2466 2659 culpa
2480 2595 2729 2646 alterave
2746 2590 3455 2655 commoveat,nisialiqua3
3474 2596 3586 2642 tres
3616 2603 3759 2654 qua-

2170 2673 2372 2721 tuorve
2397 2666 2785 2719 convenerint.
2807 2666 2911 2727 Qui
2927 2670 3121 2716 tamen
3136 2677 3413 2715 numerus
3426 2663 3763 2728 proinﬁnita

2170 2741 2488 2804 quantitate
2510 2739 2749 2789 docetur
2771 2741 3072 2788 assumtus
3099 2751 3111 2786 :
3137 2749 3252 2787 non
3277 2740 3343 2787 ut
3358 2748 3489 2787 vere
3511 2740 3765 2799 quatuor

2170 2813 2429 2873 crimina,
2456 2810 2557 2861 sed
2582 2808 2765 2860 multa
2789 2809 3061 2869 signaret.
3088 2807 3245 2859 Idem
3273 2812 3465 2858 autem
3508 2820 3570 2857 se
3591 2806 3759 2870 igno-

2171 2882 2369 2934 scendi
2394 2893 2620 2945 quoque
2656 2878 2936 2943 studium,
2961 2886 3013 2929 et
3029 2879 3151 2941 jam
3197 2878 3346 2929 circa
3381 2877 3520 2929 alias
3548 2882 3759 2941 gentes

2168 2953 2378 3004 habere
2411 2953 2735 3014 consignat,
2758 2949 2990 3013 quando
3024 2949 3465 3000 commotionem
3483 2960 3648 2999 suam
3661 2961 3761 3012 per

2168 3023 2603 3077 similitudinem
2618 3022 2820 3073 alienae
2836 3021 3160 3084 iniquitatis
3173 3025 3430 3072 excusat.
3455 3021 3629 3084 Super
3655 3022 3759 3069 tri-

2168 3096 2282 3159 bus,
2308 3096 2514 3158 inquit,
2538 3093 2814 3143 sceleribus
2847 3094 3120 3156 Damasci,
3140 3098 3185 3142 et
3215 3108 3375 3157 super
3390 3099 3624 3157 quatuor
3641 3107 3756 3141 non

2172 3174 2478 3218 convertam
2501 3180 2642 3229 eum,
2660 3180 2716 3213 eo
2741 3165 2884 3227 quod
2905 3166 3294 3213 trituraverunt
3311 3165 3369 3212 in
3384 3164 3639 3229 plaustris
3653 3162 3759 3225 fer-

2170 3240 2277 3288 reis
2313 3237 2540 3287 Gataad.
2572 3235 2724 3299 Egit,
2745 3235 2950 3297 inquit,
2971 3233 3112 3286 solio
3135 3246 3261 3286 meo
3284 3234 3755 3297 coaeternajusti-

2171 3311 2274 3373 cia,
2301 3313 2589 3360 utmunus
2601 3307 2834 3358 demum
2846 3306 3162 3369 judicantis
3178 3309 3610 3367 assumerem,et
3623 3304 3755 3355 hor-

2164 3394 2287 3432 rore
2305 3380 2321 3409 ¹
2343 3379 2485 3430 mihi
2503 3377 2882 3440 multiplicem
2895 3376 3123 3441 pariter,
3142 3382 3199 3428 et
3223 3376 3609 3441 impudentem
3625 3389 3755 3427 cru-

2166 3452 2481 3513 delitatem,
2504 3449 2801 3501 conversio
2825 3450 2885 3499 in
2903 3448 3088 3499 tristia
3104 3453 3260 3499 statu
3276 3448 3753 3510 nocentium,per-

2166 3520 2445 3573 docerem.
2470 3520 2635 3572 Haud
2662 3518 3066 3584 semelquippe
3101 3532 3206 3570 nec
3230 3520 3436 3570 iterum
3464 3519 3752 3579 Damasci,

2166 3594 2434 3658 populus,
2461 3596 2737 3643 caeterum
2763 3602 3159 3654 saepenumero
3176 3591 3398 3641 Israelis
3415 3602 3553 3641 arva
3576 3602 3750 3654 popu-

2165 3664 2322 3716 latus
2352 3669 2457 3715 est.
2484 3662 2696 3714 Galaad
2720 3668 2916 3713 autem
2945 3662 3025 3713 ita
3061 3662 3235 3713 etiam
3257 3662 3525 3725 plaustris
3561 3660 3751 3712 ferreis

2168 3734 2510 3797 tribulisque
2521 3733 2881 3795 comminuit,
2903 3737 2970 3783 ut
2992 3739 3221 3796 gratum
3240 3731 3626 3796 spectaculum
3645 3744 3751 3796 pu-

2169 3810 2315 3858 taret
2335 3816 2351 3843 ι
2373 3806 2553 3855 instar
2591 3804 2881 3868 spicarum
2906 3806 3081 3866 atque
3101 3802 3441 3867 culmorum,
3456 3803 3667 3866 passim
3691 3803 3749 3853 in

2167 3880 2386 3941 campis
2424 3875 2741 3928 incolarum
2765 3876 3025 3926 membra
3060 3879 3400 3926 tererentur.
3439 3875 3579 3935 Quia
3618 3886 3749 3937 ergo

2163 3948 2507 4013 impunitam
2531 3948 2682 3999 hanc
2716 3947 2813 3997 diu
2836 3946 3121 3997 feritatem
3146 3959 3252 3997 nec
3272 3945 3433 4009 potui
3458 3944 3615 3997 ferre.
3645 3958 3747 3995 nec

2166 4021 2358 4082 debui,
2376 4021 2599 4070 mittam
2615 4019 2809 4082 ignem
2826 4017 2887 4068 in
2897 4018 3066 4069 domo
3084 4017 3295 4069 Azahel
3309 4017 3456 4081 regis
3472 4017 3748 4074 Damasci,

2166 4097 2224 4144 et
2246 4090 2767 4151 devorabit,domos
2784 4090 3177 4154 Benadab,qui
3192 4089 3337 4153 patri
3350 4101 3455 4141 suo
3466 4088 3673 4139 Azahel
3698 4091 3748 4137 in

2165 4163 2405 4227 imperio
2428 4164 2739 4212 successit:
2769 4168 2827 4213 et
2851 4166 3141 4213 conteram
3167 4163 3389 4212 vectem
3413 4159 3751 4222 Damasci,et

2166 4234 2496 4297 disperdam
2508 4232 2889 4285 habitatorem
2902 4233 2973 4283 de
2986 4232 3205 4297 campis
3221 4231 3376 4295 idoli,
3390 4236 3448 4283 et
3463 4234 3748 4283 tenentem

2166 4310 2459 4369 sceptrum
2477 4305 2549 4355 de
2573 4304 2744 4356 domo
2767 4304 3090 4368 voluptatis,
3118 4304 3176 4355 id
3187 4309 3295 4369 est,
3312 4303 3657 4355 habitatores
3670 4301 3752 4353 lo-

2166 4390 2361 4428 corum
2379 4376 2669 4440 profanos,
2686 4375 2779 4427 vel
2804 4381 3125 4427 summates
3144 4388 3425 4439 quosque,
3450 4374 3539 4426 vel
3562 4386 3752 4438 proce-

2165 4461 2275 4510 res,
2294 4449 2575 4511 quiomne
2603 4453 2830 4512 tempus
2845 4448 2905 4499 in
2930 4447 3324 4512 voluptatibus
3343 4447 3751 4511 transigebant,

2164 4519 2330 4571 malis
2348 4520 2701 4583 captivitatis
2720 4519 3028 4571 involvam.
3046 4522 3129 4570 Ac
3144 4532 3215 4571 ne
3229 4520 3250 4548 ³³
3269 4521 3393 4583 ejus
3407 4519 3751 4582 captivitatis

2162 4592 2446 4656 ignorent,
2467 4596 2568 4642 aut
2581 4604 2741 4656 spem
2768 4592 3112 4643 reversionis
3132 4595 3438 4655 usurpent,
3454 4602 3586 4641 cum
3598 4589 3749 4642 aedes

2175 4677 2312 4714 suas
2338 4664 2397 4714 in
2413 4664 2600 4714 cinere
2628 4660 2803 4731 509
2824 4663 3077 4714 viderint
3096 4663 3430 4724 concidisse,
3445 4662 3551 4727 ipsi
3574 4661 3643 4713 ad
3658 4663 3755 4725 Cy-

2174 4736 2326 4788 renis
2349 4747 2483 4787 arva
2506 4735 2805 4787 ducentur.
2834 4738 2899 4787 In
2921 4749 3121 4801 regum
3144 4741 3339 4788 autem
3358 4734 3643 4787 volumine
3664 4746 3752 4785 re-

2164 4879 2588 4944 praapositaque
2617 4878 2746 4930 heic
2783 4880 2943 4951 τελείᾳ
2976 4885 3171 4951 στιγμῇ,
3216 4882 3439 4930 textum
3472 4877 3748 4951 instruere

2164 4938 2236 5004 ad
2262 4938 2417 5003 hunc
2431 4938 2699 5003 modum:
2725 4938 3071 5017 Infremuisse
3081 4938 3204 5016 ergo
3221 4950 3746 5011 aternumJudicem,

2167 5030 2379 5086 tremor,
2408 5029 2515 5075 etc.
2758 5042 2761 5047 ·

2228 5097 2250 5126 ⁴¹
2273 5100 2442 5148 Sacer
2466 5101 2661 5148 textus
2697 5096 2889 5161 habet,
2927 5096 2995 5147 Et
3017 5096 3276 5147 luxerunt
3297 5096 3531 5163 speciosa
3572 5095 3748 5145 Pasto-

2166 5184 2313 5231 rum,
2337 5174 2383 5217 et
2406 5170 2699 5217 exsiccatae
2721 5175 2791 5217 est
2811 5174 2989 5217 vertex
3008 5168 3259 5232 Carmeli,
3286 5174 3391 5220 etc.

2229 5249 2247 5270 '
2282 5242 2463 5293 Vetus
2479 5240 2589 5291 hoc
2608 5245 2696 5291 est
2711 5239 3173 5292 additamentum
3192 5242 3518 5303 verborum,
3536 5243 3581 5289 et
3596 5237 3749 5289 luxu-

2167 5313 2280 5371 riae,
2306 5312 2459 5375 quod
2495 5312 2625 5363 licet
2648 5312 2775 5363 libri
2817 5310 2912 5362 alii
2954 5311 3237 5376 ignorent,
3264 5317 3438 5376 atque
3478 5311 3599 5375 ipse
3622 5323 3747 5362 cum

2170 5385 2366 5451 primis
2391 5384 2705 5435 Iiebraicus
2729 5389 2945 5446 textus,
2973 5384 3500 5448 antiquioratamen
3511 5382 3749 5435 retinent

2170 5456 2634 5519 Ilieronymianee
2658 5454 2944 5507 versionis
2958 5455 3474 5521 Mss.exemplaria,
3490 5467 3521 5507 e
3543 5455 3748 5519 quibus

2171 5530 2275 5581 tria
2296 5541 2403 5579 nos
2427 5528 2485 5579 in
2510 5527 2771 5579 Editione
2794 5533 2993 5579 nostra
3014 5527 3399 5580 laudavimus.

2230 5600 2251 5636 τ
2270 5601 2511 5651 Videtur
2534 5601 2814 5649 horrorem
2836 5599 3168 5663 legendum,
3187 5604 3251 5652 ut
3265 5601 3320 5652 et
3338 5596 3505 5665 paulo
3517 5602 3647 5663 post
3658 5599 3747 5647 im-

2162 5672 2481 5738 pendentem
2504 5683 2603 5736 pro
2626 5671 3013 5736 impudentem,
3044 5670 3198 5735 quod
3235 5675 3290 5724 et
3330 5669 3506 5724 veteri
3535 5668 3745 5722 Editori

2165 5744 2239 5799 ad
2261 5745 2389 5797 libri
2414 5755 2569 5795 oram
2596 5747 2860 5796 notatum
2875 5747 2985 5796 est.

2228 5827 2246 5858 ι
2275 5816 2669 5883 Supplendum
2684 5817 2814 5869 heic
2839 5816 2906 5880 si,
2925 5815 3014 5867 vel
3037 5821 3281 5882 cum,aut
3303 5815 3412 5869 tale
3440 5816 3740 5881 quidpiam.

2225 5890 2248 5921 "
2272 5893 2394 5943 Ets:
2418 5889 2564 5942 nihil
2588 5895 2770 5955 muto,
2796 5890 2971 5943 velim
2993 5889 3122 5943 heic
3141 5893 3334 5944 tamen
3356 5902 3493 5941 onus
3516 5889 3627 5955 legi
3650 5901 3741 5955 pro

2162 5962 2294 6031 ejus,
2320 5964 2475 6028 quod
2494 5975 2733 6017 sensum
2759 5963 2969 6016 turbat.
