3894 6404
535 395 674 451 1063

532 495 808 563 discessit
832 521 867 561 a
893 507 1151 560 moribus
1189 514 1615 569 germanorum,
1649 500 1887 574 fratrem
1919 497 2137 563 prahis
2160 503 2219 574 Α

532 580 908 645 insequendo,
936 577 1039 629 sed
1060 589 1167 627 nec
1189 576 1447 639 ipsorum
1464 571 1973 645 consuetudinem,
1990 582 2137 645 quos

533 655 593 705 in
618 641 1053 715 sanguinolenta
1079 646 1394 698 certamina
1416 643 1886 715 indignationum
1914 641 2136 715 facibus

531 711 754 785 incitat,
776 720 1109 773 custodivit.
1141 720 1281 768 Nam
1327 717 1409 768 ita
1446 715 1636 776 furuit,
1673 712 1850 785 quasi
1879 711 2140 785 celeriter

533 782 823 847 desiturus
851 810 862 841 :
910 792 991 843 ita
1022 791 1084 842 in
1114 789 1244 841 odio
1268 786 1658 852 perseveravit
1684 784 1858 848 quasi
1897 782 2141 847 justicia

532 866 736 929 magis,
762 874 939 926 quam
960 861 1152 913 furore
1166 862 1514 911 commotus.
1529 858 1697 907 Juste
1716 867 1853 917 ergo
1867 854 2142 929 immora—

528 923 733 990 turum
750 923 861 986 sibi
886 946 1074 996 usque
1097 929 1750 983 adconsummationem
1776 926 2026 996 patietur
2045 923 2142 996 in-

531 1007 828 1061 cendium:
857 1010 924 1057 ut
948 994 1006 1056 et.
1028 1004 1203 1055 urbes
1227 1007 1285 1054 et
1299 999 1557 1061 castella,
1578 1000 1726 1049 sicut
1737 996 1870 1048 unis
1895 994 2141 1046 crimini-

532 1082 639 1131 bus
655 1078 787 1130 sord
796 1075 1101 1139 uerant,ita
1112 1074 1329 1126 eisdem
1353 1070 1780 1124 calamitatibus
1795 1081 1826 1117 a
1839 1071 2143 1139 tterantur-

533 1150 731 1202 Multis
755 1153 954 1200 autem
976 1137 1334 1207 nominibus,
1360 1144 1415 1193 id
1442 1147 1552 1201 est,
1577 1140 1757 1193 Edom
1782 1141 1840 1190 et
1862 1137 2142 1196 Theman,

530 1226 589 1274 et
614 1222 812 1281 Boara,
850 1229 1036 1270 unum
1069 1216 1295 1267 indicat.
1322 1212 1623 1277 populum,
1672 1208 1939 1281 videlicet
1968 1209 2141 1262 Esau,

531 1293 630 1357 qui
654 1280 831 1343 Bosra
842 1288 1121 1342 vocabulo
1148 1287 1475 1357 habuerant
1499 1281 1858 1357 metropolim
1872 1280 2143 1357 civitatem.

533 1350 653 1415 Hos
676 1375 811 1426 ergo
835 1360 991 1423 dicit,
1009 1364 1066 1411 et
1089 1370 1214 1422 pra
1226 1356 1302 1408 lio
1328 1361 1387 1408 et
1410 1354 1711 1407 obsidione
1735 1350 2071 1426 vincendos,
2088 1353 2144 1399 et

532 1420 896 1488 vincentium
939 1420 1192 1483 arbitriis
1249 1440 1406 1481 sava
1449 1438 1748 1491 passuros,
1781 1428 1842 1475 et
1883 1420 2142 1473 cadibus

532 1504 1055 1565 exustionibusque
1089 1501 1413 1565 perituros:
1470 1508 1602 1561 qua
1644 1494 1842 1548 omnia
1878 1493 2083 1557 partim
2107 1504 2143 1542 a

532 1576 839 1632 Cbaldais,
866 1564 1074 1637 partim
1090 1564 1131 1623 a
1153 1571 1486 1623 Machabeis
1505 1569 1784 1619 docentur
1806 1564 1980 1616 illata.

596 1650 761 1699 Vers.
790 1632 998 1700 13ί-15.
1023 1671 1083 1681 -
1127 1643 1247 1693 Haec
1270 1643 1400 1691 dicit
1439 1642 1736 1690 Dominus:
1769 1652 1932 1701 super
1969 1632 2141 1684 tribus

531 1718 810 1770 sceleribus
829 1717 1074 1780 ﬁliorum
1092 1715 1364 1773 Ammom,
1384 1718 1430 1761 et
1444 1726 1605 1776 super
1627 1714 1867 1775 quatuor
1881 1722 1999 1780 non
2019 1720 2139 1780 con-

536 1796 743 1841 vertam
766 1776 908 1845 eum,
933 1802 991 1836 eo
1015 1786 1161 1850 quod
1198 1784 1503 1834 dissecuerit
1526 1786 1864 1847 praegnantes
1901 1776 2131 1837 Galaad,

1591 384 1864 439 RUFINO
1899 383 2362 436 PRESBYTERO
2394 384 2780 436 ASCRIPTUS

3706 384 3837 440 1064

2239 498 2496 547 slodierit.
2514 498 2840 562 Deceperunt
2854 498 3001 547 enim
3016 512 3101 547 eos
3124 496 3269 547 idola
3288 513 3410 558 sua,
3431 502 3552 563 post
3574 513 3697 563 qua
3709 500 3841 549 abie-

2239 575 2372 618 runt
2392 576 2790 633 patreseorum.
2816 570 2883 618 Et
2905 569 3122 619 mittam
3145 570 3323 633 ignem
3353 572 3415 620 in
3437 569 3677 631 Judam,
3703 577 3749 620 et
3770 573 3845 620 de-

2236 641 2441 689 vorabit
2463 641 2597 689 ardes
2620 640 2937 689 Jerusalem.
2965 642 3104 691 Cum
3127 641 3377 693 facinora
3406 640 3738 694 truculenta
3762 643 3844 693 di-

2237 712 2419 763 versis
2443 712 2715 773 gentibus
2733 712 3060 775 objecisset,
3080 712 3238 763 venit
3259 712 3333 764 ad
3347 715 3378 764 J
3388 713 3581 776 udam,
3602 717 3664 765 et
3682 714 3847 765 dissi-

2240 782 2477 833 mulata
2501 782 2790 845 religionis
2808 783 3026 833 facinus
3043 783 3366 847 imputavit,
3386 784 3592 836 eodem
3610 797 3731 848 quo
3743 797 3846 836 ca-

2242 859 2400 917 perat
2439 853 2730 903 schemate
2755 852 3183 905 deliberationis
3205 859 3478 905 enuntians
3506 860 3844 905 necessariam

2241 924 2702 987 conversionem,
2722 923 2957 975 delatis
2982 925 3202 977 scilicet
3218 926 3403 977 tristia
3421 928 3845 990 subituros,qui

2243 996 2534 1047 obstinate
2552 996 2801 1047 fuissent
2814 997 3002 1060 turpia
3014 1009 3258 1060 quaque
3274 1002 3331 1049 et
3344 999 3647 1063 prophana
3661 1003 3844 1052 sectati.

2245 1068 2370 1118 Non
2394 1073 2589 1119 autem
2612 1067 2939 1119 existimare
2973 1067 3270 1133 debemus,
3296 1071 3431 1132 quia
3453 1083 3555 1121 eos
3579 1071 3842 1135 populos,

2244 1152 2490 1203 quorum
2510 1139 2681 1202 paulo
2703 1143 2839 1190 ante
2862 1139 3101 1190 crimina
3116 1143 3491 1203 percucurrit,
3516 1142 3843 1206 probabiles

2242 1209 2303 1260 in
2326 1209 2617 1272 religionis
2642 1213 2803 1273 parte
2840 1210 3148 1275 censuerit,
3176 1211 3248 1262 de
3285 1224 3400 1274 qua
3422 1213 3506 1263 eis
3529 1212 3683 1264 nihil
3706 1213 3842 1277 obji-

2243 1281 2511 1333 ciendum
2536 1281 2766 1344 putarit:
2787 1281 2888 1332 sed
2913 1282 3186 1345 quoniam
3210 1289 3333 1334 erat
3347 1283 3559 1336 millies
3576 1284 3844 1335 confessa

2240 1352 2573 1417 profanitas,
2601 1352 2699 1415 qui
2718 1365 2945 1416 semper
2978 1352 3233 1405 fuissent
3258 1354 3544 1407 idolorum
3589 1354 3843 1407 cultibus

2242 1423 2676 1487 mancipati,nec
2695 1423 2765 1475 de
2790 1424 2998 1487 pietate
3020 1425 3237 1476 rituum
3253 1431 3844 1491 nossentcompetens

2241 1495 2455 1547 habere
2461 1494 2764 1558 judicium,
2787 1507 3160 1558 nequaquam
3178 1498 3375 1560 utique
3392 1499 3479 1549 eis
3496 1502 3728 1549 crimen
3744 1498 3846 1549 dis-

2243 1567 2530 1619 simulata
2564 1566 2855 1631 religionis
2891 1568 3163 1631 objectat,
3191 1573 3463 1621 caterum
3487 1569 3590 1621 illa
3617 1582 3841 1621 morum

2238 1639 2491 1701 vulnera,
2517 1650 2651 1701 qua
2675 1638 2847 1690 etiam
2870 1643 3037 1690 extra
3062 1652 3260 1691 veram
3280 1641 3623 1704 religionem
3648 1641 3839 1705 positi,

2241 1710 2580 1773 dignoscere
2600 1722 2666 1761 ac
2692 1709 2873 1761 vitare
2892 1714 3222 1774 potuerunt.
3241 1712 3272 1762 J
3278 1711 3408 1764 uda
3433 1725 3568 1764 vero
3585 1713 3642 1763 id
3661 1715 3843 1773 princi-

2232 1782 2326 1845 pio
2352 1782 2577 1845 objecit,
2597 1781 2752 1844 quod
2775 1786 2831 1832 et
2847 1782 3079 1833 cateris
3093 1783 3326 1846 flagitiis
3349 1790 3505 1835 esset
3526 1784 3841 1845 horridius,

534 1862 608 1942 ad
630 1859 983 1942 dilatandam
1005 1855 1582 1942 terminum‘suumﬁt
1602 1851 1922 1942 succe’ndam
1946 1851 2126 1942 ignita
2155 1867 2208 1942 B
2234 1858 2292 1904 et
2314 1852 2384 1942 de
2397 1853 2712 1942 quastirpe
2737 1854 2939 1942 merito
2961 1854 3140 1935 etiam
3172 1855 3284 1942 alia
3308 1856 3526 1907 scelera
3549 1856 3840 1937 pullulas-

537 1933 598 1982 in
609 1944 770 1981 muro
785 1927 1033 1986 Rabba,et
1051 1926 1322 1975 devorabit
1338 1926 1467 1974 aedes
1478 1926 1591 1987 ejus
1621 1924 1681 1972 in
1698 1922 1916 1971 ululatu
1947 1921 2010 1968 in
2042 1919 2128 1967 die

539 2004 674 2062 belli,
699 2007 744 2051 et
766 2002 827 2049 in
854 1998 1144 2047 turbinein
1162 1999 1247 2046 die
1269 1996 1661 2045 commotionis.
1687 1995 1753 2043 Et
1774 1993 1847 2042 ibi
1871 1991 2134 2062 Melchom

2235 1929 2383 1975 sent.
2419 1924 2772 1987 Abjecerunt
2807 1925 2980 1988 enim,
3017 1926 3226 1990 inquit,
3255 1925 3442 1989 legem
3468 1927 3706 1978 Domini
3750 1940 3843 1991 per

2234 2006 2403 2058 quam
2426 1994 2608 2046 solam
2624 1999 2786 2046 erant
2806 1996 2870 2045 in
2890 2000 3014 2047 toto
3034 1999 3171 2048 orbe
3189 1997 3486 2061 conspicui
3509 2013 3522 2048 :
3539 2011 3740 2061 neque
3755 2000 3841 2049 ab-

538 2076 601 2124 in
621 2070 1123 2138 captivitatem,ipse
1138 2074 1183 2118 et
1198 2068 1469 2133 principes
1480 2068 1593 2131 ejus
1608 2065 1788 2122 simul,
1804 2061 2135 2138 dicithmi-
2226 2069 2438 2132 jecisse
2462 2067 2733 2128 contenti,
2758 2066 2833 2117 ad
2852 2067 3141 2119 idolorum
3164 2082 3394 2133 quoque
3419 2071 3710 2121 transiere
3723 2070 3840 2121 cul-

539 2160 661 2195 nus.
676 2136 791 2195 Nec
814 2143 910 2193 isti
924 2141 1133 2206 populi,
1149 2145 1396 2190 Ammon
1413 2139 1697 2199 videlicet,
1712 2138 1916 2187 etMoab
1942 2137 2002 2183 de
2012 2136 2132 2181 Loth

540 2218 716 2281 stirpe
727 2216 1015 2267 venientes
1027 2224 1061 2263 a
1072 2209 1395 2277 parricidali
1404 2210 1623 2261 invidia
1633 2208 1943 2281 liberantur
1952 2207 2135 2256 Israe-

536 2278 771 2341 litarum
788 2300 800 2337 :
817 2285 901 2335 sic
911 2283 1149 2347 quidem
1168 2282 1412 2347 proximi
1425 2281 1793 2344 detegantur,
1815 2278 1913 2341 qui
1938 2282 2133 2328 tamen

537 2371 738 2413 eorum
751 2355 1055 2421 pristinam
1077 2354 1319 2418 gloriam
1329 2366 1447 2404 non
1460 2352 1724 2413 ferentes,
1750 2349 1967 2401 nullam
1987 2350 2147 2412 pra-'

538 2430 906 2484 termiserunt
916 2426 1277 2477 occasionem
1289 2424 1530 2476 nocendi
1542 2422 2031 2485 Galaad.Denique
2043 2433 2132 2472 re-

539 2503 790 2567 gionem,
813 2510 989 2562 quam
1003 2496 1156 2549 ultra
1175 2496 1483 2548 Jordanem
1499 2495 1633 2547 dua
1659 2495 1746 2544 'in
1759 2492 1997 2567 dimidia
2011 2493 2133 2542 Tri-

538 2564 670 2636 bus,
701 2573 852 2623 sicut
872 2571 1067 2621 narrat
1091 2568 1403 2630 Scriptura,
1420 2570 1811 2630 susceperant,
1824 2564 2132 2615 finitimam

539 2644 649 2696 sibi
672 2641 1024 2694 Ammonita
1043 2639 1314 2691 invadere
1328 2639 1795 2695 festinantes,nec
1816 2650 1852 2687 a
1868 2636 2135 2700 gravida-

541 2727 692 2776 rum,
714 2711 917 2775 inquit,
944 2710 1252 2761 mulierum
1277 2710 1535 2761 cadibus
1548 2708 2132 2770 abstinebant,ipsam

539 2784 809 2837 videlicet
818 2786 843 2833 ,Ι
852 2781 1154 2834 udaorum
1165 2780 1422 2832 sobolem
1434 2780 1751 2832 interficere
1762 2783 2042 2840 cupientes,
2056 2785 2131 2843 ut,

540 2857 868 2908 habitatore
889 2852 1382 2915 consumto,regio
1391 2851 1783 2903 Galaditarum
1799 2862 1995 2902 eorum
2013 2855 2133 2902 tota

538 2926 1114 2991 ﬁnibusjungeretur.
1135 2926 1536 2975 Remunerabo
1548 2937 1702 2988 ergo,
1713 2924 1915 2987 inquit,
1931 2922 2131 2974 ethuic

543 2997 753 3066 populo
797 2997 949 3061 quod
996 3000 1289 3047 meretur:
1324 2996 1646 3058 faciamque
1670 3000 1735 3046 ut
1777 2992 1969 3045 hostili
1997 2994 2132 3057 igne

542 3072 773 3129 Rabba,
804 3081 937 3132 qua
963 3068 1290 3131 metropolis
1302 3067 1426 3131 fuit,
1442 3067 1685 3119 adificia
1695 3071 2131 3118 consenescant.

540 3144 661 3203 Quo
676 3153 814 3191 sane
832 3139 961 3190 belli
976 3140 1208 3190 turbine
1218 3139 1296 3189 ita
1309 3139 1919 3201 consternabuntur,ut
1929 3138 2137 3186 videan-

545 3220 635 3265 tur
661 3217 720 3264 et
742 3212 1006 3276 pramori
1032 3224 1045 3260 :
1082 3223 1198 3261 non
1223 3209 1410 3261 solum
1433 3209 1521 3277 5|
1539 3209 1588 3276 2
1615 3215 1810 3263 autem
1843 3209 2134 3273 principes

539 3285 589 3348 ej
599 3297 669 3335 us
683 3282 975 3361 sed-etiam
989 3280 1357 3361 Me_lchpm,id
1378 3287 1496 3361 est,
1511 3280 1946 3361 simulachrum,
1960 3284 2129 3361 cujus
2155 3286 2205 3361 ρ

540 3368 604 3408 se
640 3354 878 3406 numine
918 3353 1269 3404 muniendos
1313 3353 1640 3413 credebant,
1677 3352 1739 3403 in
1781 3352 2132 3415 captivitatis

536 3425 852 3479 ludibrium
876 3424 1271 3477 transferetur.

1148 3521 1426 3585 CAPUT
1471 3521 1533 3585 II

601 3642 766 3691 Vers.
792 3637 923 3693 1.-3.
965 3663 1029 3675 -
1069 3637 1192 3687 Haec
1236 3636 1365 3687 dicit
1408 3637 1678 3687 Dominus
1702 3652 1719 3687 :
1771 3653 1931 3703 super
1965 3637 2135 3688 tribus

537 3710 817 3763 sceleribus
830 3709 1007 3770 Moab,
1025 3713 1071 3757 et
1096 3723 1258 3772 super
1278 3714 1514 3772 quatuor
1536 3724 1649 3758 non
1664 3715 1968 3759 convertam
1983 3724 2135 3763 eum:

537 3800 597 3834 eo
631 3783 777 3848 quod
798 3781 1098 3831 incenderit
1120 3796 1239 3830 ossa
1258 3781 1399 3843 regis
1424 3781 1669 3831 [dum
1697 3797 1864 3845 usque
1892 3782 1965 3831 ad
1995 3782 2135 3832 cine-

535 3870 667 3904 rem.
694 3854 764 3903 Et
807 3854 1026 3902 mittam
1058 3852 1243 3913 ignem
1288 3852 1350 3900 in
1397 3852 1573 3914 Moab,
1622 3858 1668 3901 et
1711 3852 2138 3903 devorabilaedes

538 3927 558 3955 "
586 3926 884 3987 Carioth,et
907 3924 1174 3973 morietur
1188 3924 1251 3972 in
1272 3924 1456 3973 sonitu
1477 3924 1635 3973 Moab
1658 3929 1703 3973 et
1724 3924 1973 3989 clangore
1984 3926 2134 3974 tuba.

538 3996 606 4047 Et
627 3997 936 4061 disperdam
952 3995 1193 4058 judicem
1208 3994 1271 4043 de
1302 3996 1479 4044 medio
1495 3996 1628 4060 ejus,
1646 4001 1691 4043 et
1718 4010 1900 4045 omnes
1920 3996 2137 4060 princi-

532 4084 624 4135 pes
657 4071 771 4133 ejus
804 4068 1129 4131 interﬁciam
1152 4081 1276 4116 cum
1299 4067 1512 4130 eo,dicit
1551 4068 1841 4117 Dominus.
1870 4068 2139 4118 Animad-

538 4141 898 4203 vertendum,
913 4139 1189 4201 quouiam
1203 4151 1333 4188 cum
1357 4139 1627 4189 omnibus
1641 4150 1785 4201 quas
1796 4150 2140 4190 annumera-

536 4212 623 4265 vit
632 4212 902 4274 gentibus
914 4208 1291 4261 contumelias
1304 4210 1361 4260 et
1376 4208 1648 4273 pericula,
1661 4222 1793 4273 qua
1807 4211 1997 4261 Israeli
2010 4226 2139 4259 con-

535 4280 1228 4349 gesserant,imputasset,
1247 4292 1405 4330 nunc
1421 4280 1794 4331 Moabitarum
1806 4284 1992 4341 popqu
2004 4284 2137 4341 obji-

535 4356 632 4413 cit,
663 4353 820 4417 quod
841 4353 900 4403 in
925 4352 1248 4402 Idumaum
1277 4364 1473 4414 regem
1492 4363 1689 4403 savus
1712 4352 2138 4405 exstiteriteos-

536 4439 648 4491 que
676 4428 758 4477 ita
779 4423 1034 4476 furuisse
1059 4427 1383 4486 caussatur,
1409 4426 1476 4473 ut
1500 4435 1617 4473 non
1640 4424 1899 4475 contenti
1921 4424 2136 4476 bellum

535 4510 705 4562 agere
727 4509 859 4548 cum
885 4494 1334 4550 vivente,odium
1352 4507 1524 4545 suum
1536 4496 1707 4545 etiam
1726 4497 1876 4547 circa
1897 4497 2025 4559 ejus
2050 4496 2139 4547 fu-

537 4582 649 4620 nus
672 4565 1049 4619 ostenderint.
1078 4567 1181 4615 Per
1196 4564 1352 4627 quod
1379 4566 1578 4628 utique
1603 4571 1659 4617 et
1681 4567 2019 4619 Judaorum
2042 4579 2136 4618 ar-

2234 2139 2745 2201 turam.Recipient
2761 2150 2896 2202 ergo
2915 2140 3265 2203 stipiendum
3283 2140 3437 2204 quod
3454 2146 3839 2203 merentur,ut

2233 2209 2266 2260 J
2272 2209 2444 2259 udam
2460 2208 2721 2260 videlicet
2733 2213 2793 2260 et
2805 2211 3127 2261 Jerusalem
3140 2212 3469 2263 incendium
3493 2212 3711 2263 hostile
3723 2228 3839 2261 con-

2235 2284 2447 2343 sumat,
2475 2279 2650 2344 quod,
2676 2280 2985 2344 Babylonio
3021 2282 3313 2345 vincente,
3349 2283 3709 2348 completum
3732 2290 3836 2335 est.

2298 2356 2460 2405 Vers.
2488 2353 2605 2407 6.-
2626 2353 2747 2401 Haec
2769 2352 2900 2401 dicit
2938 2353 3247 2404 Dominus:
3279 2355 3453 2419 Super
3494 2355 3669 2404 tribus
3694 2355 3840 2404 scele-

2233 2424 2383 2474 ribus
2394 2422 2798 2486 Israel,etsuper
2808 2428 3046 2487 quatuor
3059 2439 3174 2473 non
3191 2431 3497 2475 convertam
3511 2441 3766 2491 eum,pro
3784 2440 3837 2475 eo

2234 2497 2378 2561 quod
2389 2497 2523 2545 vend
2530 2496 2725 2544 iderinl
2736 2502 2957 2559 argento
2960 2496 3175 2559 justum
3185 2503 3523 2562 etpauperem
3531 2513 3636 2563 pro
3647 2499 3843 2548 calcea-

2235 2583 2351 2617 men
2362 2568 2661 2619 tis.Decem
2678 2567 3054 2630 Tribus,quas
3070 2570 3331 2620 nominat
3344 2572 3751 2635 Jerusalem,non
3767 2572 3842 2618 si-

2234 2646 2331 2693 cut
2344 2642 2375 2691 J
2382 2639 2577 2702 udam,
2597 2639 2699 2690 sed
2711 2639 2862 2690 sicut
2878 2642 3099 2700 reliquas
3117 2648 3290 2702 gentes
3305 2644 3365 2690 de
3383 2657 3579 2691 morum
3599 2644 3839 2691 facinori-

2233 2712 2346 2763 bus
2361 2715 2624 2763 accusat:
2641 2718 2707 2762 ut
2722 2723 2819 2763 eas
2834 2709 2886 2776 5
2903 2709 2921 2776 |
2936 2709 2989 2776 3
3010 2714 3254 2761 nimirum
3274 2715 3343 2761 ita
3358 2714 3644 2773 profanitati
3661 2716 3833 2761 inha-

2235 2786 2381 2835 sisse
2401 2786 2767 2846 monstraret,
2792 2789 3084 2845 quatenus
3098 2795 3271 2846 super
3281 2783 3389 2834 hac
3407 2789 3563 2847 parte
3579 2787 3732 2844 argui
3745 2797 3835 2831 nec

2233 2856 2658 2917 erubescerent,
2691 2865 2798 2904 nec
2822 2853 3107 2905 timerent.
3148 2856 3402 2905 Accusat
3436 2866 3571 2918 ergo
3603 2866 3831 2904 morum

2231 2924 2471 2978 vulnera
2494 2937 2611 2975 non
2644 2924 2798 2987 quod
2823 2929 3022 2975 essent
3062 2924 3328 2987 graviora
3368 2936 3543 2988 quam
3566 2925 3790 2975 rituum
3819 2940 3834 2975 :

2234 2996 2337 3049 sed
2362 2996 2455 3049 vel
2470 2996 2623 3059 quod
2640 2995 2699 3045 hi
2714 2995 2935 3046 fructus
2950 2995 3101 3046 fade
3120 2996 3413 3060 religionis
3432 2995 3650 3058 liquido
3672 2996 3835 3048 vide-

2232 3073 2449 3130 rentur,
2482 3067 2573 3119 vel
2589 3066 2745 3130 quod
2766 3066 2827 3117 in
2850 3065 2946 3117 illa
2961 3079 3192 3130 quoque
3213 3070 3445 3119 actuum
3463 3066 3723 3131 portione
3738 3079 3830 3118 os-

2234 3140 2598 3193 tenderentur
2621 3137 2847 3190 cateris
2864 3139 3142 3190 Gentibus
3163 3138 3484 3202 nequiores.
3504 3137 3670 3189 Haud
3694 3151 3831 3203 ergo

2234 3212 2471 3275 diutius,
2494 3211 2700 3274 inquit,
2725 3222 2972 3261 censura
3013 3213 3213 3262 nostra
3254 3209 3537 3273 tolerabit,
3572 3212 3637 3261 ut
3673 3210 3736 3261 in
3761 3224 3828 3261 eo

2233 3287 2391 3337 statu
2416 3286 2665 3345 maneat,
2683 3281 2746 3332 in
2762 3293 2877 3344 quo
2900 3281 3209 3345 impudens
3232 3293 3597 3345 nequaquam
3610 3280 3685 3332 ad
3705 3294 3829 3332 me-

2232 3356 2374 3407 liora
2396 3355 2689 3419 respirans
2714 3365 2727 3412 ;
2755 3352 2858 3404 sed
2883 3353 3249 3417 superveniet
3272 3354 3356 3404 eis
3373 3352 3442 3404 de
3460 3353 3744 3417 prosperis
3768 3353 3827 3403 in

2232 3428 2480 3478 adversa
2500 3424 2762 3488 mutatio,
2784 3426 2849 3475 ut
2873 3423 3029 3487 quod
3055 3424 3347 3475 noluerint
3362 3424 3580 3475 discere
3603 3424 3823 3487 moniti,

2231 3498 2507 3562 incipiant
2522 3508 2694 3546 nosse
2705 3496 2958 3546 damnati
2973 3508 2987 3547 :
3006 3508 3178 3559 agere
3192 3507 3304 3557 me,
3323 3494 3612 3558 videlicet,
3627 3507 3822 3546 curam

2236 3579 2682 3633 pauperum,nec
2698 3565 3078 3630 providentia
3093 3578 3240 3618 mea
3257 3565 3590 3618 defensione
3615 3565 3821 3629 privari

2236 3654 2355 3702 eos,
2381 3640 2482 3704 qui
2506 3638 2685 3691 seculi
2704 3639 2873 3689 istius
2900 3644 3040 3689 sunt
3076 3640 3284 3703 opibus
3322 3637 3596 3690 destituti.
3625 3637 3822 3701 Vigeat

2232 3714 2382 3777 apud
2406 3713 2534 3763 illos
2552 3716 2777 3762 tantum
2794 3723 2931 3762 cura
2944 3711 3263 3775 probitatis,
3279 3715 3336 3762 et
3349 3711 3473 3774 ipsa
3487 3710 3617 3773 (qua
3630 3708 3821 3760 humi-

2233 3782 2404 3835 liores
2429 3782 2654 3835 cateris
2678 3783 2856 3844 erant)
2874 3787 3139 3846 acceptos
3166 3781 3309 3833 mihi
3328 3782 3528 3834 reddet
3548 3792 3823 3844 carosque

2234 3856 2622 3907 mediocritas.
2642 3853 2704 3904 ld
2714 3856 2909 3905 autem
2918 3854 3057 3918 dixi,
3076 3854 3213 3918 quia
3228 3852 3457 3905 lsraelis
3469 3853 3714 3918 populus
3732 3864 3823 3903 ne-

2235 3929 2413 3993 glexit
2436 3926 2729 3977 advertere
2746 3926 2973 3989 justum
2990 3930 3048 3977 et
3065 3938 3390 3990 pauperem,
3415 3925 3577 3988 quasi
3597 3925 3823 3988 gemino

2234 3999 2387 4063 apud
2413 4011 2506 4049 me
2523 3997 2795 4062 suffragio
2819 3997 3130 4049 nitentem:
3154 3998 3255 4048 sed
3280 3997 3424 4048 meis
3443 4008 3665 4059 semper
3679 3996 3826 4057 judi-

2236 4072 2337 4122 ciis
2361 4070 2624 4121 infensus
2640 4071 2968 4132 proferebat
2981 4082 3277 4133 pauperes,
3299 4073 3357 4120 et
3378 4067 3588 4132 pedum
3612 4066 3824 4118 calcea-

2236 4144 2445 4193 mentis
2470 4146 2809 4192 ornamenta
2831 4141 3007 4191 seculi
3027 4141 3158 4192 vilia
3181 4140 3521 4202 astimabat,
3546 4138 3605 4190 id
3627 4138 3824 4197 est,vel

2235 4214 2296 4265 in
2322 4214 2524 4266 ofﬁciis
2549 4212 2636 4264 vel
2649 4213 2709 4263 in
2733 4212 2988 4277 negociis
3007 4217 3163 4264 tanta
3188 4211 3478 4263 falicitate
3500 4217 3819 4275 peccantes,

2236 4291 2431 4337 utnon
2456 4286 2641 4336 solum
2660 4284 3111 4336 brevibusillecti
3124 4284 3456 4348 plerumque
3472 4282 3822 4347 compendiis

2237 4358 2339 4408 sed
2366 4357 2705 4420 sapeetiam
2721 4356 3291 4420 gratuitisjustorum
3308 4353 3602 4419 suppliciis
3626 4366 3820 4418 pasce-

2234 4433 2451 4490 rentur,
2472 4427 2763 4491 quandam
2785 4427 3137 4491 voluptatem
3150 4431 3442 4490 putantes,
3457 4427 3506 4476 si
3530 4435 3550 4455 °
3570 4425 3822 4477 virorum

2233 4500 2445 4552 virtute
2469 4498 2795 4562 humilium,
2820 4499 2877 4549 id
2894 4501 3001 4561 est,
3030 4498 3315 4561 superbia
3334 4496 3547 4549 malum
3561 4496 3825 4548 innocen-

2237 4572 2331 4623 tia
2364 4572 2665 4622 sanctitate
2690 4571 3015 4627 vitantium.
3040 4570 3225 4634 capita
3245 4570 3371 4633 ipsa
3392 4567 3611 4633 pulveri
3642 4569 3823 4620 mixta

536 4635 1618 4734 {Ogantia't‘q‘utims‘olo‘s‘seaunlzpmlnum
1646 4641 1922 4734 pertinere
1936 4640 2134 4720 crede-
2154 4660 2211 4734 D
2240 4643 2540 4734 calcarent.
2567 4642 3200 4734 Quodautem‘aitjviam
3221 4641 3515 4734 humilium
3532 4640 3821 4734 declinant,

536 4711 695 4769 bant,
721 4714 1176 4771 compressaest:
1205 4709 1549 4760 etGentibus
1573 4710 1662 4761 vel
1690 4712 1808 4773 spei
1834 4710 2131 4773 solacium,

536 4782 635 4835 vel
657 4779 1052 4841 intelligentia
1074 4778 1269 4830 lumen
1294 4780 1610 4843 objectum:
1638 4787 1703 4833 ut
1726 4785 2027 4831 sentirentse
2039 4786 2133 4832 sub

533 4866 651 4906 una
674 4851 947 4904 creatoris
970 4850 1063 4900 sui
1076 4850 1435 4914 providentia
1446 4853 1934 4915 etgubernatione
1945 4854 2137 4905 consi-

536 4930 706 4987 stere,
731 4922 830 4986 qui
852 4920 1114 4973 videlicet
1136 4935 1253 4973 non
1278 4924 1432 4975 solas
1457 4923 1812 4987 Judaorum,
1839 4925 1937 4976 sed
1964 4926 2135 4978 etiam

533 4998 777 5049 aliarum
799 4994 1059 5058 gentium
1080 4993 1322 5057 injurias
1345 4992 1533 5045 ultum
1555 4994 1683 5045 iret.

594 5070 756 5120 Vers.
782 5065 990 5121 4.-5.-
1005 5065 1125 5114 Haec
1150 5064 1282 5113 dicit
1306 5066 1576 5115 Dominus
1598 5082 1613 5116 :
1637 5065 1814 5129 Super
1840 5067 2009 5118 tribus
2026 5082 2135 5118 sce-

535 5140 734 5191 leribus
756 5137 925 5198 Juda,
941 5142 986 5185 et
1006 5151 1170 5200 super
1198 5140 1436 5199 quatuor
1458 5151 1571 5184 non
1596 5144 1901 5187 convertam
1915 5155 2059 5199 eum,
2074 5156 2132 5190 eo

536 5212 679 5279 quod
699 5209 944 5275 abjecerit
960 5207 1124 5273 legem
1148 5206 1394 5266 Domini,
1411 5211 1457 5256 et
1479 5209 1750 5259 mandata
1772 5208 2010 5273 ejusnon
2033 5227 2133 5261 cu-

600 5366 618 5386 ·
641 5357 909 5408 Fortasse
921 5349 1133 5403 rectius
1144 5353 1189 5398 et
1199 5349 1435 5398 dimidia
1460 5362 1560 5415 pro
1582 5352 1663 5412 in,
1679 5357 1807 5414 etc.,
1833 5366 1964 5418 qua
1979 5356 2133 5408 enim

533 5443 608 5483 ex
631 5428 722 5481 sui
747 5428 974 5477 tantum
1003 5421 1239 5473 dimidio
1279 5421 1572 5486 regionem
1596 5425 2131 5489 Transjordanicam

535 5498 806 5564 suscepit,
822 5495 1029 5548 Tribus
1046 5496 1135 5546 est
1148 5494 1417 5546 Manasse
1432 5511 1443 5546 :
1459 5494 1592 5548 dua
1603 5495 2055 5561 integraRuben
2074 5505 2133 5552 et

534 5575 681 5625 Dan.

597 5644 619 5673 δ
646 5643 830 5694 Antea
855 5636 1084 5691 Camoth
1113 5636 1411 5700 legebatur
1435 5654 1446 5688 :
1475 5651 1613 5691 mox
1638 5651 1870 5704 quoque
1899 5646 1944 5691 et
1963 5654 2132 5705 capu.

532 5716 669 5778 lam,
694 5723 828 5777 qua
852 5722 1090 5762 sensum
1106 5709 1477 5774 perturbabat
1497 5716 1635 5765 ante
1647 5713 1904 5773 verbum,
1927 5714 2130 5778 interﬁ-

534 5788 697 5851 ciam,
722 5782 1131 5847 expunximus.

599 5866 619 5888 ο
636 5853 1056 5909 Substituimus
1077 5853 1126 5902 si
1147 5855 1433 5913 voculam,
1450 5864 1550 5919 pro
1573 5866 1689 5917 qua
1699 5860 2001 5910 anteaerat
2020 5860 2129 5912 sui.

537 5927 824 5985 Gaterum
852 5923 1052 5976 transit
1071 5925 1289 5977 Auctor
1312 5925 1645 5990 sitpositum
1670 5928 2127 5994 subsequentem

2240 4714 2544 4778 dupliciter
2564 4713 2744 4776 accipi
2763 4717 2969 4777 potest,
2996 4713 3166 4775 idest,
3194 4712 3284 4766 vel
3309 4713 3619 4763 deflectunt
3641 4713 3714 4763 ab
3738 4725 3819 4775 ea,

2239 4790 2297 4838 et
2316 4786 2486 4849 longe
2520 4785 2819 4836 diversum
2841 4786 2979 4837 vita
2998 4784 3105 4836 iter
3127 4789 3465 4847 sequuntur,
3484 4782 3575 4835 vel
3597 4788 3750 4836 certe
3764 4785 3821 4835 in

2236 4858 2468 4921 judiciis
2486 4859 2706 4920 justam
2727 4855 2964 4920 inopum
2984 4868 3250 4907 caussam
3272 4854 3471 4907 fraude
3499 4866 3822 4907 commacu—

2237 4930 2378 4982 lant:
2411 4929 2577 4991 quale
2610 4932 2702 4979 est
2722 4926 2862 4978 illud
2884 4928 2945 4978 in
2966 4926 3215 4992 psalmo:
3234 4927 3295 4978 Si
3319 4928 3529 4977 videras
3550 4926 3726 4990 furem
3747 4929 3823 4977 si-

2239 5000 2355 5051 mul
2378 4999 2627 5049 Currebas
2642 5014 2765 5048 cum
2780 5013 2857 5059 eo,
2869 5004 2915 5047 et
2933 5014 3056 5048 cum
3068 4999 3328 5049 adulteris
3350 4999 3648 5064 portionem
3672 5004 3820 5049 tuam

2238 5071 2489 5137 ponebas.
2526 5070 2722 5120 Sedens
2742 5072 2995 5119 adversus
3016 5070 3245 5133 fratrem
3269 5075 3425 5119 tuum
3447 5069 3762 5134 loquebaris,
3779 5078 3821 5119 ct

2238 5146 2521 5196 adversum
2542 5143 2720 5205 ﬁlium
2742 5142 2937 5192 matris
2960 5148 3061 5191 tua
3085 5141 3465 5207 o/fensionem‘l
3487 5141 3714 5193 callidus
3737 5142 3822 5193 in-

2238 5215 2476 5267 struebas
2526 5213 2685 5277 (Psal.
2738 5213 2827 5268 49.
2872 5213 2998 5278 18.).
3040 5216 3435 5279 Exaggeratur
3476 5218 3672 5266 autem
3726 5214 3819 5267 illo

2238 5357 2590 5415 versiculum
2614 5358 2663 5412 7:
2691 5358 2797 5418 Qui
2815 5363 3096 5408 conterunt
3119 5373 3279 5423 super
3292 5358 3561 5423 pulverem
3585 5363 3819 5408 terr-aca-

2234 5434 2353 5498 pita
2375 5447 2700 5496 pauperum,
2718 5437 2765 5481 et
2789 5433 2937 5481 viam
2961 5430 3259 5481 humilium
3284 5431 3552 5481 declinant
3571 5447 3590 5493 ;
3609 5437 3657 5481 et
3677 5432 3817 5495 [ilius

2237 5519 2300 5554 ac
2319 5509 2474 5568 pater
2496 5504 2608 5567 ejus
2634 5504 2815 5553 ierunt
2847 5504 2921 5552 ad
2952 5504 3213 5569 puellam,
3258 5508 3318 5553 ut
3339 5502 3602 5554 violarent
3627 5517 3815 5553 nomen

2237 5581 2487 5625 sanctum
2508 5590 2707 5628 meum.

2299 5645 2321 5675 ’³
2349 5646 2580 5698 Nullum
2606 5647 2722 5699 scio
2745 5659 2933 5711 neque
2958 5647 3030 5700 de
3058 5646 3427 5712 originalibus
3450 5644 3609 5696 libris
3636 5657 3815 5709 neque

2235 5716 2307 5770 de
2367 5718 2532 5771 variis
2587 5718 2842 5783 antiquis
2892 5719 3370 5772 translationibus
3409 5716 3643 5780 Latinis,
3690 5729 3812 5780 qua

2234 5803 2368 5842 cum
2410 5790 2590 5855 hujus
2630 5790 2875 5855 lectione
2896 5791 3024 5855 loci,
3075 5803 3253 5857 quam
3308 5790 3541 5857 prafert
3595 5791 3810 5851 Noster,

2235 5863 2560 5917 conveniat.
