3894 6402
78 388 232 443 ’1065

87 792 235 868 tiam
261 796 318 841 et
344 800 360 818 ³
406 797 732 857 superbiam
762 799 1012 848 libidinis
1045 806 1278 862 peccata
1324 792 1686 868 contingunt.

81 861 280 918 Filius,
309 864 514 925 inquit,
543 871 586 912 ct
608 861 1229 931 paterojusintroim-unl
1257 873 1328 919 ad
1346 861 1689 939 unanﬁnurl—

79 936 218 998 tam,
249 944 304 984 ut
327 938 585 986 violarent
612 958 806 990 nomen
831 951 1075 991 sanctum
1102 960 1296 995 meum.
1326 936 1601 1011 Ostendit,
1629 954 1686 1004 in

79 1020 237 1082 quos
264 1009 531 1082 cumulos
558 1012 1010 1075 delinquentium
1028 1019 1383 1069 consuetudo
1403 1009 1683 1082 procedat.

80 1079 297 1139 Primo,
330 1081 531 1142 inquit,
566 1084 788 1134 civibus
822 1087 1108 1147 justitiam
1143 1102 1200 1137 in
1239 1079 1491 1154 judiciis,
1517 1097 1685 1144 allec-

81 1155 248 1200 ctum
264 1153 322 1200 in
334 1155 763 1205 calamitatibus
781 1170 927 1220 nega
937 1159 1097 1208 vistis
1113 1173 1123 1207 :
1141 1165 1450 1221 sequutum
1465 1153 1554 1214 est
1573 1180 1684 1213 coii-

81 1222 270 1284 tinuo,
301 1227 364 1272 ut
387 1237 572 1286 neque
596 1231 817 1277 natur-.e
843 1229 1020 1291 ipsius
1052 1231 1203 1292 apud
1234 1234 1481 1294 vosjura
1496 1238 1683 1286 consi-

81 1298 323 1353 sterent,
355 1297 472 1368 sed
520 1297 590 1346 de
629 1300 859 1361 llagitiis
905 1299 976 1349 ad
1028 1300 1247 1351 incesta
1276 1306 1591 1368 venientes,
1625 1309 1680 1358 in

79 1370 281 1415 scorta
312 1365 411 1415 lilii
442 1380 572 1417 cum
597 1373 853 1431 patribus
878 1371 1188 1430 irruebant,
1211 1377 1273 1422 ut
1296 1375 1511 1425 nullam
1529 1365 1681 1430 reve-

79 1436 351 1494 rentiam,
379 1438 528 1487 sicut
547 1440 702 1501 prius
721 1440 963 1504 civibus,
980 1444 1059 1491 ita
1083 1443 1350 1507 deinceps
1369 1459 1556 1509 neque
1581 1464 1679 1512 ge-

79 1509 370 1558 nitoribus
386 1510 738 1561 exliibcrent.
755 1519 874 1571 Quo
901 1526 1037 1562 sane
1064 1518 1544 1568 vestrolacinoreb
1561 1509 1675 1568 sim-

75 1585 243 1628 ctum
270 1592 498 1642 quoque
521 1595 713 1632 meum
744 1597 951 1634 nomen
977 1586 1313 1649 violabatur,
1342 1592 1677 1650 colloquonti-

76 1651 191 1700 bus
227 1652 372 1702 inter
389 1666 449 1701 se
465 1654 732 1704 videlicet
756 1657 1053 1706 Gentibus.
1073 1657 1266 1717 Qualis
1284 1665 1373 1708 est
1395 1662 1673 1722 Deusille,

72 1723 250 1784 cujus
277 1723 374 1784 qui
412 1725 710 1786 peculiaris
742 1728 984 1789 populus
1009 1728 1232 1792 dicitur,
1261 1735 1375 1780 tam
1403 1733 1672 1784 deformis

71 1799 317 1855 apparet
334 1797 360 1841 -Ξ

348 1867 578 1919 Vers.8.
611 1894 668 1902 -η
703 1869 770 1916 Et
794 1883 953 1931 super
990 1869 1095 1933 [ΑΙ.
1134 1872 1450 1922 vestimentis
1478 1875 1666 1939 pigne-

72 1937 232 1999 ratisj
253 1938 561 1985 vestimenta
581 1939 869 2001 pignerata
887 1942 1412 2007 aceubueruntjuwta
1425 1937 1579 1996 omne
1591 1951 1668 1997 al-

74 2015 212 2065 tare,
241 2014 284 2055 et
313 2009 503 2056 viniun
527 2011 910 2059 damnatorum
938 2012 1176 2061 bibebant
1202 2017 1255 2062 in
1273 2018 1429 2065 domo
1447 2019 1541 2066 Dei
1563 2023 1666 2069 sui.

77 2083 213 2129 Erat
237 2081 471 2141 quidem
491 2094 864 2144 consequens,
893 2090 955 2132 ut
981 2085 1226 2136 cultores
1251 2088 1530 2139 idolorum
1561 2094 1668 2142 sub

73 2152 378 2214 multiplici
405 2153 659 2203 foeditate
685 2157 947 2204 consistei
962 2162 1058 2205 ent
1082 2157 1172 2206 liic
1197 2165 1406 2209 tamem
1433 2167 1671 2222 propheta

70 2226 134 2272 in
160 2224 402 2284 cunctis,
438 2237 590 2287 quae,
622 2228 809 2288 arguit
834 2228 970 2276 illud
998 2233 1157 2277 curat
1179 2232 1510 2297 exprimere,
1536 2235 1672 2296 quia

71 2294 246 2356 quasi
264 2295 454 2344 dedita
479 2309 649 2358 opera
672 2299 881 2346 divinis
907 2294 1670 2368 prieCeptionibusrepugna-

70 2371 222 2428 rent,
259 2379 358 2429 por
388 2380 517 2428 qua:
544 2381 742 2417 omnes
769 2373 986 2430 species
1015 2379 1430 2434 praeceptorum
1454 2377 1670 2427 scinde-

73 2443 220 2487 rent.
250 2437 379 2486 ideo
407 2443 590 2487 totum
617 2440 771 2499 quod
803 2453 859 2488 iii
888 2445 1012 2502 lege
1059 2445 1389 2503 prohibetur
1434 2459 1669 2497 enume-

71 2523 234 2570 rans,
258 2512 430 2559 etiam
459 2510 771 2573 pigiieratis
798 2525 895 2561 eos
926 2516 1180 2563 vestibus
1199 2517 1670 2582 incubuissepro-

71 2582 332 2632 nunciat.
358 2583 532 2629 Juxta
557 2599 710 2630 omne
735 2590 927 2633 autem
953 2588 1120 2632 altare
1145 2589 1441 2650 diligenter
1469 2594 1667 2652 adjecit,

69 2656 212 2718 quia
227 2668 355 2704 aras
375 2667 573 2704 eorum
597 2655 999 2717 multiplicarat
1027 2661 1312 2720 impietas.
1339 2665 1408 2711 lit
1429 2663 1554 2712 ideo
1591 2668 1670 2711 vi-

67 2741 216 2776 num
265 2726 669 2776 damnatorum
695 2729 987 2786 bibebant,
1015 2730 1073 2778 id
1097 2735 1202 2790 est,
1247 2737 1315 2781 de
1342 2746 1409 2782 ea
1432 2737 1671 2796 pecunia

67 2799 455 2861 epulabantur
479 2799 542 2847 iu
564 2800 808 2862 templis,
828 2811 1002 2862 quam
1015 2810 1349 2865 acceperant
1373 2819 1443 2854 ex
1475 2807 1671 2867 pi'eciis

67 2871 490 2933 innocentium,
517 2870 786 2920 nimirum
813 2877 883 2922 de
918 2874 1128 2934 quibus
1153 2883 1321 2937 paulo
1345 2882 1476 2927 ante
1508 2880 1670 2939 dixit,

67 2944 209 3005 quia
223 2942 617 2992 vendidissent
639 2947 875 3006 argento
893 2945 1138 3006 justum,
1166 2953 1224 2996 et
1246 2961 1556 3011 pauperem
1571 2963 1671 3013 pro

65 3014 480 3064 calciamentis.

41 3079 62 3125 ἴ
137 3087 364 3137 V'ers.9.
386 3085 470 3137 10.
496 3086 683 3148 —-Ego
716 3091 894 3133 autem
907 3090 1267 3137 cxterminavi
1291 3091 1672 3140 Amorrhaeum

67 3175 104 3206 α
127 3158 270 3219 facie
296 3172 497 3216 eorum,
526 3158 679 3220 cujus
722 3158 948 3205 altitudo
972 3162 1253 3207 cedi-orum
1288 3162 1513 3210 altitudo
1540 3164 1668 3227 ejus,

66 3236 115 3278 et
139 3230 299 3291 fortis
336 3229 443 3291 ipse
480 3230 636 3291 quasi
660 3245 884 3292 quercus
915 3247 923 3276 :
969 3237 1012 3278 et
1045 3234 1271 3280 contrivi
1295 3234 1535 3294 fructum
1558 3236 1670 3298 ejus

66 3303 316 3364 desuper,
346 3307 390 3348 et
413 3302 618 3348 radices
643 3317 754 3363 ejus
779 3302 968 3351 subter.
997 3304 1107 3366 Ego
1136 3322 1256 3352 sum.
1281 3321 1376 3368 qui
1402 3312 1677 3359 ascendere

66 3388 160 3421 vos
183 3380 286 3435 [cci
311 3372 373 3419 de
419 3378 562 3420 terra
584 3374 824 3436 [ng/pii,
868 3380 911 3420 et
954 3376 1118 3422 eduwi
1165 3391 1252 3424 vos
1280 3393 1377 3439 per
1410 3378 1670 3430 desertum

63 3447 180 3509 [ΑΙ.
208 3445 271 3491 in
295 3443 510 3505 deserto]
528 3446 896 3507 quadraginta
920 3447 1102 3508 annis,
1136 3454 1187 3494 ut
1207 3449 1542 3510 possideretis
1567 3458 1669 3500 ter-

64 3535 191 3566 ram
219 3517 538 3566 Amorrhazi'.
567 3519 743 3567 Tenet
780 3519 1257 3569 consuetudinem
1286 3535 1470 3585 suam,
1511 3531 1570 3574 ut
1595 3528 1666 3579 ad

63 3589 530 3654 exasperandum
555 3589 910 3651 ingratorum
940 3591 1178 3650 facinus,
1214 3594 1489 3643 beneficia
1520 3609 1666 3659 pra)-

64 3665 254 3712 missa
277 3666 703 3711 commemoret.
731 3663 800 3711 Et
819 3663 947 3711 ideo
962 3667 1273 3725 postquam
1299 3678 1495 3715 eorum
1512 3683 1663 3727 prava

61 3743 123 3786 et
155 3734 396 3798 profana
425 3733 634 3796 studia,
660 3733 868 3794 quibus
894 3740 1055 3783 erant
1079 3736 1273 3797 dediti,
1297 3746 1661 3804 percucurrit,

61 3812 352 3856 bonorum
370 3817 599 3867 quoque
616 3805 984 3867 mentionem,
1007 3807 1218 3868 quibus
1241 3809 1409 3870 [rem
1425 3826 1635 3870 quorum
1642 3821 1657 3877 J

57 3891 162 3930 eos
189 3876 402 3928 oblivio
428 3882 670 3939 ceperat,
689 3878 1016 3926 intromisit.
1035 3884 1115 3928 Ac
1138 3879 1186 3927 si
1207 3879 1421 3931 diceret
1446 3883 1584 3932 satis
1603 3876 1661 3934 se

59 3952 246 4001 fuisse
271 3950 593 4012 deceptum,
620 3954 718 4010 qui
749 3950 1018 4011 antiquas
1045 3954 1272 4010 Gentes,
1301 3955 1501 4004 robore
1531 3955 1658 4004 viri-

58 4028 287 4085 busque
313 4026 658 4084 potiores,ut
680 4021 771 4070 his
788 4023 1064 4072 habitatio
1091 4030 1403 4086 pararetur,
1428 4030 1660 4089 expule-

53 4100 150 4154 rit,
177 4106 312 4144 cum
338 4094 398 4142 iii
420 4092 735 4155 gloriosum
769 4097 1059 4143 certamen
1086 4095 1432 4158 existiment,
1460 4102 1508 4146 si
1537 4098 1658 4148 illo—

52 4181 187 4218 rum
211 4167 452 4215 crimina
489 4169 546 4214 et
570 4166 918 4215 aemulentur
941 4170 996 4215 et
1022 4172 1308 4228 superent.
1340 4169 1453 4231 Ego
1479 4175 1657 4217 autem

49 4245 255 4288 externi
266 4239 317 4285 in
327 4239 415 4285 aui
428 4238 469 4284 Α
479 4238 800 4285 morr/imum
811 4252 853 4301 ,e
863 4252 892 4284 u
890 4237 918 4300 j
924 4253 982 4285 us
994 4239 1221 4286 altitudo
1234 4241 1376 4288 cedri
1389 4242 1555 4288 simili
1563 4247 1653 4302 ter,

49 4318 95 4361 et
119 4312 277 4375 fortis
304 4312 411 4373 ipse
428 4313 585 4373 quasi
631 4324 887 4374 quercus;
913 4312 1406 4370 contrivifructum
1430 4314 1542 4378 ejus
1567 4315 1655 4363 cle-

48 4400 234 4448 siiper,
260 4390 302 4432 et
327 4384 531 4430 radices
555 4383 601 4445 ej
609 4396 665 4429 us
689 4381 861 4430 subter
895 4382 1046 4445 [ΑΗΕ.
1070 4384 1264 4446 super].
1294 4386 1527 4448 Silvam,
1561 4389 1655 4437 in-

50 4459 198 4520 quit,
219 4457 488 4506 Gentium
505 4456 676 4517 longa
687 4457 808 4517 jam
826 4461 995 4505 aetate
1019 4458 1370 4517 pervalidam
1393 4458 1471 4508 ita
1484 4459 1652 4509 celsis

56 4529 374 4580 verticibus
387 4529 850 4590 comminantem,
877 4533 934 4578 et
958 4528 1256 4590 profundis
1281 4531 1654 4580 radicibusin-

49 4605 335 4651 nitentem
353 4602 608 4662 sedulus,
625 4603 786 4662 quasi
804 4605 1124 4650 castrorum
1150 4610 1165 4628 ε
1183 4605 1426 4652 metator
1449 4603 1652 4666 excidi,

48 4687 120 4724 ne
146 4672 519 4723 habitationis
544 4673 691 4721 levia
715 4671 916 4721 saltem
933 4673 1341 4736 impedimenta
1356 4675 1648 4742 sentirent.

48 4755 90 4804 ι)
101 4743 338 4806 uicquid
351 4756 486 4807 ergo
499 4745 717 4794 roboris
734 4744 976 4805 fuerant,
998 4747 1255 4809 stirpitus
1269 4760 1359 4796 am
1367 4748 1581 4810 putavi,
1599 4755 1651 4794 ut

51 4817 458 4880 indigenarum
483 4817 666 4878 silvae,
681 4829 825 4878 quas
848 4819 1224 4868 amoliebatur
1245 4826 1441 4868 nostra
1460 4826 1653 4867 senten-

52 4890 150 4952 tia,
177 4901 549 4951 nequaquam
574 4890 814 4939 ulterius
840 4889 1313 4953 pullularent,sed
1327 4891 1546 4942 collata:
1564 4891 1652 4941 vi-

49 4963 253 5012 ctoriae
265 4961 476 5023 gaudia
487 4963 763 5011 securitas
777 4961 1065 5012 cumulata
1079 4968 1419 5026 sequereter.
1440 4966 1650 5018 Quidni?

50 5047 186 5084 cum
209 5038 294 5084 eis
325 5035 494 5084 etiam
514 5036 716 5098 priscis
741 5036 1088 5099 temporibus
1118 5037 1393 5088 beneficia
1405 5040 1653 5086 contulis-

50 5119 177 5158 sem
195 5109 222 5154 ‘I
247 5108 391 5157 Nam
412 5120 545 5157 cuin
566 5109 827 5171 ASgyptia
850 5113 1047 5159 essent
1070 5114 1344 5161 servitute
1370 5110 1650 5174 depressi,

114 5261 134 5281 ⁸
162 5255 368 5314 Antea,
393 5256 436 5299 el
461 5253 688 5314 superba
712 5253 953 5301 libidinis
979 5258 1207 5317 peccata,
1239 5256 1352 5304 etc.

115 5325 134 5352 "
159 5329 402 5375 Lectum
416 5326 618 5375 vitiose
651 5325 932 5375 hactenus
955 5328 1251 5373 secundum
1267 5342 1355 5386 pro
1389 5331 1654 5377 san-ctum.

115 5407 133 5425 ⁶
168 5401 364 5458 Atque
411 5397 536 5446 heic
595 5399 798 5447 vitiose
840 5403 1042 5445 meutor
1092 5398 1406 5463 legebatur.
1440 5400 1659 5462 Hujus-

52 5470 208 5521 modi
239 5471 350 5519 alia
380 5482 533 5531 saepe
559 5473 712 5518 taciti
739 5472 1108 5532 castigamus.

116 5541 136 5568 "
173 5542 362 5591 Verba
397 5547 531 5591 sunt
577 5543 721 5590 sacri
776 5545 955 5589 Texius
993 5559 1120 5594 vers.
1153 5548 1206 5594 11
1250 5549 1294 5590 et
1318 5558 1420 5603 seq.
1449 5543 1516 5591 Et
1545 5557 1658 5590 sus-

52 5613 218 5663 citavi
243 5618 306 5679 ac
328 5614 456 5674 ﬁliis
491 5615 672 5662 vestris
700 5615 757 5661 in
781 5616 1092 5678 prop/ictas,
1115 5622 1156 5664 et
1184 5618 1244 5663 tle
1260 5615 1547 5679 juvenibus
1572 5630 1658 5663 vc-

51 5689 176 5737 stris
199 5675 518 5736 Nazarwos:
562 5675 833 5750 numquid
872 5675 983 5735 non
1017 5675 1092 5736 ita
1139 5694 1207 5737 est
1240 5675 1344 5750 [itii
1367 5687 1546 5750 Israel,
1576 5688 1661 5735 tli-

54 5762 120 5808 eit
152 5761 444 5810 Dominus.
469 5760 535 5808 Et
557 5759 933 5824 propinabatis
953 5760 1228 5809 Nasaraeis
1246 5762 1452 5823 vinum,
1472 5767 1662 5824 etpra-

51 5835 227 5898 phctis
251 5832 597 5883 mandabalis
627 5834 868 5896 dicentes,
896 5835 975 5884 A'c
1009 5835 1350 5899 prophetetis.

116 5917 134 5937 ·
171 5912 375 5961 Deerat
421 5910 553 5970 suis,
581 5909 735 5974 quod
767 5910 1009 5965 aliorum
1031 5909 1369 5962 auctoritate
1389 5905 1664 5958 librorum

57 5995 376 6048 pronomen
403 5983 759 6035 suiIecimus.

349 6107 606 6162 PATROL.
647 6105 812 6159 XXI.

1267 404 1341 454 IN
1377 405 1571 458 AMOS
1607 409 2190 468 COMMENTARIUS.

82 505 774 582 sensu_delinquentium
801 518 1011 574 reatus,
1027 514 1157 576 quia
1177 515 1369 566 dedita
1382 531 1569 580 opera,
1583 537 1695 582 quae

82 581 259 651 erant
279 578 529 651 funesta,
553 587 856 646 sectantes,
890 598 1006 635 non
1033 585 1216 636 solum
1253 578 1561 651 negligere,
1591 578 1690 644 sed

81 647 267 721 etiam
306 649 497 700 odisse
534 653 815 713 justitiam
855 655 1218 718 deteguntur.
1273 647 1456 721 Perth
1497 647 1688 715 autem

85 718 373 781 propheta
387 723 621 772 crimini
636 726 861 776 diversa
873 741 1206 785 memorare;
1221 741 1354 779 nam
1369 718 1475 790 post
1487 737 1499 779 i
1510 738 1555 793 uj
1567 741 1687 783 usti-

1678 4712 1730 4784 D

3253 430 3392 490 1066

1716 529 1769 601 Α
1797 527 1867 577 ad
1882 531 2033 603 celsa
2055 543 2153 603 eos
2177 531 2456 584 libertatis
2473 537 2631 588 erexi
2652 542 2739 589 :et
2763 551 2862 603 per
2893 540 3078 592 invias
3092 545 3394 598 solitudines

1795 600 2172 676 quadraginta
2187 605 2353 676 annis
2372 607 2562 658 cibum
2587 600 2904 674 potumque
2920 613 3212 665 miraculis
3226 618 3391 668 suffl-

1792 673 1948 746 ciens
1968 673 2296 746 rCll'CUl‘llt’gl,
2333 682 2398 726 ut
2426 684 2719 740 possessio
2753 673 3020 745 felicium,
3049 698 3180 746 quae
3205 687 3391 742 fuerat

1791 740 2036 817 decreta,
2063 748 2339 795 terrarum
2373 761 2439 797 eo
2480 750 2704 802 dulcius
2741 757 2983 816 saperet,
3011 740 3137 817 quo
3165 740 3389 812 tardius

1789 815 2149 888 contigisset:
2177 818 2459 884 simulque
2481 815 2910 884 cognoscerent,
2932 815 3086 888 quod
3100 828 3217 879 vita
3232 834 3388 880 homi-

1787 884 1877 961 nis
1897 898 2011 934 non
2036 888 2094 935 iii
2112 888 2392 940 fertilitate
2419 893 2706 954 arborum,
2730 896 2830 946 sed
2856 898 2914 946 in
2940 884 3042 947 Dei
3077 901 3386 961 providen-

1789 955 1864 1003 tia
1878 958 2234 1032 gubernante
2247 963 2605 1016 consisteret.
2625 969 2659 1015 Ν
2671 980 2734 1017 ec
2750 973 2938 1018 tamen
2954 955 3176 1032 praesen
3186 973 3257 1022 tis
3271 977 3384 1023 vitai

1787 1027 2099 1104 contulisse
2139 1035 2357 1104 tantum
2391 1033 2777 1088 instrumenta
2810 1027 3136 1104 contentus,
3164 1044 3384 1095 reddidi

1789 1109 1890 1175 vos
1904 1111 2002 1160 per
2015 1100 2288 1177 spiritalia
2301 1116 2527 1177 quoque
2541 1115 2876 1161 ornamenta
2887 1100 3384 1177 conspicuos,“sus~

1785 1169 1986 1228 citatis,
2012 1171 2301 1248 iiiqiiii.,_(te
2331 1176 2461 1233 [iliis
2487 1181 2667 1226 vestris
2688 1183 2994 1244 prophetas,
3024 1169 3068 1231 ἐι
3093 1185 3154 1232 de
3168 1169 3382 1248 jubeni~

1784 1241 1876 1285 bus
1902 1242 2082 1288 vestris
2108 1242 2162 1289 in
2194 1242 2246 1308 5
2264 1243 2280 1309 |
2298 1243 2349 1309 5
2374 1241 2701 1310 A'i‘rz-a'rzeos;
2717 1252 2774 1301 id
2789 1241 2901 1315 est,
2919 1258 2984 1303 ut
3007 1241 3275 1317 peculiari
3300 1263 3381 1306 de-

1783 1313 2028 1388 votione,
2049 1315 2125 1388 ita
2141 1319 2312 1365 etiam
2333 1313 2924 1374 sacrailluminatione
2940 1313 3237 1387 pollentes,
3256 1344 3378 1388 quo-

1781 1395 1906 1432 rum
1928 1384 2052 1433 aliis
2082 1384 2404 1436 futurorum
2420 1395 2572 1440 certa
2598 1394 2868 1456 cognitio,
2890 1384 3016 1445 aliis
3043 1384 3377 1450 delictorum

1779 1460 1934 1504 esset
1957 1455 2201 1517 gloriosa
2219 1462 2520 1511 contentio.
2547 1464 2686 1513 llazc
2705 1455 2898 1515 tamen
2919 1480 3024 1518 vos
3049 1470 3239 1520 omnia
3263 1483 3377 1522 non

1780 1529 1965 1578 solum
1985 1529 2168 1602 viliter
2184 1531 2540 1597 aestimastis,
2561 1549 2765 1586 verum
2783 1539 3256 1602 etiamimpendio
3282 1559 3375 1590 res-

1780 1600 2306 1662 puistis,audientes
2320 1609 2378 1654 et
2392 1607 2780 1668 prophetis,ne
2799 1600 3250 1664 vaticinarentur
3264 1615 3376 1664 edi-

1775 1683 1920 1734 cere,
1969 1676 2027 1721 et
2052 1672 2338 1723 Nazarieis
2370 1676 2588 1739 vinum,
2621 1690 2733 1740 quo
2752 1679 3186 1745 inebriarentur,
3218 1685 3373 1747 inge-

1774 1754 1912 1791 ΓΟΓΟ.

1837 1815 1995 1864 VL‘PS-
2031 1845 2088 1853 —-
2136 1817 2336 1872 13.46.
2388 1819 2518 1867 Eccc
2577 1819 2802 1869 stridebo
2867 1823 3043 1871 subter
3105 1839 3192 1873 vos
3237 1826 3370 1875 sicut

1769 1885 2267 1950 striitrtptanstrum
2286 1896 2540 1937 onustum
2566 1891 2726 1952 [ωηο.
2755 1893 2820 1940 Et
2843 1893 3040 1956 peribit
3063 1895 3200 1959 fuga
3222 1913 3257 1944 a
3288 1913 3372 1944 ve-

1770 1955 1889 2014 loce,
1926 1965 1971 2005 et
2009 1961 2164 2020 fortis
2204 1977 2312 2009 non
2358 1961 2608 2009 obtinebit
2657 1955 2907 2012 virtutem
2935 1981 3113 2025 suam,
3132 1955 3192 2014 ἐι
3215 1968 3371 2017 robu-

1769 2032 1878 2073 stus
1908 2044 2017 2076 non
2043 2032 2262 2080 satvabit
2291 2033 2539 2080 animam
2563 2049 2754 2092 suam;
2785 2043 2830 2083 et
2848 2041 3024 2085 tenens
3046 2053 3236 2086 arcum
3262 2055 3372 2088 non

1767 2098 1940 2161 stabit,
1978 2106 2021 2148 et
2050 2103 2196 2151 velox
2221 2104 2442 2166 pedibus
2461 2105 2607 2152 suis'
2632 2121 2741 2152 non
2765 2107 3076 2166 saluati-itur,
3110 2115 3155 2156 ct
3176 2124 3362 2158 ascen-

1769 2173 1989 2234 sorequi
2006 2189 2115 2221 non
2147 2175 2372 2222 satvabit
2403 2181 2654 2223 animam
2668 2191 2825 2224 suam
2847 2193 2865 2236 ;
2889 2184 2935 2225 et
2953 2178 3194 2228 robustus
3219 2184 3371 2229 corde

1772 2244 1907 2289 inter
1935 2244 2097 2305 fortes
2138 2248 2323 2294 nudus
2366 2246 2538 2309 fugiet
2576 2249 2634 2294 in
2664 2247 2749 2295 die
2785 2249 2898 2311 illa,
2927 2250 3054 2298 dicit
3083 2251 3366 2302 Dominus.

1768 2315 2066 2365 Familiare
2089 2317 2391 2379 Scripturis
2410 2318 2589 2368 sacris
2615 2323 2721 2382 est,
2750 2325 2813 2370 ut
2831 2319 3183 2383 imaginibus
3195 2323 3368 2374 etiam

1770 2386 1839 2435 de
1862 2388 2085 2449 exiguis
2111 2390 2282 2438 rebus
2297 2389 2440 2439 forte
2468 2394 2769 2453 susceptis,
2792 2392 2864 2442 ad
2891 2393 2998 2442 hoc
3018 2394 3171 2456 quod
3195 2408 3370 2458 expe-

1770 2459 2078 2508 rimentum
2102 2461 2341 2523 cupivit,
2379 2464 2717 2512 abutantur:
2737 2463 2931 2513 sedita
2957 2470 3022 2514 ut
3043 2470 3365 2526 mysticorum

1769 2530 1829 2579 in
1844 2530 1933 2579 his
1957 2543 2236 2582 sensuum
2257 2532 2489 2582 medula
2508 2534 2806 2585 consistat.
2825 2535 2982 2586 Unde
3006 2540 3063 2594 et
3083 2550 3236 2588 nunc
3248 2542 3370 2599 quia

1770 2603 1868 2652 diu
1898 2608 2236 2663 peccantem
2265 2605 2540 2666 populum
2560 2606 2758 2665 justus
2787 2609 2999 2658 arbiter
3025 2612 3366 2669 sustinebat,

1770 2678 2071 2724 oneratum
2095 2687 2155 2724 se
2170 2675 2409 2737 plaustri
2429 2676 2608 2725 instar
2628 2678 2894 2737 asseruit,
2911 2679 3010 2728 sed
3023 2680 3116 2730 cui
3140 2693 3286 2730 onus
3303 2686 3368 2727 vi-

1767 2746 1838 2795 lis
1860 2746 2116 2797 materia)
2141 2747 2497 2809 contigisset.
2539 2750 2699 2808 Quod
2726 2761 2860 2811 ergo
2888 2752 2984 2810 ait,
3008 2751 3234 2799 stridebo
3256 2754 3371 2800 sub-

1772 2825 1846 2866 ter
1890 2833 1976 2866 vos
2031 2821 2166 2866 sicut
2217 2819 2527 2882 plaustrum
2584 2827 2840 2869 onustum
2888 2823 3061 2885 faeno,
3117 2838 3236 2876 non
3290 2827 3369 2876 ita

1772 2889 1953 2940 voluit
2007 2890 2286 2955 intelligi,
2354 2895 2418 2940 ut
2482 2892 2642 2942 aliter
2705 2893 2992 2945 videretur
3045 2896 3366 2958 plaustrum

1770 2962 1923 3012 foeno
1937 2962 2169 3025 plenum
2195 2963 2454 3026 stridere,
2487 2965 2649 3014 aliter
2680 2971 2950 3028 argento:
2983 2970 3083 3018 sed
3111 2969 3246 3030 quia
3269 2972 3367 3018 sibi

1774 3034 2205 3084 similitudinem
2224 3037 2462 3097 plaustri
2483 3035 2778 3086 stridentis
2794 3039 3048 3100 aptabat,
3070 3053 3248 3087 sensus
3264 3047 3366 3088 arte

1774 3107 2124 3169 permiscuit,
2150 3119 2215 3155 ac
2242 3107 2289 3155 si
2314 3105 2550 3156 diceret:
2572 3106 2956 3169 siplaustrum
2985 3114 3259 3161 onustum
3279 3113 3366 3158 ha-

1769 3179 1927 3228 beret
1940 3177 2302 3227 discernendi
2314 3179 2562 3239 aliquam
2581 3177 2930 3242 facultatem,
2946 3180 3367 3232 videlicetindi-

1769 3249 2041 3313 gnaiitius
2067 3249 2190 3299 sine
2215 3249 2389 3299 dubio
2407 3250 2685 3312 strideret,
2722 3252 2771 3300 si
2790 3252 2943 3315 vilia,
2969 3264 3142 3315 quam
3167 3255 3214 3302 si
3237 3266 3366 3316 pre-

1706 3323 1753 3396 C
1777 3333 1924 3396 tiosa
1947 3325 2210 3396 portaret.
2226 3323 2311 3372 Ita
2326 3334 2458 3384 ergo
2478 3322 2626 3371 sicut
2650 3324 2963 3396 Apostolus
2986 3327 3169 3384 docet,
3197 3338 3367 3389 super

1772 3393 2061 3456 religionis
2080 3393 2510 3443 fundamentum
2526 3407 2622 3457 pro
2648 3395 2983 3446 diversitate
3000 3399 3362 3448 meritorum:

1773 3466 1865 3515 alii
1901 3469 1965 3514 ut
1988 3476 2212 3524 aurum,
2244 3471 2566 3527 argentum,
2589 3466 2920 3529 lapidesque
2946 3470 3245 3531 pretiosos,
3271 3470 3364 3520 alii

1775 3539 2178 3598 sicutl‘mnum,
2205 3537 2360 3599 ligna
2385 3538 2624 3600 stipulas
2653 3548 2970 3602 congerunt
2994 3538 3063 3600 (1.
3099 3542 3216 3589 Cor.
3251 3539 3320 3603 3.)
3349 3555 3362 3591 :

1771 3609 1972 3659 merito
2010 3609 2163 3658 Deus
2191 3613 2386 3659 noster
2409 3611 2683 3671 majorem
2710 3622 2771 3660 se
2807 3612 3088 3661 sarcinam
3109 3624 3362 3675 pronun-

1772 3681 1883 3730 ciat
1907 3679 2167 3742 experiri,
2187 3692 2384 3729 eorum
2399 3685 2631 3742 peccata
2653 3681 2964 3744 tolerando,
2977 3684 3036 3732 in
3060 3683 3270 3745 quibus
3286 3684 3359 3734 ni-

1770 3751 1845 3800 hil
1871 3757 2042 3814 queat
2065 3752 2134 3800 de
2159 3752 2425 3813 pretiosis
2454 3751 2659 3800 studiis
2684 3753 2945 3816 reperire,
2973 3753 3074 3804 sed
3107 3753 3206 3816 qui
3239 3767 3362 3805 om-

1767 3835 1871 3872 nes
1901 3822 1973 3872 ad
2000 3823 2115 3871 vile
2143 3825 2383 3884 i‘mnum,
2410 3822 2564 3884 quod
2588 3823 2749 3872 facile
2774 3824 3008 3884 ignibus
3021 3833 3356 3886 consumatur,

1766 3897 2151 3949 accesserunt.
2193 3894 2335 3942 Cum
2371 3896 2566 3942 autem
2611 3893 2911 3954 striduero,
2959 3896 3016 3943 id
3059 3899 3163 3954 est,
3190 3895 3358 3945 infre-

1764 3961 1981 4028 muer'o,
2007 3967 2199 4014 vestra
2219 3962 2368 4013 illico
2381 3964 2472 4014 vel
2490 3965 2813 4026 arrogantia
2825 3977 2916 4015 vei
2938 3966 3148 4016 ﬂducia
3165 3966 3354 4029 dispe-

1761 4037 1912 4086 ribit.
1941 4039 2066 4086 Non
2077 4035 2231 4085 enim
2242 4035 2512 4086 velocitas
2525 4047 2871 4097 quemquam
2885 4036 3352 4100 subducetexiiio,

1761 4120 1876 4158 non
1901 4111 2156 4170 proteget
2178 4106 2448 4157 fortitudo
2469 4119 2810 4170 pugnacem.
2827 4120 2946 4158 non
2964 4113 3254 4171 postremo
3271 4128 3355 4174 pe-

1761 4179 1946 4229 ditum
1968 4181 2139 4242 acies,
2163 4191 2277 4228 non
2293 4179 2547 4241 equitum
2562 4178 2840 4242 manipuli
2865 4180 3121 4232 divinam
3151 4195 3353 4237 senten-

1761 4251 1898 4301 tiam
1923 4255 2298 4302 morabuntur
2313 4266 2333 4324 gz
2367 4251 2468 4300 sed
2492 4252 2765 4324 quierant
2778 4250 3026 4301 bellandi
3050 4259 3172 4304 arte
3196 4257 3350 4324 clari,

1757 4325 2038 4387 optabunt
2059 4324 2290 4373 amissis
2310 4322 2486 4372 latere
2515 4323 2958 4385 tegminibus,ut
2982 4326 3073 4376 vel
3089 4325 3254 4378 ‘nudi
3277 4322 3348 4381 ad

1759 4396 2029 4447 tuendam
2067 4395 2242 4444 vitam
2274 4398 2509 4444 utantur
2530 4394 2778 4443 latebris.
2806 4397 2946 4454 Quae
2980 4400 3174 4448 omnia
3200 4404 3349 4452 mala

1753 4468 1946 4519 hostili
1970 4467 2198 4516 evenire
2213 4465 2462 4525 victoria,
2475 4466 2680 4514 annuis
2700 4465 2884 4527 magis
2903 4466 3180 4528 cladibus,
3196 4486 3345 4530 quam

1753 4539 2055 4589 annalibus
2079 4537 2723 4598 literiscomprobamus.
2739 4537 2803 4585 ln
2826 4538 2934 4586 hoc
2955 4541 3079 4588 loco
3108 4551 3245 4591 sane
3267 4545 3348 4591 Ju-

1755 4613 1866 4661 daei
1891 4610 2178 4671 quandam
2214 4608 2539 4671 opinionem
2573 4609 2913 4669 sequuntur,
2941 4616 2956 4644 ε
2984 4609 3344 4665 diversorum

1755 4681 2016 4732 videlicet
2027 4681 2238 4730 ducum
2252 4679 2480 4730 diverso
2491 4683 2768 4741 apparatu
2781 4679 3037 4742 signatas
3051 4683 3229 4735 fuisse
3241 4701 3348 4746 per-

1752 4766 1923 4807 sonas
1941 4770 1950 4800 :
1972 4751 2125 4814 quod
2136 4763 2242 4802 nos
2261 4763 2380 4802 non
2391 4761 2586 4811 magni
2600 4750 2870 4814 ponderis
2883 4753 3266 4821 aestimantes,
3283 4762 3344 4806 ad

1749 4827 1858 4878 alia
1899 4828 2285 4876 transeamus.

2363 4938 2594 4990 CAPUT
2637 4939 2731 4989 III.

1834 5019 1990 5089 5|6
2029 5021 2188 5072 Vers.
2244 5018 2294 5072 1.
2328 5016 2378 5071 2.
2409 5044 2470 5055 -
2499 5019 2695 5068 Audite
2730 5019 2946 5068 verb-um
2969 5021 3114 5083 quod
3143 5021 3344 5072 locutus

1751 5100 1823 5145 est
1845 5096 2111 5144 Domi-nus
2133 5106 2293 5156 super
2312 5106 2417 5156 vos,
2434 5090 2538 5155 ﬁlii
2569 5091 2751 5151 Israel,
2786 5106 2946 5155 super
2974 5093 3124 5140 omni
3145 5108 3344 5157 cogna-

1817 5239 1835 5272 τ
1855 5241 2039 5289 Antea
2062 5237 2243 5298 nudis,
2274 5235 2512 5287 Leviora
2531 5234 2589 5286 id
2612 5246 2797 5299 genus
2820 5233 3031 5286 menda
3052 5235 3164 5287 alia
3189 5238 3345 5290 taciti

1755 5313 2125 5375 castigamus.

1818 5395 1834 5421 ε
1859 5385 2122 5447 singulos
2157 5381 2350 5432 laudat
2379 5380 2449 5431 de
2481 5379 2709 5432 nomine
2735 5391 2808 5429 ex
2833 5379 3205 5430 Hebrmorum
3231 5384 3343 5433 tra-

1756 5459 1968 5509 ditione
1993 5456 2406 5517 Hieronymus:
2436 5466 2536 5503 nec
2567 5453 2704 5502 milii
2732 5452 2970 5501 dubium
2985 5457 3090 5515 est,
3113 5453 3253 5514 quin
3273 5467 3345 5504 ex

1758 5545 1823 5582 eo
1845 5533 2046 5580 Noster
2067 5527 2376 5589 acceperit;
2402 5526 2577 5574 miror
2601 5525 2780 5588 magis
2805 5525 2957 5588 quod
2980 5537 3097 5575 non
3121 5526 3349 5576 acriori-

1760 5606 1868 5654 bus
1893 5603 1962 5653 de
1987 5612 2142 5650 more
2164 5598 2348 5650 verbis
2375 5610 2549 5659 quam
2572 5597 3149 5659 respuitsententiam
3161 5599 3264 5648 abs
3282 5601 3340 5649 S.

1760 5678 2001 5726 Doctore
2033 5670 2329 5722 laudatum
2356 5669 2716 5732 perstringat,
2755 5668 3000 5727 Velocem,
3028 5669 3214 5730 inquit
3235 5669 3348 5734 ille,

1760 5747 1965 5797 Hebraei
2015 5745 2314 5805 Jeroboam,
2358 5741 2537 5805 [it-ium
2592 5739 2830 5802 Nabath,
2882 5740 3208 5803 intelligunt,
3254 5747 3348 5804 qui

1758 5821 1916 5884 prius
1939 5819 2001 5867 in
2023 5818 2321 5881 /Egyplum
2356 5813 2628 5878 fugerat...
2664 5814 2856 5872 fortem,
2882 5814 3066 5861 Busan
3092 5813 3354 5877 interpre-

1766 5899 1971 5951 tantur,
2004 5891 2098 5955 qui
2126 5890 2235 5952 fuit
2272 5888 2344 5936 ad
2387 5885 2517 5935 bella
2544 5885 3002 5950 promtissimus...
3029 5886 3352 5937 robustum.

1764 5965 1923 6014 Amri
1937 5965 2174 6012 sentiunt
2199 5978 2212 6014 :
2239 5966 2284 6011 et
2308 5965 2509 6013 tenens
2532 5970 2746 6019 arcum,
2774 5957 2836 6008 de
2851 5958 2987 6023 Jegu
3008 5958 3123 6022 ﬁlio
3137 5958 3353 6022 Ma'msi,

3000 6077 3069 6134 34
