3894 6396
47 410 204 466 1069

1252 417 1327 467 ΙΝ
1360 417 1554 469 AMOS
1591 417 2169 472 COMMENTARIUS.

3223 432 3362 489 1070

49 524 369 604 nescierunt
394 523 566 585 facere
591 530 808 604 rectum.
835 525 962 606 dicit
994 525 1277 587 Dominus,
1306 529 1674 579 thesaurizan-
1697 535 1751 610 Α
1777 529 1881 593 [ΑΙ.
1901 534 2042 593 cum]
2059 533 2272 581 visitare
2303 548 2496 596 σαψιννό
2519 535 2986 596 praevaricationes
3009 540 3189 598 Israel,
3208 560 3367 608 super

47 602 123 643 (es
155 595 509 658 iniquitatem
535 600 578 642 et
599 596 804 658 rapitas
834 597 885 645 in
916 598 1111 646 rudibus
1141 601 1269 648 suis.
1300 604 1444 649 Tenet
1484 618 1667 650 morem

51 680 241 717 suum
267 680 456 717 sermo
483 666 734 716 divinus:
773 674 839 717 ut
862 675 1076 731 quanta
1102 672 1435 723 dillicuétate
1457 674 1527 722 ad
1551 665 1702 723 vini"

51 738 383 788 dicandum
400 744 710 796 moveatur,
725 739 999 803 adsignet.
1019 743 1148 791 Ideo
1167 747 1222 791 et.
1241 758 1390 792 nunc
1413 754 1665 804 postquam

49 810 304 860 schema
323 810 548 859 terroris
574 811 864 872 explicuit,
898 815 1098 875 repetit
1129 819 1184 863 et
1210 820 1667 874 retinet-itquere—

49 884 165 942 las,
214 882 553 942 vicinosque
587 883 825 944 pepulos
872 885 1128 948 pra-cipit
1158 888 1470 942 convocari,
1500 893 1561 936 ut
1587 887 1666 936 vi-

48 954 260 1012 deant,
302 954 512 1015 quibus
539 953 625 1002 ill-i
651 954 952 1016 plebsolim
972 959 1073 1006 Dei
1100 958 1273 1019 sqnala
1297 963 1352 1007 at
1380 959 1663 1020 sordibus,

51 1026 352 1087 i'uriatque
371 1025 722 1075 criminibus.
741 1025 1078 1090 Allophylis,
1099 1029 1298 1090 inquit,
1319 1034 1371 1077 et
1390 1031 1663 1091 .iﬁgvptiis

47 1098 331 1146 nunciate
359 1101 424 1145 ut
448 1103 869 1157 congregentul'
893 1100 1056 1160 quasi
1088 1103 1157 1149 ad
1187 1105 1578 1162 spectaculum
1607 1103 1663 1150 in

49 1172 292 1217 montes
326 1168 615 1228 Samaria),
637 1169 688 1217 id
712 1175 816 1226 est,
837 1184 906 1220 ex
933 1184 1126 1220 eorum
1145 1181 1159 1198 ε·
1199 1174 1349 1223 edito
1370 1172 1542 1222 valles
1569 1186 1664 1222 ur-

49 1243 284 1302 besque
299 1239 958 1301 despiciantetconsidei
975 1249 1189 1293 entnec
1205 1245 1482 1305 flagitium
1502 1247 1660 1291 ullum

44 1326 209 1374 esse,
233 1325 338 1362 nec
370 1312 590 1360 facinus
618 1314 768 1373 quod
801 1326 911 1362 non
952 1314 1076 1366 dico
1103 1329 1298 1365 eorum
1327 1316 1533 1365 studiis
1559 1329 1660 1378 ap-

46 1384 299 1446 propiet,
339 1382 439 1433 sed
480 1383 534 1431 in
567 1397 761 1434 eorum
813 1386 996 1434 medio
1044 1387 1208 1448 quasi
1263 1387 1499 1437 fundata
1526 1387 1660 1437 sede

42 1457 355 1504 consistat.
385 1455 438 1502 Si
465 1455 532 1502 ad
561 1468 659 1503 eos
686 1457 838 1506 enim
869 1464 1171 1509 convertas
1197 1461 1411 1520 oculos,
1441 1461 1537 1522 qui
1564 1473 1661 1523 per

41 1527 405 1576 calumni'mi
431 1526 843 1590 deprimuntur,
873 1535 1063 1593 portas
1090 1532 1318 1580 urbium
1347 1532 1402 1580 in
1447 1533 1659 1594 quibus

37 1598 314 1656 iudicare
340 1603 770 1661 consueverant,
799 1613 862 1649 ac
894 1602 1200 1663 penetralia
1225 1606 1477 1653 conferta.
1502 1615 1659 1665 repe-

47 1671 191 1729 rias,
223 1669 302 1718 ita
323 1673 385 1717 ut
412 1668 568 1718 nulla
583 1669 693 1718 alia
717 1683 826 1719 vox
853 1672 961 1719 nisi
987 1685 1449 1722 arrumnosorum
1477 1675 1658 1722 videa-

48 1747 145 1788 tur
177 1739 381 1788 audiri.
401 1739 651 1789 Uuiversi
677 1744 883 1804 quippe
898 1746 994 1804 qui
1022 1746 1656 1805 suscoperantolllcium

49 1812 370 1872 iudicandi,
399 1812 457 1860 in
486 1817 701 1862 tantum
736 1813 1073 1864 oblivionem
1113 1817 1268 1877 recti,
1294 1817 1378 1865 vel
1405 1829 1502 1878 per
1524 1827 1656 1866 ava-

51 1883 277 1944 riciam,
305 1881 390 1933 vel
414 1896 514 1945 per
540 1885 866 1946 superbiam
892 1884 1244 1944 deciderunt,
1273 1892 1335 1937 ut
1355 1901 1471 1937 non
1493 1891 1655 1934 solum
1683 1905 1737 1980 Β

53 1968 173 1980 --ιΛῂ
210 1967 296 1980 nm
343 1969 398 1980 nn
447 1955 541 1980 μηιῖ
572 1969 756 1980 “nr-un
797 1970 966 1980 ’κπιηηη
996 1963 1104 1980 ιιι..η
1148 1961 1212 1980 :I.‘
1247 1965 1316 1980 .-J.-
1352 1960 1481 1980 in--..‘l
1509 1963 1651 1980 -..ηειν-

53 1968 178 2005 non
207 1967 419 2017 amne,
447 1955 545 2006 sed
571 1969 757 2019 neque
797 1970 967 2007 nosse
996 1963 1110 2008 tam
1148 1961 1316 2018 ilv‘urte
1342 1960 1481 2021 jam]
1509 1963 1658 2009 recta

51 2027 382 2078 videantur.
403 2029 577 2076 Nemo
595 2040 730 2089 ergo
750 2028 1024 2078 invidiam
1041 2031 1482 2081 severitatimete
1501 2033 1659 2091 fut-int,

52 2100 162 2161 qui
192 2103 309 2148 tum
354 2098 582 2160 longam
618 2101 951 2162 patientiam
985 2102 1162 2152 servis
1198 2100 1662 2164 delinquentibus

55 2170 330 2233 prmstiti,
353 2177 417 2220 ut
442 2172 522 2220 eis
541 2179 781 2221 censura
800 2174 968 2222 etiam
990 2176 1046 2222 in
1073 2173 1411 2223 oblivionem
1430 2175 1660 2224 veniret.

62 2245 204 2302 Vos,
236 2243 492 2303 inquam,
512 2244 769 2293 nationes
788 2258 931 2306 quas
950 2247 1004 2295 in
1020 2247 1260 2296 istorum
1275 2245 1662 2297 liberationem

53 2313 418 2375 gloriamque
433 2316 822 2370 contriveram,
840 2330 958 2368 vos.
979 2317 1236 2379 inquam,
1256 2317 1444 2367 denuo
1463 2331 1665 2367 conve-

57 2388 202 2446 nite,
230 2390 293 2434 ut
312 2385 474 2436 vobis
494 2387 632 2448 ipsis
653 2383 912 2450 testibus,
928 2393 985 2438 et
1002 2403 1146 2438 meae
1167 2389 1540 2451 indulgentia:
1557 2404 1666 2435 nia-

51 2457 323 2519 gnitudo,
351 2461 408 2507 et
434 2459 662 2507 lﬂll'raim
688 2458 948 2522 impietas
982 2464 1300 2520 delegatur.

129 2531 290 2578 Vers.
327 2528 407 2581 11.
467 2557 524 2564 --
569 2531 987 2592 1))‘OplCPCG-ltﬂ’6
1023 2535 1151 2580 dicit
1206 2533 1472 2580 Dominus
1507 2532 1664 2590 Deus,

67 2599 441 2648 Tribulabilur
478 2606 523 2649 cl
547 2601 893 2651 circumietur
927 2612 1086 2663 terra,
1126 2611 1168 2652 et
1203 2605 1512 2651 detrahe/ur
1535 2619 1600 2651 ea:
1626 2610 1668 2652 te

56 2672 329 2733 fortitudo
347 2679 459 2734 tua,
487 2678 531 2719 et
558 2673 890 2736 diripientur
913 2677 1044 2724 a’des
1073 2683 1187 2726 ture.
1218 2677 1398 2737 Saepe,
1426 2680 1491 2726 ut
1517 2675 1667 2726 dixi-

63 2757 223 2804 mus,
259 2744 329 2795 de
356 2744 706 2796 facinoribus
731 2748 1075 2810 ﬂagitiisque
1103 2753 1579 2810 contprestusest,
1607 2752 1670 2797 ut

67 2817 306 2866 tandem
337 2817 520 2881 possit
550 2818 906 2881 promulgare
941 2823 1304 2876 sententi._im,
1332 2825 1386 2870 et
1415 2821 1484 2868 ad
1511 2819 1670 2870 illum

63 2901 249 2950 quem
280 2888 336 2938 in
377 2889 624 2939 exordiis
660 2891 866 2940 fecerat
889 2905 1144 2948 sensum,
1183 2893 1292 2942 sub
1318 2891 1670 2954 expositione

71 2959 399 3023 respondit:
429 2963 477 3007 id
512 2968 599 3022 esl,
624 2977 785 3024 super
809 2963 975 3010 tribus
1183 2963 1456 3011 sceleribus
1486 2963 1668 3024 Israel,

66 3039 117 3079 ct
141 3047 305 3094 super
333 3038 569 3094 quatuor
602 3048 711 3081 non
738 3042 1040 3082 convertam
1065 3051 1201 3083 eum.
1231 3036 1372 3097 Quia
1396 3048 1528 3098 ergo
1554 3034 1674 3084 exi—

67 3104 494 3166 gentejustitia,
523 3105 716 3155 Israeli
737 3111 794 3155 et
817 3107 985 3158 Judze
1003 3113 1091 3157 est
1109 3107 1336 3159 decreta
1353 3107 1670 3168 conversio,

71 3179 181 3226 ute
210 3173 360 3237 [Ant.
394 3174 468 3238 et]
500 3173 646 3226 lastis
676 3176 937 3228 videlicet
960 3178 1020 3229 in
1041 3179 1269 3230 tristitia
1294 3180 1670 3242 collabantur,

69 3259 181 3298 nec
200 3251 391 3297 tamen
404 3247 789 3299 internecione
806 3255 1058 3313 pereant,
1076 3251 1148 3302 ad
1161 3264 1332 3314 quem
1345 3251 1578 3302 modum
1593 3265 1675 3310 po-

71 3317 303 3382 pulator
329 3319 404 3369 sit
436 3319 768 3383 saeviturus,
793 3322 1052 3384 accipite.

138 3395 278 3440 Vere.
312 3396 388 3442 12.
405 3419 462 3427 -—-
477 3393 751 3449 Quomodo
776 3394 985 3442 sieruat
1009 3401 1191 3458 pastor
1208 3395 1267 3443 de
1279 3409 1367 3444 ore
1384 3394 1548 3443 leonis
1566 3395 1672 3442 duo

70 3470 676 3526 cru-ra,autextremum
703 3466 979 3524 auriculas,
995 3469 1013 3493 ι’
1036 3468 1110 3514 sic
1131 3466 1499 3529 eruentur/itii
1519 3465 1681 3513 Israel

69 3553 100 3600 q
118 3536 176 3584 ui
196 3535 445 3584 habitant
463 3537 516 3583 in
548 3537 900 3596 Samaria,in
926 3539 1091 3600 plaga
1110 3539 1302 3598 lectuli,
1321 3539 1435 3586 etin
1454 3537 1680 3600 grabba-

70 3615 123 3656 to
168 3607 444 3658 Damasci.
493 3608 634 3668 Quia
687 3610 1004 3672 corrigendi
1057 3613 1346 3674 proposito
1396 3609 1681 3660 Israelitas

71 3682 232 3729 Deus
260 3683 456 3729 noster
480 3680 806 3743 castigaret,
845 3685 906 3730 ut
929 3683 1224 3745 prOphetis
1247 3682 1497 3744 idipsum
1525 3693 1682 3731 com-

73 3751 522 3812 mendantibus,i
535 3755 587 3801 ta
602 3756 773 3801 etiam
788 3752 1284 3815 dispensationum
1299 3753 1538 3803 vocibus
1553 3754 1683 3798 indi-

66 3825 258 3875 cabat.
279 3826 419 3873 Nam
437 3836 571 3874 cum
598 3823 722 3873 illos
751 3837 973 3886 semper
998 3838 1206 3874 exosos
1243 3825 1455 3875 faceret
1475 3823 1679 3873 dilecta

75 3896 410 3961 profanitas,
449 3900 663 3946 statum
696 3900 885 3946 tamen
911 3909 1109 3947 eorum
1136 3896 1393 3947 variabat
1409 3895 1681 3958 Omnipo-

83 3973 240 4020 tens:
259 3973 380 4018 tum
409 3967 667 4017 videlicet
695 3968 949 4025 tristibus
971 3970 1291 4030 atllsgendo,
1312 3973 1435 4018 tum
1459 3980 1682 4032 prospe-

81 4042 161 4092 ris
185 4039 565 4091 confovendo.
585 4046 763 4103 b‘yrus
792 4054 925 4102 ergo
942 4041 1042 4103 qui
1061 4041 1450 4103 eratvicinior,
1478 4040 1534 4090 id
1571 4043 1676 4100 est,

67 4113 358 4164 habitator
383 4114 666 4172 Damasci,
689 4113 1074 4175 sicutitegum
1099 4113 1289 4176 prodit
1307 4113 1560 4174 historia,
1581 4111 1679 4162 de-

69 4199 200 4235 cem
223 4184 424 4234 Tribus
440 4185 717 4246 frequenti
733 4185 1025 4247 eruptione
1042 4186 1314 4246 Vexabat;
1341 4185 1420 4234 ita
1449 4188 1514 4234 ut
1535 4196 1678 4246 quo-

67 4259 205 4307 dam
240 4260 488 4319 tempore
503 4256 574 4306 ad
591 4266 716 4304 eam
733 4255 983 4318 inopiam
1014 4256 1309 4306 Samaritae
1335 4256 1505 4318 longa
1526 4254 1678 4304 obsi-

71 4329 245 4379 dione
271 4327 652 4390 pervenerint,
679 4332 969 4389 quatenus
992 4333 1203 4377 matres
1222 4328 1468 4377 illiorum
1493 4325 1679 4376 carni-

71 4405 187 4451 bus
215 4404 597 4460 vescerentur,
624 4398 752 4449 etin
778 4403 893 4450 toto
910 4402 1169 4450 exercitu
1197 4401 1294 4450 vix
1319 4400 1515 4449 decem
1546 4398 1678 4460 equi

74 4474 364 4536 potuerint
379 4471 638 4522 inveniri.
661 4472 768 4522 Sed
788 4484 918 4522 cum
936 4475 1138 4522 beatus
1157 4472 1422 4522 Heliseus
1442 4473 1677 4518 inundas-

71 4549 162 4594 set
191 4544 308 4604 regi
347 4545 560 4604 Joram,
607 4544 738 4604 quia
767 4544 941 4593 altero
987 4544 1078 4593 die
1117 4543 1174 4592 in
1199 4544 1376 4606 portis
1407 4541 1674 4592 Samaria:

71 4620 276 4666 Iiberta
309 4627 554 4665 annona:
578 4615 832 4664 maxima
862 4616 1160 4677 viseretur,
1204 4617 1349 4664 facta
1374 4618 1459 4662 est
1485 4613 1674 4662 subito

70 4692 231 4737 tanta
255 4687 515 4742 mutatio,
545 4691 607 4736 ut
633 4686 985 4748 fugientibus
1016 4687 1114 4750 qui
1141 4687 1474 4735 obsiderant
1499 4683 1671 4746 Syris,

1771 618 1889 650 eum
1924 605 2162 666 visita/io,
2181 611 2223 652 et
2244 606 2617 668 superaltaria
2642 608 2820 656 Bethel
2839 624 2850 658 :
2869 614 2912 657 et
2932 605 3366 674 amputabuntur

1770 689 1973 721 cornua
1994 677 2203 735 altaris,
2230 684 2272 722 et
2297 679 2484 725 cadent
2510 679 2564 725 in
2596 685 2814 730 terram.
2843 685 3128 740 Quantum
3145 687 3216 738 ad
3231 702 3366 740 con-

1770 749 1992 796 textum
2020 749 2246 810 quidem
2268 751 2784 813 respicitleclionis,
2811 753 3077 804 hostilem
3097 761 3368 811 vastatio-

1768 829 1894 867 nem
1912 821 2209 881 promittit,
2227 826 2284 870 et
2301 822 2437 872 dicit
2453 822 2646 872 altaris
2665 837 2896 886 cornua,
2921 830 3363 887 quazJeroboam

1768 889 1825 966 in
1853 890 2046 966 Bethel
2071 891 2376 966 locaverat,
2412 896 2775 947 conterenda.
2821 898 2901 946 De
2933 898 3156 950 duobus
3183 902 3363 966 siqui-

1767 960 1897 1010 dem
1951 961 2146 1012 vitulis
2191 977 2370 1013 unum
2430 965 2488 1015 in
2533 967 2657 1016 Dan
2705 968 2985 1030 posuisse,
3029 960 3269 1024 alterum
3304 976 3362 1026 in

1767 1033 1963 1082 Bethel
2011 1035 2230 1096 legitur.
2281 1038 2427 1098 lirgo
2473 1043 2560 1089 est
2605 1038 2660 1087 in
2702 1042 2968 1100 praisenti
3004 1042 3127 1092 loco
3155 1059 3361 1098 sensus

1763 1104 2074 1165 ejusmodi:
2103 1107 2236 1168 quia
2262 1106 2393 1157 licet
2421 1122 2536 1158 non
2553 1123 2657 1160 vos
2679 1112 2858 1160 sinam
2876 1113 3261 1168 internecione
3279 1123 3363 1167 de-

1763 1174 1882 1235 leri,
1913 1176 2013 1225 sed
2038 1185 2268 1240 paratus
2298 1192 2424 1228 sum
2445 1180 2514 1229 de
2543 1182 2871 1241 captivdate
2891 1184 3158 1247 reliquias
3184 1198 3360 1238 vestra:

1761 1248 1950 1306 gentis
1978 1249 2301 1308 extrahere,
2330 1263 2433 1300 nec
2463 1265 2566 1300 vos
2597 1253 2820 1302 vicmus
2857 1254 3057 1317 hostis,
3095 1259 3358 1312 Damasci

1765 1318 2338 1396 videlicetregnator,
2365 1324 2632 1396 absumat
2662 1338 2672 1372 :
2706 1330 2894 1375 tamen
2922 1326 2975 1375 id
3002 1330 3152 1388 quod
3172 1334 3360 1396 agitis,

1764 1391 2001 1466 transire
2026 1393 2263 1466 impune
2287 1406 2403 1466 non
2430 1395 2623 1466 patiar.
2654 1396 2852 1466 Posset
2875 1404 3066 1449 autem
3093 1401 3200 1451 dici
3229 1391 3362 1466 quia

1761 1462 1869 1512 sub
1894 1464 2125 1514 nomine
2150 1465 2344 1520 Jacob,
2371 1468 2394 1513 ἃ
2409 1465 2578 1515 udam
2598 1465 2878 1518 voluisset
2896 1469 3153 1534 intelligi,
3172 1462 3358 1535 nipro-

1761 1546 1964 1584 cessus
1985 1536 2264 1584 sermonis
2284 1537 2547 1586 Israelem
2573 1539 2774 1601 magis,
2802 1539 2855 1588 id
2882 1546 2988 1601 est,
3016 1542 3210 1595 decem
3237 1549 3358 1598 Tri-

1762 1605 1869 1653 bus
1897 1606 2151 1667 signaret.
2169 1610 2220 1655 et
2243 1609 2602 1669 exprimeret.
2619 1610 2697 1659 De
2723 1608 2829 1659 hac
2846 1617 3035 1661 autem
3057 1617 3354 1666 destructio-

1759 1688 1828 1725 ne
1847 1675 2060 1730 altar‘s.
2088 1679 2206 1728 etin
2232 1680 2454 1740 Regum
2491 1680 2647 1730 libris
2673 1680 2918 1741 legimus
2945 1701 2954 1730 :
2991 1687 3352 1748 venissejam

1759 1747 2090 1822 prOphetam
2105 1749 2176 1799 ad
2197 1751 2516 1808 Jerob0am,
2537 1764 2568 1813 q
2581 1751 2633 1800 ui
2654 1764 2852 1802 vaccas
2873 1753 3050 1805 fuerat
3069 1747 3352 1822 fabricatus,

1762 1819 2074 1891 immolanti
2099 1822 2326 1882 quidem
2347 1823 2496 1871 istud
2524 1836 2652 1872 esse
2672 1825 2780 1872 sub
2799 1827 3240 1881 comminatione
3255 1819 3358 1891 pol-

1762 1890 1994 1940 licitum.
2016 1899 2194 1951 Quem
2216 1893 2450 1941 illecum
2479 1898 2712 1944 extenta
2741 1907 2916 1944 manu
2942 1899 3142 1962 corripi
3169 1890 3356 1960 pmice-

1764 1961 1958 2024 pisset.
1985 1963 2298 2038 potentiam
2335 1965 2494 2038 vatis.
2527 1965 2731 2016 dextra
2761 1969 3022 2029 protinus
3049 1961 3357 2038 arescente,

1763 2035 2061 2096 persensit.
2081 2037 2388 2097 statimque
2416 2036 2629 2086 fractus
2647 2040 2702 2086 in
2727 2050 2942 2101 preces,
2962 2053 3132 2090 usum
3151 2035 3356 2103 quidem

1764 2118 1972 2180 manus
1998 2107 2239 2180 recepit:
2267 2107 2483 2180 Josiam
2510 2121 2644 2157 vero
2669 2113 3020 2173 exciturum,
3049 2111 3222 2180 520
3261 2117 3358 2178 qui

1767 2175 1900 2225 illud
1932 2177 2286 2239 sacrilegium
2314 2179 2700 2239 ulcisceretur,
2726 2181 2946 2231 audivit
2984 2175 3212 2247 (ὃξιῦίί
3232 2175 3356 2248 13.).

1766 2249 1914 2309 Ergo
1945 2260 2075 2308 qua).
2096 2248 2263 2308 longa
2292 2253 2564 2311 tempora,
2595 2249 2686 2300 vel
2706 2252 3003 2312 castigatio
3028 2257 3240 2318 populi,
3268 2257 3359 2307 vel

1764 2319 1935 2380 longa
1948 2319 2250 2380 captivitas
2273 2319 2472 2370 ultima
2489 2334 2609 2369 coni
2621 2321 2937 2385 prehendit,
2959 2328 3223 2386 praesenti
3239 2333 3361 2376 vati-

1766 2391 1913 2442 cinio
1941 2392 2144 2451 pariter
2164 2392 2508 2452 indicantur,
2536 2406 2663 2456 qua:
2685 2393 2929 2444 diversis
2949 2402 3084 2447 sunt
3101 2399 3359 2448 inferenda

1765 2462 2137 2523 temporibus.

1832 2534 1987 2581 Vers.
2021 2532 2100 2585 15.
2120 2560 2178 2568 -
2196 2533 2262 2580 Et
2285 2534 2603 2596 percutiam,
2621 2535 3038 2595 inquit,domum
3065 2539 3360 2602 hyemalem

1767 2619 1889 2651 cum
1913 2603 2071 2652 domo
2103 2605 2355 2668 azstiva,et
2369 2605 2553 2668 peribit
2566 2612 2618 2653 nt
2636 2607 2825 2654 domus
2843 2607 3097 2670 eburneae,
3125 2617 3171 2661 et
3202 2614 3362 2660 dissi—

1766 2675 2186 2738 pabunturmdes
2219 2679 2408 2736 multae,
2437 2677 2562 2724 dicit
2589 2679 2872 2729 Dominus.
2907 2682 3031 2730 Non
3055 2696 3235 2734 unum
3263 2686 3366 2735 ali—

1770 2748 1923 2809 quod
1941 2749 2139 2798 vitium
2158 2749 2407 2810 profana:
2427 2751 2612 2810 gentis
2627 2752 2946 2814 exagitans,
2973 2756 3230 2806 avaritiae
3248 2773 3366 2816 quo—

1771 2833 1879 2882 que
1897 2823 1952 2868 et
1980 2819 2223 2869 luxuria}
2248 2827 2475 2882 peccata
2503 2822 2805 2883 contingit,
2841 2831 2988 2882 atque
3007 2827 3119 2872 ideo
3141 2837 3368 2885 queritur

1772 2891 1925 2952 quod
1939 2891 2200 2940 diversas
2214 2891 2594 2941 habitationes
2608 2895 2666 2939 ad
2684 2893 3038 2955 voluptatem
3052 2898 3365 2946 diversorum

1771 2962 1903 3013 anni
1952 2966 2272 3025 temporum
2319 2968 2718 3024 congruentes,
2758 2965 2918 3025 quasi
2969 2966 3212 3018 luxuriae
3259 2969 3367 3018 sibi

1773 3037 2223 3084 construxerunt
2250 3035 2658 3083 instrumenta:
2683 3047 2816 3084 cum
2832 3040 3026 3085 essent
3043 3038 3222 3100 culpis
3241 3043 3367 3088 mul-

1778 3104 2334 3168 tiplicibusinvoluti,
2359 3103 2498 3154 nihil
2523 3106 2591 3155 de
2610 3107 3065 3170 compunctione,
3083 3115 3181 3161 aut
3197 3127 3368 3159 emen-

1774 3177 2001 3227 datione
2026 3175 2255 3239 penitus
2273 3177 2668 3239 cogitaverint,
2691 3177 2792 3227 sed
2810 3181 3189 3231 consectanda
3201 3185 3364 3230 solum

1775 3248 2106 3299 ammnitate
2142 3247 2434 3310 sollicitos,
2471 3249 2612 3298 alias
2647 3254 2788 3299 uates
2822 3251 3082 3314 testibus,
3107 3253 3247 3303 alias
3276 3266 3368 3317 pa-

1706 3327 1755 3403 ρ
1778 3333 1933 3371 rasse
1965 3319 2288 3381 frigoribus,
2335 3318 2553 3384 hasque
2587 3320 2856 3372 vindicta:
2884 3326 3137 3386 tempore
3161 3327 3374 3389 pariter

1780 3400 2138 3463 auferendae,
2182 3400 2486 3464 variasque
2524 3401 2849 3453 molitiones
2887 3401 3082 3454 hostili
3109 3405 3374 3457 incendio

1780 3471 2225 3524 concremandas
2238 3509 2251 3522 .

2401 3572 2629 3623 CAPUT
2664 3571 2756 3622 IV.

1844 3685 2006 3736 Vel‘s.
2055 3685 2188 3739 1.-3.
2231 3713 2288 3720 -
2327 3686 2524 3733 Audite
2558 3685 2775 3734 verbum
2801 3686 2917 3749 hoc,
2945 3702 3107 3735 vaccae
3125 3704 3373 3753 pingues,

1781 3772 1897 3820 quae
1921 3757 2039 3804 estis
2065 3757 2122 3804 in
2148 3761 2325 3804 monte
2368 3757 2634 3805 Samaria:
2657 3773 2666 3803 :
2696 3772 2812 3820 quae
2835 3757 3174 3807 calumniam
3195 3761 3376 3821 facitis

1780 3830 1972 3892 egenis,
1996 3833 2039 3876 et
2065 3828 2411 3889 eonfringitis
2445 3842 2708 3890 pauper-es
2733 3842 2744 3876 :
2780 3843 2896 3890 quae
2930 3828 3108 3877 dicitis
3137 3831 3375 3880 dominis

1780 3901 1982 3961 vestris,
2015 3898 2212 3961 A/ferte
2243 3904 2286 3946 et
2332 3897 2581 3947 bibemus.
2610 3898 2831 3946 Juravit
2859 3899 3126 3948 Dominus
3152 3901 3290 3950 Deus
3313 3903 3369 3949 in

1779 3977 1962 4020 sancto
1982 3987 2097 4034 suo,
2123 3971 2257 4033 quia.
2278 3985 2383 4018 ecce
2400 3971 2508 4018 dies
2526 3986 2615 4018 ven
2629 3970 2733 4017 ient
2749 3985 2910 4032 super
2933 3986 3038 4030 vos,
3055 3977 3099 4019 et
3129 3971 3373 4020 levabunt

1781 4058 1867 4092 vos
1899 4043 1958 4090 in
1988 4043 2173 4103 contis,
2214 4048 2256 4089 et
2282 4041 2541 4104 reliquias
2584 4047 2778 4089 vestras
2804 4042 2863 4088 in.
2887 4041 3008 4090 ollis
3031 4043 3371 4103 ferventibus.

1778 4116 1844 4164 Et
1869 4130 1962 4178 per
1977 4120 2268 4178 aperturas
2304 4113 2520 4162 exibitis
2536 4113 2704 4161 altera
2722 4119 2908 4161 contra
2923 4114 3169 4176 alte-ram,
3189 4121 3233 4163 et
3248 4132 3374 4178 pro-

1770 4187 2044 4250 jiciemini
2061 4180 2339 4234 inArniou
2364 4185 2698 4234 dicitDomin
2713 4201 2771 4231 us
2790 4187 3149 4248 Quamquam
3164 4195 3371 4235 essetin-

1785 4259 1897 4310 tius
1914 4257 2104 4322 gentis
2116 4257 2426 4321 prol‘anitas
2441 4257 2750 4320 arguenda,
2773 4260 2961 4307 tamen
2978 4257 3111 4319 quia
3128 4261 3180 4306 in
3199 4261 3374 4305 divites

1779 4336 1950 4392 atque
1977 4330 2278 4394 opulentos
2295 4329 2750 4392 objurgationem
2771 4329 3053 4391 praecipue
3075 4329 3371 4391 dirigebat.

1781 4403 1877 4465 qui
1903 4413 2020 4452 non
2046 4402 2172 4451 unis
2191 4401 2430 4462 aedibus,
2446 4402 2543 4450 sed
2563 4413 2662 4463 pro
2684 4405 2934 4462 tempore
2959 4401 3370 4451 variandiscae-

1778 4473 1998 4523 naculis
2023 4475 2336 4533 uterentur,
2365 4483 2544 4534 eaque
2569 4471 2755 4522 eboris
2784 4474 2965 4524 nitore
2992 4471 3368 4534 percolerent:

1779 4547 1982 4594 merito
2001 4544 2080 4593 eis
2106 4555 2428 4605 vaccarum,
2443 4555 2666 4604 quoque
2682 4542 2978 4605 pinguium
2997 4555 3206 4592 nomen
3222 4545 3370 4591 ascri-

1777 4617 1874 4674 bit,
1909 4617 2043 4678 quia
2068 4628 2182 4666 vox
2210 4627 2407 4664 earum
2437 4619 2558 4664 erat
2590 4615 2906 4679 mugitibus
2932 4613 3290 4678 destinanda,
3317 4621 3374 4666 et

1775 4692 1974 4738 venter
1990 4699 2184 4738 eorum
2203 4687 2371 4743 Deus,
2396 4691 2453 4736 et
2469 4686 2644 4746 gloria
2668 4687 2724 4735 in
2755 4687 3108 4749 turpitudine
3125 4689 3369 4746 ipsorum.

68 4774 186 4810 non
213 4758 400 4808 solum
434 4758 742 4809 evaderent
781 4761 1068 4821 Israelita),
1098 4758 1469 4809 verumetiam
1501 4757 1664 4818 quasi
1685 4752 1741 4824 D
1774 4761 1967 4811 Potest,
1989 4758 2317 4809 etiamillud
2347 4758 2612 4809 decenter
2633 4757 2891 4821 adjungi,
2919 4761 2983 4808 ut
2998 4762 3286 4809 nonsoluin
3311 4763 3370 4806 de

73 4831 350 4893 triumphi
395 4831 584 4894 opima
618 4831 798 4893 spolia
841 4833 1195 4894 perciperent
1241 4833 1308 4889 (fi.
1364 4831 1482 4891 Reg.
1532 4827 1582 4881 6.
1622 4832 1666 4875 et

67 4904 250 4968 set/(1.).
278 4904 397 4953 Iloc
427 4907 620 4952 autem
647 4914 851 4965 genere
876 4904 944 4952 l'rt
960 4909 1198 4965 quenter
1222 4903 1303 4952 eis
1330 4901 1575 4952 salutem
1611 4903 1668 4949 et

71 4974 286 5040 gaudia
306 4973 550 5037 legimus
568 4973 894 5036 contigisse.
911 4976 1120 5023 Part-ns
1140 4975 1328 5036 itaque
1346 4970 1666 5023 vindicandi

71 5054 131 5100 et
156 5047 469 5098 miserendi
495 5046 658 5095 dives
699 5049 853 5096 Deus
900 5053 1116 5102 noster,
1163 5045 1493 5104 anuunciat,
1534 5044 1668 5105 quia

68 5118 334 5184 quamvis
353 5118 884 5180 munusjudicantis
901 5131 1096 5168 assum
1107 5119 1256 5178 serit,
1277 5118 1485 5177 pastoris
1505 5126 1663 5164 ιειιιιιηι

69 5192 325 5242 oflicium
341 5204 452 5241 non
483 5191 786 5253 reliquerit.
815 5194 1096 5240 Caeterum
1122 5197 1177 5241 et
1195 5194 1432 5251 grabato
1458 5190 1667 5237 Dama-

71 5266 173 5327 sci,
197 5266 539 5326 cujusquasi
568 5265 800 5313 funibus
828 5263 1192 5324 l'ebribusque
1222 5263 1577 5314 tenebantur,
1612 5263 1666 5308 et

72 5352 170 5401 per
197 5342 378 5399 ipsam
404 5337 664 5385 viciniam
686 5337 944 5384 morbum
970 5334 1373 5397 longissimum
1398 5333 1666 5394 praefere-

71 5411 231 5470 bant,
257 5408 522 5470 reliquias
543 5407 1294 5469 eorumdignarctureruere
1321 5421 1331 5453 :
1354 5417 1417 5453 ac
1447 5406 1664 5453 sicutdn

71 5481 336 5532 faucibus
363 5480 607 5538 leonum,
633 5479 689 5528 id
714 5483 817 5541 est,
837 5492 1036 5542 regum
1055 5481 1309 5530 membra
1332 5475 1539 5540 populi,
1567 5475 1665 5538 qui

69 5554 254 5605 fuerat
274 5551 539 5611 laniatus,
572 5553 886 5602 extrahere.

135 5626 302 5677 Vers.
344 5623 427 5678 13.
471 5623 555 5676 14.
596 5651 655 5658 -
686 5623 898 5683 Audite,
938 5628 984 5671 et
1012 5622 1385 5671 contestamini
1423 5623 1483 5672 in.
1508 5623 1663 5672 domo

69 5696 232 5748 Jacob
251 5696 379 5744 dicit
397 5697 660 5744 Dominus
674 5696 810 5744 Deus
840 5694 1190 5746 exercituum.
1219 5694 1359 5752 Quia
1385 5696 1441 5743 in
1457 5694 1665 5758 diequa-

135 5851 150 5869 ·
173 5843 472 5904 Perperam
509 5839 672 5889 edicto
710 5839 988 5904 scriptum
1020 5843 1140 5891 erat
1171 5851 1270 5904 pro
1303 5838 1461 5902 edito,
1498 5849 1666 5890 mon-

70 5914 215 5967 tium
253 5910 484 5964 scilicet.

132 5988 152 6017 δ
176 5988 392 6040 lterum
415 5984 614 6038 vitiose
648 5985 923 6049 scriptum
947 5985 1071 6037 erat
1104 5984 1153 6035 si
1176 5994 1478 6045 eruantur;
1511 5985 1664 6047 quod

1771 4832 1924 4882 vitiis
1948 4844 2194 4889 morum,
2217 4830 2313 4880 sed
2330 4829 2398 4880 de
2412 4843 2617 4893 genere
2639 4829 2949 4892 impietatis
2969 4829 3151 4893 ipsius
3176 4830 3364 4893 appel-

1767 4903 1862 4954 lati
1891 4916 2019 4954 esse
2044 4903 2329 4952 dicantur:
2348 4907 2413 4952 ut
2443 4903 2540 4964 qui
2566 4901 2834 4952 colendos
2859 4906 3188 4965 receperant
3214 4902 3364 4952 vitu-

1766 4975 1870 5035 los,
1901 4988 2204 5025 vaccarum
2230 4973 2462 5024 nomine
2486 4974 2872 5036 signarentur.
2902 4974 3148 5037 Pingues
3172 4979 3364 5024 autem

1767 5053 1960 5100 notant
1977 5047 2383 5109 ur,secuntlum
2402 5045 2539 5096 illud
2555 5047 2704 5110 quod
2726 5048 2926 5096 beatus
2939 5044 3120 5094 David
3137 5054 3355 5095 accusat:

1772 5120 1975 5170 Prud-iit
1991 5120 2146 5182 quasi
2164 5134 2228 5165 ea:
2253 5119 2412 5181 adipe
2439 5118 2702 5180 iniquitas
2725 5132 2928 5176 eorum,
2945 5116 3278 5163 transierunt
3304 5119 3358 5164 in

1765 5191 2011 5255 affectum
2044 5192 2246 5240 cordis:
2285 5191 2650 5253 cogitaverunt
2682 5195 2726 5236 et
2767 5187 2999 5250 loquuiti
3020 5192 3145 5235 sunt
3169 5190 3359 5250 nequi-

1768 5267 1922 5321 tiam,
1960 5264 2308 5326 iniquitatem
2337 5264 2391 5309 in
2432 5261 2629 5308 excelso
2654 5260 3019 5322 loquuitisunt
3043 5259 3205 5320 (Psal.
3232 5259 3358 5323 72.).

1768 5339 1912 5398 lﬁrgo
1925 5335 1982 5384 in
1999 5339 2190 5384 monte
2210 5333 2498 5388 Samarize,
2515 5335 2561 5379 id
2576 5338 2664 5390 est,
2686 5333 2737 5377 in
2752 5333 3096 5387 regiacivilate
3109 5333 3356 5395 sistentes,

1766 5414 1821 5458 et
1841 5408 2027 5458 aulica
2047 5406 2425 5457 familiaritate
2454 5407 2767 5465 turgentes,
2797 5403 3130 5452 atterebatis
3147 5413 3359 5467 paupe-

1765 5493 1874 5540 res,
1901 5483 1965 5530 ut
1995 5478 2064 5528 de
2087 5492 2280 5529 eorum
2310 5475 2505 5540 spoliis
2526 5474 3163 5525 instrumentaluxuriaa
3179 5483 3355 5525 vestrae

1766 5550 2120 5615 quaereretis.
2147 5549 2307 5610 Quod
2333 5553 2521 5598 autem
2543 5547 2647 5596 ait:
2665 5562 2780 5607 uitae
2806 5547 2981 5594 dicitis
2999 5546 3235 5595 dominis
3253 5564 3358 5598 ves-

1766 5625 1886 5672 tris:
1917 5623 2100 5686 a/I‘ertc
2128 5628 2172 5672 et
2197 5621 2447 5682 bibemus,
2470 5619 2552 5671 sic
2571 5618 2965 5682 accipiendum
2978 5622 3083 5681 est,
3103 5623 3245 5668 utvel
3265 5624 3356 5670 do-

1765 5697 1951 5748 minos
1983 5708 2118 5746 suos
2143 5695 2267 5758 ipsa
2287 5690 2436 5742 idola
2452 5691 2832 5755 nominarent,
2852 5705 2884 5742 a
2901 5692 3112 5755 quibus
3125 5695 3357 5743 videlicet

1763 5841 1992 5893 Hebrmi
2009 5842 2204 5893 textus
2215 5836 2570 5902 aliorumque
2583 5835 2872 5899 suffragiis
2890 5837 3150 5888 codicum
3163 5852 3356 5892 emen-

1763 5913 1990 5965 damus.
