3894 6400
565 429 699 485 1071

567 541 712 627 serio
738 544 1100 627 precarentur
1124 538 1343 619 copiam
1374 550 1586 627 rerum,
1616 535 1831 627 quippe
1854 536 2167 619 quiomnem
2196 542 2249 627 Α

564 611 974 664 beatitudinem
988 622 1149 662 suam
1163 612 1223 660 in
1236 608 1662 672 intempestivis
1681 610 1927 667 lautisque
1943 610 2172 655 convivis

565 683 973 735 collocassent:
993 682 1082 733 vel
1096 686 1251 733 certe
1270 684 1519 732 minores
1534 680 1751 744 quique
1774 679 1919 742 [Αηι.
1937 681 2022 739 qui
2031 678 2171 741 ppe],

564 761 618 807 et
640 755 967 819 proceribus
992 754 1296 805 criminum
1335 766 1572 805 suorum
1596 764 1769 815 opera
1798 764 1858 801 se
1896 750 2169 810 locantes,

562 828 711 877 hanc
736 826 1057 877 mercedem
1082 826 1259 877 abhis
1274 830 1547 890 peterent,
1564 825 1621 873 in
1636 835 1881 886 quorum
1900 827 2172 885 questum

564 911 719 961 saepe
742 898 1078 961 peccabant,
1105 902 1167 947 ut
1192 900 1275 948 eis
1304 899 1517 959 potatio
1536 909 1653 946 non
1666 895 1915 945 deesset.
1932 897 2059 948 Quid
2080 910 2173 940 au-

565 974 679 1021 tem
695 982 797 1034 pro
810 970 916 1020 hac
930 968 1246 1032 petulantia
1263 973 1695 1031 consequuntur
1712 971 1735 1016 P
1747 966 2169 1025 Juravitjiiquit,

559 1042 830 1091 Dominus
844 1042 899 1089 in
915 1046 1098 1089 sancto
1115 1040 1882 1105 suo,idest,decrcvit,statum
1900 1040 2003 1095 suij
2016 1039 2168 1086 udicii

557 1113 761 1166 violari
776 1113 971 1163 nescia
988 1113 1455 1175 sanctitate,quia
1466 1110 1859 1172 veniet,immo
1866 1110 1986 1171 jam
1998 1124 2173 1167 appro-

559 1185 678 1249 piat
701 1190 935 1248 tempus
963 1197 1078 1247 quo
1104 1197 1310 1235 carnes
1327 1189 1537 1235 vestrae
1558 1182 1895 1234 leventurin
1915 1181 2174 1231 contiset

557 1254 818 1319 reliquias
832 1255 1032 1306 inollis
1051 1256 1427 1307 ferventibus.
1444 1252 1765 1306 Transtulit
1781 1257 1973 1302 autem
1987 1254 2173 1299 simili-

561 1326 872 1378 tudinema
886 1326 1095 1388 vaccis,
1115 1339 1250 1389 quae
1269 1328 1717 1378 convivantibus
1729 1331 1814 1372 aut
1830 1326 2072 1384 barbaris,
2088 1338 2173 1378 aut

556 1397 836 1448 militibus
861 1402 1251 1461 apponuntur.
1272 1401 1339 1449 Et
1363 1397 1639 1461 quoniam
1663 1407 1864 1446 earum
1889 1393 2170 1445 vocabulo

555 1473 784 1519 notarat
808 1467 957 1534 521
990 1469 1257 1532 profanos
1289 1469 1570 1533 ipsorum,
1596 1478 1613 1496 ·
1641 1467 1832 1517 denuo
1858 1465 2028 1516 exilio
2042 1467 2173 1516 sub-

547 1539 830 1603 jiciendos
856 1554 957 1591 eos
983 1553 1112 1591 esse
1132 1542 1466 1591 denunciat.
1488 1541 1701 1591 Contos
1720 1550 1853 1601 ergo
1866 1537 1959 1587 hic
1979 1538 2172 1599 posuit

552 1623 653 1675 pro
680 1612 952 1675 verubus,
979 1611 1037 1662 id
1049 1617 1157 1676 est,
1183 1610 1437 1674 subtilis,
1459 1612 1918 1675 quibusinsertaa
1931 1609 2174 1672 plerum-

552 1694 665 1746 que
690 1695 997 1735 vaccarum
1020 1696 1223 1734 carnes
1257 1697 1583 1747 prunarum
1612 1694 1823 1745 VilpOI‘C
1848 1683 2130 1731 torrentur
2155 1693 2168 1729 ε

549 1754 821 1818 reliquias
849 1767 1004 1817 vero,
1019 1756 1109 1805 vel
1134 1755 1428 1818 intestina,
1443 1755 1533 1805 vel
1557 1767 1654 1805 eas
1675 1753 1869 1815 accipe
1889 1756 2167 1823 portiones,

549 1837 681 1888 quas
706 1827 1178 1877 comminutiores
1195 1826 1392 1877 inollis
1419 1827 1627 1889 magis,
1658 1837 1837 1887 quam
1854 1824 1911 1873 in
1935 1824 2159 1873 subtilis

549 1896 968 1959 decoquuntur.
992 1899 1342 1959 thuoniam
1360 1898 1583 1948 dixerat
1600 1897 1753 1959 quod
1773 1895 1953 1945 totius
1974 1898 2159 1942 hones-

551 1968 704 2029 tatis,
727 1972 781 2019 et
799 1968 1020 2018 timoris
1042 1968 1218 2029 obliti,
1234 1969 1407 2019 etiam
1436 1969 1611 2031 pretia
1638 1968 1946 2017 criminum
1969 1968 2163 2014 ventris

547 2040 890 2089 metirentur
916 2039 1194 2102 ingluvie,
1223 2041 1423 2090 merito
1450 2039 1723 2098 subdidit,
1751 2042 1899 2100 quod
1930 2038 2053 2100 ipse
2078 2038 2165 2088 in-

547 2110 748 2161 cendio
774 2112 1123 2173 captivitatis
1136 2113 1345 2171 invasi,
1361 2112 1794 2162 luxuriantibus
1810 2114 2046 2172 etquasi
2064 2122 2164 2160 vo-

546 2184 757 2232 raturis
782 2182 1050 2232 hostibus
1078 2186 1464 2246 exponantur.
1495 2184 1558 2231 Et
1573 2198 1667 2245 per
1691 2187 1984 2245 aperturas
2003 2181 2168 2229 ewibi-

546 2252 611 2299 tis
636 2254 781 2315 [Ant.
808 2253 1100 2317 exhibitis]
1123 2255 1291 2302 altera
1314 2262 1499 2303 contra
1518 2255 1743 2302 alteram
1771 2254 2165 2316 etprojiciemi-

544 2323 606 2371 ni
631 2326 691 2371 in
702 2324 931 2383 Armon,
947 2326 1073 2373 dicit
1088 2326 1374 2376 Dominus.
1392 2326 1801 2389 Superioribus
1817 2328 2049 2372 versibus
2065 2341 2142 2372 me

546 2396 842 2459 taphoram
858 2396 1194 2460 impleverat
1217 2412 1252 2447 a
1279 2399 1487 2456 vaccis,
1516 2398 1904 2458 convivioque
1921 2410 2160 2458 suscep-

547 2471 663 2517 tam
683 2482 694 2516 :
712 2468 771 2518 in
789 2467 991 2518 ultimo
1003 2473 1199 2519 autem
1217 2469 1289 2518 ad
1309 2470 1555 2531 simplex
1571 2470 2158 2526 revertiturjudicium:

547 2539 801 2602 dicitque
826 2551 926 2590 eos
952 2540 1195 2603 diruptis
1222 2541 1535 2603 parietibus
1562 2540 1969 2602 extrahendos,
2004 2540 2158 2601 quod
2197 2595 2201 2598 ,

545 2614 907 2661 eversionem
953 2611 1170 2661 indicat
1214 2612 1492 2663 civitatis.
1522 2612 1775 2661 Alteram
1804 2624 1936 2661 vero
1963 2616 2162 2661 contra

544 2682 801 2742 alteram,
830 2682 1153 2733 secundum
1177 2683 1396 2734 idioma
1422 2684 1769 2733 Hebraicum
1782 2682 2032 2732 invicem
2050 2682 2159 2732 sibi

546 2755 915 2804 occurrentes
950 2756 1231 2817 captivos,
1272 2759 1375 2806 aut
1404 2768 1465 2805 se
1489 2760 1691 2805 mutuo
1715 2759 2158 2816 consequentes,

545 2824 685 2885 quid
709 2825 781 2875 ad
809 2827 1098 2876 Armenia}
1123 2831 1374 2889 montes,
1402 2828 1645 2889 Assyrio
1670 2828 1956 2886 vincente,
1973 2832 2158 2877 trans-

543 2893 815 2955 ferantur,
845 2898 1111 2947 ostendit.
1142 2898 1250 2948 Sed
1282 2898 1593 2949 videamus
1621 2904 1676 2948 et
1700 2898 1939 2960 reliqua.

613 2968 771 3019 Vers.
808 2968 944 3022 4.-6.
987 2994 1048 3003 -
1091 2970 1266 3017 Venite
1305 2970 1378 3017 ad
1402 2970 1599 3028 Bethel,
1625 2976 1671 3017 et
1714 2970 1876 3032 impie
1901 2970 2058 3032 agite,
2086 2970 2159 3017 ad

544 3040 791 3105 Galgala,
839 3046 884 3089 et
922 3038 1279 3105 multiplicate
1319 3042 1857 3104 praevaricationem;
1887 3047 1935 3089 et
1968 3042 2157 3103 afferte

546 3128 706 3162 mane
724 3112 846 3160 victi
856 3126 973 3161 mas
997 3119 1211 3171 vestras,
1230 3113 1398 3161 tribus
1412 3113 1593 3161 diebus
1604 3113 1840 3161 decimas
1858 3119 2075 3161 vestras.
2090 3114 2158 3162 Et

542 3186 841 3247 sacriﬁcate
859 3184 922 3233 de
943 3184 1263 3245 fermentata
1282 3184 1521 3247 laudem,
1546 3191 1589 3233 et
1614 3191 1793 3232 vocale
1820 3184 2161 3233 voluntarias

543 3256 850 3315 oblationes,
878 3260 923 3303 et
946 3256 1277 3304 annuntiate
1294 3271 1311 3315 ;
1334 3257 1408 3305 sic
1431 3258 1579 3304 enim
1594 3256 1855 3319 voluistis,
1883 3257 1989 3319 filii
2002 3255 2165 3305 Israel

544 3326 677 3377 dicit
710 3326 975 3376 Dominus
1004 3328 1162 3377 Deus.
1202 3328 1352 3377 Unde
1380 3333 1425 3376 et
1449 3343 1541 3391 ego
1568 3329 1689 3375 dedi
1716 3328 1859 3375 vobis
1882 3333 2158 3391 stuporem

544 3398 789 3460 dentium
813 3399 874 3446 in
904 3402 1109 3447 cunctis
1136 3399 1358 3447 urbibus
1382 3400 1583 3458 vestris,
1609 3405 1653 3447 et
1667 3400 2028 3462 indigentiam
2053 3416 2154 3463 pa-

547 3486 685 3518 num
709 3471 769 3518 in
793 3470 1051 3518 omnibus
1074 3470 1207 3519 locis
1231 3473 1442 3530 vestris;
1460 3477 1504 3519 et
1516 3486 1627 3518 non
1644 3471 1761 3519 estis
1784 3472 2066 3521 reversiad
2084 3488 2165 3522 me

543 3541 673 3590 dicit
696 3541 984 3590 Dominus.
1013 3543 1179 3592 Hanc
1205 3542 1387 3593 fuisse
1413 3543 1782 3605 praecipuam,
1802 3543 1917 3593 imo
1930 3546 2159 3596 unicam

542 3624 813 3663 caussam
829 3612 1222 3663 denunciandi
1240 3626 1341 3676 per
1359 3614 1829 3678 prophetas,quee
1848 3619 2157 3666 calamitates

544 3684 922 3747 peccantibus
946 3685 1337 3743 imminerent,
1369 3688 1431 3735 ut
1445 3686 1507 3735 in
1523 3686 1605 3736 eis
1623 3687 2031 3739 correctionem
2051 3689 2163 3741 l'or-

544 3755 699 3806 mido
710 3760 1026 3817 generaret,
1050 3760 1205 3806 totus
1222 3758 1345 3819 ipse
1362 3758 1452 3819 obj
1466 3757 1783 3819 urgationis
1812 3765 1973 3807 textus
1991 3768 2163 3825 esten-

544 3826 656 3877 dit:
696 3829 793 3889 qui
819 3828 1093 3889 quoniam
1119 3829 1359 3879 consilio
1393 3829 1608 3892 judicis
1634 3830 1707 3879 ad
1734 3830 2159 3893 indulgentiam

542 3901 907 3962 promptioris
922 3913 1018 3962 per
1031 3899 1399 3963 delinquendi
1413 3902 1529 3965 imp
1542 3902 1835 3952 udentiam
1848 3908 2159 3970 resistebant,

541 3970 832 4034 quoddam
878 3970 1026 4022 inter
1069 3973 1253 4022 Deum
1279 3977 1337 4023 et
1361 3972 1628 4024 homines
1658 3974 1969 4027 videbatur
1988 3982 2160 4029 certa-

539 4056 677 4095 men
700 4044 966 4097 existere.
986 4042 1096 4095 Sed
1122 4044 1400 4106 quoniam
1423 4058 1541 4095 non
1567 4049 1685 4095 erat
1709 4057 1878 4109 aequa
1901 4048 2158 4111 luctatio,

544 4114 656 4189 hoc
683 4114 781 4166 vid
790 4114 960 4189 elicet
976 4116 1340 4189 decernente,
1362 4115 1474 4189 illis
1488 4128 1773 4189 verqqum
1790 4124 1952 4169 erant
1983 4126 2159 4171 acerba

554 4186 962 4247 subeuntibus,
990 4186 1010 4213 δ
1044 4186 1192 4237 illico
1230 4186 1519 4237 interdum
1557 4186 1655 4238 eos
1704 4190 1814 4239 sub
1872 4190 2158 4245 derisione

543 4256 877 4321 compellat,
900 4257 1089 4320 ipsum
1109 4259 1194 4308 eis
1219 4259 1373 4322 quod
1390 4260 1662 4321 elegerint
1672 4266 1965 4313 certamen
1977 4280 2035 4312 ex
2042 4282 2159 4326 pro-

542 4330 737 4381 brans.
774 4329 972 4390 Venite,
989 4329 1287 4392 inquit,ad
1312 4331 1508 4389 Bethel,
1530 4336 1576 4378 et
1596 4332 1927 4396 impieagite.
1954 4338 2020 4385 In
2046 4340 2153 4386 im-

542 4400 802 4465 perativo
818 4399 1008 4459 modo,
1036 4400 1139 4451 sed
1166 4414 1264 4464 per
1291 4402 1532 4452 ironiam
1556 4405 1612 4453 et
1633 4403 2073 4459 insultationem
2090 4422 2157 4460 ea

543 4472 757 4535 quibus
782 4472 1120 4534 oti‘endatur,
1143 4474 1431 4535 enunciat,
1454 4486 1585 4537 quae
1610 4475 1797 4538 ﬁgura
1808 4482 2154 4528 celebraturin

543 4542 869 4601 liberalibus
915 4556 1149 4607 quoque
1194 4544 1394 4596 literis.
1444 4548 1588 4610 Ergo
1634 4548 1931 4611 profanato
1958 4547 2157 4603 Israeli

543 4615 888 4690 insultanter
903 4618 1253 4690 objectat,u_t
1279 4617 1489 4668 studiis
1512 4631 1645 4680 quas
1661 4618 1853 4683 elegit,
1874 4624 2156 4690 immineat,

545 4691 603 4737 et
625 4688 825 4737 Bethel
847 4691 1021 4749 atque
1046 4687 1262 4751 Galgal,
1296 4701 1439 4752 quas
1468 4690 1730 4741 civitates
1756 4691 1922 4743 idolis
1947 4687 2153 4756 scatere,

544 4758 717 4809 etiam
746 4758 1138 4821 praecedentes
1150 4760 1549 4812 indicaverunt
1560 4763 2148 4829 prophetaeJrequen—

544 4833 663 4880 tare
688 4841 809 4879 non
820 4830 1105 4893 desinant,
1126 4829 1222 4881 sed
1240 4834 1820 4895 praavaricationibus
1834 4842 2146 4900 augmenta

543 4905 939 4965 comportent:
978 4906 1035 4951 et
1058 4903 1297 4955 oiferant
1322 4906 1939 4958 victimasmatutinas.
1959 4912 2144 4960 etvic-

540 4973 1096 5026 timarumoblationi
1113 4974 1464 5034 deserviant,
1482 4977 1970 5042 fermentatosque
1988 4997 2144 5041 panes

538 5046 720 5111 altari,
748 5046 846 5110 qui
870 5050 957 5109 (ut
979 5046 1057 5097 ita
1080 5046 1357 5111 dicamus)
1382 5048 1702 5110 laudatorii,
1737 5052 2143 5104 velveluntariae

538 5120 843 5170 oblationis
867 5120 1320 5183 appellabantur,
1348 5123 1665 5183 imponant.
1681 5123 1844 5182 Quod
1860 5128 2043 5176 totum
2060 5127 2141 5177 ita

536 5189 973 5254 intelligendum
999 5195 1104 5255 est,
1129 5192 1398 5254 quoniam
1424 5194 1874 5245 ceremoniarum
1908 5198 2139 5250 ordines

536 5262 817 5326 ritusque,
863 5274 1010 5325 quos
1053 5274 1127 5312 ex
1168 5274 1329 5312 sacra
1373 5260 1497 5323 lege
1546 5272 1940 5330 susceperant,
1966 5270 2136 5321 idolis

535 5338 985 5398 mancipassent,
1004 5334 1215 5396 quippe
1230 5346 1361 5395 quae
1379 5348 1475 5397 pro
1488 5337 1605 5386 Deo
1620 5340 1948 5391 veneranda
1965 5345 2139 5390 decre-

536 5406 866 5469 verant,sed
876 5405 1110 5456 easdem
1124 5408 1556 5456 observationes
1572 5409 1902 5475 sicutimpie
1913 5414 1985 5464 ad
2005 5417 2135 5463 idola

537 5478 983 5538 transtulissent,
998 5476 1078 5526 ita
1088 5476 1263 5526 etiam
1273 5476 1508 5529 licenter
1519 5479 1854 5545 plerumque
1866 5489 2134 5539 variarent.

534 5550 656 5600 Hoc
701 5549 940 5613 proinde
982 5552 1296 5611 utrumque
1325 5552 1539 5613 pariter
1562 5555 1873 5615 exprobrat
1926 5558 1984 5607 id
2024 5563 2134 5621 est,

533 5621 689 5684 quod
716 5622 804 5673 vel
828 5621 1455 5687 institutioneslegales
1482 5624 1652 5674 idolis
1677 5626 1749 5676 ad
1767 5640 1899 5689 quae
1925 5628 2137 5684 defece-

533 5696 681 5756 rant,
737 5691 912 5759 522
940 5694 1380 5757 mancipassent,
1408 5694 1499 5746 vel
1524 5708 1623 5747 eas
1645 5710 1747 5760 pro
1773 5711 1880 5749 suo
1903 5702 2136 5754 arbitrio

534 5766 945 5827 corrupissent:
961 5776 1212 5828 quorum
1223 5770 1537 5830 utrumque
1549 5767 1622 5818 ad
1634 5770 1896 5822 eamdem
1913 5776 1980 5821 im
1985 5776 2136 5834 pieta-

598 5940 614 5960 ·
639 5932 879 5983 Videtur
893 5933 1097 5985 deesse
1120 5935 1282 6000 ritus,
1308 5943 1410 5989 aut
1425 5938 1564 6001 quid
1580 5940 1784 5994 simile.

596 6002 617 6031 "
640 6004 792 6066 Lege
803 6004 999 6055 malim
1013 6005 1209 6055 idcirco
1221 6022 1238 6056 :
1249 6021 1387 6060 mox
1397 6010 1573 6074 ipsum
1588 6024 1689 6075 pro
1703 6014 1880 6078 ipsam
1892 6018 2129 6079 legimus.

1648 424 1915 475 RUFINO
1950 425 2408 477 PRESBYTERO
2442 426 2830 477 ASCRIPTUS

2194 1931 2246 2005 B

3744 422 3877 477 107'!

2271 541 2387 586 tem
2422 536 2652 598 valeret,
2679 535 2772 587 vel
2805 548 2904 586 eas
2937 533 3210 585 nimirum
3242 533 3705 597 observationes,
3742 546 3880 597 quas

2273 608 2380 657 sibi
2406 608 2559 658 Deus
2581 608 2835 669 jusserat
2859 606 3134 667 exhiberi,
3154 604 3412 669 adinipia
3423 605 3672 655 delubra
3692 610 3880 655 trans—

2272 678 2435 741 ferre,
2462 678 2553 730 vel
2577 684 2727 729 certe
2753 678 2920 741 quasi
2937 678 3087 727 fastu
3111 683 3167 728 et
3191 677 3382 727 animo
3410 678 3759 739 corrigentis
3791 678 3880 727 ali-

2273 751 2411 812 quid
2437 763 2509 801 ex
2542 750 2651 812 his,
2669 763 2801 812 qua:
2821 750 3047 800 inerant
3068 750 3331 799 instituta
3355 754 3598 800 mutare.
3618 750 3879 811 Denique

2271 820 2381 871 hoc
2426 823 2641 871 crimen
2680 826 2946 885 superba:
2985 822 3196 870 mentis
3231 832 3613 882 exaggerans,
3642 822 3729 870 ait
3758 838 3771 870 :
3801 824 3879 869 sic

2272 894 2415 940 enim
2436 894 2819 955 noluistis,/itii
2845 894 3025 952 Israel,
3045 894 3171 940 dicat
3194 893 3459 940 Dominus
3477 894 3636 940 Deus.
3659 896 3879 940 lilSistiiz‘

2273 976 2427 1026 ergo,
2455 965 2659 1026 inquit:
2690 965 2901 1015 studiis
2928 977 3060 1026 qua:
3085 966 3354 1027 elegistis,
3372 969 3436 1014 ut
3460 963 3769 1027 stipendia
3786 978 3879 1015 Vm

2272 1038 2819 1101 dignacomitentur,
2849 1049 3095 1098 quorum
3122 1040 3357 1099 gustum
3383 1047 3455 1085 ex
3483 1038 3879 1097 maximajair.

2273 1116 2432 1174 parte
2466 1108 2719 1171 cepistis.
2746 1108 2894 1157 Nam
2932 1109 3051 1155 dedi
3078 1108 3218 1155 vobis
3242 1112 3509 1170 stuporem
3535 1110 3797 1155 dentium
3832 1126 3878 1153 in

2272 1182 2474 1230 cunctis
2492 1180 2710 1227 urbibus
2726 1183 2926 1243 vestris,
2951 1186 2994 1226 et
3019 1179 3387 1241 indigentium
3399 1194 3607 1241 panum
3640 1182 3703 1225 in
3733 1195 3879 1226 enim

2271 1252 2366 1301 bus
2392 1253 2514 1301 locis
2539 1252 2748 1310 vestris;
2772 1257 2815 1299 et
2842 1266 2949 1298 non
2977 1252 3094 1298 estis
3119 1250 3310 1297 reversi
3334 1250 3406 1297 ad
3430 1264 3528 1308 me,
3549 1250 3686 1298 dicit
3706 1250 3880 1299 Domi-

2272 1339 2394 1375 nus.
2410 1323 2544 1374 ldeo
2568 1326 2761 1373 autem
2786 1322 3164 1384 indigentiam
3190 1333 3402 1384 panum
3425 1326 3557 1384 post
3579 1326 3879 1385 stuporem

2271 1395 2532 1447 dentium
2560 1394 2785 1455 locavit,
2814 1398 2881 1445 ut
2905 1398 3060 1444 esset
3085 1406 3295 1443 sensus
3320 1393 3642 1455 ejusmodi:
3678 1395 3880 1456 quiain

2270 1468 2618 1519 oblivionem
2645 1466 2831 1531 operis
2859 1466 2949 1516 sui
2972 1466 3301 1516 viderentur
3323 1468 3523 1515 dentes
3549 1464 3816 1523 adducti,
3836 1472 3879 1515 ei

2271 1539 2674 1590 desuevissent
2699 1539 2967 1601 incidere,
2992 1543 3093 1589 aut
3117 1536 3361 1588 emolere
3387 1538 3564 1600 cibos,
3588 1538 3880 1601 longoque

2269 1612 2570 1664 intervallo
2590 1613 2861 1675 temporis
2877 1610 3185 1673 quemdam
3202 1614 3533 1673 paterentur
3555 1616 3876 1674 stuporem.

2272 1684 2484 1734 Verum
2508 1696 2641 1733 cum
2679 1688 2797 1733 tam
2821 1683 3025 1732 acerba
3050 1695 3154 1733 vos
3180 1680 3479 1743 castigatio
3504 1682 3875 1744 percutisset.

2269 1771 2383 1803 non
2406 1757 2524 1803 estis
2549 1757 2743 1803 reversi
2768 1754 2840 1803 ad
2858 1769 2959 1817 me,
2977 1754 3107 1802 dicit
3130 1754 3415 1803 Dominus.
3434 1758 3557 1814 Quo
3576 1766 3761 1821 vprsu
3773 1754 3876 1804 duo

2259 1828 2470 1890 pariter
2492 1826 2791 1885 indicavit,
2810 1826 3105 1876 etillorum
3132 1825 3465 1876 vidizlicetin
3480 1824 3874 1888 delinquendu

2268 1900 2659 1962 pertinaciam,
2687 1905 2741 1948 et
2760 1910 2926 1948 suam
2950 1900 3008 1949 in
3033 1896 3387 1949 consulendo
3413 1897 3840 1960 benignitatem
3864 1915 3873 1946 :

2270 1972 2369 2033 qui
2394 1970 2488 2022 illa
2510 1972 2780 2021 nimirum
2808 1971 3060 2028 verbera,
3088 1982 3201 2020 non
3228 1978 3290 2019 ut
3302 1970 3544 2032 puniret,
3563 1971 3672 2019 sed
3688 1975 3757 2020 ut
3773 1985 3871 2017 cor-

2264 2043 2494 2106 rigeret,
2507 2044 2817 2093 intulisset.
2837 2043 2984 2093 lluic
3006 2046 3197 2092 autem
3210 2041 3445 2091 consilio
3462 2041 3783 2093 infeliciter
3799 2056 3873 2091 re-

2268 2117 2565 2177 sistentes,
2594 2116 2888 2178 quoddam
2916 2116 3065 2165 sicut
3090 2126 3259 2177 supra
3275 2113 3551 2171 diximus,
3581 2119 3872 2164 certamen

2264 2188 2511 2250 ingressi
2538 2192 2693 2249 sunt,
2719 2192 2777 2238 et
2805 2187 2933 2238 ideo
2960 2186 3097 2249 quid
3123 2185 3373 2247 adjiciat,
3394 2184 3735 2235 audiamus.

2330 2261 2490 2310 Vers.
2509 2260 2559 2312 8.
2579 2286 2635 2295 —
2655 2259 2768 2321 Ego
2790 2274 2999 2322 quoque
3016 2258 3275 2321 prohibui
3290 2272 3321 2304 a
3336 2256 3476 2304 vobis
3500 2256 3744 2304 imbrem
3763 2272 3872 2305 cum

2263 2332 2442 2381 adhuc
2469 2338 2567 2380 tres
2594 2347 2793 2379 menses
2808 2335 3153 2395 superessent,
3178 2328 3423 2392 usquead
3437 2342 3660 2377 messem
3676 2345 3690 2379 :
3705 2336 3752 2377 et
3766 2331 3821 2393 pl
3830 2344 3872 2377 ιιι

2260 2418 2422 2467 super
2453 2406 2722 2452 civitatem
2748 2420 2938 2465 unam,
2959 2410 3005 2451 et
3029 2418 3189 2465 super
3212 2405 3476 2449 Civitatem
3502 2402 3745 2450 alteram
3779 2420 3869 2449 ltuit

2257 2478 2382 2539 ptui
2406 2491 2417 2527 :
2454 2492 2586 2539 pars
2610 2493 2726 2525 una
2748 2476 3019 2539 comptuta
3044 2480 3133 2529 est,
3160 2480 3205 2522 et
3230 2489 3360 2537 pars
3380 2488 3541 2535 super
3574 2490 3754 2537 quam
3774 2492 3867 2522 non

2261 2549 2402 2610 plui,
2420 2550 2590 2597 aruit.
2624 2548 2690 2597 Et
2716 2553 2975 2596 veuc‘runt
3002 2548 3119 2595 duae
3144 2552 3188 2593 et
3212 2553 3310 2593 tres
3333 2546 3575 2593 civitates
3594 2550 3669 2593 ad
3694 2548 3870 2594 civita-

2263 2625 2363 2667 tem
2389 2628 2405 2648 °
2430 2620 2620 2679 aliam,
2658 2626 2715 2667 ut
2752 2620 2981 2667 biberent
3004 2634 3231 2682 aquam,
3251 2624 3296 2665 et
3320 2632 3427 2667 non
3454 2624 3583 2665 sunt
3608 2620 3823 2667 satiatae
3837 2628 3870 2665 et

2262 2706 2373 2739 non
2408 2692 2619 2739 redislis
2644 2691 2716 2740 ad
2742 2706 2845 2754 me,
2870 2691 2999 2739 dicit
3025 2690 3310 2738 Dominus.
3329 2688 3665 2740 Ustendens
3685 2703 3866 2754 supra.

2261 2764 2453 2813 subita
2465 2762 2559 2813 Iue
2578 2764 2806 2825 frugum
2820 2763 3041 2825 copiam
3058 2762 3440 2825 disperisse,et
3452 2762 3576 2821 quia
3590 2766 3866 2810 emendatis

2257 2833 2415 2884 nulla
2434 2835 2791 2897 successerit,
2810 2836 3046 2885 clariora
3059 2847 3117 2883 se
3130 2834 3298 2884 etiam
3311 2833 3736 2896 indignationis
3750 2840 3867 2882 lt‘sll-

2257 2906 2452 2957 monia
2462 2907 2797 2970 praebuisse,
2812 2911 2988 2969 atque
3002 2906 3181 2968 prima
3197 2904 3567 2968 pullulatione
3583 2909 3866 2955 herbarum.

2257 2987 2470 3042 negatu
2507 2977 2830 3042 pluviarum
2856 2980 3112 3041 germina
3136 2978 3466 3038 sull'ocasse,
3501 2989 3867 3041 consequen-

2259 3056 2345 3102 ter
2368 3051 2458 3113 adj
2472 3050 2650 3111 unxit,
2680 3052 2816 3112 quia
2831 3050 3100 3100 imbrium
3115 3049 3702 3111 solatianequaquam
3716 3053 3865 3098 omni-

2259 3123 2368 3173 bus
2385 3123 2446 3172 in
2462 3135 2768 3172 commune
2786 3122 3141 3183 subduxerit,
3156 3134 3227 3171 ne
3240 3121 3467 3171 eventui
3486 3121 3707 3183 potius,
3722 3137 3859 3183 quam

2261 3194 2662 3257 indignationi,
2712 3194 2866 3257 quod
2902 3193 3201 3255 acciderat,
3237 3192 3605 3256 applicarent.
3663 3193 3778 3244 Sed
3813 3198 3861 3242 ut

2263 3267 2567 3328 sentiretis,
2593 3266 2781 3329 inquit
2795 3265 3010 3329 judicio
3035 3266 3154 3315 iieri
3174 3265 3505 3327 siccitatem,
3533 3278 3717 3328 super
3733 3267 3860 3316 civi-

2186 3356 2231 3426 C
2266 3342 2443 3426 tatem
2497 3350 2677 3426 unani
2706 3336 2843 3401 plui,
2880 3343 2944 3426 et
2972 3350 3142 3401 super
3164 3338 3452 3426 civitatem
3479 3335 3731 3426 alteram
3755 3350 3861 3387 non

2266 3410 2402 3474 plui,
2429 3414 2491 3460 ut
2508 3409 2700 3471 simul,
2727 3423 2760 3460 ο
2776 3408 3001 3473 populo,
3021 3414 3227 3472 negato
3246 3411 3341 3458 tibi
3360 3408 3579 3470 solatio,
3598 3421 3674 3459 ex
3705 3413 3861 3457 vicino

2263 3482 2605 3532 mordereris
2631 3482 2911 3545 exemplo.
2946 3483 3129 3531 Tanta
3153 3481 3323 3532 etiam
3352 3480 3457 3530 fuit
3479 3480 3687 3530 imbris
3705 3484 3861 3532 exili-

2265 3557 2370 3617 tas,
2398 3558 2461 3603 ut
2484 3566 2589 3603 nec
2620 3554 2877 3616 ipsorum
2903 3554 3058 3604 sitim
3088 3553 3358 3613 locorum,
3384 3564 3513 3615 quae
3544 3558 3857 3617 aspersisse

2263 3626 2584 3685 videbatur,
2630 3626 2902 3689 expleret.
2948 3628 3221 3676 Attamen
3260 3636 3376 3683 vos,
3416 3627 3510 3687 qui
3537 3628 3611 3675 ad
3648 3628 3855 3689 opinio-

2262 3710 2397 3748 nem
2422 3698 2652 3761 pluvias,
2671 3704 2734 3747 ut
2759 3700 3009 3759 pecudes
3034 3696 3449 3759 currebatis,ad
3474 3708 3568 3746 me
3591 3700 3855 3749 noluistis

2261 3782 2360 3833 per
2393 3771 2701 3821 voluntatis
2726 3769 3187 3820 emendationem
3209 3767 3597 3831 redirezeoque
3620 3769 3855 3835 factum,

2261 3847 2324 3892 ut
2349 3845 2404 3892 et
2431 3842 2592 3893 vobis
2620 3842 2753 3892 lixa-3
2779 3842 3218 3902 calamitates,et
3238 3840 3377 3890 mihi
3399 3840 3853 3905 diSpensationes

2262 3926 2405 3965 meai
2426 3914 2965 3965 inl‘ructuosissimaa
2988 3913 3375 3965 redderentur.

2322 3987 2482 4037 Vers.
2530 3985 2581 4039 9.
2629 4014 2689 4025 —
2737 3986 2978 4035 Percussi
3009 4000 3097 4033 vos
3120 3986 3179 4033 in
3204 3991 3353 4035 vento
3378 3992 3579 4048 urente,
3605 3994 3652 4037 et
3675 3989 3733 4037 in
3762 4009 3852 4040 au-

2257 4059 2471 4122 rugine,
2497 4057 2903 4107 multitudinem
2915 4059 3197 4107 hortorum
3208 4063 3499 4107 vestrorum
3511 4067 3555 4107 et
3569 4060 3794 4111 vinearu
3804 4080 3849 4111 m

2258 4137 2574 4191 vestrarum,
2600 4130 2787 4179 oliveta
2814 4136 2983 4180 vestra
3004 4136 3050 4179 et
3064 4133 3213 4191 ﬁceta
3239 4136 3406 4179 vestra
3429 4134 3847 4197 comediteruea;

2256 4208 2301 4251 et
2330 4218 2439 4251 non
2464 4203 2672 4251 redistis
2698 4203 2770 4250 ad
2805 4219 2901 4261 me,
2925 4204 3052 4251 dicit
3065 4203 3739 4267 Dominus.lniquitatum
3752 4222 3847 4259 ve-

2257 4278 2505 4325 strarum
2528 4275 2638 4325 iste
2662 4276 2930 4325 cumulus
2957 4276 3061 4325 rite
3087 4275 3426 4337 censebitur,
3455 4275 3589 4338 quia
3615 4290 3747 4330 cum
3774 4286 3845 4332 to-

2257 4348 2407 4397 tiens
2444 4359 2672 4409 operam
2720 4348 3039 4397 severitatis
3074 4348 3468 4410 assumserim,
3492 4348 3630 4399 nihil
3656 4354 3844 4404 tamen

2255 4418 2327 4468 ad
2359 4424 2611 4469 vestram
2650 4420 3062 4469 correctionem
3093 4419 3370 4482 promovi.
3407 4421 3510 4470 Pro
3556 4422 3845 4476 beneﬁciis

2254 4502 2387 4552 ergo
2422 4490 2697 4552 quicquid
2732 4502 3128 4541 aerumnarum
3152 4489 3446 4549 hausistis,
3474 4504 3763 4559 enumera,
3793 4504 3845 4547 et

2254 4561 2530 4613 conﬁteor
2550 4574 2643 4613 me
2668 4562 2834 4625 quasi
2857 4564 3098 4613 oblitum
3122 4562 3299 4613 fuisse
3326 4563 3691 4627 benignitatis
3704 4581 3843 4620 mete

2257 4632 2396 4683 dum
2414 4634 2792 4696 perniciosam
2818 4634 2983 4685 vobis
3011 4634 3378 4697 delinquendi
3401 4636 3842 4692 obstinationem

2257 4717 2523 4769 superare
2547 4705 2852 4757 contendo.
2899 4704 3074 4772 523
3122 4706 3255 4757 Ideo
3300 4709 3588 4771 geminare
3611 4709 3838 4776 plagas,

2169 4783 2226 4855 D
2252 4777 2427 4855 immo
2451 4780 2622 4855 etiam
2645 4777 3022 4855 multiplicare
3045 4792 3158 4855 non
3191 4780 3404 4845 distuli,
3431 4787 3487 4833 et
3509 4783 3836 4836 hominibus

2248 4849 2480 4913 frugum
2502 4850 2849 4903 adminiculo
2871 4852 3182 4913 destitutis,
3205 4865 3501 4917 pomorum
3525 4867 3749 4920 quoque
3763 4873 3836 4905 sn-

2245 4921 2383 4973 latia
2403 4922 2820 4986 hortorumque
2849 4924 3101 4975 subduxi
3127 4940 3138 4975 :
3158 4930 3223 4975 ut
3246 4928 3393 4977 sicut
3417 4926 3588 4989 longa
3601 4930 3825 4981 siccitas

2246 5005 2409 5055 spem
2451 4995 2673 5057 messis,
2711 4997 2791 5047 ita
2815 4997 2986 5047 etiam
3020 4998 3298 5063 autumni,
3326 5005 3383 5051 et
3404 5000 3625 5065 hyemis
3664 5003 3826 5060 bona,

2243 5066 2336 5117 vel
2358 5078 2500 5119 aura
2523 5066 2812 5130 pestilens,
2842 5069 2931 5121 vel
2945 5069 3216 5133 frequens
3235 5083 3404 5123 eruca
3427 5080 3789 5127 consumeret
3814 5091 3825 5125 :

2242 5143 2287 5187 et
2314 5153 2423 5188 non
2452 5142 2663 5190 redistis
2686 5141 2759 5189 ad
2780 5155 2881 5204 me,
2907 5142 3035 5190 dicit
3062 5141 3346 5194 Dominus.

2303 5212 2461 5263 Vers.
2490 5214 2575 5268 10.
2592 5242 2655 5252 —
2677 5217 2803 5264 Misi
2827 5218 2899 5265 ad
2926 5234 3009 5265 vos
3034 5224 3255 5266 mortem
3280 5219 3339 5267 in
3358 5220 3444 5267 via
3460 5218 3824 5285 zEgypti,per-

2238 5286 2376 5331 cussi
2414 5286 2473 5334 in
2503 5287 2683 5349 gladio
2707 5288 2927 5351 juvenes
2960 5295 3166 5353 vestros,
3193 5292 3451 5353 usquead
3472 5294 3820 5355 captivitatem

2238 5369 2502 5419 equorum
2528 5365 2821 5409 vestrorum
2849 5378 2859 5410 :
2886 5367 2929 5409 et
2953 5362 3228 5411 ascendere
3252 5362 3352 5424 feci
3371 5365 3707 5427 putredmem
3726 5382 3824 5415 cus-

2238 5431 2449 5477 trorum
2480 5437 2769 5479 vestrorum
2798 5433 2853 5481 in
2882 5450 3040 5481 nares
3067 5440 3261 5482 vestras
3289 5451 3299 5484 :
3326 5440 3504 5484 etnon
3527 5437 3735 5485 redistis
3760 5438 3823 5485 ad

2235 5513 2317 5547 me
2338 5500 2465 5549 dicit
2497 5503 2777 5555 Dominus.
2798 5506 2956 5566 Quod
2985 5507 3211 5570 Egypti
3228 5509 3819 5561 commemorationem

2233 5570 2446 5645 intulit,
2474 5573 2776 5638 dupliciter
2801 5577 3037 5641 intelligi
3067 5584 3269 5641 potest.
3303 5582 3443 5630 Nam
3468 5593 3604 5631 cum
3627 5581 3719 5632 ille
3736 5595 3825 5645 po-

2233 5644 2424 5708 pulus,
2451 5647 2547 5709 qui
2576 5653 2978 5701 sexcentorum
3004 5650 3244 5701 millium
3270 5650 3445 5703 fuisse
3465 5644 3817 5712 narr.itur,ab

2233 5716 2401 5767 annis
2426 5719 2631 5782 viginti
2653 5726 2711 5772 et
2727 5734 2918 5785 supra,
2946 5727 3107 5773 extra
3129 5726 3577 5787 Josue,etCaleb
3604 5726 3662 5777 in
3694 5727 3816 5775 soli-

2234 5787 2434 5841 tudine
2462 5790 2698 5844 docetur
2722 5794 3029 5857 extinctus,
3046 5796 3248 5849 merito
3273 5797 3364 5849 hic
3377 5798 3529 5850 Deus
3550 5799 3811 5863 Egyptian

2296 5962 2313 5981 ⁸
2341 5952 2493 6005 Libri
2531 5953 2643 6027 alii,
2676 5957 2750 6006 ad
2770 5957 3034 6008 civitatem
3062 5973 3252 6013 unam.
3278 5963 3556 6016 Hebraeus
3588 5974 3797 6027 quoque

2232 6035 2373 6088 nns
2414 6012 2663 6092 iui-Ss.
3244 6012 3293 6014 ί⁷
3836 6078 3837 6119 ι
