3894 6398
78 373 241 427 1073

1299 387 1369 436 ΙΝ
1405 388 1600 441 AMOS
1635 392 2213 451 COMMENTARIUS.

3253 409 3391 466 1074

65 486 1187 586 PIF‘fffiif’fn‘E‘ifitﬁt?“QP‘fiSSGﬁi0”:
1216 505 1676 582 (tuostuonuneiut
1702 512 1748 579 Α
1782 510 1945 559 runt:
1975 509 2081 561 hoc
2107 512 2312 564 faciam
2337 515 2562 566 tibisub
2596 517 2862 580 ejusdem
2882 531 3036 571 sane
3076 516 3270 572 tenore
3294 535 3394 586 pro

59 557 476 630 internecione
489 559 779 612 delendos.
798 564 899 614 Vel
917 569 1063 615 certe
1078 557 1348 630 quoniam
1371 557 1674 624 imminen-

64 629 233 703 tibus
253 631 526 694 Assyriis,
545 635 837 694 israelitte,
859 637 1006 685 sicut
1025 629 1224 688 beatus
1243 644 1385 691 Usee
1401 642 1580 703 docet,
1601 647 1672 694 ab

64 702 360 764 .Egyptiis
385 704 664 754 auxilium
702 709 1082 768 postularunt.
1111 723 1216 759 nec
1263 716 1453 763 tamen
1495 717 1672 766 ultum

62 779 215 823 sunt
240 775 554 825 remedium
583 780 900 827 consecuti:
929 788 1340 840 consequenter
1364 786 1595 836 misSarn
1617 789 1673 838 in

61 857 170 894 eos
200 852 444 896 mortem
491 850 770 911 Λῦαιριίω
811 851 937 904 viae.
975 854 1337 916 propheticus
1366 871 1552 908 sermo
1577 859 1675 910 de-

61 918 337 993 nunciat,
360 934 457 993 per
474 934 643 980 quam
669 925 737 970 ad
775 937 869 971 eos
888 925 1153 975 nimirum
1175 941 1286 976 non
1319 943 1477 978 arma
1503 932 1672 993 socia,

65 989 177 1037 sed
207 990 402 1040 iratior
435 991 617 1040 hostis
658 995 873 1056 irrupit.
911 997 1008 1045 tlui
1037 1000 1228 1046 sensui
1261 1003 1442 1058 magis
1466 989 1676 1052 conve;

65 1060 247 1110 niunt
289 1075 420 1124 qua}
461 1070 800 1125 sequuntur.
841 1066 894 1116 id
936 1073 1040 1127 est,
1083 1069 1233 1129 quod
1261 1075 1314 1118 et.
1356 1075 1597 1127 juvenes
1623 1076 1678 1122 et

64 1145 263 1192 equos
293 1135 349 1182 in
368 1135 565 1184 castris
591 1137 886 1197 obsidione
905 1146 1222 1202 corruptos,
1244 1140 1677 1204 velcaptivitate

56 1203 295 1262 judicat
320 1208 722 1256 cormnunitos.
758 1210 864 1257 Sed
893 1224 1158 1268 eumvos,
1188 1203 1674 1273 inquit,eoin-lusos

59 1279 396 1325 castrorum
416 1279 656 1340 putredo
683 1282 974 1337 crueiaret,
994 1288 1050 1332 et
1071 1283 1337 1333 videretis
1360 1287 1524 1334 vobis
1551 1291 1680 1333 mala

59 1347 428 1408 captivitatis
450 1351 704 1411 protinus
720 1351 1030 1414 inferenda,
1046 1367 1149 1403 nec
1167 1355 1247 1404 sic
1263 1358 1472 1406 reversi
1488 1361 1603 1404 estis
1619 1362 1677 1405 ad

61 1432 179 1478 me,
198 1418 336 1470 dicit
357 1422 649 1471 Dominus.
667 1425 805 1472 Tote
819 1439 950 1485 ergo
964 1426 1405 1482 castigationum
1433 1429 1680 1480 fructum

62 1490 214 1538 mihi
247 1503 344 1552 per
366 1504 470 1541 vos
489 1494 1020 1556 perisse,quomodo
1036 1511 1123 1546 me
1143 1498 1284 1547 ferre
1303 1499 1681 1549 arbitramini.

137 1563 306 1611 Vers.
354 1562 437 1615 11.
478 1592 535 1599 —
581 1565 821 1613 Su’irerti
852 1583 937 1614 eos
970 1568 1222 1630 inquam:
1260 1570 1395 1617 sicut
1435 1571 1683 1619 subvertit

71 1633 224 1681 Deus
245 1635 535 1683 Sodommn
569 1641 612 1683 et
649 1639 1030 1700 (Iomorrluim,
1049 1646 1091 1686 et
1115 1640 1246 1700 facti
1264 1642 1382 1688 estis
1397 1644 1554 1704 quasi
1579 1649 1686 1689 tor-

65 1705 147 1751 ris
176 1713 368 1768 raptus
393 1708 454 1754 de
481 1707 728 1756 incendio
748 1726 762 1766 ;
781 1716 824 1757 et
854 1725 958 1757 non
988 1712 1193 1758 retiis-tis
1218 1713 1290 1758 ml
1321 1728 1415 1770 me,
1443 1714 1686 1762 dicit/)0-

65 1777 259 1823 minus
287 1777 429 1838 (Ose.
459 1778 506 1831 4.
534 1781 572 1841 ).
622 1782 756 1840 Quis
790 1782 1038 1842 sapiens.
1079 1786 1136 1831 et
1179 1783 1618 1845 cognoscithmc
1655 1791 1677 1834 Ρ

60 1851 233 1897 Tunc
262 1848 541 1909 intelliget
567 1852 980 1902 misericordias
1007 1854 1254 1911 Domini,
1290 1868 1433 1917 quas
1457 1870 1593 1906 sane
1621 1859 1676 1906 in

61 1920 346 1969 omnibus
365 1922 487 1971 suis
501 1922 1025 1986 tiiSl:Cl')Sttti011ii)tlS
1047 1927 1451 1977 commendare
1464 1941 1579 1978 non
1595 1931 1672 1975 de-

60 1995 209 2043 sinit
239 2008 248 2042 :
278 1993 430 2044 unde
470 2009 564 2044 eas
597 2000 652 2046 et
677 1997 731 2046 in
767 1997 1148 2059 prtesentibus
1177 1998 1333 2052 locis,
1361 2011 1492 2048 cum
1520 2004 1672 2050 certe

61 2077 284 2126 magno
312 2067 632 2118 severitatis
654 2069 875 2118 ambitu
902 2068 1163 2128 procedat
1187 2069 1384 2121 oratio.
1410 2070 1489 2119 ita
1509 2078 1669 2120 tamen

57 2137 363 2187 abundare
397 2151 463 2188 ac
494 2142 892 2201 supercilluere
919 2142 1271 2189 deiminstrat
1301 2145 1362 2190 ut
1385 2141 1528 2202 [Ant.
1559 2142 1664 2206 Vel]

59 2211 270 2258 doceat
311 2223 454 2271 quas
499 2210 688 2261 intulit
736 2212 934 2274 plagis,
983 2213 1164 2262 multo
1201 2212 1306 2260 sibi
1356 2212 1666 2274 graviores,

56 2294 245 2341 quam
275 2280 361 2329 his
388 2281 485 2342 qui
511 2281 815 2344 patiantur.
845 2283 1040 2332 videri.
1063 2282 1305 2329 Satn-arti
1335 2299 1434 2343 vos,
1462 2283 1666 2346 inquit,

53 2353 200 2400 sicut
247 2352 495 2401 subvertit
531 2354 665 2402 Deus
713 2355 998 2402 Sor/omam
1036 2360 1080 2402 et
1128 2356 1466 2405 Gomorram.
1506 2357 1666 2416 Quod

60 2430 224 2474 certe
251 2438 368 2476 non
393 2426 671 2476 accidisse
701 2427 1019 2476 Israeliticis
1057 2426 1298 2488 populis,
1334 2439 1467 2487 spes
1494 2427 1666 2478 etiam

59 2497 376 2558 promissa:
413 2497 756 2548 liberationis
782 2499 1025 2547 afﬁrmat
1057 2513 1066 2545 :
1097 2498 1157 2545 tit
1203 2498 1433 2559 proinde
1459 2512 1666 2548 sensus

56 2569 369 2629 ejusmodi.
399 2570 672 2629 Quoniam
692 2575 912 2620 tantum
928 2569 1300 2630 calamitates,
1321 2570 1665 2630 quasintuli,

55 2641 114 2688 in
143 2642 400 2690 vestrum
425 2641 764 2704 sanguinem
786 2641 1119 2701 saevierunt,
1138 2643 1201 2689 ut
1219 2640 1523 2690 videantur
1542 2643 1665 2689 mihi

56 2711 379 2762 S‘odozuitze
399 2713 504 2774 ipsi
529 2728 641 2764 non
673 2729 798 2763 esse
826 2726 1040 2775 majora
1063 2713 1315 2775 perpessi
1344 2713 1537 2774 :juxta
1555 2730 1666 2760 mo-

52 2783 200 2832 dum
231 2785 437 2846 quippe
457 2785 921 2842 necessitudinis,
949 2785 1082 2847 quia
1109 2797 1212 2834 vos
1243 2784 1380 2833 mihi
1406 2785 1677 2844 adscive-z

53 2868 203 2914 ram,
244 2868 635 2907 aerumnarum
674 2860 782 2906 ista
808 2857 1101 2919 congestio
1126 2855 1236 2906 illis
1272 2860 1361 2905 est
1387 2856 1664 2906 incendiis

52 2939 104 2976 'e
117 2940 149 2974 Χ
161 2928 566 2990 ἱΙξ([υἷὶ1](Ῐὶὶ,(ιὶιὶ
578 2931 683 2979 bus
697 2931 967 2979 obscaena
983 2929 1148 2978 turba
1165 2941 1294 2977 cum
1314 2928 1472 2978 tectis
1486 2944 1574 2974 con
1586 2932 1666 2974 ila-

50 2999 319 3057 ,ai-avitet
357 3002 833 3060 tel‘I‘lS.QU'tI]1ViS
861 3001 1009 3051 enim
1046 3001 1208 3050 vobis
1236 3013 1395 3061 spem
1436 3013 1665 3061 recupe-

50 3069 255 3120 randae
275 3069 550 3121 libertatis
572 3071 922 3130 indulserim,
942 3078 1129 3121 tamen
1149 3070 1422 3121 videmini
1443 3071 1578 3120 mihi
1593 3075 1663 3118 si-

46 3147 152 3190 cut
168 3142 335 3192 torris
355 3143 536 3203 magis
555 3144 762 3207 aliquis
777 3145 1089 3195 semiustus
1109 3148 1403 3193 extractus
1417 3143 1484 3192 de
1508 3143 1650 3206 igni-

47 3215 180 3263 bus.
208 3226 381 3274 quam
411 3217 465 3264 in
493 3215 697 3264 virenti
739 3217 1061 3267 consistens
1090 3215 1372 3266 ﬁrmitate.

345 3288 498 3335 VCI‘S-
533 3287 722 3340 12:13.
748 3314 807 3325 —
840 3293 1173 3350 Quapropter
1199 3284 1650 3348 timefaciamtibi,

47 3358 244 3414 Israel;
270 3365 556 3421 postquam
590 3366 766 3407 autem
807 3361 901 3408 hoc
926 3361 1092 3422 [iuvero
1121 3358 1229 3410 tibi.
1258 3371 1567 3420 praeparent!
1595 3357 1646 3402 in

43 3443 333 3476 occursum
360 3431 453 3478 Dei
481 3432 576 3490 tui,
607 3432 782 3479 Israel.
807 3433 940 3488 Quir
959 3447 1066 3480 ecce
1105 3431 1352 3492 formans
1388 3435 1587 3475 montes
1612 3434 1656 3475 et.

45 3514 242 3547 ereans
271 3508 502 3554 ventum.
523 3509 565 3550 et
580 3505 932 3551 tmnuncians
951 3501 1446 3564 hominieloquium
1475 3514 1653 3562 suum,

43 3571 257 3629 fariens
287 3575 611 3621 matutinum
639 3576 904 3634 nebulam,
923 3582 965 3622 et
994 3575 1246 3636 gradiens
1271 3588 1430 3633 super
1454 3571 1655 3618 ereclsa

45 3652 203 3691 terra’
224 3661 232 3690 :
257 3645 520 3693 Dominus
547 3647 682 3694 Deus
701 3649 1029 3696 ea‘ercituum
1058 3661 1244 3694 nomen
1268 3647 1398 3708 ejus.
1416 3645 1481 3693 Et
1504 3642 1653 3704 quia,

53 3719 154 3777 inq
167 3715 265 3766 uit.
282 3717 533 3767 statuisti
549 3731 679 3768 eum
695 3719 1088 3768 benevolentia
1102 3731 1227 3767 mea
1244 3714 1558 3780 impudenti
1571 3715 1657 3760 ul)-

52 3789 368 3838 stinatione
394 3795 625 3850 certare,
646 3791 1165 3851 necessitatemque
1192 3789 1326 3838 mihi
1354 3784 1652 3838 exerendm

56 3859 383 3910 severitatis
404 3861 667 3923 imponis,
699 3862 900 3911 faciam
929 3862 1024 3911 tibi
1053 3861 1200 3922 quod
1230 3861 1348 3922 ipse
1370 3859 1648 3914 castigatio-

55 3944 202 3983 num
231 3931 366 3981 ordo
402 3931 676 3996 deposcit.
709 3936 902 3995 Neque
941 3933 1093 3984 enim
1119 3933 1298 3982 decet.
1329 3935 1392 3980 ut
1418 3931 1544 3993 plus
1570 3927 1652 3977 vi-

53 4006 207 4055 rium
235 4003 587 4066 impudentia
616 4009 728 4067 tua,
757 4019 929 4068 quam
955 4009 1151 4054 nostra
1171 4016 1410 4052 censura
1431 4003 1653 4046 videatur

50 4075 351 4136 habuisse,
371 4076 765 4138 priusqueista
788 4079 948 4138 quasi
984 4077 1196 4126 lassata
1217 4074 1474 4124 desinere
1505 4071 1650 4135 [.int.

50 4148 360 4210 desivere],
380 4160 549 4210 quam
581 4152 675 4198 tua
700 4153 800 4197 aut
831 4149 1101 4209 iniquitas
1121 4147 1366 4198 ﬁniatur.
1393 4149 1491 4193 aut
1517 4143 1647 4192 vita.

52 4223 347 4280 Quantum
380 4221 595 4282 ergoad
626 4234 715 4269 me
742 4221 990 4283 respicit,
1010 4217 1277 4268 medendi
1307 4216 1654 4265 contiiniabo

54 4292 440 4356 propositum:
467 4305 559 4353 per
579 4298 626 4342 te
650 4306 780 4341 vero
805 4291 996 4350 stabit,
1013 4296 1204 4340 utrum
1226 4290 1336 4338 ista
1354 4287 1652 4348 multiplex

54 4364 364 4424 castigatio
392 4365 773 4414 emendationi
809 4364 1080 4426 proficiat,
1114 4375 1186 4410 an
1219 4362 1407 4424 potius
1434 4358 1650 4408 ultioni.

56 4439 204 4497 Quia
236 4449 368 4497 ergo
394 4435 485 4484 illa
511 4437 805 4485 numeravi
832 4448 1014 4498 nuper
1045 4432 1425 4492 incommoda,
1463 4431 1514 4479 id
1544 4433 1649 4490 est,

53 4506 356 4572 penuriam
377 4507 604 4568 frugum
627 4512 683 4557 et
705 4507 778 4556 im
792 4505 1227 4567 brium,copiam
1245 4517 1376 4553 vero
1403 4503 1653 4552 locusta-

54 4592 181 4630 rum
212 4582 266 4627 et
291 4591 610 4638 ei'ucarum,
633 4579 676 4626 si
696 4579 829 4640 quid
857 4579 1050 4627 viroris
1072 4576 1268 4637 reliqui
1297 4575 1475 4624 fuerat
1496 4576 1649 4619 alisa-

55 4655 314 4700 mentem
346 4651 514 4709 luem,
543 4651 676 4699 anni
702 4651 975 4712 germina,
1003 4661 1351 4711 corporaque
1377 4645 1652 4710 populan-
1675 4669 1730 4740 Β

57 4729 164 4740 λημΑ
229 4722 371 4740 --_-1_-
402 4735 465 4740 ,χλ
493 4727 681 4740 ,ιμλ-ι-,-
707 4722 926 4740 L._,_n:l!..
961 4723 1021 4740 ιι»
1045 4721 1261 4740 ,2.ιζληζι.
1307 4723 1413 4740 ιλιι»
1441 4719 1492 4740 ;“
1527 4730 1618 4740 ..ιχ-η

57 4729 193 4783 tem,
229 4722 379 4772 mala
401 4727 688 4784 postremo
707 4722 930 4771 hostilis
955 4721 1284 4773 obsidionis.
1307 4723 1416 4768 tota
1441 4719 1496 4767 in
1524 4730 1650 4766 cor-

55 4794 385 4858 ruptionem
403 4799 588 4844 castra
605 4795 898 4853 vertentis,
922 4796 974 4842 et
994 4793 1244 4856 gladium
1264 4791 1416 4842 domi
1433 4792 1649 4848 forisque

57 4867 436 4918 saevientem:
464 4871 603 4926 'quie
630 4871 920 4928 certeego,
945 4865 1148 4927 inquit,
1182 4877 1277 4927 per
1301 4862 1650 4925 compitien—

59 4946 172 4988 tem
205 4938 650 4988 misericordiam
676 4937 954 4992 illiexitio,
982 4949 1093 4998 quo
1120 4935 1364 4985 Sodoma
1389 4934 1646 4996 perierat,

55 5009 416 5072 eomparavi:
437 5009 512 5058 ita
528 5009 674 5059 utad
701 5007 1133 5058 similitudinem
1155 5009 1522 5054 comliustoruin
1553 5012 1650 5051 tor-

53 5086 202 5133 rium
239 5080 778 5143 videaturreliquias
813 5085 1033 5130 vestras
1072 5079 1353 5129 redditura
1371 5078 1645 5138 captivitas)

54 5156 191 5217 quia
205 5153 334 5214 ista,
353 5153 422 5201 ini
436 5167 604 5214 prim,
626 5152 815 5202 omnia
836 5151 1199 5202 correctionis
1213 5149 1520 5199 inemcacia
1538 5151 1650 5196 fue-

118 5263 132 5281 ⁸
163 5252 383 5302 Vitiose
410 5253 620 5301 lectum
647 5257 735 5302 est
766 5252 1046 5301 hactenus
1072 5250 1400 5312 exequenda.

117 5325 258 5374 huic
292 5325 513 5385 quidam
542 5338 655 5373 non
683 5324 826 5372 alius
848 5328 936 5372 est
959 5324 1061 5371 abs
1094 5324 1460 5383 Hieronymo,
1488 5322 1651 5382 cujus

58 5395 441 5458 suggillanda:
479 5397 884 5457 Expositionis,
912 5393 1126 5443 nullam
1164 5393 1232 5443 de
1270 5406 1424 5442 more
1452 5394 1656 5443 Noster

53 5470 417 5518 occasionem
444 5467 841 5530 ιηίιηιιῖξιιιηὶιιἰι.
872 5469 953 5515 ita
981 5479 1114 5515 vero
1142 5465 1230 5516 ille
1249 5466 1653 5527 interpretatus

57 5546 170 5592 est:
194 5542 373 5599 Qut-1m
406 5541 623 5603 (ίί-Πννίί,
645 5540 769 5590 huic
798 5540 996 5587 faciam
1027 5538 1144 5596 tibi,
1171 5537 1304 5600 quid
1326 5537 1654 5597 liteturussil

59 5620 209 5674 tea-et,
240 5618 292 5658 ut
318 5628 438 5659 eum
465 5613 535 5656 ml
560 5612 777 5671 Sitit/uia.
805 5626 1083 5671 [aliarum
1108 5625 1301 5671 genera
1337 5609 1500 5658 Israel
1529 5624 1653 5671 pcn-

61 5689 139 5733 vtet
168 5686 402 5731 incertus
453 5686 583 5745 (quae
623 5685 734 5730 ideo
774 5683 1097 5728 terribiliora
1136 5688 1278 5732 sunt.
1309 5682 1442 5743 quia.
1468 5681 1654 5727 omnia

60 5758 426 5821 sus/urantur)
452 5763 575 5815 riunt
615 5755 1000 5816 penitentiam,
1032 5770 1092 5799 ne
1123 5754 1260 5800 Deus
1290 5753 1504 5815 inferat,
1543 5768 1656 5813 qua:

68 5832 326 5888 minutus,
359 5833 463 5877 etc.
491 5829 694 5877 (uniter
721 5840 851 5888 quae
888 5825 1149 5888 superius
1185 5825 1383 5883 multa,
1406 5839 1511 5874 nec
1537 5828 1657 5874 sine

65 5899 492 5958 liii-ronvmiani
531 5899 780 5948 nominis
823 5903 1136 5958 contemtu,
1187 5900 1388 5948 Noster
1412 5898 1659 5959 objicere

68 5982 118 6022 δ.
145 5974 376 6023 Ductori
408 5971 596 6022 audet.

1779 579 1970 641 positi,
2000 584 2062 631 ut
2087 585 2402 646 perniciosa
2423 600 2559 637 sane
2584 579 2873 648 impietate
2911 589 3176 653 depulsa,
3214 579 3390 644 affec-

1777 656 1897 725 tum
1925 655 2642 709 emendationisassumas.
2666 662 2730 709 Et
2754 660 2976 712 idcirco
3002 668 3308 725 postquam
3335 665 3390 715 id

1777 723 1894 780 tibi,
1921 727 2386 786 quoddenuncio,
2414 730 2601 780 inferri
2621 731 2858 789 videris,
2892 734 2947 782 in
2974 723 3277 784 occursum
3295 740 3390 783 Do-

1774 795 1913 869 mini
1943 797 2040 858 tui,
2068 799 2184 859 spei
2214 800 2461 850 melioris
2489 802 2690 862 factus,
2717 816 2748 850 ξι
2767 804 3049 864 (ιρὶημρι-ρ,
3068 819 3252 867 neque
3271 821 3390 869 per-

1776 866 2148 940 culsusparte
2167 873 2466 922 sententia)
2487 873 2571 922 Vel
2600 873 2843 934 despero
2859 890 2884 923 s
2907 866 3173 933 salutem,
3196 866 3286 927 vel
3304 892 3392 940 Ju-

1777 936 2020 986 div'antis
2061 941 2523 1004 oculis;qqiaiere
2553 943 2842 993 formides.
2876 946 3018 993 Nam
3049 959 3180 995 cum
3207 960 3273 997 eo
3299 936 3390 998 est

1781 1010 1878 1082 tibi
1912 1012 2178 1071 ratio.qui
2201 1027 2562 1076 nequaquam
2584 1021 2820 1064 mortem
2850 1017 3152 1066 morientis
3175 1025 3384 1082 exoptet,

1780 1081 1875 1127 sed
1905 1082 2001 1140 qui
2027 1086 2193 1132 etiam
2218 1086 2476 1143 audietis,
2516 1086 2560 1134 si
2588 1100 2684 1135 eos
2712 1087 3155 1136 commissorum
3192 1089 3387 1140 videat

1781 1153 2072 1212 pinnitere,
2115 1161 2423 1204 succurrat.
2463 1158 2700 1216 Quidam
2728 1159 2920 1207 bhunc
2955 1161 3136 1208 locum
3165 1161 3259 1210 ubi
3286 1163 3382 1222 ait,

1784 1227 2117 1286 t‘luapropter
2144 1227 2450 1287 lure/uetant
2474 1228 2583 1282 tibi,
2606 1230 2679 1277 ita
2696 1229 3097 1290 accipiendum
3126 1241 3382 1295 putarunt,

1783 1298 1845 1343 ut
1891 1308 1961 1344 ex
2012 1297 2292 1347 industrii
2339 1299 2610 1357 dicerent,
2648 1301 3106 1350 connninationis
3135 1303 3379 1363 speciem

1784 1365 1959 1415 fuisse
1995 1368 2249 1426 celatum,
2289 1374 2571 1431 quatenus
2618 1371 2891 1432 quicquid
2939 1374 3134 1433 posset
3159 1373 3384 1425 auditor

1783 1439 2208 1489 atrocissimum
2229 1442 2527 1504 suspieari,
2545 1443 2596 1490 id
2623 1446 2790 1492 etiam
2806 1445 3247 1496 erederett‘uisse
3263 1462 3380 1505 pro-

1787 1510 2041 1559 missum.
2073 1512 2179 1560 Sed
2216 1514 2591 1563 aninuulverti
2629 1515 2776 1575 licet,
2816 1529 2930 1565 non
2957 1517 3380 1579 suspicionibus

1787 1581 2108 1632 territorum
2135 1597 2250 1633 rem
2274 1585 2446 1634 fuisse
2466 1586 2831 1646 promissam:
2859 1592 3132 1637 cieterum
3158 1588 3293 1649 quid
3317 1601 3379 1640 se

1786 1650 2064 1702 facturum
2111 1654 2337 1716 diceret,
2376 1659 2506 1718 post
2545 1655 2838 1718 paululum
2865 1657 3207 1720 publicasse.
3237 1661 3376 1710 Nam

1787 1721 2136 1786 interpositis
2162 1738 2289 1786 (tua:
2327 1728 2399 1775 ad
2443 1727 2755 1790 potentiam
2799 1729 3068 1779 creatoris
3106 1729 3374 1792 valerent,

1779 1795 1944 1855 quasi
1971 1808 2102 1844 cum
2127 1797 2462 1860 repetitione
2482 1799 2861 1861 subjunctum
2887 1803 2974 1850 est
2999 1816 3010 1849 :

2397 1941 2629 1990 CAPUT
2681 1942 2745 1991 V.

1836 2080 1997 2129 Vers.
2039 2079 2162 2133 1.-‘2.
2207 2109 2263 2116 -—
2302 2083 2495 2129 Audite
2538 2083 2749 2130 verbum
2778 2083 2939 2143 istud,
2975 2084 3119 2148 quod
3145 2099 3236 2147 ego
3262 2085 3369 2133 levo

1770 2167 1929 2214 super
1953 2167 2036 2199 eos
2059 2152 2364 2214 planctum:
2389 2153 2588 2200 Domus
2621 2154 2782 2202 Israel
2807 2155 3007 2216 cecidit,
3035 2162 3078 2203 et
3107 2170 3214 2202 non
3234 2155 3370 2215 adji-

1770 2225 1863 2270 εἱσι
1903 2230 1956 2270 ut
2004 2230 2264 2286 resurgat.
2311 2225 2468 2283 Virgo
2505 2225 2670 2272 Israel
2706 2227 2941 2288 projecta
2977 2233 3046 2273 est
3082 2227 3136 2272 in
3169 2232 3368 2274 terram

1768 2309 1944 2353 suam,
1985 2301 2028 2341 et
2072 2310 2178 2341 non
2219 2300 2288 2341 est
2323 2297 2418 2356 qui
2444 2296 2652 2343 suscitet
2685 2311 2821 2344 eam.
2859 2296 3062 2358 Sicque
3089 2310 3366 2346 sensuum

1769 2366 1905 2416 ordo
1926 2366 2266 2426 subtexitur,
2283 2370 2345 2415 ut
2367 2380 2520 2416 more
2540 2380 2644 2416 suo
2666 2367 2762 2417 sed
2773 2367 2864 2417 ulo
2881 2369 3031 2417 Deus
3053 2375 3213 2415 uoster
3229 2384 3368 2416 caus-

1771 2451 1865 2487 sas
1893 2437 2060 2487 illatze
2082 2438 2427 2499 cztiptivitatis
2446 2439 2782 2489 absolverit:
2801 2452 2971 2500 quam
2991 2440 3366 2492 ninnrumve-

1768 2509 1853 2558 lut
1873 2510 2083 2558 invitus
2111 2509 2440 2571 implevisse
2470 2510 2745 2559 videatur.
2773 2511 2878 2560 Sed
2892 2511 2962 2561 ad
2983 2511 3242 2561 lectionis
3273 2525 3361 2562 or-

1769 2582 1958 2631 dinem
1986 2586 2358 2632 revertamur.
2377 2584 2686 2644 Postquam
2701 2583 2962 2644 ergodixi
2976 2589 2993 2632 ι
3009 2599 3019 2632 :
3038 2584 3144 2631 ΙΙοσ
3160 2584 3364 2644 [ιισίιληι

1769 2653 1880 2712 tibi,
1913 2652 2092 2700 Israel.
2121 2654 2409 2715 Postquam
2436 2660 2612 2700 autem
2641 2653 2736 2700 hoc
2766 2654 2932 2715 fecero
2960 2653 3068 2710 tibi,
3096 2670 3366 2718 pracpara-

1769 2740 1821 2771 νε
1849 2725 1905 2771 in
1924 2739 2202 2771 occursum
2223 2725 2428 2784 Dcitui,
2446 2724 2636 2772 Israel:
2664 2725 2801 2782 Quid
2821 2740 2944 2787 ecce,
3175 2729 3360 2789 inquit,

1765 2795 2015 2856 formans
2035 2802 2250 2846 montes,
2271 2803 2512 2843 etei-cans
2528 2802 2756 2855 rentum,
2771 2802 2815 2843 ct
2831 2812 2899 2842 un
2915 2798 3184 2844 num'ia-us
3199 2797 3365 2846 hom-i-

1768 2868 1827 2913 ni
1844 2867 2514 2929 eloquiumsanna/ueiens
2536 2867 2864 2914 matutinum
2883 2867 3199 2926 nebulam,ct
3218 2878 3366 2931 cgra-

1766 2939 1917 2986 diens
1961 2953 2119 3001 super
2153 2939 2354 2986 excelsa
2394 2945 2558 2988 ti_-rr:e.
2601 2939 2865 2987 Dominus
2910 2938 3240 2986 exercituum
3267 2955 3360 2988 n0-

1768 3024 1882 3055 men
1903 3009 2131 3071 ejus.()l)
2148 3010 2521 3058 reverentiam
2547 3009 2756 3072 judicis
2781 3009 2839 3058 in
2866 3021 3092 3059 reorum
3121 3010 3362 3072 pectori-

1767 3081 1873 3128 bus
1900 3081 2311 3132 suscitandam.
2341 3093 2510 3143 opera
2542 3079 2808 3129 creatoris
2832 3079 3148 3130 interserit:
3183 3085 3244 3130 ut
3271 3081 3358 3132 vel

1755 3151 2021 3201 allectum
2048 3166 2179 3213 erga
2203 3166 2261 3200 se
2287 3151 2539 3201 censoris
2568 3151 2818 3214 prudens
2837 3151 3061 3201 auditor
3079 3154 3357 3212 intelligat,

1756 3220 1845 3272 vel
1879 3223 1949 3272 de
1994 3223 2199 3273 eii‘ectu
2225 3236 2338 3273 non
2369 3223 2592 3272 dubitet
2621 3222 2874 3284 ultionis,
2901 3223 2999 3284 qui
3046 3221 3067 3250 "
3090 3235 3222 3273 eum
3249 3223 3357 3273 sibi

1683 3298 1730 3370 ρ
1765 3293 1953 3370 videat
1971 3295 2434 3370 comminantem,
2455 3295 2620 3370 cujus
2641 3293 2847 3370 virtute
2862 3293 3142 3370 subsistat
3159 3297 3361 3342 univer-

1765 3365 1998 3414 sitasld
2024 3367 2205 3415 est:()
2229 3370 2284 3414 tu
2307 3363 2640 3426 lsiael.quis
2657 3364 2730 3412 sit
2761 3364 3091 3414 meritorum
3129 3369 3355 3414 tuorum

1759 3441 2092 3498 expunctor,
2114 3435 2406 3498 inspicite:
2459 3433 2548 3484 ille
2581 3435 2855 3484 nimirum
2888 3447 2986 3496 per
3012 3448 3183 3497 quem
3210 3435 3358 3486 facta

1759 3512 1895 3557 sunt
1918 3508 2128 3569 omnia,
2157 3512 2212 3557 et
2239 3509 2362 3558 sine
2385 3519 2496 3569 quo
2530 3507 2737 3556 factum
2773 3511 2861 3556 est
2884 3505 3022 3556 nihil
3047 3508 3221 3566 (Joan.
3250 3506 3352 3568 1.):

1755 3579 1846 3630 ille
1866 3581 1962 3642 qui
1990 3581 2272 3630 elementa
2292 3579 2552 3639 jussione
2575 3579 2834 3628 formavit
2854 3582 3026 3639 atque
3053 3578 3317 3629 distinxit
3343 3597 3352 3627 :

1754 3651 1845 3701 ille
1871 3652 1967 3713 qui
1996 3652 2153 3702 dedit
2178 3651 2463 3701 sideribus
2490 3649 2835 3706 utlucerent,
2861 3649 3106 3698 vallibus
3122 3655 3184 3699 ut
3207 3650 3358 3700 desi-

1755 3727 1954 3773 nerent
1978 3731 2012 3786 ',
2034 3723 2249 3785 eampis
2275 3725 2337 3772 ut
2364 3723 2635 3785 jacerent,
2660 3721 2956 3771 montibus
2981 3725 3045 3771 ut
3069 3728 3314 3769 tumerent
3343 3736 3352 3766 :

1754 3793 1845 3863 ille
1863 3795 1959 3856 qui
1997 3793 2322 3856 spirabilem
2340 3806 2547 3852 aerem,
2572 3805 2684 3854 quo
2711 3791 2974 3842 acwloin
3003 3796 3178 3842 terras
3191 3795 3355 3842 media

1752 3867 2022 3929 linpletur
2051 3865 2318 3921 inanitas,
2348 3868 2469 3913 tum
2496 3863 2723 3913 densari
2749 3863 2803 3911 in
2830 3863 3063 3921 nubem,
3084 3866 3207 3912 tum
3233 3877 3358 3914 mo-

1755 3938 1872 3990 veri
1897 3938 1953 3988 in
1999 3940 2200 3987 ventos
2245 3934 2513 3998 praecepit
2545 3952 2554 3982 :
2598 3935 2767 3996 cujus
2795 3933 3170 3996 providentiae
3203 3946 3354 3985 nova

1752 4023 1920 4072 Opera
1949 4007 2120 4058 variis
2145 4007 2560 4058 elementorum
2596 4004 2954 4054 declarantur
2984 4004 3217 4054 ciliciis:
3256 4005 3350 4067 qui

1753 4094 1886 4131 cum
1905 4081 1978 4130 sit
1995 4084 2185 4130 tantus
2205 4078 2431 4128 virtutis
2447 4075 2774 4133 eminentia,
2802 4079 2990 4125 tamen
3011 4075 3226 4125 homini
3241 4075 3352 4125 elo-

1753 4153 1948 4215 quium
1983 4151 2239 4212 suum,id
2273 4149 2559 4208 estlegem
2589 4160 2753 4197 suam
2783 4146 3046 4196 intimare
3067 4146 3351 4206 dignatur.

1756 4225 1818 4272 Et
1861 4225 2010 4273 inter
2063 4221 2499 4284 gubernationis
2547 4217 2838 4276 miracula,
2876 4218 3086 4280 quibus
3114 4217 3262 4279 facit,
3291 4222 3354 4270 ut

1752 4295 1976 4345 nebulae
2012 4294 2081 4343 de
2120 4293 2301 4350 terris,
2329 4292 2421 4342 ubi
2450 4303 2546 4340 eas
2574 4289 2892 4339 matutinus
2938 4289 3022 4339 sol
3055 4287 3350 4350 amaverit,

1751 4366 2106 4428 exhalentur,
2143 4365 2322 4414 donec
2368 4363 2675 4413 immoratu
2702 4361 2964 4423 ejusdem
2997 4361 3226 4423 vaporis
3250 4364 3352 4412 aut

1752 4438 2220 4500 comprin'iantur,
2257 4439 2356 4483 aut
2403 4433 2634 4483 omnino
2681 4433 3000 4492 siccentur;
3067 4431 3182 4481 imo
3219 4444 3348 4481 cum

1752 4507 2081 4571 oportuerit,
2102 4509 2385 4556 concretae
2405 4505 2462 4554 in
2481 4505 2662 4553 nubes
2679 4503 2751 4553 ad
2779 4503 3069 4564 superiora
3080 4505 3346 4566 ducantur,

1752 4581 2106 4641 redditteque
2132 4578 2356 4626 cunctis
2385 4575 2673 4625 montibus
2699 4574 2981 4635 celsiores,
3006 4585 3188 4635 aquas
3215 4587 3351 4624 con-

1756 4658 2046 4715 ceptorum
2073 4649 2342 4700 imbrium
2371 4649 2425 4698 in
2449 4644 3069 4708 subjectaditfundant:
3097 4650 3270 4708 atque
3289 4648 3353 4694 ita

1757 4725 1862 4774 sibi
1900 4721 2329 4787 gubernationis
2373 4719 2552 4783 ipsius
2588 4717 2830 4779 vestigia
2859 4717 3137 4779 impressa
3168 4718 3355 4768 consi-

1753 4800 1960 4859 gnent;
1989 4808 2109 4858 ipse
2136 4793 2393 4854 inquam,
2414 4791 2591 4841 factor
2607 4790 3040 4851 elementorum,
3064 4788 3154 4838 cui
3172 4804 3352 4837 nomen

1751 4872 1837 4916 est
1857 4867 2110 4914 Exercitu
2124 4881 2150 4908 u
2163 4880 2211 4911 in
2237 4863 2522 4920 Dominus,
2539 4861 2714 4919 idest,
2731 4861 2896 4923 cujus
2910 4873 2976 4910 ea
2993 4863 3246 4922 potestas
3265 4867 3354 4921 est,

1750 4941 1814 4990 ut
1837 4937 2002 4989 nutui
2028 4939 2150 4999 ejus
2171 4935 2428 4985 serviant
2453 4932 2790 4995 angelorum
2821 4934 3083 4989 caterva),
3109 4943 3354 4993 eumque

1751 5024 1941 5072 regem
1966 5021 2136 5059 suum
2151 5007 2624 5067 conditoremque
2641 5004 2949 5055 fateantur:
2967 5003 3104 5065 ipse,
3125 5004 3353 5063 inquam,

1751 5095 1816 5133 ea
1833 5082 2138 5131 vobiscum
2151 5078 2504 5137 benignitate
2519 5075 3122 5137 contendit,quatenus
3138 5075 3188 5119 in
3198 5076 3355 5120 feren-

1751 5153 1823 5204 da
1848 5153 2010 5202 vobis
2047 5155 2330 5201 tormenta
2358 5148 2684 5210 denunciet,
2715 5147 2761 5196 si
2809 5157 2920 5208 quo
2953 5142 3123 5193 modo
3149 5143 3354 5193 affectu

1815 5261 1831 5279 °
1858 5251 2142 5314 Scriptum
2178 5253 2296 5300 erat
2330 5247 2604 5310 gradiens,
2641 5243 2793 5306 quod
2820 5245 2878 5294 et
2900 5241 3096 5305 posset
3119 5245 3358 5314 contex-

1754 5327 1874 5375 tum
1905 5313 2176 5374 orationis
2193 5322 2383 5373 leviter
2409 5317 2725 5370 attendenti
2743 5315 2964 5378 probari
3002 5314 3188 5375 magis
3215 5327 3229 5372 ;
3255 5313 3356 5363 sed

1756 5397 1866 5446 falli
1893 5411 2010 5446 non
2037 5396 2190 5444 sinit.
2208 5392 2547 5442 llebraicum
2574 5387 2882 5450 exemplar,
2915 5398 2988 5435 ex
3013 5397 3196 5445 eoque,
3221 5386 3357 5435 l-lie—

1754 5469 2091 5529 ronymiana
2150 5465 2351 5525 versio,
2407 5474 2652 5524 quorum
2704 5457 3044 5510 auctoritate
3100 5457 3357 5518 gradiens

1754 5541 2136 5591 restituimus.

1818 5613 1837 5640 δ
1876 5613 2090 5661 Vitiose
2116 5615 2281 5660 antea
2309 5607 2402 5670 qui.
2432 5618 2552 5652 cum
2581 5620 2589 5650 :
2642 5601 2752 5652 alia
2781 5597 3068 5664 ejusmodi
3122 5599 3354 5662 saepius,

1755 5696 1858 5734 nec
1887 5685 2092 5733 lectore
2120 5680 2432 5729 admonito.
2462 5675 2840 5737 castigantur.

1819 5758 2047 5815 °Atque
2098 5753 2218 5802 heic
2259 5749 2533 5799 mendose
2573 5746 2865 5793 desiderent
2911 5745 3225 5806 legebatur,
3255 5754 3354 5806 pro

1757 5839 1870 5888 quo
1889 5826 2182 5872 desinerent
2203 5821 2584 5872 restituimus.
2605 5819 2846 5883 Optime,
2869 5817 3081 5868 nedum
3103 5819 3356 5868 mendose.

1757 5903 1820 5946 ut
1849 5898 2012 5946 nobis
2037 5896 2275 5945 videtur.
2296 5892 2538 5941 Desidere
2564 5891 2715 5941 enim
2732 5890 2978 5942 vallibus
2992 5889 3224 5940 omnino
3241 5903 3362 5936 eon-

1768 5970 1922 6033 gruit
1957 5969 2054 6020 vix
2083 5971 2274 6019 autem
2309 5965 2562 6013 desinere.
2590 5965 2753 6015 EDIT.
