3894 6420
517 418 653 475 1075

1588 418 1850 474 RUFINO
1882 416 2344 471 PRESBYTERO
2378 417 2757 469 ASCRIPTUS

3667 413 3798 469 1076

521 531 840 605 pmnitendi
884 534 947 584 in
991 534 1195 584 vestris
1226 535 1518 585 mentibus
1549 532 1815 605 excitato,
1854 530 1947 583 vel
1984 540 2111 581 sera
2135 529 2476 605 Astudium
2522 526 2859 605 paenitentis
2907 531 3291 605 assumto,_et
3342 524 3412 605 d_e
3457 525 3800 605 correctione

515 603 840 655 emendatio
868 616 993 655 reos
1019 606 1321 657 subtrahat
1338 604 1560 657 ultioni.
1583 604 1743 666 Quod
1768 614 1905 654 sane
1928 614 2110 653 reme—

520 672 679 725 dium
705 675 971 737 quoniam
985 676 1270 728 obstinata
1284 678 1559 741 pravitate
1584 678 1924 738 corrumpilis,
1942 690 2111 723 vocem

518 751 731 797 nostra;
756 746 1177 799 lamentationis
1194 750 1452 813 accipite,
1466 763 1637 811 cuius
1656 760 1881 811 semper
1896 746 2115 797 monita

518 818 784 879 repuistis
807 833 819 867 :
841 832 1058 881 vocem,
1089 821 1345 885 inquam,
1375 834 1484 884 qua
1506 832 1773 882 suprema
1796 824 2115 878 vestrapro-

520 890 827 950 sequimur.
859 890 1054 939 Cecidit
1099 893 1301 953 cecivtit,
1338 908 1450 941 non
1496 893 1714 955 adjiciet
1757 896 1815 938 ut
1838 894 2105 950 resurgat.

528 959 683 1023 Virgo
719 960 881 1009 Israel
901 963 1137 1025 projecta
1173 970 1242 1012 est
1272 964 1333 1011 in
1356 972 1555 1013 terram
1580 978 1755 1020 suam,
1782 976 1893 1010 non.
1923 966 1993 1009 est
2018 960 2114 1023 qui

515 1032 722 1079 suscitet
751 1045 891 1084 eam.
918 1033 982 1083 Id
1007 1039 1096 1084 est
1121 1034 1215 1085 illa
1239 1048 1383 1099 gens
1409 1035 1479 1086 de
1510 1036 1660 1087 clara
1685 1032 1911 1085 Israelis
1938 1032 2113 1095 stirpe

517 1101 894 1165 descendens,
914 1109 971 1155 et
999 1118 1130 1169 quae
1156 1108 1314 1170 virgo
1337 1107 1605 1171 appellari
1627 1106 1715 1157 vel
1732 1108 1864 1156 ante
1889 1116 2114 1154 merue-

518 1172 608 1233 rit,
657 1173 746 1224 vel
790 1176 1040 1226 sueverit
1074 1176 1297 1242 (quippe
1322 1179 1496 1242 icujus
1534 1177 1886 1242 pudicitiam,
1924 1173 2115 1237 quain

517 1245 867 1295 consortium
886 1245 1070 1298 fuerat
1096 1248 1301 1313 proprii
1329 1251 1565 1301 rectoris
1588 1248 1785 1311 ascita,
1805 1246 2114 1310 profanitas

520 1315 674 1366 nulla
700 1317 1004 1368 violasset:
1033 1321 1122 1371 vel
1147 1321 1317 1383 cujus
1336 1321 1660 1372 felicitatem
1685 1317 2117 1371 continuainte—

518 1386 726 1449 gritate
758 1388 1084 1453 pollentem,
1110 1392 1410 1454 captivitas
1444 1392 1601 1443 nulla
1628 1390 2023 1455 corripuisset)
2050 1400 2117 1439 ea

519 1469 673 1507 nunc
698 1459 1047 1521 proculcatui
1061 1460 1337 1514 vincentis
1355 1466 1633 1527 exposita,
1656 1462 1859 1527 probra
1873 1460 2044 1512 simul
2060 1465 2118 1512 et

521 1533 806 1580 tormenta
826 1533 1160 1595 perpetitur.
1190 1536 1304 1587 Nec
1328 1539 1570 1598 usurpat
1591 1534 1825 1596 aliquod
1854 1533 1925 1584 de
1958 1544 2117 1583 amo-

522 1600 705 1652 venda
749 1601 1073 1655 calamitate
1108 1605 1401 1667 solatium;
1442 1613 1719 1659 cmterum
1755 1607 1814 1657 in
1839 1610 1988 1657 terra
2013 1617 2119 1657 sua

520 1673 683 1752 velut
695 1674 900 1752 mulier
920 1677 1333 1752 pollutionibus
1350 1680 1611 1743 subjecta
1631 1683 1887 1752 decubuit,
1906 1684 1950 1727 et
1970 1680 2116 1726 mise-

520 1744 618 1816 riis
652 1744 1108 1809 deprimentibus
1140 1750 1213 1802 ad
1260 1752 1525 1816 sepulcra
1560 1751 1839 1816 pervenit,
1883 1762 1990 1802 nec
2029 1752 2118 1801 est

521 1815 618 1878 qui
633 1828 802 1879 opem
828 1819 970 1871 ferre
990 1820 1197 1884 valeat,
1214 1826 1272 1873 et
1296 1815 1591 1875 sublevare
1615 1824 1920 1886 dejectam,
1948 1834 2120 1885 quam

523 1899 768 1957 censura
807 1892 1218 1955 omnipotentis
1262 1895 1495 1946 attrivit.
1534 1897 1621 1946 Ab
1661 1896 1757 1947 illo
1794 1908 1927 1957 ergo
1953 1907 2123 1945 versu

726 1958 784 2010 in
810 1974 925 2024 quo
957 1964 1055 2025 ait,
1082 1966 1581 2027 Formansmontes,
1607 1973 1651 2015 et
1676 1955 1871 2016 creans'
1886 1971 2120 2022 ventum,

526 2031 783 2102 usquein
801 2038 1147 2096 praesentem
1166 2037 1372 2099 locum,
1399 2051 1471 2089 ex
1497 2051 1741 2102 persona
1766 2038 1981 2088 dictum
2006 2049 2132 2101 ς)το-

522 2100 714 2175 pheta}
741 2104 919 2168 accipi
947 2111 1134 2169 potest
1159 2107 1229 2157 de
1254 2109 1355 2160 Dei
1374 2100 1635 2161 videlicet
1658 2109 1914 2175 potentia
1938 2100 2129 2159 disse-

525 2173 725 2224 rentis.
749 2175 910 2236 Quod
924 2182 1113 2229 autem
1128 2178 1264 2229 dicit
1280 2180 1362 2230 ita
1384 2180 1442 2230 in
1468 2173 1675 2232 terram
1699 2193 1865 2231 suam
1890 2182 2128 2229 cecidisse

528 2244 814 2315 Israelem,
856 2252 923 2298 ut
953 2249 1181 2311 penitus
1215 2263 1329 2301 non
1360 2258 1649 2315 resurgat:
1679 2265 1810 2302 cum
1836 2257 1893 2304 et
1921 2262 2125 2315 praece-

531 2314 735 2367 dentes
760 2321 815 2367 et
830 2325 1138 2381 sequentes
1151 2323 1455 2374 sententias
1469 2314 1873 2375 solvendarum
1898 2314 2130 2383 quando-

525 2399 635 2458 que
680 2388 1039 2442 miseriarum
1071 2393 1273 2444 solatia
1302 2395 1718 2458 repromittant,
1754 2400 1809 2445 et
1846 2394 1903 2445 in
1926 2394 2127 2457 ipsius,

522 2457 1035 2513 animadversionis
1051 2465 1301 2527 tempore
1313 2466 1774 2517 imminutionem
1787 2468 1943 2525 magis
1955 2467 2129 2525 populi

527 2543 700 2593 quam
718 2531 1161 2585 internecionem
1176 2536 1482 2599 minentur,
1500 2540 1581 2588 lta
1593 2539 1873 2588 debemus
1887 2540 2126 2600 accipere,

527 2602 678 2663 quod
696 2603 1046 2668 vellugentis
1064 2607 1270 2658 all‘ectu
1286 2610 1639 2660 cumulatius
1656 2608 1969 2661 aestimavit
1990 2610 2127 2655 illata

526 2672 885 2725 discrimina:
903 2676 1097 2739 sicque
1122 2678 1385 2730 funditus
1408 2681 1724 2745 appellasse
1738 2681 1973 2739 deletos,
2001 2694 2127 2740 quos

527 2757 598 2795 ex
622 2746 838 2806 majore
864 2745 1081 2799 videret
1106 2754 1264 2812 parte
1281 2752 1554 2803 contritos
1575 2772 1586 2810 ;
1605 2753 1691 2803 vel
1707 2752 1929 2804 certoin
1955 2767 2126 2799 eorum

527 2816 807 2880 personis,
845 2830 988 2880 quos
1018 2821 1314 2884 captivitas
1339 2824 1696 2886 absumebat,
1736 2824 1814 2875 ire
1847 2835 2086 2888 pessum
2113 2838 2126 2873 :

534 2898 723 2967 neque
757 2891 1106 2967 ahquopiam
1137 2898 1371 2956 gentem
1410 2894 1633 2946 Israelis
1668 2895 1931 2946 suscitari
1957 2907 2126 2958 posse

531 2960 865 3023 signaverit.

591 3031 751 3081 Vers.
788 3031 839 3087 3.
873 3061 932 3069 —
957 3035 1099 3093 Quia
1132 3036 1239 3085 haec
1262 3036 1391 3086 dicit
1411 3039 1679 3088 Dominus
1708 3038 1864 3100 Deus,
1896 3036 2026 3087 Urbs
2068 3038 2129 3087 de

530 3116 637 3175 qua
680 3104 1088 3167 egrediebantur
1110 3108 1270 3169 mille,
1293 3109 1670 3175 relinquentur
1704 3111 1765 3159 in
1790 3127 1849 3158 ea
1874 3117 2083 3159 centum
2114 3126 2124 3157 :

528 3178 573 3222 et
598 3173 659 3223 de
682 3190 792 3237 qua
817 3178 1225 3239 egrediebantur
1248 3173 1475 3231 centum.
1493 3183 1939 3246 relinquentur-in
1952 3198 2015 3231 ea
2038 3183 2129 3231 dc-

527 3260 635 3295 cem
647 3248 707 3295 in
721 3248 877 3298 domo
890 3250 1249 3304 Israelis.N0n
1264 3256 1454 3306 subito
1466 3257 1614 3319 capti
1625 3256 1812 3307 vitatis
1826 3257 2052 3304 miserias
2066 3258 2129 3303 ir-

2218 601 2535 665 actuum,si
2564 601 2651 651 vis
2676 597 3168 662 vivere,cogitato.
3201 597 3446 660 Require
3468 609 3562 647 me
3579 599 3800 659 proinde,

2213 684 2390 735 quem
2423 671 2750 735 profanitati
2790 670 3049 721 serviens
3096 668 3374 733 reliquisti
3405 682 3417 719 :
3454 668 3679 730 require
3714 681 3800 719 me

2212 743 2465 806 inquam,
2492 742 2734 793 inveniri
2772 743 3056 806 paratum,
3080 745 3138 791 et
3162 741 3257 791 ubi
3282 740 3526 804 primum
3552 751 3805 801 quaerere

2213 815 2473 877 cceperis,
2499 815 2831 865 obviantem
2855 814 3185 863 inveniens:
3205 812 3338 875 quia
3361 810 3547 862 omnis
3564 811 3661 872 qui
3675 816 3806 870 peti:—

2211 888 2483 949 accipiet:
2513 887 2611 949 qui
2636 886 2844 949 quaerit
2870 882 3041 951 527
3076 883 3809 947 inveniet,pulsantiaperio.

2215 963 2306 1008 tur
2351 960 2556 1018 (Matth.
2595 958 2684 1021 7.).
2733 958 2859 1008 Noli
2909 955 3215 1019 sacrilegiis
3255 955 3368 1006 tuis
3400 953 3808 1004 dissimulatio-

2210 1040 2347 1080 nem
2380 1034 2596 1080 nostraa
2620 1028 2960 1092 quaestionis
2984 1029 3050 1078 ad
3054 1030 3311 1091 jungere,
3335 1039 3407 1076 ne
3422 1026 3702 1076 horridior
3725 1023 3812 1073 dc-

2216 1101 2425 1163 tegat-is
2454 1100 2643 1152 oblata
2664 1100 2916 1152 remedia
2939 1099 3505 1162 negligendo,quam,
3533 1109 3668 1160 quae
3693 1108 3809 1159 pro-

2214 1173 2470 1233 mulgata
2500 1172 2744 1235 fuerant,
2780 1176 3066 1235 prmcepta
3093 1170 3441 1222 temerando.
3472 1168 3699 1227 Quaerite
3713 1182 3810 1225 me,

2215 1250 2260 1293 et
2284 1244 2481 1305 vivetis,
2524 1244 2707 1296 Nolite
2732 1256 2991 1307 quaerere
3014 1243 3210 1295 Bethel
3235 1247 3289 1293 et
3314 1240 3546 1305 Galgala
3561 1244 3620 1291 et
3646 1244 3814 1288 Bersa-

2215 1316 2341 1368 bee:
2382 1314 2478 1367 hac
2500 1320 2699 1367 autem
2721 1317 2894 1366 urbes
2921 1315 3071 1365 sicut
3106 1317 3323 1373 Regum
3346 1312 3534 1376 prodit
3561 1311 3812 1363 historia.

2217 1392 2275 1439 et
2299 1386 2513 1449 vitulis,
2539 1400 2686 1451 quos
2708 1388 3015 1439 Jeroboam
3041 1387 3260 1446 fecerat,
3300 1389 3357 1436 et
3394 1384 3634 1447 reliquis
3658 1386 3816 1435 erant

2215 1458 2383 1510 idolis
2448 1459 2790 1522 mancipatus
2843 1458 2911 1523 (3.
2972 1460 3093 1521 Reg.
3136 1455 3262 1519 12.).
3310 1456 3639 1507 Denunciat
3682 1467 3814 1518 ergo

2217 1529 2528 1582 consulens
2556 1530 2853 1594 Dominus,
2873 1534 2936 1581 ut
2949 1528 3041 1580 illa
3060 1540 3192 1592 quas
3216 1525 3817 1590 abominabiliaprofa—

2216 1603 2366 1654 nitas
2392 1601 2753 1663 reddidisset,
2774 1601 3129 1665 frequentare
3154 1600 3577 1659 desinerent,ne
3594 1610 3730 1649 cum
3754 1600 3819 1645 eis

2215 1674 2426 1739 pariter
2447 1676 2657 1737 quippe
2678 1674 2847 1737 [Forte
2880 1672 3114 1737 quique]
3138 1670 3438 1723 destinatis
3452 1670 3632 1722 exitio
3658 1671 3820 1729 dispe-

2218 1746 2410 1797 rirent.
2439 1745 2689 1808 Quaerite
2713 1758 2849 1809 ergo
2875 1746 3201 1807 Dominum,
3229 1744 3364 1806 quia
3378 1755 3496 1793 non
3522 1743 3653 1793 vult
3674 1754 3820 1791 mor-

2222 1821 2338 1869 tem
2363 1817 2691 1875 morientis;
2720 1823 2777 1868 et
2798 1822 3124 1880 quaerentes
3147 1813 3586 1867 revertiminiad
3600 1825 3755 1872 eum,
3780 1824 3817 1859 θι

2230 1890 2458 1953 vivelis,
2482 1902 2556 1941 ne
2579 1889 2861 1952 incipiatis
2888 1890 3146 1939 immisso
3173 1886 3721 1951 tectisprofanorum
3744 1885 3823 1935 in-

2230 1962 2431 2013 cendio
2456 1962 2823 2012 concremari.
2852 1961 2957 2011 Sed
2984 1961 3280 2012 videamus
3305 1964 3361 2010 et
3384 1958 3626 2020 reliqua.

2290 2034 2452 2083 Vers.
2486 2032 2536 2086 7.
2575 2030 2625 2086 8.
2675 2061 2731 2069 —
2758 2033 2862 2092 Qui
2886 2033 3186 2081 conrerlitis
3213 2033 3271 2079 in
3297 2030 3656 2091 absynthium
3674 2027 3822 2091 judi-

2228 2105 2391 2163 cium,
2431 2111 2476 2153 et
2504 2104 2779 2168 justitiam
2825 2106 2882 2152 in
2914 2110 3055 2152 terra
3075 2102 3826 2167 relinquitis.FacientemAr-

2228 2182 2441 2225 cturum
2458 2183 2503 2225 et
2528 2177 2796 2234 Orionem,
2822 2181 2865 2224 et
2890 2192 2983 2225 con
2996 2180 3271 2225 vertentem
3300 2175 3360 2222 in
3388 2188 3552 2221 inane
3572 2171 3823 2228 tenebras,

2228 2254 2273 2297 et
2296 2249 2438 2297 diem
2464 2249 2524 2296 in.
2550 2254 2752 2296 noctem
2780 2248 3218 2311 mutantemzqui
3241 2251 3384 2297 vocat
3410 2258 3586 2308 aquas
3598 2258 3774 2291 maris
3788 2250 3825 2290 et

2229 2319 2461 2383 effundit
2484 2336 2571 2368 eas
2594 2335 2753 2383 super
2771 2320 2965 2382 faciem
2991 2324 3157 2383 terrae,
3188 2319 3450 2367 Dominus
3475 2331 3678 2366 nomen
3701 2317 3825 2379 ejus.

2231 2392 2443 2442 Eodem
2468 2403 2582 2453 quo
2606 2404 2795 2455 supra,
2823 2390 3038 2455 ordine,
3066 2395 3129 2441 ut
3159 2389 3471 2453 potentiam
3492 2388 3713 2451 judicis
3737 2400 3826 2437 ex-

2229 2464 2480 2527 plicaret,
2507 2464 2659 2524 quod
2688 2462 2839 2514 idem
2856 2466 3009 2513 esset
3032 2467 3267 2525 creator,
3293 2461 3824 2523 admonuit,propo~

2231 2537 2523 2597 situmque
2544 2536 2689 2597 ejus,
2718 2535 2815 2596 qui
2841 2538 3122 2597 quantum
3147 2534 3206 2583 in
3234 2547 3293 2584 se
3317 2537 3421 2592 est,
3449 2532 3681 2583 cunctis
3707 2543 3825 2581 con-

2230 2607 2446 2656 sultum
2481 2604 2665 2661 vellet.
2696 2605 3007 2656 ostendens
3041 2605 3267 2668 (quippe
3295 2604 3500 2665 quibus
3539 2602 3825 2653 existendi

2228 2689 2493 2727 caussam
2521 2675 2697 2727 solam
2718 2677 2843 2739 ejus
2869 2677 3091 2727 bonitas
3118 2675 3497 2740 praestitisset)
3519 2674 3659 2725 dicit
3680 2687 3693 2723 :
3711 2676 3822 2735 quia

2222 2748 2508 2813 judicium
2555 2749 2699 2812 ejus.
2747 2749 2901 2811 quod
2932 2748 3097 2799 dulce
3121 2753 3277 2799 esset
3299 2745 3567 2809 innoxiis,
3592 2745 3693 2797 isti
3722 2746 3821 2794 srbi

2218 2821 2407 2872 instar
2429 2820 2720 2883 absynthii
2757 2820 3183 2872 amarissimum
3229 2818 3628 2870 reddidissent.
3682 2819 3822 2881 Ergo

2227 2893 2377 2955 quosi
2403 2892 2500 2949 ait,
2527 2892 2631 2950 Qui
2654 2906 2746 2940 con
2759 2892 2956 2940 vertitis
2981 2892 3041 2940 in
3070 2890 3729 2955 absynthiumjudiciu-m,
3750 2893 3818 2936 vel

2224 2965 2304 3016 ita
2332 2964 2609 3014 debemus
2633 2964 2907 3027 accipere,
2950 2968 3017 3014 ut
3057 2962 3634 3026 divinumjudicium,
3675 2960 3819 3022 quod

2227 3035 2335 3087 sibi
2359 3034 2576 3086 meritis
2602 3035 2722 3085 suis
2749 3034 2866 3085 fieri
2891 3034 3177 3085 exitiabile
3201 3033 3822 3096 compuleruntconvcr—

2228 3107 2366 3158 tisse
2405 3119 2503 3157 eos
2535 3106 2591 3156 in
2622 3105 3081 3167 amaritudinem,
3108 3108 3528 3168 conqueratur:
3554 3102 3645 3155 vel
3674 3108 3822 3154 certe

2228 3180 2418 3243 ipsum
2434 3180 2703 3229 humanm
2722 3179 2959 3229 rationis
2971 3190 3213 3229 examen
3228 3177 3287 3228 in
3303 3175 3746 3227 amaritudinem
3762 3180 3828 3221 tli-

2228 3256 2321 3302 cat
2343 3251 2519 3302 fuisse
2546 3255 2877 3314 corruptum
2908 3264 2919 3300 :
2959 3251 3241 3301 culturam
3266 3248 3530 3301 videlicet
3556 3249 3823 3299 idolorum.

530 3319 734 3397 ruisse,
755 3321 855 3397 sed
868 3317 2123 3397 multistemporibuscumexpcctaturomeuda-
2160 3321 2209 3397 ί]
2235 3322 2410 3397 sacris
2450 3335 2595 3397 quos
2616 3336 2718 3397 per
2742 3323 3232 3397 Moyseméaccepei
3249 3326 3372 3397 ant,
3395 3320 3600 3371 ritibus
3623 3317 3826 3397 praste-

531 3389 629 3453 tio,
671 3392 1015 3456 castigatum
1059 3394 1239 3447 fuisse
1283 3397 1579 3461 ponulum,
1624 3400 1844 3461 Regum
1875 3398 2126 3450 declarat

528 3460 784 3527 historia,
816 3468 987 3527 atque
1011 3465 1138 3518 ideo
1166 3480 1265 3531 per
1288 3460 1595 3533 prophetas
1629 3460 1787 3521 varia
1818 3482 1947 3522 eum
1972 3473 2128 3521 Deus

532 3535 726 3584 noster
750 3546 891 3587 voce
916 3539 1236 3602 compellat,
1256 3544 1381 3590 tum
1398 3540 1800 3592 denuneiando
1819 3542 2128 3605 perniciem

533 3616 778 3677 eamque
800 3606 976 3658 fixam
1002 3622 1128 3660 esse
1153 3610 1413 3673 dicendo,
1443 3616 1563 3663 tum
1588 3616 1937 3677 prospera,si
1956 3629 2131 3662 emen-

530 3676 771 3737 daverit,
819 3677 1155 3741 pollicendo.
1205 3683 1373 3733 Haud
1420 3676 1614 3746 itaque
1647 3676 1813 3748 quasi
1856 3686 1912 3735 in
1947 3698 2130 3737 unum

536 3751 761 3829 tempus
788 3757 1104 3829 coarctans,
1131 3751 1380 3829 aliquam
1406 3756 1465 3806 in
1490 3756 1659 3807 dictis
1683 3769 1812 3809 esse
1836 3758 2129 3817 discrepan-

533 3822 667 3871 tiam
706 3822 1017 3885 suspiceris
1054 3839 1067 3875 ε
1101 3825 1202 3876 sed
1230 3826 1477 3890 prolatas
1502 3829 1816 3881 sententias
1839 3843 1936 3893 per
1957 3828 2129 3893 longa

532 3895 805 3973 tempora,
826 3902 1354 3973 eaqueopportuna
1377 3899 1744 3962 distribuens,
1772 3914 2128 3964 consequen-

538 3966 673 4015 tiam
701 3977 865 4017 suam
879 3968 1148 4021 omnibus
1172 3975 1434 4023 constare
1458 3974 1702 4038 reperies
1729 3986 1834 4038 :_ac
1855 3975 2127 4037 paulatim

531 4038 924 4091 crescentibus
958 4040 1142 4099 malis,
1170 4056 1413 4104 regnum
1438 4032 1656 4109 profani
1677 4032 1869 4109 populi
1894 4047 2128 4098 commi-

526 4110 752 4167 nutum,
770 4109 949 4162 donec
966 4112 1038 4163 ad
1057 4113 1274 4166 ultimae
1299 4116 1648 4179 captivitatis
1666 4118 1903 4169 exitium
1924 4131 2126 4181 perve-

531 4181 697 4253 niret.
725 4183 785 4231 In
808 4182 921 4234 illis
950 4184 1185 4248 proinde
1212 4189 2126 4253 urbibusatqueregionibus,quae

526 4251 716 4325 adhuc
744 4256 910 4316 quasi
938 4260 1126 4308 stante
1150 4260 1468 4323 metr0poli,
1486 4261 1539 4311 id
1568 4267 1671 4321 est,
1702 4251 2126 4325 Samaria,vas-

532 4324 824 4398 tabantur,
842 4328 1033 4390 gentis
1060 4330 1496 4384 decimationem
1523 4334 1722 4384 factam
1741 4324 2126 4398 intelligamus

534 4400 597 4446 ut
642 4396 931 4450 nobilibus
953 4400 1373 4455 inleieuntibus
1411 4405 1688 4469 partibus,
1716 4418 1848 4469 quae
1871 4396 1991 4458 erat
2024 4420 2126 4459 ex-

534 4472 713 4519 tremi
740 4478 1113 4533 permaneret.
1142 4476 1282 4536 Quae
1306 4478 1576 4539 quoniam
1605 4478 1675 4528 ad
1700 4479 1809 4529 hoc
1833 4480 1988 4530 illata
2013 4479 2130 4530 fue-

528 4544 616 4622 rat
651 4541 974 4622 decimatio,
1012 4547 1075 4597 ut
1101 4546 1250 4598 sicut
1273 4547 1413 4622 alios
1437 4549 1595 4613 justo
1625 4551 1795 4601 dabat
1826 4552 2017 4608 exitio,
2045 4552 2124 4603 ita

523 4611 670 4687 alios
716 4616 1072 4677 pereuntium
1119 4611 1451 4672 emendaret
1474 4624 1734 4687 exemplo
1761 4643 1774 4674 :
1800 4624 2121 4676 exhortatio

522 4685 790 4737 continuo
814 4688 995 4751 ipsius
1019 4689 1332 4752 judicantis
1368 4695 1637 4746 insonuit.

582 4757 743 4839 Veros.
768 4758 901 4812 4.-6.
934 4789 992 4839 ἡ
1026 4762 1164 4839 Quia
1190 4765 1430 4839 hzecdicil
1447 4768 1710 4817 Dominus
1723 4770 1909 4818 domui
1928 4769 2112 4833 Israel,

525 4830 749 4904 Quaerite
792 4846 891 4892 me,
932 4837 977 4881 et
1007 4835 1203 4886 vivctis.
1222 4838 1290 4888 Et
1322 4840 1478 4889 nolite
1500 4857 1734 4904 quzcrcre
1757 4842 1952 4898 Bcthel,
1988 4848 2032 4890 et
2060 4830 2117 4889 in.

528 4900 756 4983 Galgata
783 4904 946 4983 nolite
978 4905 1197 4983 intrare,
1231 4916 1276 4958 et
1312 4911 1367 4959 in
1393 4900 1642 4962 Bersabee
1667 4928 1772 4962 non
1800 4913 2116 4973 transibitis,

526 4975 661 5051 quia
704 4975 939 5051 .Galgata
973 4980 1181 5044 captiva
1216 4983 1454 5044 ducetur,
1489 4992 1535 5034 et
1560 4986 1739 5035 Bcthel
1762 4988 1863 5035 erit
1884 4987 2114 5051 inutilis,

536 5046 760 5105 Quaerite
787 5049 1104 5113 Dominum,
1140 5060 1186 5103 et
1220 5056 1392 5115 vivite,
1420 5072 1484 5106 ne
1505 5059 1660 5121 [Ant.
1692 5059 1798 5123 nec]
1825 5059 1960 5122 forte
1981 5046 2116 5108 com;

519 5118 791 5195 burantur
808 5132 825 5151 ³
851 5123 970 5187 igni
996 5126 1187 5175 domus
1208 5128 1425 5191 Joscph,
1443 5134 1488 5178 et
1506 5118 1798 5195 devorabit,
1824 5118 1868 5180 et
1894 5132 2114 5181 nouerit

516 5193 612 5256 qui
632 5194 939 5257 exstinguat
963 5198 1158 5249 Bethel.
1187 5201 1330 5261 Quia
1353 5199 1428 5263 id,
1456 5201 1657 5265 inquit,
1676 5193 1824 5265 quod
1855 5215 1889 5254 a
1911 5203 2034 5261 leue
2060 5209 2116 5256 et

516 5267 724 5330 pietate
745 5268 1026 5320 debueras
1051 5269 1287 5333 discere,
1313 5283 1346 5321 o
1378 5277 1438 5322 tu
1463 5273 1651 5332 Israel,
1680 5279 1742 5325 ut
1763 5275 1859 5325 uni
1885 5278 2114 5323 videlicet

520 5337 714 5391 factori
754 5343 853 5391 tuo
898 5341 1185 5394 continuae
1223 5343 1542 5395 devotionis
1565 5345 1887 5398 adhaereres
1912 5348 2114 5410 olilcio,

521 5411 620 5473 qui
646 5416 700 5463 te
715 5415 770 5463 et
783 5412 1061 5478 propitius
1080 5414 1327 5478 beatum,
1343 5418 1397 5466 et
1414 5415 1590 5468 iratus
1608 5418 1991 5470 miserrimum
2010 5423 2119 5468 red-

515 5482 689 5544 deret,
738 5495 895 5536 szeva
925 5484 1161 5536 demum
1185 5486 1433 5551 pericula
1456 5487 1773 5542 docuerunt
1800 5506 1815 5543 :
1849 5492 1937 5543 vel
1960 5504 2115 5543 nunc

520 5696 529 5705 .
576 5635 592 5655 ·
619 5626 859 5705 Reliqui
895 5628 1024 5680 libri
1066 5630 1238 5694 atque
1286 5632 1601 5685 Hebraicus
1644 5633 1768 5698 ipse
1815 5639 2012 5688 textus
2060 5642 2114 5686 ut

512 5699 653 5760 ignis
709 5702 894 5753 VJND’.

574 5768 595 5796 δ
624 5770 863 5822 Videtur
884 5774 989 5825 abs
1009 5774 1358 5838 Hieronymo
1384 5778 1689 5840 accepisse,
1710 5778 1805 5829 ubi
1830 5779 1927 5838 ait,
1955 5778 2113 5841 Sym-

512 5840 757 5904 machus,
783 5842 1017 5893 absolute
1045 5844 1259 5909 stellas,
1307 5848 1590 5897 Theodotio
1629 5840 2009 5915 interpretatus
2044 5857 2113 5901 est

531 5920 832 5989 vesperum
858 5915 1165 5989 ξηρὸς-ενδ
1194 5922 1414 5989 autem,
1460 5921 1556 5984 qui
1604 5937 1697 5972 nos
1732 5922 1792 5972 in
1828 5922 2121 5989 Scriptuiis

523 5984 729 6031 sanctis
745 5984 992 6047 erudivit,
1019 5985 1228 6053 Chazil,
1243 5989 1588 6055 interpretari
1608 5998 1765 6058 putat
1785 5984 2119 6064 splendorem,

2233 3395 2429 3446 rendo.
2457 3394 2724 3458 Sequitur
2746 3399 2956 3459 autem,
2975 3394 3313 3458 Etjustitiam
3332 3393 3389 3440 in
3413 3399 3553 3441 terra
3568 3391 3826 3455 relinqui-

2229 3466 2293 3516 tis
2316 3482 2328 3516 :
2357 3467 2512 3530 quod
2528 3465 2601 3517 ad
2627 3466 2809 3527 ipsius
2832 3466 3123 3517 electionis
3141 3465 3368 3530 culpam
3382 3476 3641 3516 revocare
3658 3478 3823 3525 posse—

2228 3551 2378 3601 mus,
2406 3550 2537 3601 quae
2564 3537 2859 3601 judicandi
2883 3550 3166 3601 normam,
3183 3538 3349 3601 quasi
3372 3535 3583 3599 aliquid
3610 3533 3825 3598 procul-

2228 3610 2409 3662 cabile
2433 3610 2776 3674 reliquisset,
2804 3610 2914 3662 nisi
2934 3611 3209 3673 subjectis
3232 3606 3822 3671 versibusquidjusti-

2229 3683 2369 3735 tiam
2393 3686 2680 3744 vocasset,
2713 3683 3055 3733 ostenderet.
3080 3683 3174 3733 Ait
3201 3683 3370 3744 enim,
3396 3681 3695 3730 Facientcm
3720 3680 3824 3729 Ar-

2226 3760 2443 3804 cturum
2489 3758 2534 3802 et
2581 3753 2853 3817 Orionem,
2885 3759 3268 3803 convertentem
3304 3753 3359 3802 in
3386 3766 3545 3800 mane
3568 3750 3820 3800 tenebras.

2226 3826 2522 3878 Justitiam
2546 3837 2682 3889 ergo
2706 3824 3007 3890 appellavit
3030 3826 3219 3885 ipsum
3242 3826 3423 3876 Deum
3449 3826 3713 3874 nostrum
3726 3822 3823 3885 qui

2229 3899 2452 3963 merito,
2478 3902 2535 3949 et
2559 3899 2741 3950 virtus
2765 3902 2822 3949 et
2861 3898 3139 3962 sapientia
3170 3897 3494 3949 nominatur
3529 3895 3598 3956 (i.
3624 3895 3744 3945 Cor.
3776 3894 3820 3948 i.

2227 3972 2331 4035 24.)
2364 3987 2374 4022 :
2403 3981 2651 4033 eumque
2682 3982 2715 4020 a
2742 3969 2989 4033 profanis
3012 3983 3137 4021 esse
3157 3968 3435 4027 relictum,
3462 3967 3520 4019 id
3537 3970 3646 4027 est,
3666 3979 3822 4032 spre-

2229 4049 2368 4105 tum,
2409 4046 2783 4105 conquestus,
2832 4054 3003 4106 opera
3035 4043 3181 4105 ejus,
3207 4042 3418 4105 quibus
3440 4039 3694 4091 mundus
3718 4053 3821 4104 gu-

2227 4117 2516 4177 bornatur,
2566 4118 2865 4166 enumerat
2897 4130 2908 4165 :
2944 4117 3009 4166 ut
3032 4115 3256 4165 illorum
3292 4113 3557 4164 nimirum
3586 4112 3819 4163 crimina

2225 4186 2499 4251 cumulet,
2526 4187 2625 4250 qui
2656 4191 2834 4238 tantae
2858 4187 3171 4249 majestaus
3186 4188 3366 4238 Deum
3390 4198 3505 4237 non
3531 4184 3817 4237 timuerint

2221 4272 2504 4324 asperare.
2533 4259 2693 4320 Quod
2723 4263 2915 4311 autem
2932 4264 3214 4311 astrorum
3234 4271 3299 4311 ea
3319 4256 3592 4309 vocabula
3606 4257 3814 4311 intulit.

2225 4346 2357 4396 qum
2382 4330 2750 4383 aGenlilibus
2774 4330 3041 4383 videntur
3064 4331 3330 4393 imposita
3349 4332 3715 4393 (quamquam
3729 4330 3818 4381 alii

2223 4407 2568 4466 Interpretes
2593 4404 2783 4454 solum
2811 4403 3027 4454 sidera"
3052 4403 3317 4465 dixerint)
3336 4414 3636 4467 possemus
3654 4418 3821 4451 consc-

2224 4480 2465 4539 qucnter
2487 4475 2761 4537 accipere,
2790 4475 2925 4538 quia
2941 4475 3119 4525 obviis
3140 4475 3432 4526 vocabulis
3448 4474 3518 4525 ad
3536 4476 3822 4523 distinctio-

2223 4562 2354 4600 nem
2368 4558 2672 4611 astrorum,
2692 4560 2807 4598 non
2824 4547 2895 4598 ad
2914 4547 3406 4598 confirmationem
3426 4546 3743 4598 fabularum
3758 4552 3822 4594 sit

2223 4634 2368 4672 usus
2395 4620 2668 4684 propheta
2693 4634 2704 4669 :
2736 4618 3057 4670 secundum
3086 4618 3225 4671 illud
3251 4619 3403 4683 quod
3433 4621 3488 4671 et
3511 4618 3821 4682 Apostolus

2141 4697 2198 4770 D
2223 4695 2525 4770 poetarum
2545 4691 2861 4770 sententias
2875 4703 3240 4770 nequaquam
3260 4690 3706 4770 estdedignatus
3730 4703 3823 4742 as-

2225 4777 2448 4817 sumere
2474 4764 2605 4825 (Act.
2632 4762 2752 4821 17.).
2782 4763 3108 4815 Notandum
3132 4765 3304 4816 etiam
3336 4762 3488 4826 illud,
3508 4763 3660 4827 quod
3688 4777 3816 4815 cum

2219 4837 2663 4901 descriptionem
2679 4836 3376 4888 mthereteinformalionis
3393 4837 3817 4897 velletamplecti,

2217 4913 2511 4961 astrorum
2537 4907 2838 4959 vocabulis
2863 4912 3109 4971 quatuor
3138 4909 3497 4973 plagamquas
3521 4908 3693 4959 etiam
3711 4910 3819 4959 Cli-

2218 4985 2373 5032 mata
2400 4985 2699 5035 vocantur.
2729 4979 3076 5043 expresserit
3102 4996 3113 5031 :
3141 4980 3195 5031 id
3214 4985 3321 5041 est,
3343 4982 3579 5032 Arcturo
3593 4985 3818 5041 Septem—

2219 5052 2482 5113 trionem,
2510 5051 2716 5103 Orione
2742 5065 2874 5103 vero
2900 5053 3239 5113 Australem,
3267 5064 3398 5116 quae
3423 5054 3507 5103 est
3532 5065 3560 5102 e
3592 5055 3816 5112 regione.

2218 5124 2577 5174 constituens
2612 5141 2622 5170 :
2658 5123 2767 5174 diei
2788 5129 2981 5176 autem
3008 5129 3063 5175 et
3089 5125 3273 5175 noctis
3298 5123 3714 5183 vicissitudine,
3732 5135 3817 5173 or-

2220 5199 2340 5247 tum
2366 5195 2530 5259 Solis,
2550 5194 2723 5261 528
2751 5208 3135 5259 oceasumque
3154 5193 3813 5259 signandanipulchre

2216 5266 2533 5330 potentiam
2557 5269 2776 5331 opitlcis
2801 5268 3133 5329 admiratus,
3150 5269 3416 5319 tenebras
3434 5268 3586 5331 ipsas
3605 5266 3808 5317 aitcum

2217 5339 2272 5388 in
2310 5350 2478 5391 mane
2504 5346 2836 5392 convertere
2859 5356 2874 5389 :
2901 5340 2981 5391 ita
3001 5341 3154 5391 enim
3181 5341 3324 5391 Solis
3347 5340 3551 5402 globus
3578 5352 3708 5391 cum
3724 5352 3814 5388 ex-

2216 5409 2511 5473 plicaverit
2533 5425 2722 5475 gyros,
2741 5413 3031 5475 repentino
3058 5417 3237 5464 terras
3263 5411 3561 5476 splendore
3582 5411 3810 5474 profun—

2216 5482 2317 5543 dit,
2344 5486 2411 5534 ut
2438 5483 2706 5537 inventas
2736 5486 2997 5536 tenebras
3013 5498 3127 5537 non
3143 5485 3445 5549 pepulisse,
3460 5488 3739 5536 caeterum
3752 5483 3806 5534 in

2214 5641 2259 5685 et
2283 5636 2592 5698 signiﬁcare
2610 5638 2929 5701 generaliter
2943 5642 3099 5691 astra
3115 5638 3406 5703 fulgentia.
3434 5640 3501 5690 Et
3516 5637 3684 5702 paulo
3697 5643 3801 5701 p08t

2216 5707 2431 5758 Hebraea
2455 5711 2700 5774 nomina,
2728 5727 2846 5776 qua:
2868 5712 3017 5775 apud
3043 5727 3124 5762 eos
3154 5712 3309 5760 aliter
3330 5711 3693 5776 appellantur,
3720 5725 3803 5758 ro-

2212 5780 2414 5829 cabulis
2437 5782 2749 5844 fabularum
2776 5784 3067 5833 Gentilium
3092 5785 3153 5834 in
3177 5785 3422 5846 linguam
3444 5789 3683 5833 nostram
3707 5797 3801 5831 esse

2214 5854 2499 5917 translata,
2536 5855 2632 5919 qui
2655 5871 2769 5906 non
2793 5871 3081 5921 possumus
3104 5856 3396 5917 intelligere
3422 5856 3566 5921 quod
3590 5858 3798 5907 dicitur.

2221 5925 2332 5975 nisi
2380 5942 2477 5992 per
2519 5943 2581 5978 ea
2627 5928 2899 5991 vocabula,
2929 5946 3046 5996 quae
3086 5946 3187 5981 usu
3226 5930 3532 5991 didicimus,
3569 5937 3612 5980 et
3637 5944 3802 5979 errore

2213 5997 2582 6055 combibimus.
