3894 6400
55 356 207 410 1077

1269 353 1341 402 ΙΝ
1376 350 1572 403 AMOS
1601 351 2183 404 COMMENTARIUS.

3231 353 3371 408 1078

54 469 262 520 lucem
300 475 561 520 mutasse
585 468 862 520 videatur.
902 468 1003 525 Qui
1043 470 1382 539 vocataquas
1419 464 1607 539 maris,
1635 469 1679 512 ct
1700 467 1754 539 Α
1776 470 1971 514 essent
1999 465 2248 527 pestiferi
2280 466 2448 516 sociis
2472 468 2527 517 et
2550 466 2790 529 civibus,
2819 477 2991 529 quam
3009 465 3115 528 ipsi
3133 465 3370 516 Domino

54 541 307 601 effundit
332 555 417 588 cas
441 555 600 604 super
621 540 811 600 facth
844 545 1008 599 terrm,
1038 537 1300 586 Dominus
1327 549 1513 583 nomen
1543 535 1669 597 ejus.

59 612 514 673 Elegantissime
541 616 594 661 et
627 611 1005 662 scientissime
1024 623 1152 659 cum
1175 608 1244 657 de
1262 607 1670 657 elementorum

55 684 408 746 loqueretur
433 683 738 743 oflit-iis,ad
765 682 1030 732 creatoris
1056 679 1466 729 institutionem
1493 683 1672 739 etgu—

61 755 468 804 bernationen'i
499 760 608 817 pert
625 754 932 813 inentibus,
947 765 1076 801 cum
1096 749 1323 812 quidem
1343 750 1485 799 dixit
1502 752 1671 796 omnia

58 827 272 882 facere,
303 827 474 887 cujus
505 826 771 875 nimirum
800 825 1049 887 potentia
1075 827 1129 870 et
1158 821 1670 871 forinaviteos‘dem

57 898 309 947 ordines
341 902 396 947 et.
414 903 628 948 tuetur:
652 899 819 959 cujus
840 899 1028 944 tamen
1051 897 1331 957 pra-cipue
1348 893 1548 941 sideris
1576 895 1672 939 nii-

58 970 314 1019 nisterio
340 969 409 1018 ad
437 970 712 1019 creandas
740 970 928 1026 fruges
955 972 1227 1019 uteietur.
1261 966 1549 1014 ostendit:
1586 965 1670 1014 ni-

58 1041 285 1089 inirum
315 1041 478 1098 solis,
503 1041 598 1102 qui
623 1041 882 1088 discessu
902 1038 1129 1101 quidem
1159 1037 1672 1096 noctem,nol;iisre-

58 1125 280 1174 gressu
307 1113 457 1162 diem
485 1117 721 1175 pararet.
764 1115 908 1171 Ergo
935 1111 1203 1172 quoniam
1231 1109 1669 1171 descriptionem

57 1184 421 1234 natm-alium
442 1197 628 1234 sermo
658 1184 989 1245 contigerat,
1017 1181 1270 1232 subdidit
1295 1181 1484 1243 etiam,
1517 1180 1668 1241 quod

59 1256 150 1306 vel
172 1254 486 1306 exhalatus
507 1254 576 1304 de
597 1256 756 1304 terris
775 1255 999 1313 humor,
1025 1253 1112 1302 vel
1138 1255 1399 1301 assumta
1424 1250 1493 1301 de
1516 1253 1670 1298 mari-

55 1329 150 1377 nis
181 1327 404 1377 fluenta
423 1327 760 1389 gurgitibus,
776 1325 844 1375 ad
867 1336 1112 1387 superna
1135 1323 1335 1374 eodem
1357 1334 1561 1384 vapore
1579 1334 1671 1371 ra-

59 1402 436 1461 perentur,ac
458 1397 647 1447 denuo
675 1409 958 1460 suspensa
984 1397 1053 1445 de
1074 1394 1340 1450 nubibus,
1361 1406 1490 1456 qua:
1508 1393 1668 1443 iread

58 1483 303 1520 summa
329 1469 453 1520 caeli
489 1471 738 1533 ipsojam
761 1469 1008 1533 pondere
1028 1480 1141 1518 non
1157 1467 1423 1526 valerent,
1450 1482 1667 1512 amaram

62 1540 422 1592 salsedinem
451 1541 835 1591 transfusione
862 1541 1227 1603 deponerent,
1255 1541 1309 1589 et
1333 1537 1412 1587 ita
1436 1537 1669 1586 demum

62 1613 234 1663 terris
261 1613 590 1664 sitientibus
618 1613 992 1663 redderentur
1020 1626 1030 1661 :
1057 1611 1252 1672 sicque
1277 1608 1670 1668 alt-ndist'rugi-

63 1686 180 1734 bus
233 1685 521 1749 permixta
567 1681 1278 1746 contrariorum,humoris
1305 1680 1581 1742 videlicet,
1615 1685 1672 1731 et

62 1756 325 1820 vaporis,
353 1758 584 1808 ubertas
609 1756 946 1806 admiranda
971 1754 1353 1815 contingeret:
1382 1752 1533 1815 quod
1560 1752 1673 1802 uti—

62 1841 182 1892 que
233 1832 411 1879 tanta:
461 1829 878 1890 magnitudinis
904 1826 1196 1888 negotium
1241 1825 1523 1888 explicare
1556 1836 1673 1872 non

59 1905 283 1963 posset,
321 1900 429 1950 nisi
482 1900 573 1950 ille
621 1903 717 1963 qui
768 1900 926 1949 solus
968 1898 1368 1949 universorum
1397 1895 1674 1945 Dominus

57 1974 188 2034 jure
214 1971 522 2022 creationis
539 1971 884 2022 ostenditur.
906 1969 1013 2020 Sed
1043 1969 1340 2018 videmnus
1364 1973 1419 2018 et
1438 1968 1668 2028 reliqua.

129 2045 293 2093 Vers.
324 2043 374 2097 9.
400 2070 461 2079 —-
491 2044 593 2102 Qui
617 2043 849 2092 subridet
877 2044 1167 2091 vastitatem.
1194 2056 1353 2104 super
1375 2038 1670 2091 robustum,

55 2121 102 2163 ct
131 2115 605 2179 dcpoputationem
632 2131 790 2179 super
819 2121 1083 2179 potentem
1110 2114 1287 2175 affert.
1317 2113 1415 2162 Cui
1441 2113 1669 2174 negotio

59 2190 362 2249 pararetur
415 2187 683 2249 potentiae
731 2186 1032 2250 praemissa
1082 2184 1414 2246 descriptio,
1472 2196 1668 2233 consc-

56 2262 312 2320 quenter
331 2257 573 2320 aperuit,
599 2258 654 2308 id
682 2263 791 2318 est,
818 2264 880 2308 ut
899 2256 1190 2308 metumin
1209 2255 1668 2318 audientiumpe-

55 2330 320 2380 ctoribus
333 2331 629 2391 excitaret,
645 2336 702 2381 et
719 2330 1358 2393 intelligerentquantus
1374 2328 1666 2377 calamita-

58 2406 188 2451 tum
202 2413 378 2463 agger
401 2401 758 2464 impenderet
775 2403 884 2464 his,
903 2401 1112 2464 quibus
1132 2403 1306 2450 tanta)
1324 2402 1666 2459 potestatisju-

55 2473 171 2522 dux
197 2477 352 2524 esset
376 2473 658 2524 infensus.
686 2473 804 2536 Ille,
823 2473 1028 2535 inquit.
1048 2473 1139 2535 qui
1161 2471 1664 2522 estuniversorum

56 2549 307 2606 creator,
338 2545 543 2596 merita
578 2557 825 2609 quaeque
859 2545 1038 2608 pergit
1065 2554 1422 2606 expungere:
1449 2546 1504 2592 et
1535 2541 1665 2593 licet

58 2617 285 2666 viribus
320 2618 445 2679 ejus
470 2630 640 2668 nemo
673 2618 852 2680 possit
882 2617 1175 2676 obsistere,
1206 2617 1392 2664 tamen
1418 2626 1660 2664 reorum.

54 2688 158 2750 qui
187 2687 298 2737 sibi
323 2687 669 2738 videbantur
684 2701 809 2739 esse
829 2692 1106 2752 potentes,
1123 2689 1407 2736 tormenta
1419 2687 1662 2743 subridet,

56 2772 210 2821 quos
238 2771 303 2808 ca
320 2758 584 2811 videlicet
607 2760 870 2811 facilitate
892 2759 1263 2821 comminuet,
1279 2759 1664 2817 tltindignatio—

55 2843 195 2880 nem
225 2842 393 2880 suam
425 2831 746 2882 subrisione
771 2831 961 2894 potius
987 2830 1403 2893 indicet,quam
1428 2832 1660 2877 clamore.

59 2901 294 2962 Quidni,
321 2915 451 2953 cum
474 2904 596 2964 ejus
621 2906 784 2954 nutui
811 2903 1083 2954 universa
1109 2901 1472 2962 famulentur,
1491 2905 1663 2964 etpro

57 2973 399 3024 diversitate
419 2974 754 3025 meritorum
771 2975 921 3026 dicto
935 2975 1418 3032 obaudientia,tam
1435 2976 1659 3034 adversa,

59 3057 196 3109 qua!
210 3060 240 3094 τι
261 3059 529 3110 prospera
544 3049 1002 3110 consequantur?
1027 3047 1292 3099 Subridet
1309 3060 1440 3109 ergo
1456 3049 1662 3094 vastita-

63 3122 182 3168 tem
211 3130 382 3181 super
405 3131 523 3183 eos,
550 3120 647 3182 qui
674 3119 780 3170 sibi
807 3119 1145 3170 videbantur
1169 3122 1448 3182 potentes,
1479 3129 1544 3168 ac
1579 3118 1666 3168 di-

57 3202 190 3241 cere
233 3189 532 3242 solebant:
565 3192 836 3254 Linguam
867 3197 1109 3240 nostram
1151 3189 1619 3252 mugni/icabimus
1645 3203 1657 3240 ε

58 3262 208 3310 labia
238 3268 421 3311 nostra
449 3279 482 3311 α
517 3263 666 3310 nobis
697 3269 821 3311 sunt
852 3283 864 3312 :
893 3264 1013 3326 quis
1038 3268 1214 3311 noster
1238 3264 1374 3310 Deus
1401 3267 1469 3310 cst
1497 3262 1657 3323 (Psal.

61 3332 206 3393 11.)?
234 3333 563 3385 Adversum
581 3335 886 3397 ejusmodi,
905 3335 1110 3396 inquit,
1137 3334 1532 3392 profanissime
1552 3333 1661 3383 sibi

55 3406 131 3456 de
179 3407 465 3468 prosperis
510 3407 729 3457 viribus
761 3415 1115 3469 arrogantes,
1140 3405 1249 3464 ille,
1277 3406 1481 3469 inquit,
1511 3405 1662 3455 ultor

59 3482 320 3528 aeternus
344 3478 662 3529 aitlictionis
691 3483 973 3530 tormenta
1005 3478 1278 3538 subridet,
1318 3484 1489 3541 atque
1515 3478 1662 3528 indi—

57 3549 394 3612 gnationem
419 3564 584 3601 suam
610 3551 894 3615 ejusmodi
919 3550 1093 3601 rictus
1122 3550 1488 3612 ;I"01'teriSLIS].
1509 3550 1605 3612 qui
1630 3561 1662 3599 a

64 3627 322 3686 tempore
355 3623 659 3686 discrepet,
690 3623 1054 3687 usurpatione
1081 3622 1347 3674 declarat.
1374 3623 1662 3672 Robustos

67 3693 305 3756 proinde
336 3699 391 3746 et
433 3700 709 3759 potentes,
745 3695 835 3746 vel
870 3708 969 3759 pro
995 3694 1205 3745 invidia
1231 3695 1535 3758 superbiae,
1573 3693 1663 3746 vel

66 3777 170 3828 pro
205 3768 481 3817 memoria
521 3767 802 3818 felicitatis
837 3767 1110 3829 antiquae,
1146 3767 1430 3824 Israelitas
1460 3768 1622 3816 vocat
1649 3774 1677 3816 :'

68 3849 220 3899 quos
248 3839 369 3898 jam
395 3839 784 3899 denunciavit,
812 3843 868 3890 et
892 3852 963 3888 ex
987 3838 1186 3899 majori
1209 3841 1366 3898 parte
1392 3850 1663 3888 consum-

69 3915 176 3965 tos,
202 3913 258 3959 et
281 3911 610 3973 captivitate
641 3911 902 3976 proxima
931 3909 1366 3961 transferendos.

131 3981 293 4031 Vers.
349 3982 427 4036 10.
475 3983 558 4036 11.
587 3983 804 4032 -ΟιΙίο
853 3981 1155 4030 habuerunt
1204 3981 1263 4028 in
1304 3983 1464 4044 porta
1491 3979 1663 4029 corri-

64 4052 320 4116 pientcm,
346 4060 389 4102 ct
415 4054 708 4118 loquentem
734 4055 952 4119 perfecte
971 4052 1272 4102 abominati
1297 4057 1437 4100 sunt.
1461 4052 1662 4101 Idcirco

65 4139 166 4188 pro
195 4139 248 4172 co
273 4127 418 4188 quod
441 4127 778 4191 diripiebatis
801 4140 1111 4190 pauperem,
1129 4130 1173 4173 et
1194 4124 1432 4188 praedam
1451 4124 1662 4172 electam

71 4194 330 4244 tolli-batis
355 4196 420 4244 ab
455 4214 544 4258 eo;
582 4199 763 4247 domos
790 4193 998 4259 quadra
1026 4196 1202 4260 lapide
1242 4194 1586 4255 wctiﬁcabitis,
1619 4201 1663 4245 et

71 4284 179 4316 non.
207 4269 513 4318 habitabilis
538 4271 591 4318 in
613 4272 685 4319 eis
710 4283 722 4319 :
758 4271 946 4320 Vincas
969 4269 1374 4317 αιιι‹,ι-ηίίδ.ςίιηα.ς
1391 4269 1666 4331 plantabi-

71 4341 152 4400 tis,
383 4347 428 4389 et
460 4356 567 4390 non.
596 4342 772 4389 bibetis
802 4343 985 4389 vinum
1010 4355 1215 4387 con-um.
1247 4344 1664 4400 l’ropheticzeora-

69 4411 237 4462 tionis
255 4413 539 4464 institutio
553 4414 958 4468 custoditumit
972 4416 1275 4476 postquam
1294 4412 1667 4463 videlicett‘ue-

71 4485 184 4534 rint
209 4485 552 4538 denunciata
579 4486 870 4550 supplicia,
905 4485 1094 4535 statim
1136 4485 1456 4534 severitatis
1481 4486 1664 4547 ipsius

72 4568 278 4606 caussa
303 4557 600 4620 subdatur,
626 4571 697 4608 ne
728 4557 992 4609 videlicet
1021 4561 1193 4606 tantae
1220 4555 1443 4619 pietatis
1475 4555 1667 4606 Domi-

72 4642 200 4685 nus,
229 4627 618 4692 indignatione
634 4629 822 4694 potius
836 4628 1045 4691 aliquid
1065 4640 1238 4690 quam
1255 4630 1470 4679 ratione
1488 4630 1661 4676 fet-isse

76 4701 374 4751 videatur:
405 4701 574 4752 simul
600 4702 848 4752 etiamut
873 4699 1155 4751 ostendat.
1173 4705 1386 4762 quanta
1401 4700 1664 4750 consulat

76 4771 422 4832 benignitate
450 4774 814 4836 pauperibus,
843 4786 972 4822 cum
998 4785 1194 4821 eorum
1220 4773 1594 4821 contumelias
1612 4777 1667 4823 et

73 4844 300 4908 rapinas
326 4845 560 4895 violat-ai
594 4845 882 4902 religionis
899 4843 1169 4893 annectit.
1198 4844 1468 4905 Perquod
1493 4859 1669 4891 conse—

76 4928 258 4978 quens
284 4930 410 4966 esse
425 4917 732 4968 convincit.
747 4916 879 4978 quia
897 4915 1206 4980 profanatis
1224 4916 1515 4965 mentibus
1529 4919 1670 4963 nulla

75 4988 212 5038 insit
235 4987 1666 5050 civiliscurajustitize,nullushumanitatismrectus:

75 5061 169 5109 sed
192 5058 360 5110 sociis
387 5059 508 5110 suis
529 5063 694 5122 quasi
721 5059 914 5122 perciti
933 5063 1101 5108 vento
1119 5058 1320 5109 furoris
1346 5061 1672 5118 insanianl,0t

76 5145 350 5196 pauperes
380 5146 640 5195 quosque
663 5133 913 5196 professa
933 5131 1150 5182 feritate
1173 5131 1496 5182 dilacerent.
1537 5134 1670 5179 Unde

76 5210 128 5256 et
154 5204 212 5255 hi
236 5204 331 5268 qui
355 5204 425 5255 ad
457 5206 674 5255 cultum
713 5205 990 5256 idolorum
1016 5203 1290 5265 sacrilego
1317 5209 1504 5254 mente
1535 5207 1672 5250 defe-

74 5282 286 5338 cerant,
313 5277 485 5328 nullis
504 5279 732 5341 penitus
749 5276 1432 5336 sceleribusabstinerent,
1454 5275 1552 5327 sed
1577 5282 1670 5322 tam

134 5435 149 5453 '
181 5422 616 5485 Elegantissime
636 5423 1040 5485 Hieronymus,
1056 5433 1224 5483 quem
1245 5420 1476 5470 laudare
1491 5423 1670 5467 iterum

82 5498 262 5560 placet
285 5511 294 5545 :
329 5497 386 5542 In
413 5501 569 5557 porta
601 5501 781 5542 autem.
801 5494 966 5555 ῥηχίη
993 5498 1209 5540 veterem
1233 5492 1453 5542 Judaici
1470 5506 1672 5540 morem

77 5568 262 5634 populi
293 5567 457 5630 fuisse
480 5567 714 5630 judicia,
734 5566 777 5613 el
800 5581 928 5629 sa'pc
958 5566 1198 5625 legimus,
1229 5571 1273 5612 et
1308 5564 1483 5613 crebro
1514 5564 1672 5610 inte-r-

79 5640 272 5706 pretati
305 5653 510 5692 sumus,
540 5644 595 5685 ut
615 5654 703 5686 nec
719 5637 955 5699 agricola
976 5637 1048 5684 ad
1064 5650 1307 5683 caussam
1328 5636 1541 5684 veniens
1559 5635 1673 5696 fre-

85 5711 299 5776 quentia
340 5711 572 5759 civitatis
617 5717 660 5755 (ιτ
697 5726 827 5757 noro
856 5714 1136 5757 terreretur
1151 5715 1381 5768 aspectu,
1410 5723 1500 5754 nec
1525 5706 1674 5755 urbis

82 5786 348 5835 habitator
393 5782 544 5844 longe
583 5783 647 5830 ab
698 5781 821 5830 urbe
842 5786 1170 5846 properaret,
1209 5779 1253 5828 et
1291 5779 1674 5828 subvectioncm

85 5862 331 5922 quaereret
355 5857 740 5916 jumentorum.

144 5931 162 5958 ὀ
189 5931 360 5980 Deest
385 5928 553 5991 apud,
581 5931 681 5978 aut
711 5925 849 5989 quid
883 5925 1082 5976 simile.
1101 5927 1394 5986 Caeterum
1417 5923 1570 5976 haud
1593 5923 1674 5974 vi-

1689 3210 1737 3285 C

1776 548 1948 598 quem
1975 539 2406 600 aversabantur,
2435 537 2660 597 ingrati.
2684 538 2844 599 Quod
2865 541 3058 588 autem
3085 536 3371 596 dicit,quia

1772 605 1827 655 in
1857 609 2034 668 portis
2061 609 2429 672 corripientes
2456 610 2584 659 odio
2612 609 2817 659 fuerint
2841 609 3103 670 insecuti,
3123 618 3370 660 'morem

1771 679 2026 729 Judaicze
2049 680 2424 731 institutionis
2442 681 2710 736 ostendit,
2727 682 2820 743 qui
2842 681 2920 730 ita
2947 679 3129 730 fuerat
3142 681 3372 731 ordina-

1776 754 1882 804 tus.
1912 755 1973 799 ut
1999 753 2352 811 negotiorum
2378 753 2574 802 arbitri
2601 753 2656 802 in
2685 753 2860 816 portis
2879 751 3105 801 urbium
3123 768 3370 812 quarum-

1773 834 1882 881 que
1925 824 2233 873 residt-rt-nt
2260 837 2271 873 :
2311 838 2377 873 ne
2405 825 2500 886 qui
2524 838 2667 887 opus
2692 837 2886 874 eorum
2913 822 3210 875 habuisset
3234 838 3370 875 exa-

1773 894 1943 956 mine,
1978 897 2294 955 quu‘stione
2339 897 2529 958 aliqua
2570 898 2867 954 laboraret,
2897 895 2995 944 sed
3039 895 3092 945 in
3120 897 3241 957 ipso
3277 897 3368 947 in-

1771 979 1990 1024 gressu,
2019 968 2164 1025 apud
2195 982 2338 1028 quos
2375 969 2742 1030 experiretur,
2769 967 3236 1018 otl‘enderetjion
3261 982 3368 1018 au-

1775 1041 1886 1085 tem
1916 1038 1935 1063 ι’
1963 1039 2262 1099 ι›ι·;ι‹,ειὶεης,
2294 1043 2540 1090 maxime
2562 1041 2680 1101 jam
2701 1045 2806 1089 sub
2834 1051 3028 1100 regum
3049 1043 3365 1098 profanorum

1775 1113 2051 1168 potestate
2090 1111 2380 1170 degentes,
2429 1111 2576 1162 hunc
2629 1125 2840 1161 morem
2877 1114 2974 1175 qui
3015 1127 3111 1177 per
3138 1113 3366 1162 beatum

1775 1179 2027 1240 Moysen)
2065 1181 2120 1230 in
2148 1183 2480 1232 sacerdotali
2508 1184 2792 1244 republica
2815 1183 2993 1235 fuerat
3018 1185 3368 1236 constitutus

1771 1251 2051 1301 mansisse
2075 1253 2417 1304 arbitri-mur
2443 1270 2452 1303 :
2483 1255 2581 1304 sed
2607 1254 2756 1317 quod
2790 1257 3212 1321 ostendat,illos
3237 1269 3367 1306 cum

1772 1321 1975 1370 ritibus
2001 1325 2169 1374 etiam
2196 1325 2382 1376 civilia
2400 1327 2531 1386 jura
2555 1325 2817 1384 violasse,
2838 1329 3366 1380 etvirtutumodium

1771 1406 1901 1442 cum
1941 1394 2193 1456 ipsarum
2244 1398 2714 1459 j‘irzedicatoribus
2751 1399 3036 1459 induisse;
3067 1414 3132 1450 ac
3172 1401 3217 1450 si
3243 1401 3370 1462 quis

1771 1463 2058 1516 adhortari
2082 1469 2151 1516 ad
2179 1470 2591 1519 correctionem
2615 1470 3090 1534 sanctitatemque
3108 1474 3368 1534 voluisset,

1770 1548 1898 1585 eum
1929 1538 2204 1602 protinus,
2241 1540 2387 1589 odiis
2435 1540 2913 1603 conspirantibus,
2953 1543 3232 1593 interisse.
3261 1543 3371 1591 Cur

1770 1611 1962 1657 autem
2010 1622 2312 1660 censorum
2357 1611 2590 1662 monitis
2615 1611 3063 1664 adversarentur
3097 1613 3364 1664 ostendit.

1773 1679 2136 1743 Diripicbalis,
2155 1682 2356 1744 inquit,
2381 1690 2751 1746 pauprrem,et
2775 1685 3017 1746 praedam
3041 1684 3368 1733 clectamtot-

1774 1748 1955 1798 lebat-is
1986 1750 2049 1799 ab
2075 1768 2150 1802 co.
2181 1755 2358 1815 Igitur
2374 1757 2428 1804 ut
2449 1755 2570 1804 sine
2588 1755 2997 1816 impedimento
3014 1755 3205 1818 aliquo
3223 1759 3299 1802 vel
3316 1757 3370 1801 ti-

1701 1837 1752 1909 B
1774 1821 1966 1909 moris,
1989 1824 2221 1884 scilicet,
2251 1826 2337 1900 vel
2359 1826 2610 1909 pudoris.
2638 1839 2738 1889 per
2762 1826 2973 1906 damna
2991 1832 3054 1886 et
3071 1831 3371 1906 contume-

1775 1893 1878 1942 lias
1922 1907 2238 1957 pauperum
2286 1897 2588 1958 vaderetis,
2623 1897 2936 1948 munitores
2972 1899 3195 1948 sobrios
3231 1898 3370 1948 estis

1775 1965 1976 2026 perosi.
2008 1968 2333 2018 Notandum
2354 1981 2488 2019 vero
2515 1968 2665 2031 quod
2683 1969 2780 2028 ait,
2801 1970 2936 2031 quia
2959 1969 3197 2020 electam
3225 1981 3371 2032 pra:—

1771 2036 1901 2085 dam
1929 2038 2000 2087 ab
2031 2038 2615 2103 inopibusauferrent,
2633 2053 2762 2089 cum
2787 2041 2984 2104 utique
3007 2053 3371 2104 consequen—

1774 2109 1884 2158 tius
1929 2112 2248 2162 aestimetur
2293 2113 2534 2162 alterum
2570 2124 2600 2162 e
2634 2111 2861 2164 duobus
2889 2128 2900 2162 :
2929 2117 3130 2163 utnon
3155 2112 3370 2163 habue-

1768 2187 1880 2238 rint
1912 2202 2119 2249 magna
2144 2203 2274 2252 quae
2290 2190 2612 2253 perderent,
2628 2203 2774 2252 quos
2790 2204 3069 2254 pauperes
3083 2196 3363 2254 conﬁtetur,

1766 2265 1867 2310 aut
1886 2259 2204 2324 locupletes
2237 2262 2436 2312 merito
2461 2264 2849 2322 nominentur,
2881 2263 2928 2313 si
2957 2263 3135 2314 abhis
3154 2269 3364 2324 pretiosa

1767 2343 2014 2394 qumque
2034 2334 2320 2396 praedator
2341 2333 2588 2383 auferret
2626 2333 3064 2392 Intelligendum
3082 2338 3366 2397 ergo,quiu

1766 2403 1854 2454 vel
1891 2405 2262 2467 appellaverit
2299 2417 2598 2468 pauperes,
2630 2417 2775 2467 quos
2802 2404 2880 2455 illi
2906 2405 3119 2469 rapinis
3149 2407 3270 2456 suis
3295 2420 3365 2456 ex

1764 2474 2144 2539 locupletibus
2173 2475 2372 2538 inopes
2399 2475 2798 2538 reddidissent,
2823 2477 2909 2527 vel
2935 2481 3084 2528 certe
3102 2477 3174 2527 ad
3198 2478 3365 2529 atfec-

1765 2552 1886 2598 tum
1914 2547 2100 2609 magis
2127 2547 2566 2610 possidentium,
2586 2560 2759 2609 quam
2784 2548 2853 2597 ad
2880 2548 3220 2600 damnOium
3240 2561 3364 2600 mo-

1763 2623 1958 2669 menta
1983 2619 2312 2680 respiciens,
2331 2623 2385 2669 et
2405 2619 2452 2667 si
2469 2630 2673 2681 parvas
2690 2623 3000 2681 res,tamen
3020 2620 3366 2682 pauperibus

1762 2690 1887 2754 ipsa
1933 2691 2249 2754 exiguitate
2287 2690 2585 2754 pretiosas,
2621 2692 2801 2740 atroci
2826 2690 3035 2742 dixerit
3059 2690 3367 2754 cupiditate

1764 2760 2044 2812 sublatas.
2081 2761 2168 2811 Ad
2193 2760 2361 2824 cujus
2387 2761 2465 2810 rei
2493 2761 2910 2825 testimonium,
2938 2762 3028 2813 vel
3050 2761 3224 2813 unius
3251 2762 3362 2813 sal-

1763 2838 1879 2885 tem
1897 2833 2264 2884 recordemur
2277 2845 2442 2884 exem
2454 2833 2523 2894 pli
2542 2832 2825 2884 Nabuthae
2843 2833 3026 2884 sancti
3043 2833 3136 2883 viri
3151 2835 3362 2892 vineam,

1763 2907 1994 2956 brevem
2031 2905 2187 2956 illam
2213 2905 2396 2969 spatio
2419 2904 2668 2966 quidem,
2707 2905 2804 2954 sed
2838 2904 3072 2956 domino
3108 2918 3213 2956 suo
3237 2918 3366 2967 gra-

1765 2976 2078 3037 tissimam,
2117 2989 2182 3027 ac
2233 2978 2357 3038 ipsa
2398 2975 2762 3038 jucunditate
2813 2973 2986 3041 530
3036 2975 3362 3038 pretiosam,

1761 3048 1959 3099 Achab
1984 3061 2084 3099 rex
2111 3046 2520 3098 stolidissimus
2538 3045 2870 3110 concupivit
2897 3063 2908 3096 :
2935 3051 3140 3097 etcum
3160 3048 3362 3094 domino

1765 3119 1836 3172 de
1858 3120 2180 3171 venditione
2199 3119 2548 3180 mandasset,
2563 3118 2859 3180 respondit
2877 3117 3161 3178 Nabutha,
3179 3131 3236 3168 se
3250 3117 3364 3169 hae-

1767 3192 2063 3242 reditatem
2089 3195 2384 3254 paternam
2398 3203 2514 3241 non
2545 3202 2710 3252 posse
2736 3194 3243 3244 contemnere.nec
3267 3201 3361 3240 ea-

1765 3263 1914 3324 dem,
1936 3264 1984 3313 si
2007 3263 2187 3323 liceat,
2213 3263 2358 3314 velle
2383 3261 2611 3326 privari.
2629 3262 2790 3312 Tunc
2814 3273 2915 3311 rex
2940 3260 3362 3324 profanissimaa

1759 3336 2020 3399 conjugis
2056 3336 2386 3385 stimulatus
2418 3334 2668 3392 hortatu,
2700 3332 2957 3384 avaritiae
2992 3344 3113 3384 suae
3139 3331 3362 3382 facinus

1760 3407 2111 3458 crudelitatis
2129 3406 2415 3469 adjunxit,
2439 3410 2494 3456 et
2521 3404 2818 3455 interfecto
2831 3403 3116 3466 Nabutba,
3133 3403 3360 3454 vineam

1760 3491 1935 3542 quam
1963 3479 2348 3542 concupierat,
2376 3476 2680 3540 occupavit
2701 3476 2764 3540 (3.
2793 3477 2914 3538 Reg.
2943 3474 3070 3536 ‘21.).
3111 3475 3198 3525 Sic
3225 3486 3360 3538 ergo

1762 3551 1970 3602 electas
1996 3550 2240 3614 przedas,
2260 3550 2473 3613 quibus
2489 3547 2705 3600 domini
2731 3547 2997 3600 videlicet
3021 3545 3163 3596 nihil
3180 3548 3363 3606 pretio-

1763 3623 1884 3674 sius
1918 3624 2290 3680 aestimarent,
2326 3621 2581 3672 cruentis
2621 3619 2861 3671 ausibus
2884 3618 3238 3681 auferebant,
3264 3629 3362 3681 pro

1763 3698 1976 3761 quibus
2009 3697 2176 3748 factis
2211 3697 2347 3760 quid
2380 3697 2462 3749 eis
2488 3696 2814 3758 denunciet,
2849 3694 3173 3745 audiamus.

1826 3771 1930 3819 Pro
1953 3783 2020 3820 eo
2043 3769 2193 3831 quod
2212 3766 2619 3832 despoliabalis
2635 3779 2931 3830 pauperes,
2956 3766 3139 3814 domos
3151 3763 3362 3826 quadro

1763 3841 1940 3904 lapide
1987 3839 2333 3899 mittit-abitis,
2375 3844 2418 3887 et
2453 3853 2566 3886 non
2606 3837 2914 3885 habitabilis
2949 3837 3010 3884 in
3036 3836 3126 3886 eis.
3171 3835 3362 3885 Vincas

1761 3914 2165 3961 amantissimas
2190 3909 2521 3973 ptantabitis,
2547 3913 2594 3957 ct
2619 3923 2726 3956 non
2750 3907 2928 3955 bibetis
2954 3907 3145 3954 vinum
3169 3921 3362 3954 earum

1767 3983 1949 4047 fVers.
1977 3984 2083 4048 12.]
2112 3984 2250 4042 Quia
2281 3982 2502 4046 cognovi
2524 3980 2692 4028 multa
2715 3979 2905 4028 scelera
2931 3982 3176 4038 vestra,ct
3191 3976 3360 4037 fortia

1762 4063 1973 4120 peccata
2011 4061 2196 4104 vestra.
2234 4056 2353 4104 Hoc
2387 4065 2587 4117 nempe
2621 4049 3110 4110 depraedationum
3137 4053 3359 4100 vestra—

1762 4140 1892 4177 rum
1931 4128 2161 4177 tenebat
2186 4126 2440 4185 audacia,
2479 4128 2540 4174 ut
2571 4124 2943 4186 suppeterent
2977 4121 3362 4171 instrumenta

1762 4198 2025 4256 luxuriie,
2053 4204 2223 4260 atque
2236 4196 2622 4248 habitationes
2641 4199 2860 4245 vestras
2873 4193 3192 4256 grandibus
3210 4189 3355 4242 cole-

1765 4271 1899 4320 retis
1925 4272 2212 4333 expensis,
2243 4269 2405 4332 quasi
2431 4272 2488 4318 et
2511 4266 2868 4317 munimento
2893 4267 2951 4314 et
2979 4263 3253 4326 voluptati
3277 4262 3360 4313 fu-

1766 4348 1936 4393 turas.
1967 4343 2071 4392 Sed
2105 4342 2220 4392 duo
2252 4341 2416 4392 vobis
2444 4339 2651 4404 pariter
2675 4337 2959 4397 evenient,
2985 4334 3360 4386 utzediilcetis

1766 4414 2018 4477 quidem,
2047 4414 2143 4463 sed
2177 4413 2321 4475 (Ant.
2348 4413 2423 4475 et]
2448 4412 2505 4462 in
2531 4412 2613 4461 eis
2637 4408 2935 4472 nequeatis
2960 4407 3216 4458 habitare
3253 4420 3265 4456 :
3306 4411 3364 4456 et

1767 4491 1880 4536 tam
1914 4485 2204 4535 molitione
2229 4484 2414 4547 operis
2437 4495 2608 4545 quam
2650 4481 2775 4544 ejus
2805 4479 3119 4531 amissione
3145 4477 3362 4528 crucie-

1765 4557 1923 4618 mini,
1960 4561 2129 4619 atque
2173 4556 2232 4606 in
2278 4568 2344 4606 eo
2392 4553 2652 4603 sentiatis
2699 4550 3055 4601 cumulatum
3086 4548 3358 4609 dolorem,

1768 4627 1921 4691 quod
1959 4641 2072 4678 non
2113 4625 2516 4686 turmilluariis,
2546 4623 2645 4674 sed
2673 4621 3032 4686 elegantibus
3058 4620 3365 4672 habitatio-

1768 4700 1936 4751 nibus
1982 4698 2278 4754 excidatis,
2313 4711 2418 4747 nec
2457 4709 2594 4746 sane
2625 4695 2694 4745 de
2731 4694 3053 4744 calamitate
3093 4692 3364 4756 conqueri

1766 4772 2017 4836 possitis.
2050 4776 2151 4821 aut
2176 4769 2434 4820 divinum
2461 4768 2608 4818 inter
2637 4767 2889 4829 gemitus
2919 4778 3148 4828 sperare
3175 4764 3366 4816 subsi-

1765 4845 1943 4906 dium,
1977 4856 2220 4906 quorum
2266 4840 2516 4904 precatui
2565 4839 2795 4889 resistat
2840 4838 3007 4888 turba
3049 4838 3363 4901 culparum.

1766 4915 1974 4977 Quidni
1998 4928 2128 4964 cum
2158 4913 2388 4964 videant
2419 4911 2587 4962 simul
2613 4924 2674 4962 se
2698 4910 2994 4971 atrociora,
3019 4915 3076 4960 et
3107 4910 3164 4958 in
3188 4908 3362 4967 cives,

1768 4994 1823 5039 et
1845 4988 1904 5037 in
1927 4987 2218 5049 proximos
2243 4984 2532 5036 edidisse?
2558 4984 2898 5033 Haecautem
2925 4980 3132 5039 omnia,
3152 4980 3216 5029 ut
3240 4991 3366 5049 pro-

1769 5059 1853 5109 dit
1891 5048 2142 5116 historia,
2171 5058 2367 5107 deorm
2397 5057 2509 5106 illae
2534 5055 2884 5105 Samariticaa
2917 5052 3118 5112 tribus,
3142 5053 3199 5100 et
3222 5062 3255 5099 a
3281 5048 3365 5098 vi-

1768 5130 1932 5181 clinis
1951 5143 2105 5193 saepe
2134 5129 2413 5183 hostibus.
2438 5127 2538 5178 sed
2558 5126 2920 5190 potissimum
2936 5122 3007 5172 ab
3021 5122 3367 5193 Assyriispor-

1772 5190 2053 5253 tuleruntf
2086 5203 2114 5252 J
2126 5202 2267 5251 udas
2314 5213 2468 5262 vero,
2512 5202 2774 5249 vastante
2796 5193 3123 5257 Babylonio,
3149 5190 3366 5244 eisdem

1773 5273 2224 5326 communicavit
2248 5272 2458 5326 exitiis.
2489 5273 2631 5322 Cum
2658 5281 2791 5330 ergo
2822 5265 3089 5317 domibus
3119 5264 3370 5325 amplissi-

1772 5417 1894 5478 deo,
1942 5430 2042 5467 cur
2075 5420 2288 5467 Auctor
2311 5416 2469 5465 illum
2493 5411 2643 5476 apud
2674 5409 2958 5462 Israelitas
2984 5418 3202 5458 morem
3223 5406 3368 5470 juris

1771 5490 2028 5540 discendi
2054 5489 2111 5539 in
2139 5489 2314 5552 portis
2332 5487 2622 5538 civitatum
2643 5482 2930 5534 mansisse
2951 5479 3113 5552 perid
3135 5483 3370 5552 temporis

1772 5567 1959 5622 neget,
2001 5551 2223 5611 cumet
2260 5560 2358 5609 diu
2385 5561 2527 5622 post,
2565 5561 2618 5608 et
2646 5555 2795 5618 apud
2821 5553 2961 5604 alias
2989 5551 3261 5603 Nationes
3287 5551 3370 5602 vi-

1773 5635 1989 5698 guisse,
2017 5634 2181 5684 certis
2210 5629 2564 5690 argumentis
2596 5632 2953 5690 compertum
2981 5625 3071 5676 sit.
3106 5625 3371 5677 Fortasse

1777 5707 1904 5768 plus
1926 5705 2135 5766 aliquid
2165 5704 2342 5756 deest,
2371 5707 2427 5752 et
2453 5701 2556 5751 loci
2585 5699 2870 5763 corruptio
2900 5701 3153 5748 mentem
3179 5698 3369 5756 ejusut

1773 5790 2150 5839 assequamur
2173 5789 2288 5824 non
2317 5774 2467 5824 sinit.
2499 5775 2656 5822 Certe
2693 5771 2931 5822 Inferius
2957 5769 3027 5820 ad
3056 5771 3370 5830 vers.XIlI,

1775 5851 1830 5898 In
1873 5854 2048 5912 porta,
2092 5847 2295 5910 inquit,
2334 5846 2579 5905 civitatis,
2615 5845 2669 5892 in
2707 5843 2830 5894 locis
2874 5842 3107 5891 videlicet
3135 5840 3374 5904 judicio-

1775 5936 1903 5970 rum
1927 5925 2191 5983 spectante
2214 5919 2430 5983 populo,
2455 5923 2562 5970 etc.
