3894 6410
509 390 649 447 1079

1567 382 1835 435 RUFINO
1868 381 2331 434 PRESBYTERO
2362 382 2751 435 ASCRIPTUS

3657 381 3785 438 1080

509 503 639 563 mis,
686 507 859 566 atque
912 500 1315 560 ornatissimis,
1367 497 1666 570 vineisque
1720 493 2015 570 fertilibus,
2044 498 2114 570 et
2136 493 3793 570 Aconsistit,debetlegitimusmagisternequaquamclan-

507 574 733 641 proprio
758 564 909 637 quod
943 578 1031 622 est
1053 571 1300 635 amplius
1323 569 1519 641 labore
1555 564 2110 641 plantatis,_fueritis,

510 636 706 698 addita
730 636 903 696 etiam
937 643 1286 706 captivitate,
1317 639 1543 704 privati,
1570 641 1828 702 reputate
1852 636 1960 688 hoc
1990 649 2113 700 pec-

513 718 676 779 catis,
704 728 833 779 quae
857 714 1113 765 maxima
1129 711 1516 764 commisistis.

574 790 735 838 Vers.
782 784 868 839 12.
912 814 972 823 -
1029 787 1209 834 Hostes
1238 784 1395 847 justi,
1438 782 1751 845 accipientes
1800 794 2023 839 munus,
2068 784 2111 827 et

511 872 772 925 pauperes
808 858 868 906 in
904 861 1063 921 porta
1097 856 1464 920 deprimentes.
1492 854 1610 902 Ideo
1634 851 1871 916 prudens
1896 851 1955 898 in
1983 856 2113 925 tem-

508 921 998 1007 pore-illo‘acebit,
1043 929 1178 992 quia
1221 925 1653 1007 tempusmalum
1677 929 1764 971 est.
1795 921 2113 1007 Per_varias

512 994 754 1065 Species,
776 994 1009 1051 statum
1032 1003 1314 1062 corruptae
1338 996 1588 1048 civitatis
1611 994 2111 1058 exaggerat.Etsi-

513 1076 613 1124 cut
629 1084 804 1135 supra
817 1071 983 1132 dixit,
997 1070 1268 1133 quoniam
1283 1070 1579 1120 hortantes
1593 1066 1665 1117 ad
1676 1065 1961 1130 justitiam
1979 1080 2113 1124 spre-

514 1145 753 1205 vissent,
791 1143 906 1193 imo
940 1143 1113 1193 etiam
1139 1140 1519 1205 perculissent
1545 1156 1555 1188 :
1584 1138 1663 1189 ita
1691 1141 2112 1199 consequenter

514 1215 748 1266 eosdem
762 1214 900 1279 justi
918 1215 1086 1263 hostes
1111 1218 1296 1264 vocat.
1324 1211 1485 1273 Quod
1510 1223 1647 1261 sane
1672 1208 1900 1260 duobus
1926 1207 2113 1258 modis

512 1285 754 1349 intelligi
775 1289 983 1350 potest,
1008 1290 1074 1335 ut
1089 1284 1223 1349 justi
1252 1284 1417 1347 quasi
1439 1282 1691 1346 genitivo
1711 1279 2008 1343 singulari,
2022 1283 2109 1338 ju-

516 1359 692 1410 stitiaa
708 1357 1157 1421 pronuncientur
1172 1354 1476 1417 inimici,id
1500 1358 1608 1413 est,
1617 1352 1861 1415 justitiee
1882 1364 2000 1401 non
2026 1367 2113 1399 vos

519 1440 535 1459 ·
561 1429 924 1493 negligentes
954 1440 1152 1491 arguo,
1188 1426 1291 1478 sed
1316 1439 1542 1477 osores:
1578 1438 1649 1475 ex
1677 1437 1792 1487 quo
1816 1423 2114 1474 descendit

519 1500 730 1552 affectu
744 1498 1070 1550 studiorum
1082 1502 1408 1549 vestrorum
1420 1496 1645 1547 funesta
1661 1498 1979 1557 perversitas,
1998 1509 2113 1541 cum

516 1571 805 1635 iniquitati
817 1570 1236 1634 impudentiam
1254 1567 1606 1632 copulantes,
1620 1580 1727 1618 nec
1743 1565 1952 1630 eptetis
1966 1567 2115 1613 latere

517 1643 671 1707 quod
695 1642 892 1707 geritis
926 1656 938 1692 :
970 1641 1070 1692 sed
1100 1640 1162 1691 in
1192 1645 1357 1704 porta
1381 1639 1653 1699 civitatis,
1679 1638 1737 1688 in
1762 1637 1904 1688 locis
1930 1639 2115 1684 videli-

425 1716 433 1724 ’
518 1718 608 1766 cet
621 1713 991 1779 judiclorum,
1012 1716 1307 1774 spectante
1324 1710 1548 1775 pepulo,
1568 1720 1938 1779 nequaquam
1950 1708 2116 1758 meri-

519 1787 595 1837 tis
618 1778 878 1847 caussas,
898 1788 1173 1835 caeterum
1198 1783 1392 1847 pretiis
1420 1781 1749 1834 aestimetis:
1772 1778 1921 1847 53|
1947 1781 2116 1832 etini-

2211 564 2466 616 destinas
2482 566 2802 629 aliquorum
2814 567 3157 619 oll’ensiones
3171 567 3365 618 timere
3383 570 3682 629 ;creterum
3703 581 3793 613 om-

2211 636 2390 686 nibus
2415 636 2511 699 qui
2529 637 2601 687 ad
2617 638 2970 689 audiendum
2999 640 3387 697 convenerint,
3404 638 3793 689 docendiassi-

2212 706 2429 759 duitate
2463 709 2759 761 consulere
2794 710 3004 774 quippe
3038 711 3133 774 qui
3175 711 3477 775 pecuniam
3514 710 3625 760 sibi
3649 723 3795 760 com-

2212 779 2452 830 missam
2477 782 3214 833 numulariisaudieritesse
3229 782 3576 833 credendam
3605 800 3616 829 :
3646 785 3794 829 alium

2213 854 2406 902 autem
2434 856 2764 915 venturum,
2798 855 2897 917 qui
2918 859 2973 904 et
3007 860 3219 906 sortem
3243 857 3505 917 reposcat
3529 856 3587 903 et
3613 852 3794 904 faenus

2214 922 2272 973 Si
2311 936 2445 974 vero
2485 924 2656 976 fuerit
2691 928 2853 977 tanta
2888 926 2947 977 in
2986 927 3153 990 pejus
3178 926 3327 977 facta
3351 925 3616 986 mutatio,
3642 929 3705 975 ut
3728 925 3796 974 im

2212 994 2423 1057 pietate
2456 994 2638 1059 plebis
2673 996 2783 1059 ipsi
2820 996 3179 1057 discipulatui
3205 997 3345 1048 colla
3380 995 3725 1055 subducant,
3751 1000 3800 1045 et

2212 1065 2497 1128 pruritum
2519 1067 2745 1119 aurium
2761 1070 3133 1129 sustinentes,
3150 1068 3357 1133 ineptis
3378 1072 3599 1119 tantum
3624 1067 3800 1115 fabulis

2214 1137 2612 1201 acquiescant:
2643 1145 2765 1191 tum
2789 1140 2954 1206 plane
2961 1142 3083 1203 jam
3098 1140 3487 1192 necessarium
3502 1151 3632 1190 esse
3656 1141 3799 1186 silen-

2216 1210 2361 1261 tium
2388 1210 2721 1263 doctoribus
2746 1226 2876 1263 cum
2890 1213 3161 1277 propheta
3176 1212 3520 1273 dicentibus,
3537 1209 3800 1260 Obmutui.

2215 1288 2260 1331 et
2285 1282 2584 1331 humilatus
2605 1299 2744 1347 sum,
2771 1289 2817 1333 et
2843 1285 2972 1334 silui
2998 1302 3032 1333 a
3056 1284 3225 1348 bonis,
3249 1289 3295 1332 et
3320 1283 3471 1333 dolor
3494 1297 3645 1331 meus
3669 1296 3806 1329 reno-

2216 1359 2370 1403 vatus
2395 1360 2465 1404 est
2488 1356 2649 1416 (Psal.
2689 1354 2821 1417 38.).

2278 1427 2442 1477 Vers.
2490 1426 2570 1491 14,
2622 1425 2704 1480 15.
2752 1455 2811 1466 -—
2858 1427 3083 1486 Quaerite
3109 1426 3326 1486 bonum,
3356 1430 3401 1474 et
3443 1437 3553 1475 non
3581 1424 3799 1473 malum.

2216 1502 2276 1543 ut
2310 1498 2516 1547 vivatis.
2545 1503 2589 1546 et
2612 1499 2712 1547 erit
2734 1498 3002 1547 Dominus
3020 1507 3036 1527 '
3053 1499 3189 1547 Deus
3215 1497 3509 1547 exercitum
3526 1496 3802 1545 vobiscum.

2215 1567 2551 1635 sicut
2602 1570 2835 1620 dixistis.
2874 1570 3025 1619 Odite
3049 1570 3257 1620 malum
3280 1576 3323 1617 et
3358 1569 3564 1632 diligite
3598 1567 3803 1625 bonum,

2215 1644 2258 1686 et
2283 1642 2533 1689 custodite
2562 1642 2621 1689 in
2648 1642 3092 1705 portajudicium
3115 1642 3190 1691 :si
3214 1642 3348 1702 forte
3371 1640 3692 1688 misereatur
3714 1638 3807 1686 Do—

2213 1711 2399 1759 minus
2420 1711 2561 1761 Deus
2585 1714 2919 1761 exercituum
2941 1713 3411 1777 reliquiisJoseph.
3428 1711 3500 1761 Hi
3518 1720 3804 1783 versusex

2218 1794 2461 1843 persona
2501 1785 2827 1835 miserantis
2863 1784 3152 1848 prophetre
3176 1783 3495 1848 interpositi
3520 1781 3801 1834 videntur.

518 1858 807 1941 quitatem
839 1856 1285 1941 pec‘unio‘solrum
1310 1856 1381 1935 de
1407 1866 1728 1941 pauperum.
1749 1854 2117 1941 facultatibus
2140 1867 2194 1941 Β
2224 1854 2509 1905 Israelitas
2533 1855 2795 1941 videlicet
2824 1857 2993 1908 etiam
3023 1858 3129 1906 sub
3150 1854 3614 1941 ipso1jam_exitio
3635 1855 3804 1937 positos

519 1928 610 1991 adj
620 1928 809 1979 uvetis
833 1941 845 1976 :
865 1926 955 1978 vel
972 1932 1123 1978 certe
1143 1926 1308 1974 hostes
1316 1926 1453 1988 justi
1466 1938 1565 1989 per
1577 1925 1998 1977 nominativum
2010 1927 2118 1985 plu-

520 1999 699 2050 ralem
721 1997 990 2062 appellari
1015 2010 1141 2048 esse
1169 1997 1489 2061 credantur,
1516 2002 1581 2047 ut
1607 1999 1959 2048 emuneratis
1973 1996 2121 2047 mul-

519 2071 596 2122 tis
622 2070 965 2133 magnisque
988 2068 1346 2129 criminibus,
1377 2069 1542 2131 quasi
1574 2073 1901 2119 commotus
1926 2067 2124 2119 intule-

520 2143 612 2203 rit,
653 2141 806 2205 quod
837 2139 981 2203 justi
1005 2140 1204 2190 hostes
1229 2143 1443 2201 essent,
1471 2139 1529 2189 id
1553 2144 1658 2197 est,
1686 2139 1943 2203 religioni
1981 2153 2040 2190 se
2066 2141 2123 2189 et

519 2214 636 2264 Deo
661 2212 1027 2263 adversarios
1054 2211 1218 2274 quasi
1233 2210 1521 2274 legitimos
1539 2210 1896 2262 exhiberent.
1920 2214 2121 2259 Locutio

520 2289 609 2336 est
634 2296 769 2336 vero
796 2283 1086 2334 familiaris
1110 2283 1359 2341 disertis,
1393 2281 1490 2345 qui
1517 2286 1573 2333 et
1592 2282 1785 2344 justos
1810 2284 2118 2342 exercitus,

522 2360 580 2407 et
600 2356 791 2419 justas
815 2353 1155 2418 provincias,
1188 2352 1247 2403 id
1275 2357 1382 2414 est,
1409 2365 1648 2415 magnas
1673 2353 1959 2418 appellare
1984 2368 2122 2405 con-

521 2430 854 2478 sueverunt.
891 2424 1001 2478 Sed
1022 2425 1325 2477 videamus
1352 2429 1407 2475 et
1427 2424 1659 2488 reliqua.

585 2499 745 2549 Vers.
772 2495 858 2550 13.
894 2524 953 2533 -
972 2497 1091 2545 Ideo
1115 2496 1373 2559 prudens,
1399 2497 1566 2556 inquit
1590 2497 1649 2544 in
1675 2502 1905 2557 tempore
1930 2498 2019 2546 illo
2041 2504 2122 2548 ta—

523 2568 670 2619 cebit.
704 2569 841 2632 quia
877 2573 1089 2631 tempus
1113 2567 1338 2615 malum.
1373 2568 1625 2631 Tempus
1656 2568 1716 2618 in
1742 2567 2121 2622 declinatione

524 2640 774 2691 mutavit
801 2653 813 2689 :
839 2638 932 2689 vel
946 2639 1233 2702 praeterita
1253 2638 1482 2702 quippe,
1500 2639 1592 2689 vel
1610 2641 1918 2702 praesentia
1929 2641 2121 2704 populi

523 2714 686 2774 geste
710 2710 1106 2771 dinumerans,
1130 2709 1580 2771 consequentius
1603 2710 1832 2762 diceret.
1868 2712 2121 2774 prudens

520 2783 581 2832 in
606 2786 861 2844 tempore
890 2780 984 2832 illo
1002 2781 1243 2843 tacebat,
1269 2793 1369 2844 pro
1394 2793 1510 2843 quo
1526 2781 1818 2831 aittacebit.
1838 2785 1982 2844 Quia
2004 2799 2121 2845 ergo

524 2866 621 2905 eos
660 2853 907 2917 justum,
938 2852 995 2903 id
1020 2857 1124 2913 est,
1153 2852 1490 2915 legitimum,
1518 2853 1831 2905 adversum
1854 2856 2126 2908 honesta-

526 2929 644 2976 tem
689 2928 748 2975 et
790 2924 1141 2988 religionem,
1195 2923 1408 2974 bellum
1434 2926 1912 2988 pronunciaverat
1937 2941 2126 2979 susce-

525 2997 683 3060 pisse
707 2996 1181 3059 :merito,inquit,
1214 2996 1285 3045 ad
1305 2996 1591 3066 justitiam
1614 2999 2012 3050 revocantium
2037 3016 2123 3048 ora

525 3067 827 3129 siluerunt,
859 3071 915 3118 et
939 3067 1195 3130 prudens
1213 3066 1459 3130 quisque
1484 3080 1615 3118 cum
1638 3071 1859 3132 gemitu
1873 3084 1939 3120 ac
1955 3074 2124 3119 dolore

524 3139 817 3197 conticuit,
849 3138 1225 3189 considerans
1256 3139 1531 3190 nimirum
1564 3140 1705 3190 nihil
1738 3141 1843 3191 loci
1894 3143 2131 3195 salutari

525 3223 829 3274 superesse
864 3210 1160 3272 doctrinae,
1194 3214 1251 3261 et
1286 3210 1415 3262 ideo
1449 3212 1557 3262 sibi
1585 3214 1885 3264 consulere
1931 3214 2134 3266 debere

526 3282 835 3344 reticendo,
860 3295 998 3333 cum
1015 3281 1157 3335 nihil
1170 3283 1289 3345 jam
1302 3287 1639 3346 promoveat
1655 3284 2021 3348 disputando.
2037 3288 2137 3347 Ipsi

529 3355 669 3405 sunt
693 3358 889 3405 autem
920 3354 1230 3417 prudentes
1256 3354 1318 3405 in
1339 3353 1633 3406 silentium
1658 3356 1888 3421 publico
1910 3357 2144 3410 horrore

530 3425 832 3489 compulsi,
858 3426 929 3477 de
957 3425 1171 3489 quibus
1198 3439 1374 3491 supra
1397 3426 1645 3478 dixerat:
1674 3428 1808 3477 Odia
1834 3429 2143 3481 habuerunt

528 3498 587 3545 in
608 3503 764 3559 porta
788 3498 1185 3560 corripientem,
1204 3502 1249 3546 et
1263 3497 1570 3561 loquentem
1591 3500 1814 3562 perfecte
1839 3500 2141 3551 abominati

527 3573 671 3618 sunt.
699 3570 844 3639 Cum
873 3581 1008 3632 ergo
1034 3569 1115 3619 ita
1139 3569 1509 3633 profanarum
1529 3569 1780 3633 plebium
1799 3574 2141 3639 conspirarit

527 3638 789 3701 audacia,
815 3643 882 3689 ut
902 3640 1207 3691 veritatem
1235 3641 1621 3709 pjetatemque
1644 3643 1942 3709 doctrinae,
1970 3647 2139 3709 quasi

529 3709 874 3762 (lenunciato
889 3711 1205 3763 certamine
1225 3718 1628 3779 persequatur,
1646 3715 1900 3778 prudens
1919 3722 2138 3779 quisque

529 3781 729 3833 doctor
753 3781 912 3832 ﬂebit
940 3782 1193 3845 quidem,
1223 3783 1326 3834 sed
1353 3784 1597 3836 tacebit:
1628 3786 1832 3838 videns
1865 3790 2136 3851 quoniam

531 3853 925 3918 sicutaspides
943 3855 1139 3907 surdae
1156 3856 1551 3908 obturaverint
1565 3871 1733 3909 aures
1748 3872 1905 3922 suas,
1922 3874 1993 3912 ne
2010 3866 2133 3923 quid

529 3925 602 3977 ad
629 3937 726 3977 eos
751 3926 822 3976 de
842 3925 1197 3978 salutaribus
1213 3928 1397 3992 possit
1418 3934 1715 3992 penetrare
1733 3935 2056 3985 carminibus.
2080 3938 2132 3983 Id

531 4010 673 4048 sane
695 3997 887 4061 ipsum
914 4000 1256 4061 quaestionis
1280 4000 1493 4063 aliquid
1520 4002 1747 4053 videtur
1768 4004 1980 4068 afferre,
1998 4008 2132 4067 quod

530 4070 691 4121 brevi
703 4074 792 4121 est
807 4071 1170 4133 expositione
1186 4074 2131 4138 purgandum.Laudatursiquidcm

528 4141 831 4215 prudentia
874 4143 1123 4211 doctoris
1147 4144 1295 4195 inter
1322 4146 1528 4195 silentii
1554 4159 1617 4197 se
1653 4151 1772 4198 tuta
1795 4148 2129 4215 redigentis,

531 4212 581 4262 si
604 4225 639 4263 a
663 4219 822 4277 parte
845 4215 1174 4266 auditorum
1201 4216 1415 4266 reﬂarit
1442 4216 1781 4269 adversitas.
1809 4212 2132 4283 AtquihmaL

532 4285 714 4347 gister
737 4288 1005 4338 Gentium
1028 4286 1304 4352 praecipit,
1334 4288 1607 4352 increpat,
1635 4291 1897 4343 obsecrat
1921 4306 2129 4357 oppor-

533 4361 672 4409 tune
727 4357 798 4420 (2.
850 4359 981 4407 Tim.
1037 4359 1130 4423 4.),
1152 4372 1397 4423 eamque
1432 4364 1917 4424 perseverantiam
1943 4366 2128 4416 omnis

533 4430 646 4480 fere
692 4443 854 4482 sacra
886 4431 1175 4495 Scriptura
1210 4432 1590 4483 commendat.
1614 4436 1681 4484 Et
1704 4436 1941 4498 proinde
1966 4438 2130 4489 adhi-

534 4502 720 4554 benda
750 4503 1061 4565 distinctio,
1082 4516 1212 4568 quae
1238 4505 1600 4556 concordiam
1627 4507 1810 4569 possit
1834 4509 2137 4561 vendicare

531 4574 840 4626 mandatis.
866 4576 1136 4637 Quandiu
1161 4577 1430 4641 populus,
1461 4578 1572 4629 etsi
1606 4592 1705 4642 per
1728 4578 2134 4644 negligentiam

530 4645 715 4696 multa
753 4645 1114 4711 delinquens,
1148 4652 1345 4700 tamen
1381 4650 1487 4700 sub
1526 4650 1747 4701 dicendi
1773 4654 2135 4716 professione

2225 1928 2644 1978 commonentis
2674 1928 2820 1992 [Ant.
2846 1928 3311 1991 commovcutis],
3340 1927 3472 1978 utin
3495 1927 3806 1975 correctionis

2226 1999 2361 2047 vota
2378 1998 2683 2062 studiaque
2700 1999 3047 2063 conspirent,
3066 1999 3087 2028 ⁸
3104 1999 3152 2050 si
3177 2000 3317 2050 forte
3342 2002 3470 2047 Deus
3488 1999 3806 2053 exercituum,

2226 2069 2393 2131 cujus
2426 2071 2582 2120 tanta
2607 2072 2695 2121 est
2719 2071 3038 2133 clementia,
3057 2069 3807 2135 quantapotentia,ejusmodi

2227 2140 2729 2192 emendationibus
2752 2142 3060 2206 mitigetur,
3088 2146 3145 2192 et
3179 2141 3431 2192 delendis
3459 2142 3667 2190 saltem
3696 2137 3809 2189 reli—

2227 2212 2376 2275 quiis
2400 2213 2611 2264 attritas
2635 2215 2825 2276 gentis
2848 2216 3154 2265 abstineat.
3190 2214 3648 2275 Subjicitautem
3670 2208 3806 2274 quod

2226 2283 2435 2334 habeat
2459 2284 2531 2334 ad
2551 2285 2842 2347 superiora
2858 2288 3207 2337 contextum.

2291 2356 2451 2406 Vers.
2482 2356 2561 2409 16.
2594 2356 2678 2411 17.
2704 2384 2763 2393 ~—
2788 2357 3073 2421 Propterea
3093 2357 3198 2405 haec
3221 2356 3349 2405 dicit
3368 2354 3639 2405 Dominus
3656 2363 3673 2383 °
3692 2354 3811 2402 Deus

2228 2428 2559 2476 exercituum
2587 2428 2917 2487 dominator,
2946 2430 3009 2478 In
3034 2427 3283 2477 omnibus
3306 2427 3491 2490 plateis
3513 2426 3616 2475 erit
3638 2424 3811 2490 planc-

2232 2505 2330 2562 tus,
2370 2505 2415 2547 et
2455 2500 2516 2548 in
2559 2501 2760 2548 cunctis
2795 2516 2911 2564 quae
2947 2501 3082 2563 foris
3110 2505 3234 2548 sunt
3268 2500 3487 2561 dicetur,
3517 2499 3622 2557 Vae,
3648 2513 3717 2546 vae
3741 2511 3752 2546 :
3774 2502 3810 2544 et

2230 2570 2488 2619 vocabunt
2538 2572 2837 2633 agricolum
2877 2573 2948 2620 ait
2997 2572 3218 2633 luctum,
3252 2576 3295 2620 et
3325 2571 3397 2619 ad
3431 2570 3713 2635 planctum
3740 2584 3810 2616 eos

2230 2644 2327 2705 qui
2345 2643 2521 2690 sciunt
2544 2643 2813 2707 plangere.
2845 2644 2909 2692 Et
2928 2645 2983 2691 in
2999 2643 3247 2692 omnibus
3263 2643 3431 2692 vineis
3442 2642 3545 2692 erit
3561 2641 3808 2705 planctus,

2230 2715 2361 2776 quia
2384 2715 2688 2777 petransibo
2722 2716 2783 2762 in
2807 2716 2981 2763 medio
3008 2716 3107 2777 tui,
3133 2716 3259 2764 dicit
3284 2714 3568 2763 Dominus.
3592 2712 3811 2774 Sepositis

2228 2784 2339 2835 illis
2385 2787 2668 2845 versibus,
2702 2799 2857 2849 quos.
2884 2800 2958 2838 ex
2984 2799 3221 2847 persona
3253 2786 3505 2836 diximus
3532 2784 3809 2849 propheta:

2229 2856 2558 2909 miserantis
2580 2857 2787 2923 illatos,
2805 2858 3149 2910 invectionis
3166 2857 3303 2909 ordo
3317 2856 3565 2908 decurrit
3584 2872 3596 2907 :
3617 2860 3682 2907 ut
3696 2857 3809 2919 post

2229 2928 2367 2980 illud
2413 2929 2569 2992 quod
2613 2932 2709 2992 ait,
2745 2931 2913 2979 hostes
2954 2930 3108 2994 justi,
3149 2930 3458 2993 accipientes
3498 2942 3743 2985 munera,
3774 2932 3807 2971 et

2226 3016 2491 3065 pauperes
2508 3002 2567 3050 in
2585 3008 2739 3064 porta
2756 3003 3246 3066 deprimentesjrteo
3262 3001 3498 3065 prudens
3516 3001 3573 3049 in
3599 3006 3811 3067 tempore

2229 3072 2323 3121 illo
2341 3073 2687 3137 taceliit,quia
2711 3080 2914 3138 tempus
2932 3074 3139 3123 malum
3156 3078 3244 3132 est,
3268 3086 3526 3124 connexe
3566 3071 3812 3124 videatur

2232 3145 2454 3198 illatum
2488 3163 2498 3193 :
2532 3146 2818 3209 Propterea
2863 3146 2969 3195 Itzec
3006 3146 3134 3194 dicit
3161 3146 3422 3194 Dominus
3450 3145 3609 3207 Deus,
3635 3148 3691 3194 et
3712 3141 3814 3192 reli-

2238 3232 2367 3283 qua,
2422 3229 2551 3281 quae
2599 3222 2959 3279 sequuntur:
3007 3217 3445 3269 lamentationes
3485 3215 3748 3267 videlicet
3768 3213 3812 3262 in

2244 3290 2513 3341 omnibus
2540 3288 2739 3352 plateis
2757 3289 3173 3341 audiendas.Et
3190 3290 3248 3338 in
3272 3290 3493 3351 cunctis,
3509 3290 3696 3349 inquit,
3721 3300 3815 3349 qute

2242 3362 2378 3424 foris
2401 3367 2527 3409 sunt
2551 3362 2771 3424 dicetur,
2814 3362 2908 3421 Vae,
2947 3378 3019 3410 vae
3043 3378 3057 3411 :
3088 3362 3218 3425 quia
3247 3361 3509 3426 planctus
3536 3360 3656 3410 fore
3680 3359 3817 3409 dixe—

2243 3438 2332 3509 rat
2354 3434 2413 3509 in
2430 3432 2925 3509 plateisbaddidit,
2946 3436 3001 3509 et
3035 3446 3165 3509 quae.
3188 3432 3480 3509 ferissunt
3504 3430 3680 3509 simili
3705 3440 3814 3479 cum

2243 3505 2553 3569 ploratione
2582 3503 2751 3567 [rane
2781 3505 3239 3568 comploratione]
3267 3503 3582 3563 miscenda,
3622 3509 3687 3554 ut
3722 3513 3817 3552 non

2242 3578 2440 3639 utique
2466 3575 2604 3627 solis
2641 3577 2925 3627 videretur
2956 3577 3198 3627 urbibus
3226 3576 3579 3626 comminari.
3623 3576 3815 3626 Dicitur

2239 3650 2429 3711 itaque
2477 3650 2595 3699 tota
2643 3648 2875 3711 regione
2928 3648 3027 3708 Vw,
3076 3653 3269 3699 canet
3295 3652 3409 3698 tam
3436 3646 3643 3707 vineae,
3668 3657 3815 3711 quam

2238 3721 2428 3784 campi
2456 3724 2631 3783 atque
2655 3724 2883 3771 montes
2909 3720 3335 3771 miserabilibus
3360 3720 3747 3783 personabunt
3763 3716 3818 3765 la-

2238 3792 2464 3843 mentis.
2496 3793 2637 3850 Quia
2661 3791 2994 3855 pertransibo
3019 3793 3079 3841 in
3103 3793 3277 3840 medio
3296 3791 3391 3851 tui,
3411 3791 3536 3840 dicit
3552 3790 3815 3840 Dominus.

2238 3865 2349 3916 Diu
2396 3876 2506 3927 me,
2548 3864 2736 3927 inquit
2773 3864 2940 3927 quasi
2966 3865 3291 3927 absentem,
3323 3868 3381 3914 et
3410 3875 3545 3926 quas
3566 3861 3817 3926 gererelis

2235 3938 2466 4003 penitus
2490 3948 2607 3987 non
2632 3936 2942 3995 videntem,
2978 3949 3049 3987 ne
3080 3936 3388 3999 quidquam
3410 3936 3548 3985 estis
3572 3932 3783 3998 experti
3806 3946 3814 3978 :

2232 4008 2375 4062 nihil
2400 4008 2554 4060 enim
2586 4008 2658 4059 de
2684 4008 3087 4060 emendatione
3113 4021 3214 4073 per
3238 4012 3353 4059 tam
3382 4007 3583 4072 longas
3608 4008 3817 4054 inducias

2234 4080 2548 4145 cogitastis.
2593 4082 2758 4132 Nunc
2787 4082 2907 4143 jam
2942 4082 3000 4130 in
3016 4083 3308 4143 regionem
3337 4085 3495 4131 tuam
3525 4076 3813 4137 sacrilegiis

2228 4153 2597 4218 inquinatam
2624 4152 2674 4203 is
2697 4153 3128 4205 animadversor
3156 4153 3457 4216 ingrediar,
3477 4151 3567 4202 cui
3593 4150 3815 4202 ulterius

2229 4240 2345 4278 non
2401 4225 2635 4289 possitis
2675 4224 2933 4276 illudere.
2967 4226 3313 4277 Pertransire
3339 4238 3400 4276 se
3426 4237 3560 4275 vero
3585 4223 3737 4274 dicit.
3767 4223 3813 4269 ut

2232 4295 2386 4349 illius
2406 4298 2753 4348 memoriam
2780 4300 2889 4348 tem
2901 4299 3051 4361 poris
3068 4297 3407 4357 inlroducal,
3424 4294 3575 4359 quod
3589 4295 3682 4347 vel
3696 4297 3814 4352 disy-

2231 4376 2415 4433 ptum,
2446 4372 2537 4421 vel
2558 4372 2863 4422 Sodomam
2888 4371 3097 4433 legitur
3118 4371 3419 4433 interiisse,
3440 4370 3705 4434 Egyptia
3726 4369 3815 4427 pri-

2230 4443 2465 4507 mogeni
2481 4447 2555 4505 ta,
2575 4444 2665 4495 vel
2696 4443 3039 4494 Sodomitica
3066 4446 3216 4495 tecta
3239 4456 3604 4494 consumens.
3622 4444 3686 4492 In
3703 4445 3813 4487 hum

2237 4528 2374 4578 ergo
2424 4516 2666 4567 modum
2716 4517 3093 4579 pertransibo,
3145 4520 3208 4567 ut
3241 4515 3405 4567 edam
3431 4527 3605 4578 quam
3636 4514 3815 4566 merila

2236 4588 2497 4652 exigunt,
2528 4587 2823 4639 ultionem.
2851 4588 3012 4640 Unde
3030 4593 3087 4640 et
3108 4589 3260 4653 apud
3289 4589 3519 4639 beatum
3540 4586 3699 4651 Osee,
3717 4600 3811 4634 cum

2235 4659 2306 4711 de
2360 4660 2626 4725 mitigatu
2672 4660 2977 4712 sen‘tentiaa
3021 4660 3357 4725 disputaret,
3392 4659 3498 4711 ait:
3527 4660 3675 4719 Quia
3696 4658 3813 4708 Dem

606 4822 623 4842 ·
649 4814 787 4893 Heio
811 4816 1128 4893 negligentes
1152 4830 1255 4893 pro
1279 4818 1620 4893 negligenter,
1645 4834 1803 4886 mox,
1831 4822 1956 4874 sive
1994 4823 2137 4875 alte-
2167 4798 2224 4871 D
2240 4827 2571 4893 linguarum
2607 4828 2873 4893 peritum,
2900 4827 3172 4879 diximus.

533 4899 596 4937 ro
621 4887 694 4938 ab
720 4885 828 4938 hoc
854 4901 1025 4939 versu
1051 4890 1449 4953 impudentiam
1475 4905 1576 4956 pro
1600 4893 2026 4956 impendentium
2040 4910 2130 4948 re-

529 4959 897 5024 scripsimus.
921 4961 1341 5027 Ceelerumipse
1356 4965 1542 5028 magis
1557 4964 1860 5029 imperitiae
1883 4970 2133 5016 notandus

537 5033 754 5083 Auctor
798 5038 905 5097 est,
951 5033 1049 5096 qui
1100 5035 1267 5084 hostes
1289 5036 1425 5101 justi
1449 5036 1655 5086 duobus
1689 5037 1858 5086 modis
1904 5039 2132 5103 intelligi

528 5119 693 5168 posse,
727 5109 992 5157 autumat
1018 5124 1027 5154 :
1055 5119 1121 5157 ac
1152 5108 1420 5172 primum,
1458 5108 1520 5157 ut
1540 5110 1677 5173 justi
1706 5110 1866 5172 quasi
1899 5112 2130 5173 genitivo

525 5177 826 5239 singulari,
844 5178 1085 5242 justitite.
1123 5180 1289 5229 hostes
1312 5182 1757 5243 pronuntientur,
1786 5182 1940 5243 quod
1968 5184 2131 5234 unice

532 5260 735 5300 verum
752 5256 842 5301 est
872 5268 882 5298 :
924 5255 1117 5303 tumul.
1146 5253 1313 5301 hostes
1326 5253 1464 5316 justi
1477 5269 1573 5316 per
1593 5254 1998 5303 nominativum
2014 5256 2133 5319 plu-

527 5320 702 5370 ralem
739 5323 996 5386 appellati
1030 5339 1132 5373 esse
1175 5325 1487 5385 credantur,
1532 5324 1685 5385 quod
1732 5338 1861 5375 cum
1903 5327 2131 5379 Hebraei

525 5394 841 5457 archetypi,
887 5395 1254 5459 aliorumque
1294 5394 1708 5459 exemplarium
1753 5409 1929 5449 sensu
1976 5405 2127 5451 stare

526 5464 686 5518 nullo
715 5464 887 5517 modo
920 5471 1129 5530 potest.
1149 5467 1298 5527 Quin
1318 5466 1490 5518 etiam
1513 5480 1751 5531 arguere
1775 5482 1847 5520 ex
1872 5470 1980 5521 hoc
2004 5472 2128 5523 loco

526 5535 678 5608 licet,
705 5538 921 5589 nedum
948 5538 1244 5590 IIebraica:
1267 5537 1448 5599 illum,
1476 5541 1575 5592 sed
1602 5546 1658 5591 et
1682 5542 2127 5608 Griecaelingua:

530 5606 708 5661 fuisse
749 5611 979 5673 penitus
1006 5611 1286 5669 inscium;
1313 5626 1499 5676 neque
1524 5614 1697 5676 enim,
1735 5616 1881 5666 utin
1908 5606 2124 5677 Latino,

530 5677 716 5731 locum
743 5682 1014 5765 ambiguo
1029 5683 1225 5734 sensui
1250 5684 1388 5735 dant
1411 5686 1545 5736 ista:
1569 5688 1733 5765 ΡἽἼὩ
1763 5689 1971 5751 ἽἾἾῖ,Θῐ
1986 5710 2132 5741 κατα·

446 5824 451 5829 λ
528 5759 790 5829 πατοῦντος
837 5754 1025 5829 δίκαιον
1066 5756 1185 5829 Hoc
1222 5770 1375 5819 vero,
1404 5759 1553 5821 quod
1574 5754 1673 5809 'res
1699 5762 1807 5815 est,
1848 5761 1895 5810 si
1938 5762 2130 5814 novis-

530 5825 762 5901 set,‘par
780 5836 903 5901 non
928 5828 1015 5874 cst
1041 5826 1286 5890 credere,
1313 5829 1566 5881 voluisse
1590 5830 1852 5894 ineptum
1870 5846 1939 5883 ex
1958 5839 2129 5884 Latina

538 5893 915 5975 ambigniitate
928 5909 1164 5975 sensum
1180 5902 1513 5975 consectari.
1533 5905 1601 5955 Et
1615 5893 1801 5957 videri
1817 5918 1948 5958 eum
1969 5912 2132 5958 tamen

553 5973 628 6015 ex
650 5964 989 6019 Praefatione
1033 5971 1438 6026 Gommentarii
1461 5974 1524 6028 in
1546 5976 1752 6031 Oscam
1777 5980 1916 6033 satis
1936 5993 2136 6036 earum

2299 4902 2320 4930 ι’
2345 4902 2674 4965 Legebatur
2700 4907 2861 4964 atque
2896 4914 2995 4963 pro
3012 4902 3194 4964 atqui:
3222 4913 3361 4951 mox
3382 4900 3553 4951 etiam
3565 4896 3812 4951 adverbio

2234 4980 2554 5038 opportune,
2569 4973 2817 5024 alterum
2841 4973 3246 5024 suiﬂciendum
3270 4973 3493 5025 videtur
3510 4973 3812 5037 importune,

2298 5056 2316 5074 ο
2349 5047 2689 5098 Suil‘ecimus
2714 5046 2843 5096 heic
2870 5058 3083 5097 nomen
3108 5046 3263 5109 Deus,
3294 5045 3445 5110 quod
3474 5044 3687 5096 deerat:
3706 5048 3808 5093 tum

2235 5119 2453 5167 dixistis
2474 5132 2573 5181 pro
2597 5119 2760 5178 dixit,
2790 5118 3058 5181 legimus,
3085 5119 3424 5181 cogentibus
3446 5119 3687 5180 utroque
3705 5116 3808 5165 loco

2235 5203 2367 5241 cum
2392 5190 2628 5253 reliquis
2654 5190 2812 5241 libris
2830 5192 3120 5253 omnibus,
3149 5194 3269 5241 tum
3295 5190 3579 5253 praecipue
3594 5188 3808 5237 Hebraico

2233 5262 2564 5325 exemplari.
2617 5263 2746 5313 Mox
2784 5262 2939 5325 quod
2966 5262 3191 5323 dicitur,
3217 5263 3467 5310 custodite
3493 5261 3551 5308 in
3573 5266 3737 5325 portu,
3760 5256 3805 5305 in

2233 5334 2481 5385 laudatis
2506 5333 2702 5385 iisdem
2726 5335 2882 5385 libris
2907 5338 3015 5397 est,
3035 5334 3336 5384 constituite
3354 5335 3409 5381 in
3424 5335 3609 5398 portis.

2296 5405 2318 5436 ⁸
2349 5407 2641 5458 Contraria
2667 5421 2861 5463 sensu,
2888 5412 2945 5459 et
2970 5407 3178 5473 supino
3196 5407 3368 5459 nimis
3395 5418 3597 5468 errore,
3614 5406 3800 5457 lectum

2233 5480 2322 5531 est
2346 5478 2645 5533 hactenus.
2672 5494 2737 5526 ne
2758 5479 2915 5541 forte,
2953 5484 3059 5531 etc.

2295 5546 2523 5614 °'Atque
2555 5551 2681 5602 heic
2709 5550 3040 5602 suil’ecimus
3066 5552 3220 5613 Deus,
3263 5551 3415 5615 quod
3438 5552 3668 5603 aberat:
3696 5553 3795 5599 tum

2230 5621 2344 5674 illa.
2379 5628 2424 5672 et
2447 5624 2520 5672 ad
2543 5624 2821 5688 planctum
2840 5639 2923 5673 eos
2948 5624 3045 5689 qui
3068 5625 3248 5674 sciunt
3280 5624 3551 5688 plangere,
3580 5624 3699 5684 etc,,
3730 5630 3795 5668 rex

2232 5694 2469 5746 ﬂximus
2493 5696 2565 5747 ad
2590 5698 2902 5748 Hebraeum
2925 5696 3321 5760 archetypum,
3347 5701 3403 5747 et
3426 5691 3793 5757 Hieronymia-

2231 5780 2366 5819 nam
2390 5769 2733 5830 versionem,
2769 5782 2901 5821 cum
2935 5773 3105 5821 antea
3134 5768 3339 5820 vitiose
3382 5769 3460 5821 ita
3493 5768 3795 5819 haberetur.

2230 5841 2493 5903 agricolas
2519 5842 2591 5890 ad
2616 5842 2817 5889 luctum
2842 5847 2886 5889 et
2902 5842 3197 5905 planctum.
3224 5842 3329 5891 Eos
3353 5841 3448 5905 qui
3470 5841 3643 5889 sciunt
3664 5836 3792 5901 plau-

2230 5927 2364 5974 gere,
2391 5918 2498 5964 elo.
2527 5917 2640 5965 Nec
2675 5913 2932 5978 dubium,
2969 5914 3110 5979 quin
3141 5913 3267 5976 huic
3290 5914 3404 5965 sint
3428 5913 3628 5964 menda
3654 5910 3787 5960 libra-

2235 5985 2335 6036 riis
2366 5986 2682 6038 tribuenda.
