3894 6420
450 364 590 423 1083

450 479 609 545 cepit
638 476 988 543 opinionem,
1005 480 1071 529 ut
1091 474 1305 527 diceret
1327 475 1461 538 quia
1476 474 1686 538 quadra
1699 474 1790 536 uiti
1804 471 2055 545 taannis,

463 544 609 617 quos
633 549 691 600 in
721 548 1030 600 solitudine
1054 547 1378 599 referuntur
1402 546 1609 611 egisse,
1640 559 1760 598 non
1782 548 1918 606 Deo,
1956 544 2058 596 sed

455 623 624 676 idolis
654 622 904 673 servisse
929 620 1260 671 videantur:
1295 633 1428 671 cum
1449 618 1591 670 nihil
1610 619 1811 682 utique
1838 619 1945 670 tale
1969 617 2056 669 hi-

456 695 631 747 storia
645 692 962 755 consignet,
979 692 1078 742 sed
1094 696 1314 743 tantum
1327 692 1480 754 quod
1499 694 1671 755 caput
1686 691 1872 751 vituli,
1891 696 2055 751 Moyse

455 769 737 824 morante,
776 763 1169 826 conﬂaverint,
1211 763 1364 827 quod
1390 768 1581 815 tamen
1617 765 1828 828 statim,
1854 764 2058 814 eodem
2086 784 2093 789 -

453 840 713 904 jubente,
743 836 1135 886 contriverint.
1164 837 1285 886 Non
1307 850 1441 900 ergo
1468 839 1838 887 caeremonias
1864 839 2060 895 Legules

464 908 744 961 sideribus
766 912 867 957 aut
891 907 1112 969 angelis
1147 908 1474 967 offerebant,
1509 921 1757 972 quarum
1802 908 1975 959 ritum
2006 912 2063 958 et

461 981 690 1032 ordines
733 983 936 1029 auctor
960 984 1158 1030 noster
1181 980 1406 1042 proprio
1432 993 1527 1030 ore
1553 994 1699 1041 comi
1724 981 1896 1042 osuit,
1923 980 2062 1030 sibi—

459 1065 569 1115 que
592 1051 693 1102 uni
718 1051 912 1102 omnia
934 1051 1224 1103 otl‘erenda
1246 1052 1561 1103 mandavit.
1585 1052 1913 1103 Secundum
1937 1066 2067 1102 con-

468 1123 835 1176 suetudinem
853 1135 986 1184 ergo
1005 1125 1424 1186 Scripturarum
1439 1124 1666 1175 diversa
1680 1124 1912 1186 quidem
1932 1129 2067 1178 tem-

466 1209 619 1261 pora,
647 1199 922 1267 caeterum
941 1195 1148 1245 similia
1167 1196 1516 1258 increpantis
1536 1196 2063 1267 sermoconjunxit,

470 1273 535 1320 ut
561 1266 903 1329 ostenderet,
922 1268 1053 1328 quia
1084 1266 1141 1317 in
1166 1268 1548 1331 praesentibus
1574 1266 1885 1331 sacrilegiis
1903 1266 2061 1326 prora;

460 1352 567 1390 nos
622 1338 988 1390 imitarentur
1032 1343 1317 1401 parentes,
1344 1340 1443 1402 qui
1485 1339 1592 1389 sibi
1625 1338 1764 1391 deos
1808 1339 2065 1402 improbe

468 1411 589 1462 fieri
616 1409 994 1473 postulantes,
1038 1409 1099 1460 in
1128 1415 1290 1461 vasta
1328 1410 1633 1462 solitudine
1657 1410 2065 1462 concidissent-

467 1481 612 1545 Quid
638 1494 791 1545 ergo,
817 1481 913 1545 ait,
944 1481 1175 1543 mirum,
1212 1484 1260 1531 si
1286 1486 1343 1534 et
1374 1482 1433 1533 hi
1482 1483 1551 1533 de
1580 1483 1822 1547 prOpriis
1851 1481 2064 1533 finibus

465 1554 778 1617 exigantur
803 1557 960 1604 trans
987 1555 1350 1610 Damascum,
1380 1553 1662 1619 videlicet,
1685 1555 1745 1606 in
1778 1554 2065 1616 Babylone

462 1625 731 1688 ultraque
755 1624 1025 1695 perituri?
1051 1626 1214 1688 Quod
1238 1630 1430 1677 autem
1465 1627 1658 1689 posuit
1692 1628 1843 1676 sidus
1867 1626 1961 1675 Dei
1982 1643 2065 1674 ve-

462 1698 581 1760 stri,
621 1697 680 1747 in
706 1697 984 1748 Hebraico
1030 1698 1237 1748 dicitur
1270 1698 1453 1749 stellae
1476 1698 1685 1750 habere
1705 1711 1933 1761 nomen,
1963 1708 1980 1726 ι
2003 1696 2062 1748 id

464 1773 569 1820 est.
595 1768 857 1831 Luciferi,
879 1780 1052 1831 quem
1078 1782 1265 1832 usque
1282 1769 1450 1822 hodie
1467 1770 1762 1822 Sarraceni
1784 1771 1967 1821 colere
1993 1769 2063 1821 fe-

470 1844 700 1893 runtur.
739 1841 819 1890 De
843 1853 956 1904 quo
994 1843 1186 1891 tamen
1210 1841 1351 1892 nihil
1374 1840 1485 1893 tale
1502 1843 1791 1910 Scriptura
1813 1854 2063 1893 comme-

468 1913 671 1971 morat,
698 1912 964 1963 videlicet
986 1925 1052 1963 eo
1080 1915 1353 1976 tempore,
1380 1926 1492 1977 quo
1516 1914 1626 1965 fuit
1648 1919 1820 1976 caput
1841 1913 1973 1964 idoli
1995 1916 2063 1961 fa-

466 1983 770 2046 bricatum,
796 1983 865 2033 ad
883 1982 1317 2036 similitudinem
1334 1985 1603 2037 nimirum
1615 1985 1865 2050 Egyptii
1881 1985 2062 2044 bovis,

466 2067 641 2118 quem
677 2054 847 2117 Apim
870 2055 1187 2119 nominant,
1215 2057 1370 2120 quod
1395 2057 1573 2108 stellis
1597 2070 1827 2120 quoque
1853 2057 2065 2108 servire

467 2125 840 2176 decreverint.
890 2126 999 2177 Sed
1038 2126 1377 2191 colligimus,
1410 2129 1545 2191 quia
1566 2142 1666 2193 per
1688 2129 2065 2179 imitationem

470 2197 751 2260 Egyptian
768 2197 1210 2263 superstitionis,
1227 2199 1351 2250 aliis
1370 2212 1600 2263 quoque
1616 2202 1733 2252 Gen
1743 2201 1893 2250 tibus
1909 2212 2066 2250 com-

468 2272 768 2332 ponantur,
796 2269 963 2331 quasi
987 2268 1133 2320 nihil
1170 2271 1244 2320 sit
1266 2271 1638 2335 profanitatis,
1663 2272 1817 2335 quod
1833 2284 1950 2322 non
1966 2284 2067 2336 per

467 2341 895 2403 susceptionem
912 2341 1089 2391 unius
1115 2341 1251 2392 idoli
1269 2343 1526 2394 venerari
1542 2348 1597 2394 et
1617 2343 1799 2395 colere
1821 2358 2067 2392 censean-

469 2415 575 2462 tur.
603 2412 694 2463 Fit
738 2417 931 2463 autem
977 2418 1286 2465 contextus
1324 2414 1384 2465 in
1431 2416 1715 2479 sensibus,
1748 2416 1793 2466 si
1818 2415 1911 2466 his
1934 2427 2066 2479 quae

468 2482 1024 2547 fuerantinterjecta,
1040 2485 1325 2549 sepositis,
1342 2486 1406 2535 ad
1425 2486 1563 2537 illud
1577 2487 1731 2549 quod
1750 2490 1956 2549 dixerat,
1985 2488 2067 2536 Vae

468 2555 890 2605 desiderantibus
913 2558 1054 2606 diem
1070 2557 1435 2624 Domini,53
1448 2555 1501 2625 6
1533 2560 1640 2611 hoc
1656 2560 1919 2624 respiciat
1932 2562 2064 2620 quod

475 2707 723 2770 quedam
740 2707 975 2756 Domino
1001 2722 1084 2757 eos
1105 2708 1329 2771 legimus
1344 2710 1588 2760 obtulisse
1609 2727 1739 2771 non,
1776 2714 2064 2774 voluntate,

473 2778 859 2851 sedpaenaru‘m
874 2777 1113 2840 fecerunt
1136 2788 1295 2841 metu,
1314 2786 1359 2831 et
1375 2796 1561 2831 eorum
1577 2784 1633 2832 in
1643 2785 1955 2848 lerfectione,
1970 2787 2067 2851 qui

473 2855 687 2922 propter
703 2849 846 2899 idola
872 2857 1209 2901 corruerunl.
1236 2854 1504 2903 Dominus
1525 2863 1707 2905 autem
1730 2873 1841 2906 non
1868 2873 1930 2907 ea
1952 2849 2068 2922 quae

473 2920 796 2985 offeruntur,
821 2923 910 2971 sed
933 2922 1257 2983 voluntatem
1283 2926 1495 2988 respicit
1517 2926 1874 2990 offerentium.
1908 2920 2069 2979 Deni-

475 3007 576 3056 que
605 2992 927 3057 ubicumque
942 2996 1145 3047 occasio
1168 2996 1293 3058 fuit,
1317 3013 1522 3063 semper
1545 3000 1699 3049 corde
1719 3002 1915 3051 reversi
1943 3006 2069 3051 sunt

476 3066 535 3112 in
559 3064 660 3126 ng
669 3081 697 3126 ῃ
703 3071 874 3130 ptum,
895 3066 1251 3116 desiderantes
1265 3065 1339 3117 bll
1347 3070 1400 3118 ia
1412 3076 1456 3119 et
1477 3086 1611 3134 cepc,
1636 3079 1682 3120 et
1705 3087 2008 3123 cucumeres
2023 3080 2069 3123 et

474 3150 661 3185 earnes
683 3137 987 3202 zi‘gyptiais,
1015 3144 1061 3187 et
1084 3140 1313 3201 Manna,
1352 3142 1497 3204 quod
1525 3143 1587 3191 de
1610 3144 1728 3193 caelo
1766 3145 1956 3193 datum
1977 3151 2067 3207 est,

474 3212 892 3259 contemmcntes.
931 3211 1084 3269 Quod
1128 3216 1183 3259 ut
1220 3211 1293 3262 sic
1340 3213 1721 3278 intelligamus,
1762 3218 2070 3281 Stephanus

475 3281 690 3343 primus
712 3281 930 3346 Martyr
948 3281 1249 3348 Evangelii,
1264 3285 1462 3349 dignus
1486 3289 1706 3337 nomine
1720 3304 1835 3349 suo,
1853 3290 1909 3338 in
1924 3290 2070 3354 Apo—

1513 362 1781 414 RUFINO
1816 360 2269 413 PRESBY'I‘ERO
2295 363 2681 414 ASCRIPTUS

2083 1880 2138 1955 B

3605 359 3750 418 1084

2157 475 2244 535 ait,
2262 474 2536 540 Nunquid
2548 474 2748 525 hostias
2762 475 3149 537 etsacriﬂcium
3161 475 3417 525 obtulistis
3432 476 3577 525 mihi
3589 476 3641 524 in
3662 475 3751 523 de-

2155 550 2317 596 serto:
2348 547 2405 598 id
2454 552 2561 605 est,
2610 546 3044 610 longanimitate
3078 551 3134 598 et
3164 546 3564 598 benevolentia
3602 558 3749 605 mea,

2156 631 2287 681 quae
2305 618 3058 682 ditfertlongistemporibus
3085 619 3374 678 ultionem,
3401 618 3477 670 ita
3492 619 3755 669 abutitur

2155 694 2348 742 vestra
2362 691 3254 756 profanilas,utargumentcmini
3267 703 3567 754 nunquam
3583 697 3754 738 ventu-

2156 775 2283 814 rum
2311 777 2439 815 esse
2460 765 2599 815 illud
2617 766 2874 824 exitium,
2903 764 3053 826 quod
3082 762 3327 814 necdum
3354 762 3594 821 venerit,
3619 774 3753 812 cum

2160 834 2497 897 fueritseepe
2513 839 2886 899 promissum:
2915 834 3079 897 quasi
3109 847 3227 885 non
3254 838 3757 898 suppetantexem-

2158 906 2267 970 pla,
2305 908 2514 969 quibus
2535 910 2861 969 agnoscatis
2891 907 3369 957 consuetudinem
3393 918 3602 959 meam.
3619 906 3758 966 quia

2160 978 2250 1029 his
2268 979 2537 1028 nimirum
2557 979 3021 1041 quidestinai‘itur
3038 978 3227 1040 exitio,
3245 978 3481 1038 longum
3494 978 3565 1027 ad
3584 975 3760 1041 paeni-

2163 1050 2405 1100 tendum
2420 1055 2646 1115 tempus
2666 1051 2975 1112 indulgeat.
2998 1051 3104 1101 Sed
3123 1056 3185 1101 ut
3199 1050 3630 1113 praetermittam
3645 1052 3764 1096 reli-

2160 1135 2288 1184 quit,
2310 1123 2511 1172 saltem
2547 1122 2684 1171 illud
2710 1122 2946 1185 aspicite
2965 1137 2976 1171 :
2993 1122 3126 1183 quia
3144 1134 3279 1172 cum
3299 1122 3544 1172 eductus
3567 1121 3639 1171 de
3666 1122 3762 1169 AS-

2164 1198 2337 1256 pypto
2365 1194 2605 1257 populus
2627 1193 2697 1243 ad
2721 1197 2975 1243 montem
2995 1193 3144 1244 Sinee
3165 1192 3538 1256 pervenisset,
3564 1199 3621 1242 et
3637 1207 3765 1239 con-

2163 1265 2374 1317 sistens
2390 1266 2538 1316 inter
2556 1266 2828 1316 miracula
2844 1265 2986 1315 meis
3004 1264 3177 1325 digna
3200 1264 3530 1327 virtutibus,
3556 1262 3631 1314 ad
3647 1265 3766 1311 cul-

2163 1339 2289 1387 tum
2337 1340 2529 1387 tamen
2564 1336 2867 1398 idolorum,
2903 1347 3033 1398 quae
3060 1334 3378 1399 reliquerat,
3406 1334 3763 1393 revertisset,

2162 1407 2554 1459 meruitexitio
2568 1407 2860 1458 destinari.
2880 1409 2997 1470 Ego
3018 1412 3204 1458 tamen
3228 1419 3333 1458 nec
3358 1405 3653 1457 sacriﬁciis
3666 1417 3768 1455 eo-

2161 1493 2288 1531 rum
2312 1492 2419 1531 nec
2462 1480 2800 1531 muneribus
2837 1478 3150 1542 mitigatus,
3176 1478 3553 1542 quadraginta
3574 1489 3765 1529 anno-

2161 1564 2289 1602 rum
2317 1554 2540 1616 tempus
2558 1550 2787 1613 indulsi,
2815 1563 3003 1613 neque
3030 1550 3173 1601 iram
3206 1550 3394 1601 subito
3410 1551 3472 1601 in
3504 1561 3632 1601 reos
3661 1561 3767 1599 sae-

2162 1622 2282 1675 vire
2297 1624 2530 1687 promisi
2557 1625 2727 1687 [Forte
2753 1622 3024 1687 permisi].
3052 1624 3335 1675 Caeterum
3358 1622 3593 1685 agmina
3617 1634 3760 1672 sen-

2162 1695 2269 1745 sim
2292 1698 2410 1757 jam
2439 1695 2740 1756 sententiae
2759 1694 2985 1746 addicta
3008 1694 3323 1758 consumsi,
3343 1695 3533 1756 sicque
3555 1692 3764 1745 necin-

2162 1765 2307 1818 dulti
2355 1769 2631 1830 temporis
2668 1765 2987 1829 longitudo,
3020 1766 3169 1829 quod
3205 1765 3614 1817 denunciatum
3651 1770 3763 1815 est.

2163 1837 2778 1903 frustravitjudicium,
2796 1850 2899 1888 nec
2916 1850 3216 1889 accensam
3236 1837 3611 1900 praecipitavit
3627 1835 3769 1887 hor-

2163 1922 2257 1961 ror
2277 1910 2534 1960 criminis
2550 1909 2850 1960 ultionem.
2875 1909 3191 1970 Curitaque
3207 1908 3480 1960 dubitetis
3499 1907 3762 1958 futurum

2165 1981 2319 2045 quod
2328 1984 2448 2045 jam
2471 1980 2686 2033 factum
2714 1981 2920 2032 videtis
2946 1984 2968 2028 ?
2988 1980 3045 2030 id
3065 1985 3170 2035 est,
3196 1979 3323 2031 ideo
3348 1980 3512 2031 vobis
3534 1979 3768 2029 denun-

2167 2054 2292 2104 tiari
2327 2057 2601 2105 venturas
2624 2052 2995 2111 calamitates,
3020 2064 3127 2102 nec
3150 2052 3379 2103 easdem
3403 2050 3660 2102 celeriter
3684 2055 3767 2100 in-

2167 2123 2316 2189 terri,
2342 2130 2404 2175 ut
2439 2124 2858 2176 emendationis
2901 2125 3153 2187 spatium
3190 2124 3528 2185 praebeatur,
3555 2133 3672 2171 non
3702 2126 3765 2172 ut.

2165 2197 2647 2260 evanescatultio,
2662 2197 2751 2247 cui
2768 2195 2909 2247 nihil
2928 2195 3137 2246 valebit
3155 2199 3381 2259 tempus
3400 2194 3643 2245 officere.
3668 2197 3766 2241 Vos

2164 2275 2358 2320 autem
2376 2270 2647 2332 quoniam
2666 2268 2920 2319 bonitate
2937 2268 3031 2319 Dei
3050 2267 3420 2331 impudenter
3436 2264 3765 2319 abutimini.

2166 2346 2555 2404 consequetur
2578 2340 2705 2392 ﬁnis
2719 2353 2917 2392 eorum
2938 2344 3258 2403 parentum,
3283 2351 3428 2402 quos
3451 2337 3512 2389 in
3533 2336 3767 2388 sacrile-

2166 2413 2275 2477 giis
2306 2413 2698 2464 estisimitati:
2728 2417 2789 2463 ut
2814 2412 2963 2463 sicut
2984 2424 3185 2463 eorum
3214 2410 3490 2461 cadavera
3511 2408 3572 2459 in
3598 2412 3768 2460 vasta

2168 2486 2476 2537 solitudine
2501 2490 2860 2549 corruerunt,
2888 2488 2965 2535 ita
2989 2489 3046 2536 et
3081 2496 3184 2536 vos
3209 2484 3279 2534 de
3306 2482 3505 2547 patriis
3527 2481 3762 2533 excussi

2166 2558 2397 2622 finibus,
2432 2558 2492 2609 in
2527 2558 2768 2610 barbara
2790 2558 3022 2622 regione
3057 2556 3393 2608 moriamini.

2164 2712 2422 2762 stolarum
2446 2716 2643 2761 narrat
2668 2711 2916 2773 historia,
2952 2712 3058 2761 etc.
3087 2709 3318 2761 Videsis
3360 2707 3761 2760 Praefationem

2165 2785 2439 2835 nostram.

2232 2865 2249 2884 τ·
2273 2858 2412 2908 Haec
2439 2857 2633 2907 autem
2677 2854 3028 2917 Hieronymo
3069 2854 3142 2906 ab
3174 2853 3299 2919 ipso
3331 2854 3568 2917 accepit,
3594 2853 3764 2915 cujus

2166 2928 2365 2979 reticet
2402 2940 2633 2978 nomen.
2668 2928 2810 2987 Quae,
2849 2926 2946 2986 ait,
2979 2926 3045 2974 sit
3071 2926 3192 2989 ipsa
3215 2925 3394 2988 imago
3430 2924 3505 2973 vel
3532 2924 3763 2983 idolum,

2167 3000 2406 3064 sequenti
2429 3014 2670 3047 sermone
2693 2999 3035 3049 demonstrat.
3070 2998 3238 3049 Sidus
3269 2996 3360 3048 dei
3390 2996 3585 3053 vestri,
3620 2997 3765 3060 quod

2168 3071 2422 3120 Hebraice
2459 3069 2659 3119 dicitur
2675 3070 2961 3131 Clioeab,id
2981 3075 3070 3131 est,
3096 3068 3349 3130 Luciferi,
3376 3081 3531 3130 quem
3557 3067 3766 3117 Sarra-

2168 3144 2284 3191 ceni
2309 3143 2582 3205 hucusque
2598 3156 2822 3190 venerari
2834 3147 2938 3192 tur.
2958 3141 3117 3192 Idem
3142 3141 3199 3191 in
3224 3140 3351 3191 Vita
3375 3142 3426 3191 S.
3453 3138 3764 3190 Hilarionis

2170 3216 2330 3267 'I‘om.
2350 3217 2415 3266 II.
2435 3214 2538 3266 col.
2566 3212 2657 3267 ‘27.
2687 3213 2924 3275 Luciferi
2947 3212 3115 3263 cultui
3140 3212 3569 3263 Sarracenorum
3598 3211 3771 3259 natio—

2168 3302 2294 3337 nem
2322 3286 2560 3337 deditam
2595 3290 2776 3338 notat.

1412 3586 1881 3684 LIBER
1953 3585 2734 3688 SECUNDUS
2784 3587 2850 3684 ³.

1097 3819 1325 3871 CAPUT
1356 3820 1448 3871 VI.

544 3961 703 4011 Vers.
743 3959 786 4013 1.
808 3988 867 3997 —
892 3961 971 4011 Vae
995 3961 1092 4026 qui
1116 3962 1354 4027 opulenti
1370 3963 1488 4012 estis
1510 3964 1565 4011 in
1597 3962 1747 4027 Sion,
1780 3966 1824 4012 et
1848 3962 2075 4026 conﬁdi—

478 4030 542 4079 tis
567 4031 630 4079 in
669 4038 845 4081 monte
880 4033 1147 4083 Samaria:
1176 4050 1186 4085 :
1215 4037 1494 4099 optimates
1526 4040 1704 4098 capita
1730 4034 2077 4098 populorum,

480 4102 837 4166 ingredientes
866 4107 1167 4170 pompatico
1200 4106 1425 4156 domum
1460 4106 1638 4156 Israel.
1674 4108 1923 4157 Exosam
1952 4106 2078 4170 qui-

481 4173 609 4225 dem
633 4177 752 4227 Deo
779 4189 1006 4240 semper
1042 4178 1218 4229 fuisse
1261 4178 1602 4243 superbiam,
1638 4177 1906 4241 frequens
1934 4178 2081 4229 Scri—

482 4249 647 4308 ptura
675 4250 1057 4311 commendat,
1085 4251 1295 4313 quippe
1321 4262 1452 4312 quae
1478 4250 1708 4300 initium
1733 4251 1948 4313 peccati
1968 4251 2081 4298 talis

484 4318 679 4381 fuerit,
703 4327 769 4371 ut
792 4321 1044 4383 Angelos
1058 4322 1118 4371 in
1135 4324 1429 4372 daemones
1448 4326 1733 4372 commuto
1746 4322 1901 4372 verit.
1918 4322 2080 4377 Unde

486 4396 545 4441 et
572 4392 777 4442 beatus
802 4392 985 4443 David
1010 4394 1249 4444 sollicite
1284 4393 1623 4455 deprecatur
1654 4405 1727 4444 ne
1751 4393 2085 4456 subjaceant

484 4464 836 4525 proculcatui
862 4467 1239 4529 superborum
1267 4483 1277 4512 :
1307 4464 1383 4515 ibi
1401 4465 1571 4528 enim,
1590 4466 1756 4525 inquit
1779 4466 2081 4517 ceciderunt

480 4549 662 4584 omnes
699 4542 975 4598 operantes
1015 4538 1359 4600 iniquitatem
1401 4538 1565 4592 (Psal.
1599 4536 1722 4599 35.).
1761 4538 1864 4588 Hic
1886 4542 2082 4591 tamen

484 4607 947 4670 propheticorum
972 4609 1229 4660 ordinem
1249 4609 1306 4660 in
1330 4610 1716 4673 increpatione
1729 4611 1998 4673 custodit,
2018 4617 2082 4664 ut

483 4679 811 4741 superbiam
838 4683 1004 4743 quasi
1030 4682 1279 4733 fructum
1311 4696 1437 4733 esse
1462 4683 1771 4745 impietatis
1787 4684 2079 4753 ostendat,

483 4761 584 4811 per
607 4763 781 4812 quem
808 4758 1063 4805 tenorem
1098 4753 1355 4817 Apostoli
1381 4767 1610 4818 quoque
1642 4767 1828 4805 sermo
1855 4754 2082 4806 videtur

483 4821 815 4883 ingressus:
842 4824 940 4886 qui
964 4838 1095 4876 cum
1120 4826 1350 4886 diceret,
1377 4827 1533 4891 quod
1549 4828 1845 4890 creaturis,
1863 4835 2080 4876 creatore

481 4894 695 4958 relicto,
723 4896 1055 4955 servissent,
1071 4900 1557 4951 enumerationem
1584 4898 1851 4960 deinceps
1871 4898 2082 4951 facino-

482 4979 611 5018 rum
635 4967 1099 5033 ﬂagitiorumque
1122 4972 1396 5034 subjecit:
1416 4975 1714 5035 propterea
1736 4969 1862 5019 illos
1880 4970 2079 5022 nefan-

483 5037 569 5088 dis
595 5040 822 5091 actibus
844 5045 1063 5093 scatere
1089 5043 1493 5106 pronuncians,
1523 5040 1675 5103 quod
1694 5041 1920 5103 pietatis
1946 5056 2082 5105 erga

482 5111 666 5161 Deum
683 5111 813 5175 jura
838 5117 1235 5165 temerassent.
1258 5114 1355 5171 Vae,
1382 5114 1585 5176 inquit,
1613 5124 1747 5174 ergo
1779 5112 1961 5176 vobis,
1986 5113 2081 5177 qui

483 5182 721 5244 opulenti
741 5185 859 5233 estis
884 5186 941 5233 in
970 5184 1120 5245 Sion,
1148 5192 1193 5234 cl
1214 5184 1482 5246 conﬁditis
1511 5184 1570 5231 in
1594 5189 1770 5231 monte
1796 5183 2075 5245 Samaritae,

483 5266 598 5304 non
620 5266 734 5318 quo
760 5268 1073 5321 pauperum
1097 5257 1336 5309 crimina
1360 5255 1561 5307 laevius
1574 5256 1948 5317 aestimemus,
1977 5256 2077 5308 sed

484 5337 589 5376 vos
612 5330 891 5379 scelerum
916 5331 1099 5391 major
1122 5328 1314 5392 pulsat
1344 5327 1577 5392 invidia,
1605 5340 1747 5391 quos
1772 5329 1953 5391 major
1977 5342 2082 5379 ex-

486 5400 672 5451 tendit
702 5400 1004 5465 opulentia.
1031 5402 1152 5460 Quo
1166 5399 1320 5451 enim
1334 5401 1519 5463 magis
1536 5401 1676 5451 estis
1713 5400 1781 5451 de
1794 5400 2009 5451 honore
2027 5416 2084 5449 ac

483 5471 757 5523 facultate
782 5475 1097 5535 conspicui,
1126 5473 1233 5524 hoc
1263 5485 1363 5524 vos
1382 5473 1573 5523 decuit
1604 5476 1790 5532 majus
1823 5472 2081 5523 studium

485 5544 776 5608 religionis
814 5543 987 5612 537
1026 5544 1342 5596 habuisse:
1380 5558 1535 5597 nunc
1570 5557 1704 5597 vero
1738 5556 1852 5594 non
1889 5544 2082 5594 minus

487 5616 779 5679 impietate
805 5630 978 5680 quam
996 5618 1235 5682 pecunia
1270 5617 1585 5681 locupletes
1609 5628 1738 5667 esse
1761 5618 2084 5664 contenditis.

490 5687 983 5751 Comprehendent
1017 5700 1151 5753 ergo
1176 5703 1281 5741 vos
1312 5689 1564 5740 lamenta
1593 5689 1811 5752 gravia,
1837 5688 1973 5749 quia
1997 5700 2082 5739 se-

561 5874 575 5893 ·
601 5865 861 5918 Alterum
887 5870 957 5920 ab
981 5872 1090 5921 hoc
1120 5870 1244 5921 loco
1266 5869 1477 5921 librum
1512 5872 1680 5921 vetus
1702 5867 1897 5920 Editor
1914 5881 2083 5921 exor-

495 5935 668 5999 ditur,
684 5939 943 6001 apposita
966 5941 1037 5992 ad
1058 5954 1215 5993 oram
1247 5947 1384 5994 nota
1403 5941 1512 5993 Lib.
1532 5940 1581 5994 ‘2.
1609 5941 1747 6005 Ejus
1771 5956 1862 5990 nos
1886 5956 2085 6004 quoque

2097 3823 2146 3899 ρ
2174 3820 2431 3899 cundum
2457 3819 2714 3899 divinam
2726 3818 3080 3899 son-teptiam
3095 3818 3322 3899 exiguis
3341 3820 3775 3899 potestmisera-

2182 3894 2257 3945 tio
2300 3892 2577 3944 nonnulla
2610 3891 2853 3944 conferri
2881 3892 3120 3941 Potentes
3164 3896 3345 3939 autem
3391 3894 3628 3953 potenter
3666 3896 3777 3939 lor-

2178 3971 2358 4015 menta
2372 3966 2667 4030 patientur.
2686 3966 2838 4016 Inter
2850 3964 3037 4015 tantas
3051 3975 3184 4027 ergo
3209 3962 3469 4014 miserias
3492 3965 3776 4024 regionum,

2181 4053 2325 4105 quas
2349 4040 2420 4090 de
2447 4038 2534 4090 vel
2565 4037 2796 4089 amissis
2818 4036 3057 4100 viribus,
3091 4035 3181 4087 vel
3208 4035 3279 4085 de
3301 4033 3773 4094 irruentibusjam

2181 4110 2601 4163 calamitatibus
2626 4108 2931 4173 experitur,
2950 4108 3007 4159 in
3023 4108 3270 4158 locorum
3294 4106 3572 4170 praesidiis
3587 4108 3644 4157 et
3659 4122 3745 4154 mu
3759 4132 3775 4142 -

2180 4185 2394 4235 nitione
2420 4182 2742 4233 confiditis:
2775 4181 2833 4231 in
2863 4180 2996 4231 Sion
3023 4178 3354 4231 videlicetet
3378 4178 3625 4230 Samaria
3658 4177 3777 4229 fore

2183 4270 2286 4308 vos
2304 4260 2462 4308 tutos
2487 4255 2766 4306 adversus
2791 4255 2934 4304 iram
2954 4251 3164 4315 judicis
3183 4250 3555 4303 aestimantes.
3587 4254 3662 4297 Vae
3678 4250 3776 4313 qui

2183 4329 2421 4395 opulenti
2442 4327 2560 4375 estis
2576 4326 2631 4374 in
2652 4326 2802 4385 Sion,
2821 4331 2865 4374 et
2893 4324 3161 4386 conﬁditis
3190 4324 3247 4371 in
3266 4328 3437 4371 monte
3470 4323 3735 4372 Samaria:
3763 4339 3773 4373 :

2185 4402 2463 4467 optimates
2496 4399 2678 4461 capita.
2718 4396 3066 4463 populorum,
3096 4395 3449 4467 ingredientes
3476 4395 3777 4467 pompatiee

2185 4466 2407 4523 domum
2422 4470 2602 4520 Israel.
2626 4471 2930 4533 Nunquam
2960 4467 3111 4519 enim
3140 4480 3245 4517 vos
3268 4466 3451 4529 magis
3477 4478 3649 4529 quam
3676 4466 3772 4515 ad-

2184 4556 2482 4597 versorum
2517 4548 2768 4603 tempore
2803 4539 3127 4605 publicatis,
3164 4543 3379 4601 quanta
3404 4551 3506 4589 vos
3531 4537 3774 4589 luxuria?

2183 4617 2387 4683 impiev
2402 4616 2541 4665 isset
2564 4614 2818 4674 ambitio,
2834 4613 2932 4677 qui
2959 4612 3146 4677 gentis
3163 4611 3412 4675 imperio,
3431 4610 3771 4683 inajorejam

2183 4703 2254 4741 ex
2283 4693 2443 4753 parte
2478 4690 2802 4745 consumto,
2856 4686 3005 4735 intra
3055 4684 3323 4734 obsessas
3364 4686 3555 4733 tamen
3599 4682 3773 4733 urbes

2184 4760 2475 4826 opulentia
2500 4757 2735 4809 tumetis
2759 4756 3100 4819 luxuriaque
3124 4754 3407 4806 dit‘ﬂuitis.

2246 4835 2405 4885 Vers.
2432 4830 2487 4885 ‘2.
2520 4858 2579 4868 —
2623 4830 2867 4878 'I'ransite
2894 4829 2937 4877 ie
2969 4828 3265 4886 Chalanne,
3312 4831 3356 4876 et
3400 4826 3577 4887 videte,
3618 4830 3663 4874 ct
3708 4826 3772 4873 ite

2184 4905 2309 4954 inde
2344 4905 2403 4953 in
2428 4903 2474 4952 E
2478 4902 2628 4950 math
2654 4916 2934 4961 magnam,
2979 4905 3023 4948 et
3047 4899 3336 4948 descendite
3368 4899 3425 4946 in
3455 4899 3580 4949 Gelli
3604 4897 3772 4947 Palze-

2183 4979 2472 5035 stinoru-m,
2499 4980 2543 5023 et
2567 4972 2866 5036 ad‘oplima
2894 4986 3111 5035 quaeque
3128 4985 3294 5034 regna
3319 4969 3589 5030 horum,si
3613 4968 3773 5018 latior

2186 5049 2448 5097 terminus
2474 5060 2657 5095 eorum
2682 5044 2912 5091 termino
2934 5048 3100 5092 vestro
3126 5048 3216 5092 est.
3241 5042 3438 5093 intulit
3460 5045 3772 5104 Opportune

2182 5126 2548 5171 externarum
2578 5116 2837 5179 gentium
2851 5114 3219 5171 mentionem,
3238 5118 3295 5165 et
3311 5126 3408 5178 per
3423 5113 3767 5164 Occasionem

2186 5192 2422 5245 alterius
2458 5188 2755 5251 sermonis,
2800 5186 3051 5238 ostendit
3083 5185 3216 5249 quia
3258 5190 3316 5238 et
3347 5184 3470 5237 aliis
3512 5184 3770 5247 regiones

2187 5276 2333 5327 quas
2357 5261 2687 5325 incolerent,
2714 5264 2771 5311 et
2800 5271 2976 5321 regna
3018 5258 3230 5322 quibus
3275 5258 3557 5318 ﬂorerent,
3582 5267 3767 5307 rerum

2181 5335 2441 5387 conditor
2460 5334 2831 5398 deputasset:
2867 5331 2994 5383 illos
3027 5329 3312 5393 siquidem
3351 5328 3590 5395 p0pulos
3616 5327 3770 5391 plura

2181 5421 2297 5460 non
2322 5419 2542 5469 cupere,
2580 5405 2722 5456 istos
2757 5416 2892 5455 vero
2929 5407 2983 5453 et
3012 5403 3265 5467 ingratos
3302 5404 3358 5453 et
3392 5402 3656 5466 profanos
3676 5400 3767 5451 do-

2182 5479 2314 5541 ceri,
2345 5479 2443 5542 qui
2490 5478 2570 5529 ita
2613 5476 2863 5529 fuissent
2892 5475 3133 5527 urbibus
3157 5473 3511 5539 pestilentes,
3543 5475 3607 5524 ut
3628 5485 3766 5534 quos

2181 5556 2315 5604 ante
2341 5550 2716 5614 perexempla
2744 5553 3131 5612 corruperant,
3156 5546 3387 5599 eosdem
3409 5549 3609 5610 postea
3628 5546 3766 5595 t‘astu

2183 5624 2760 5689 prtedeprotererent.
2791 5621 3053 5671 Notanda
3077 5632 3208 5670 vero
3240 5617 3764 5689 diviniformajudi-

2181 5687 2272 5759 cii,
2295 5694 2445 5759 apud
2472 5707 2646 5758 quam
2670 5707 2786 5745 non
2810 5706 2910 5758 pro
2934 5692 3276 5744 afﬂictorum
3299 5689 3668 5754 qualitatibus
3689 5687 3767 5741 af-

2183 5865 2573 5935 partitionem,
2613 5864 2846 5918 tametsi
2878 5863 3101 5917 nullum
3130 5863 3283 5916 nacti
3316 5865 3589 5928 praeterea
3632 5856 3765 5910 indi—

2184 5941 2359 6003 cium,
2388 5944 2667 5991 tenemus.
