3894 6416
512 383 651 441 1087

1572 380 1841 433 RUFINO
1874 379 2340 433 PRESBYTERO
2376 382 2765 435 ASCRIPTUS

3678 380 3835 435 1088

515 509 651 548 cum
700 496 901 559 utique
942 494 1279 567 magnitudo
1322 494 1568 545 miserise
1607 494 1779 567 etiam
1824 492 2111 567 obstinata
2130 495 2184 567 Α
2216 492 2516 567 hausistis,
2559 494 2615 545 id
2647 500 2753 558 est,
2779 495 2914 559 quia
2944 494 3119 546 nullis
3152 493 3495 567 subjaceatis
3527 493 3830 567 imperiis.

515 568 687 619 corda
708 567 955 631 potuerit
973 567 1044 618 ad
1067 565 1517 617 recordationem
1536 566 1746 629 judicis
1760 567 1815 616 et
1838 566 2109 616 creatoris

514 640 603 690 sui
642 640 948 696 inﬂectere,
984 650 1195 701 perque
1228 637 1337 689 hoc
1363 639 1784 701 competentius
1810 637 2106 695 diceretur,

515 712 899 763 Recordemur
921 711 1172 760 nominis
1198 710 1440 769 Domini,
1464 711 1633 773 cujus
1659 710 1972 771 indignatio
1994 714 2110 758 tam

515 782 812 845 multiplici
856 795 962 831 nos
1025 782 1289 833 calaniite
1340 783 1593 832 vastavit
1630 783 1776 844 [Αηι.
1808 782 2102 845 vastabit].

516 856 756 907 Sensum
795 866 927 917 ergo
952 854 1011 903 in
1035 854 1142 904 hoc
1168 854 1292 904 loco
1322 854 1595 904 latentem
1624 854 1693 903 de
1722 854 2110 916 superioribus

513 924 849 986 colligamus
872 939 883 974 :
924 926 1020 981 Vae,
1046 925 1685 988 inquit,desiderantibus
1701 926 1836 972 diem
1854 924 2109 983 Domini;

514 1003 570 1043 ut
599 996 733 1059 quid
756 1010 876 1043 cum
902 994 1084 1043 vobis?
1108 997 1217 1043 dics
1245 997 1466 1044 Domini
1491 1000 1579 1045 est
1606 997 1767 1046 vobis
1799 997 2038 1053 tene/iraa,
2066 1002 2107 1043 ct

511 1082 619 1115 non
642 1068 739 1115 tuac
764 1086 777 1119 :
802 1080 918 1118 non
943 1081 1056 1131 quo
1082 1068 1159 1118 illi
1184 1074 1423 1132 possent
1445 1068 1829 1118 damnationis
1848 1076 2111 1118 summa-

511 1152 613 1199 pus
638 1143 920 1201 expetere,
950 1140 1050 1189 sed
1076 1140 1229 1203 quia,
1260 1138 1433 1207 540
1461 1148 1523 1189 ut
1547 1140 1949 1202 exposuimus,
1969 1140 2112 1188 abu-

512 1216 698 1262 tentes
724 1211 994 1262 dilatione
1018 1211 1309 1274 vindicta),
1329 1213 1801 1274 prophetasipsos
1820 1213 1887 1261 de
1904 1214 2112 1260 mentia-

510 1282 613 1331 ciis
640 1282 1016 1346 inf-amabant,
1049 1284 1213 1345 quasi
1238 1285 1654 1334 comminantes
1680 1296 1745 1333 ea
1782 1282 1947 1343 mala,
1981 1294 2111 1344 (pice

512 1354 673 1404 nulla
709 1359 908 1406 essent
954 1360 1123 1405 astate
1173 1361 1431 1406 ventura.
1482 1356 1613 1406 Ideo
1668 1368 1822 1405 nunc
1851 1356 1947 1415 ait,
1980 1367 2110 1404 cum

512 1425 818 1477 noxiorum
846 1428 1078 1490 agmina
1097 1428 1379 1489 promissa
1394 1427 1530 1477 olim
1554 1427 1856 1491 captivitas
1868 1439 2112 1488 occupa-

511 1497 674 1557 verit,
701 1500 758 1547 et
787 1497 878 1547 ille
904 1497 1045 1559 dies,
1073 1499 1129 1548 id
1154 1504 1262 1560 est,
1291 1504 1516 1562 tempus
1548 1498 2034 1560 advenerit,quod
2050 1510 2110 1547 se

510 1580 610 1631 per
651 1568 975 1619 irrisionem
999 1570 1354 1620 desiderasse
1381 1571 1762 1632 jactaverant,
1792 1574 1988 1620 tantus
2014 1581 2111 1619 eos

510 1638 690 1690 divini
729 1640 978 1692 nominis
1026 1646 1207 1692 terror
1252 1643 1529 1704 implebit,
1556 1647 1619 1692 ut
1668 1642 1913 1691 invicem
1939 1640 2110 1691 collo-

510 1714 776 1774 quantur.
794 1726 867 1763 ne
893 1713 1024 1775 quis
1049 1713 1259 1764 audeat
1282 1713 1567 1763 recordari
1593 1713 1842 1763 nominis
1864 1712 2108 1773 Domini,

508 1788 678 1845 cujus
701 1783 903 1834 offensi
931 1787 1087 1834 tmta
1114 1785 1397 1836 severitas
1415 1786 1758 1848 apparuerit,
1790 1789 1852 1835 ut
1876 1789 2111 1847 putetur

512 1855 816 1906 excitanda
850 1856 1158 1906 commotio
1182 1857 1355 1907 etiam
1381 1857 1675 1906 nominati.
1703 1858 1779 1913 Qu
1792 1856 1843 1903 io.
1867 1871 1973 1904 cccc
1998 1856 2104 1902 Do-

510 1925 697 1974 minus
721 1926 1021 1986 mandabit,
1048 1933 1091 1974 et
1113 1928 1364 1990 percutiet
1388 1928 1610 1975 domum
1628 1928 1881 1988 majorem
1910 1927 1965 1974 in
1995 1942 2056 1973 ru
2069 1926 2103 1972 ἰ-

511 2010 545 2043 n
560 1996 604 2045 is
618 2001 663 2045 ct
680 1997 901 2044 domum
920 1998 1183 2045 minorem
1200 1999 1253 2045 in
1273 1999 1489 2046 scission
1501 1998 1632 2048 ibus.
1658 2000 1809 2045 Paulo
1824 2006 1939 2045 ante
1959 2013 2070 2044 nom
2083 2000 2118 2043 i-

513 2080 585 2117 ne
605 2070 802 2131 Jacob,
827 2071 881 2119 et
906 2069 1117 2119 Judam
1135 2070 1490 2133 etISI‘at'lUIl),
1529 2070 1582 2119 id
1612 2075 1699 2119 est
1722 2082 1924 2119 omnes
1960 2071 2115 2117 simul

512 2140 693 2190 tribus
708 2141 997 2203 quaeinter
1010 2155 1069 2191 se
1087 2141 1291 2192 divisae
1310 2141 1557 2201 fuerant,
1575 2140 1833 2190 diximus
1852 2144 2115 2189 indicatus.

511 2212 630 2262 Hoc
653 2212 845 2275 itaque
870 2225 1130 2277 prmsens
1156 2227 1362 2264 versus
1388 2214 1655 2275 absolvit,
1680 2213 1778 2275 qui
1797 2218 1853 2263 et
1876 2216 2114 2270 majorem

512 2288 569 2334 et
594 2285 875 2335 minorem
901 2284 1138 2335 domum
1165 2284 1799 2348 percelliscissionibus,
1817 2283 2115 2346 ruinisque

511 2355 823 2406 denunciat
871 2374 880 2404 :
935 2356 1179 2407 diversis
1204 2362 1398 2407 autem
1440 2358 1629 2408 verbis
1671 2369 1855 2407 unum
1887 2355 2118 2405 videtur

512 2427 835 2490 ostendere,
862 2427 917 2477 id
944 2432 1051 2491 est,
1079 2430 1439 2479 eversionem
1464 2419 1787 2478 domorum.
1816 2427 1955 2487 Quia
1978 2431 2112 2473 enim

515 2499 735 2548 ruinam
754 2500 1063 2550 scissiones
1082 2502 1363 2562 parietum
1383 2499 1707 2563 praecedere
1726 2497 1908 2549 solent
1925 2507 2116 2545 utram-

514 2583 625 2633 que
651 2570 929 2622 ruituram
955 2571 1303 2635 collapsione
1324 2576 1381 2622 et
1406 2572 1683 2622 scissione
1709 2570 1986 2631 signavit;
2007 2586 2115 2618 Ina-

508 2642 693 2704 jorem
720 2646 913 2693 autem
936 2644 1173 2695 domum
1196 2657 1292 2705 pro
1311 2656 1551 2694 numero
1569 2642 1841 2702 tribuum,
1862 2645 2111 2699 lsi-uelem,

520 2714 800 2764 minorem
828 2728 964 2765 vero
1003 2717 1031 2765 J
1041 2716 1212 2765 udam
1245 2716 1495 2769 vocavit.
1516 2726 1732 2776 easque
1746 2714 1946 2763 ambas
1965 2714 2114 2764 sicut

516 2784 685 2835 simili
717 2786 1015 2849 iniquitate
1040 2787 1304 2850 pollutas,
1333 2786 1410 2836 ita
1435 2786 1603 2835 simili
1635 2784 2113 2835 denunciatcala—

516 2856 713 2907 mitate
738 2858 1036 2921 perituras.

582 2929 741 2979 Vers.
777 2928 861 2981 13.
889 2958 947 2965 ——
972 2928 1475 2991 Nunquidcurrere
1491 2931 1692 2989 queunt
1710 2927 1771 2974 in
1796 2927 1956 2990 petris
1968 2928 2111 2992 equi,

515 3006 610 3047 aut
640 3016 795 3048 arari
832 3007 996 3064 potest
1028 3002 1090 3048 in
1127 3000 1335 3048 bnbalis
1368 3016 1379 3049 :
1412 3000 1673 3062 quoniam
1699 3001 2025 3047 convertistis
2052 3001 2109 3047 in

513 3072 941 3119 amaritudinem
960 3072 1257 3134 judicium,
1282 3076 1327 3118 et
1341 3071 1814 3134 fructumjustitiaz
1840 3073 1894 3119 in
1922 3071 2113 3135 absyn—

517 3143 697 3191 thium
716 3147 739 3193 .9
762 3143 1138 3193 Gratissimus
1158 3155 1380 3197 sensus.
1396 3148 1453 3193 et
1469 3144 1911 3204 quielocutionis
1930 3144 2001 3193 sit
2020 3157 2111 3208 ge-

518 3227 653 3264 nere
671 3218 990 3265 contcctus.
1011 3213 1347 3275 Allegoricis
1360 3215 1510 3265 enim
1533 3216 1723 3265 verbis
1736 3216 1942 3278 populo
1970 3218 2108 3279 vitia,

2214 566 2376 626 Quod
2401 578 2534 616 cum
2556 567 2754 629 utique
2778 567 2839 617 in
2864 567 3213 617 contrarium
3238 566 3406 629 cadit,
3430 570 3605 628 atque
3632 566 3716 617 ad
3733 579 3833 617 ar—

2211 636 2444 687 bitrium
2472 638 2741 699 hostium,
2781 643 2837 689 et
2876 651 2976 701 per
3005 638 3202 688 itinera
3228 638 3542 700 asperrima
3565 638 3835 702 ingredi-

2212 708 2369 769 mini,
2406 714 2463 760 et
2486 721 2689 773 graves
2728 710 2950 765 labores
2976 710 3266 761 confracta
3286 709 3507 760 cervice
3532 709 3831 761 toleratis.

2212 780 2597 830 confiteamini
2626 794 2861 831 necesse
2905 784 3008 842 est,
3058 795 3162 831 nec
3204 794 3379 843 (quos
3407 793 3511 830 vos
3536 793 3691 841 esse,
3723 794 3832 831 nec

2213 852 2469 909 bubalos,
2499 866 2603 903 nec
2634 854 2941 916 quicquam
2980 854 3231 917 praesidii
3256 857 3427 914 atque
3460 852 3703 909 virium,
3739 854 3831 904 vel

2211 938 2347 988 epes
2374 930 2594 975 vestras
2619 938 3002 989 comparasse,
3032 926 3121 976 vel
3149 930 3389 975 mentes.

2276 998 2432 1046 Vers.
2466 995 2733 1049 14.15.-
2765 998 2865 1054 Qui
2901 998 3163 1045 la’tnmini
3196 999 3255 1045 in
3282 995 3484 1044 nihilo:
3513 995 3613 1058 qui
3635 996 3832 1045 dicitis

2211 1066 2484 1127 Nunquid
2517 1084 2623 1115 non
2652 1069 2711 1115 in
2736 1069 3056 1129 fortitudine
3082 1074 3264 1116 nostra
3289 1067 3650 1116 assumsimus
3668 1068 3831 1116 nobis

2210 1143 2451 1190 Cornua?
2485 1140 2612 1187 Ecce
2639 1142 2780 1188 enim
2808 1140 3071 1188 suscitabo
3095 1157 3254 1204 super
3276 1157 3379 1199 vos,
3408 1141 3599 1188 donius
3624 1139 3828 1201 Israel,

2210 1212 2339 1259 dicit
2368 1212 2634 1259 Dominus
2679 1214 2815 1260 Deus
2841 1216 3174 1261 exercituum
3204 1220 3407 1275 gentem
3436 1228 3451 1262 :
3475 1217 3517 1259 et
3542 1216 3832 1260 conterent

2210 1298 2296 1331 ros
2320 1281 2385 1329 ab
2420 1284 2643 1330 introitu
2672 1284 2907 1332 Ematuh
2935 1300 3060 1347 sque
3083 1285 3154 1332 ad
3175 1290 3457 1333 torrentem
3482 1284 3825 1335 deserti.Ad-

2206 1354 2427 1417 juravit
2445 1354 2681 1405 omnino
2695 1356 3111 1417 expositionem
3128 1360 3454 1415 priiiniissam,
3484 1352 3601 1422 54
3617 1351 3648 1418 |_
3675 1361 3823 1405 illam

2212 1425 2496 1485 videlicet,
2523 1425 2676 1487 quod
2703 1439 2764 1476 se
2790 1426 2973 1476 instar
2997 1426 3336 1478 bubalorum
3362 1431 3417 1477 et
3440 1442 3735 1491 equorum
3766 1432 3824 1479 li-

2212 1496 2377 1547 beros
2424 1498 2714 1559 fortesque
2765 1498 3146 1559 crediderant,
3183 1498 3334 1549 haud
3366 1499 3435 1549 de
3462 1503 3823 1552 conscientia

2211 1568 2435 1627 virium,
2470 1569 2569 1618 sed
2594 1569 2664 1619 de
2691 1570 2914 1632 proprii
2942 1570 3213 1633 opinione
3230 1576 3285 1621 et
3311 1572 3430 1633 spei
3448 1574 3709 1624 vanitate
3734 1588 3824 1625 ve-

2210 1639 2392 1690 nisse.
2420 1639 2620 1690 Laetati
2649 1642 2821 1698 enim,
2858 1641 3063 1704 inquit,
3092 1642 3235 1692 estis
3254 1642 3311 1691 in
3332 1643 3527 1705 nihilo,
3546 1644 3819 1697 dicentes

2211 1710 2363 1772 apud
2410 1725 2511 1760 vos
2540 1726 2550 1761 :
2577 1712 2848 1774 Nunquid
2873 1722 2888 1741 ·
2916 1714 3099 1761 nonin
3140 1713 3457 1774 fortitudine
3492 1724 3684 1765 nostra
3729 1734 3819 1763 as-

2211 1783 2505 1831 sumsimus
2538 1783 2685 1831 nobis
2729 1799 2955 1847 cornua,
3005 1797 3134 1847 qua:
3170 1786 3437 1836 nimirum
3464 1788 3817 1839 bubalorum

2213 1853 2451 1904 formam
2478 1855 2819 1905 videbantur
2841 1856 2859 1883 ι’
2885 1856 3205 1907 ostendere.
3226 1858 3372 1918 Ergo
3396 1858 3466 1909 de
3486 1860 3700 1910 vestris
3720 1873 3820 1910 vo-

2220 1926 2307 1977 bis
2334 1932 2557 1977 tantum
2587 1927 2806 1978 viribus
2829 1929 3156 1991 arrogastis,
3182 1932 3247 1978 ut
3272 1931 3543 1992 putaretis
3565 1941 3820 1992 praecepta

2218 2012 2387 2062 posse
2418 2002 2937 2061 tutojconteninere.
2956 2002 3154 2051 Veniet
3184 2014 3355 2062 super
3371 2014 3474 2052 vos
3490 2002 3652 2053 fortis
3668 2019 3819 2051 exer-

2218 2072 2384 2131 citus,
2412 2076 2578 2133 teque
2602 2073 2864 2134 priorem,
2883 2086 2916 2121 ο
2944 2072 3134 2133 Israel,
3160 2072 3507 2123 vincentium
3524 2079 3817 2137 potestate

2219 2142 2469 2191 vastabit
2519 2142 2600 2189 :ah
2646 2142 2875 2189 introitu
2926 2143 3148 2204 Emath,
3191 2143 3246 2193 id
3288 2148 3394 2207 est,
3434 2155 3453 2173 °
3485 2146 3557 2195 ab
3605 2146 3815 2196 Antio—

2219 2213 2532 2275 chia.usquc
2556 2213 2628 2261 ad
2652 2220 2935 2262 torrentem
2960 2215 3166 2271 deserti,
3198 2220 3415 2279 partem
3444 2217 3814 2279 scilicetqua:

2220 2286 2403 2344 tangit
2429 2285 2724 2335 heremum
2753 2306 2761 2331 :
2793 2300 2997 2336 omnes
3022 2286 3279 2337 videlicet
3300 2287 3439 2339 fines
3464 2292 3598 2339 tuos
3616 2289 3813 2339 hostili

2218 2356 2549 2406 crudelitate
2576 2356 2748 2419 popul
2770 2359 2941 2407 ibitur
2968 2376 2976 2405 :
3004 2362 3058 2408 et
3088 2363 3157 2419 te,
3180 2372 3211 2409 o
3236 2359 3399 2417 Juda,
3426 2361 3532 2410 sub
3561 2361 3817 2411 brevidi-

2217 2429 2426 2478 latione
2456 2436 2801 2489 manentem,
2820 2435 3005 2480 tamen
3034 2430 3220 2481 vicino
3244 2431 3457 2482 at'tlabit
3478 2436 3534 2482 et
3557 2438 3817 2483 conster-

2216 2505 2311 2550 net
2339 2500 2620 2550 inccndio.

2816 2590 3047 2639 CAPUT
3085 2591 3201 2640 VII.

2276 2710 2438 2758 Vers.
2481 2707 2530 2760 1.
2570 2706 2621 2760 3.
2655 2734 2716 2744 —
2740 2707 2858 2756 Haec
2888 2707 3114 2755 ostendit
3142 2708 3279 2755 mihi
3310 2709 3577 2757 Dominus
3600 2709 3744 2758 Deus
3768 2718 3811 2759 et

2214 2796 2319 2828 cccc
2342 2782 2494 2840 fictor
2519 2779 2724 2827 locustae
2748 2780 2807 2827 in
2838 2779 3109 2842 principio
3129 2780 3559 2840 germiimntium
3579 2783 3806 2831 serotini

2216 2852 2420 2912 imbris,
2450 2858 2493 2898 et
2518 2865 2625 2899 cccc
2645 2851 2908 2899 scrolinus
2929 2858 3045 2914 post
3071 2857 3331 2900 tonsorem
3356 2852 3377 2880 ⁴
3401 2854 3591 2916 gregis,
3627 2854 3694 2903 Et
3718 2856 3809 2916 fu-

2212 2931 2355 2973 rtum
2382 2931 2453 2971 cst
2487 2938 2606 2970 cum
2643 2930 3058 2971 consummasset
3082 2924 3344 2972 comedere
3379 2924 3597 2973 herbam
3636 2931 3804 2981 terrae,

2213 2998 2353 3055 dir/3i,
2389 2996 2546 3043 Domi
2554 3011 2615 3042 ne
2642 2996 2777 3043 Deus
2801 2996 3068 3058 propitius
3092 3003 3211 3055 esto,
3244 2996 3464 3053 obsecro,
3489 2998 3612 3060 quis
3632 3000 3804 3047 susci-

2212 3070 2338 3117 tabit
2361 3067 2544 3129 Jacob,
2587 3068 2719 3130 quia
2741 3068 3005 3131 parvulus
3027 3072 3136 3117 est?
3159 3069 3405 3117 Misertus
3435 3075 3503 3117 est
3531 3070 3802 3119 Dominus

2211 3156 2372 3204 super
2411 3140 2507 3188 hoc
2533 3155 2543 3189 :
2574 3140 2692 3188 Non
2719 3143 2835 3197 crit,
2861 3141 3004 3188 dixit
3031 3140 3311 3189 Dominus.
3340 3141 3661 3204 Prophetali
3687 3156 3803 3194 ser-

2211 3224 2437 3262 monem
2460 3225 2627 3262 suum
2654 3224 2810 3261 more
2835 3212 3091 3263 contexit
3120 3226 3130 3261 :
3158 3212 3418 3275 imoquid
3436 3216 3799 3262 revelationum

514 3286 726 3348 quibus
752 3284 1070 3347 squalebat,
1097 3288 1426 3348 exprobrat:
1454 3300 1641 3350 neque
1667 3290 1817 3337 enim
1855 3288 1943 3337 hic
1969 3300 2110 3350 qua—
2132 3289 2180 3365 C
2214 3283 2271 3333 in
2299 3284 2499 3346 spiritu
2526 3283 3168 3365 proplietai‘consliicari.
3183 3284 3428 3334 solerent
3464 3285 3635 3345 (unde
3653 3288 3799 3332 etiam

516 3356 1167 3420 drupedessimpliciter,
1182 3362 1471 3419 autequos
1495 3358 1761 3421 signavit.
1782 3364 1883 3409 aut
1901 3362 2110 3407 bubulos

519 3427 618 3478 sed
647 3428 972 3491 superbiam
991 3428 1243 3491 profanae
1258 3431 1447 3491 gentis
1467 3432 1934 3493 exaggeramjam
1953 3435 2108 3493 cnim,

508 3498 851 3557 judiciorum
874 3499 1229 3550 dulcedinem
1254 3501 1315 3551 in
1331 3503 1693 3552 conterendis
1709 3503 2110 3554 innocentibus

512 3569 568 3619 in
592 3569 1324 3634 amaritudinemverterat,
1344 3577 1683 3636 tantumque
1707 3574 1809 3624 sibi
1829 3574 1897 3623 de
1914 3577 2109 3623 viribus

513 3640 835 3703 arrogabat,
864 3645 928 3691 ut
951 3642 1125 3693 nullis
1155 3643 1722 3695 incommoditatibus
1736 3660 1796 3695 se
1814 3645 2113 3708 percellen-

515 3712 647 3761 dam
694 3716 954 3773 putaret:
995 3715 1204 3778 quippe
1228 3728 1359 3777 quae
1399 3719 1619 3767 tantum
1653 3718 1759 3767 sibi
1800 3717 2111 3782 opulentiae

519 3790 932 3846 comparasset,
947 3790 1008 3835 ut
1022 3786 1201 3838 instar
1215 3788 1551 3840 bubalorum
1568 3802 1867 3852 nunquam
1880 3793 2111 3838 videlicet

516 3856 719 3905 aratris
746 3856 889 3907 colla
915 3858 1304 3923 subdcntium,
1330 3861 1601 3911 continua
1619 3861 1880 3912 libertate
1896 3860 2111 3911 fruere-

519 3931 642 3977 tur:
667 3940 771 3977 nec
791 3940 889 3990 per
912 3929 1113 3980 itinera
1142 3934 1305 3993 equis
1331 3932 1596 3993 dililcilia,
1623 3937 1686 3983 ut
1714 3936 2019 3979 habenarum
2048 3935 2111 3979 li-

527 3999 622 4048 ber
640 4012 842 4061 equus,
868 4005 1138 4052 cmterum
1158 4016 1257 4067 per
1280 4016 1513 4067 campos
1539 4009 1595 4055 et
1612 4008 1770 4067 prata
1786 4007 2107 4051 discurreret.

513 4070 655 4134 Ergo
703 4071 909 4134 inquit,
961 4078 1180 4124 certum
1234 4081 1341 4136 est,
1382 4076 1535 4137 quod
1575 4076 1840 4138 necjuga
1864 4076 2109 4128 bubulus

512 4146 719 4206 portet,
747 4157 852 4195 nec
884 4158 983 4208 per
1009 4158 1151 4197 saxa
1173 4159 1360 4210 equus
1385 4151 1585 4211 sponte
1602 4148 1863 4198 incedat:
1894 4162 1996 4199 vos
2010 4163 2111 4200 au-

516 4217 650 4273 tem,
690 4215 789 4276 qui
813 4229 924 4266 vos
954 4219 1166 4277 etjuga
1192 4218 1559 4275 discussisse.
1587 4222 1643 4269 et
1668 4220 1857 4269 frenos
1889 4221 2108 4282 rupisse

514 4285 856 4349 gaudentes,
885 4290 1012 4349 equi
1035 4288 1199 4356 vobis
1223 4289 1281 4339 in
1308 4288 1629 4349 luxuria,in
1656 4290 1864 4341 virtute
1878 4297 1931 4342 et
1956 4294 2111 4340 ΙὶἰιΟΓ-

524 4360 638 4407 tate
663 4357 857 4408 bubali
886 4359 1255 4424 videbamini,
1285 4362 1459 4411 rebus
1480 4363 1729 4425 probate,
1755 4364 1909 4426 quod
1924 4368 2108 4426 spebus

2210 3356 2438 3403 videntes
2468 3354 2836 3417 vocabantur)
2863 3355 3131 3413 ostendit,
3158 3355 3208 3405 id
3238 3360 3342 3415 est,
3369 3356 3594 3419 quiteis
3608 3370 3800 3408 rerum

2204 3426 2531 3476 futurarum
2567 3428 2674 3476 sub
2713 3427 2941 3476 diversa
2967 3427 3154 3488 specie
3192 3427 3393 3477 breves
3430 3427 3541 3479 illae
3565 3428 3801 3490 quidem

2208 3497 2491 3560 imagines
2516 3503 2869 3561 apparerent,
2886 3498 2984 3548 sed
3008 3511 3250 3561 quarum
3269 3500 3388 3560 jam
3415 3502 3797 3558 intelligentiam

2211 3573 2478 3633 caperent
2504 3585 2514 3620 :
2536 3574 2589 3619 et
2615 3570 2760 3619 itain
2787 3571 3049 3620 diversos
3067 3570 3704 3625 moverenturallectus.
3723 3574 3797 3619 vel

2210 3642 2280 3691 ad
2307 3654 2611 3692 censuram
2636 3642 2925 3704 nimirum,
2951 3642 3036 3691 vel
3061 3644 3130 3692 ad
3160 3643 3604 3693 misericordiam
3632 3644 3799 3707 perti-

2210 3718 2429 3764 nentes.
2460 3716 2771 3776 Postquam
2787 3728 2920 3775 θηζο
2934 3714 3567 3775 excitatumirigentem
3596 3718 3797 3763 denun-

2211 3785 2398 3841 ciavit.
2426 3798 2559 3847 quae
2595 3786 2673 3835 ris
2698 3790 2852 3836 esset
2878 3784 3115 3837 allatura
3142 3786 3462 3849 perniciem,
3489 3800 3559 3838 ne
3586 3791 3695 3847 ipsa
3713 3792 3799 3847 ju-

2211 3857 2342 3908 dicii
2369 3858 2616 3908 brevitas
2642 3871 2752 3908 non
2774 3859 2914 3908 satis
2929 3859 3249 3909 auditorem
3261 3863 3532 3919 moveret,
3550 3861 3800 3920 explicau-

2210 3929 2299 3979 dis
2326 3940 2472 3993 quas
2511 3929 2729 3980 viderat
2752 3930 3099 3991 imaginibus
3124 3930 3478 3993 immoratur,
3504 3935 3562 3981 et
3589 3945 3685 3993 per
3707 3945 3800 3983 ea-

2212 4014 2335 4051 rum
2388 4003 2766 4061 occasionem,
2816 4016 2987 4064 quam
3016 4001 3217 4053 sedulo
3243 4016 3341 4065 pro
3367 4003 3448 4052 eis
3477 4008 3799 4067 precaretur

2211 4073 2479 4134 ostendit,
2506 4087 2576 4124 ne
2604 4073 2731 4135 quis
2757 4087 2888 4125 eum
2915 4074 3004 4124 vel
3029 4075 3380 4131 insultantis,
3421 4076 3509 4125 vel
3538 4074 3675 4125 nihil
3698 4075 3799 4125 do-

2210 4144 2381 4195 lentis
2406 4145 2598 4195 animo
2621 4145 3011 4196 anuunnciare
3039 4146 3164 4195 illas
3181 4145 3533 4196 calamitates
3558 4150 3795 4210 putaret.

2212 4217 2416 4268 Audite
2443 4230 2595 4277 ergo,
2644 4218 2703 4267 in
2734 4231 2978 4279 quarum
3010 4231 3101 4269 me
3137 4218 3450 4276 imaginum
3477 4219 3796 4280 spectacula

2210 4290 2364 4339 Deus
2394 4295 2589 4339 noster
2620 4289 2925 4340 induxerit.
2954 4291 3147 4340 Stabat
3171 4290 3402 4352 quidam
3418 4290 3587 4352 quiin
3614 4306 3794 4338 morem

2218 4361 2374 4425 tiguli
2401 4362 2750 4412 locustarum
2774 4362 3032 4426 lingeret,
3058 4362 3113 4412 id
3138 4367 3245 4423 est,
3272 4362 3795 4425 formaretexamina,

576 4539 592 4558 ·
628 4529 1026 4582 Reﬂximusad
1050 4533 1355 4583 Ilcbraium
1376 4537 1617 4599 textum,
1636 4541 1689 4586 et
1712 4537 2102 4599 Hieronymia-
2132 4514 2189 4587 Β
2208 4533 2469 4592 diximus,
2497 4533 2979 4596 (μιευαὸΑηιίιηιΙιο,
3004 4533 3093 4580 cui
3113 4536 3517 4595 cognomentum
3539 4532 3795 4595 Ἐπιφανής

512 4613 644 4651 nam
676 4603 1000 4653 versionem
1026 4603 1237 4666 locum,
1256 4606 1351 4655 ubi
1378 4606 1735 4659 librariorum
1754 4610 1967 4660 incuria
1987 4623 2107 4671 pec-

510 4676 707 4725 catum
726 4679 832 4724 est.
855 4676 956 4726 Pro
970 4676 1059 4723 Nu
1069 4690 1151 4740 mq
1164 4676 1258 4723 uid
1275 4693 1403 4737 non,
1418 4682 1638 4730 tantum
1656 4685 1775 4731 erat.
1791 4682 1973 4743 Numq
1986 4681 2106 4732 uid:

512 4750 643 4796 tum
671 4747 1021 4810 assumimus,
1048 4760 1147 4811 pro
1171 4752 1455 4798 assumsim
1468 4764 1551 4811 us;
1578 4752 1770 4803 deerat
1783 4752 1990 4803 deinde
2016 4765 2111 4804 no-

521 4829 654 4867 men
702 4817 841 4865 Deus
886 4823 1018 4869 ante
1054 4820 1410 4877 exercituum.
1441 4822 1687 4886 denique
1710 4831 1977 4871 conteram
2006 4838 2105 4887 pro

518 4892 784 4937 conte-rent
831 4889 1141 4953 legebatur.
1178 4892 1262 4942 Ad
1303 4896 1563 4946 eamdem
1587 4896 1864 4946 amussim
1893 4896 2105 4948 leviora

508 4960 775 5023 quaedam
806 4960 917 5012 alia
950 4962 1093 5013 infra
1115 4963 1470 5028 rediguntur.

570 5032 591 5060 ¹³
614 5036 799 5084 Antea
822 5033 1106 5099 offendere,
1135 5048 1268 5099 quae
1295 5039 1503 5090 vitiosa
1528 5039 1652 5089 visa
1675 5042 1764 5090 est
1780 5039 1959 5091 lectio.

571 5114 589 5134 ο
612 5106 858 5158 Videtur
881 5107 1027 5158 duos
1054 5113 1406 5172 errores,aut
1426 5114 1540 5161 tres
1561 5123 1678 5161 uno
1705 5112 1877 5161 verbo
1896 5124 2101 5164 errare.

513 5177 783 5238 Primum,
811 5180 964 5242 quod
996 5185 1095 5231 aut
1127 5181 1277 5232 inter
1309 5181 1453 5231 duas
1478 5182 1853 5241 cognomines
1882 5184 2102 5243 Ematb,

513 5250 772 5313 Magnam
788 5252 1024 5309 St‘iiiCCt,
1047 5257 1104 5302 et
1136 5253 1409 5304 Minorem
1435 5252 1743 5304 discrimen
1770 5256 2105 5317 igHOI‘Qi,ttUl

512 5320 581 5371 de
618 5322 799 5385 priore
826 5323 1031 5373 Ematli
1059 5324 1264 5386 Magna
1286 5336 1609 5374 sermonem
1636 5325 1758 5376 heic
1784 5340 1912 5378 (ξε,ςο
1937 5332 2106 5379 autu-

504 5398 641 5451 mat,
691 5408 825 5444 cum
871 5395 1173 5446 manifesto
1225 5396 1299 5445 sit
1343 5394 1413 5445 de
1464 5396 1692 5447 Minore.
1751 5400 1992 5462 Etenim,
2042 5404 2107 5451 ut

506 5468 678 5528 probe
703 5466 756 5516 S.
784 5467 1134 5530 Hieronymo
1159 5471 1422 5518 notatum
1438 5473 1546 5529 est,
1566 5470 1626 5518 de
1644 5473 1889 5519 terminis
1913 5473 2104 5520 Judam:

502 5541 668 5599 terrae,
717 5539 812 5601 qui
851 5539 1010 5586 solum.
1057 5540 1369 5602 rcspiciunt,
1420 5556 1583 5605 usque
1606 5544 1678 5590 ad
1704 5550 1987 5591 torrentem
2017 5544 2105 5591 dc-

502 5609 642 5663 scrti,
671 5610 776 5656 sive
822 5612 1124 5672 occidentis,
1166 5610 1417 5673 Inquitul‘
1459 5627 1617 5663 sacer
1666 5617 1901 5665 Ταχὼς.
1938 5617 2104 5665 i'orro

504 5680 779 5731 Minorem
807 5682 955 5731 hanc
991 5683 1193 5732 Ematli
1212 5697 1379 5733 nemo
1415 5685 1998 5745 Scriptorumunquam
2018 5701 2104 5746 pro

504 5751 804 5801 Antiochia
831 5753 1043 5804 imbuit.
1072 5755 1343 5817 Imoquot
1362 5756 1478 5805 scio
1506 5770 1705 5807 omnes
1726 5758 2101 5819 Epiphaniam

505 5818 721 5883 dicunt,
741 5828 805 5872 ut
817 5824 1280 5887 Josephus,quod
1293 5829 1541 5878 Auctore
1558 5818 1994 5889 saepiusNoster
2012 5832 2106 5876 uti-

512 5892 621 5969 tur,
649 5892 949 5969 Antiquita
963 5900 1085 5945 tum
1110 5896 1206 5969 lib.
1235 5896 1281 5950 1.
1309 5910 1429 5961 cap.
1451 5898 1573 5952 7.et
1597 5900 2106 5962 Hieronymusplu-

518 5960 677 6011 ribus
710 5962 870 6022 locis,
914 5969 1085 6028 atque
1114 5967 1239 6019 heic
1262 5960 1469 6030 denuo,
1504 5972 1703 6020 Emath
1727 5960 2105 6036 Epiphaniam

2206 4606 2333 4668 fuit,
2375 4621 2567 4653 nomen
2605 4608 2793 4653 sortita
2826 4611 2912 4651 est.
2957 4604 3062 4654 Sed
3097 4616 3282 4666 neque
3311 4604 3355 4653 si
3385 4607 3572 4667 posset
3600 4606 3789 4656 Einath

2212 4679 2416 4739 Magna
2455 4678 2691 4738 intelligi
2738 4678 2910 4740 (quod
2957 4677 3202 4727 alterum
3236 4680 3343 4735 est,
3379 4676 3437 4725 in
3462 4688 3572 4738 quo
3598 4678 3790 4727 Noster

2208 4752 2420 4814 peccat)
2448 4751 2601 4800 credi
2628 4750 2719 4799 illa
2744 4750 2912 4799 debet
2930 4748 3250 4798 Antiochia.
3280 4749 3417 4798 Haec
3442 4748 3640 4811 quippe
3657 4750 3785 4797 urbs

2206 4835 2338 4883 qua:
2356 4823 2531 4885 Syri-.0
2557 4823 2742 4882 Reges
2765 4821 3086 4870 conditores
3114 4833 3248 4869 suos
3273 4818 3683 4877 11abuit,Amosi
3709 4832 3785 4871 aa-

2208 4899 2322 4944 tate
2351 4894 2514 4944 valde
2546 4895 2824 4943 recentior
2850 4899 2953 4942 est.
2987 4894 3064 4941 He
3089 4892 3258 4941 etiam
3288 4905 3417 4941 vera
3443 4891 3606 4941 tradit
3635 4892 3786 4953 ejus-

2206 4966 2363 5017 modi
2390 4966 2641 5015 locorum
2657 4965 3039 5027 peritissimus
3058 4962 3454 5014 Theodoretus
3472 4970 3786 5014 Commentm‘.

2208 5040 2265 5088 in
2290 5038 2592 5088 Jeremiam
2641 5050 2763 5099 cap.
2817 5039 3079 5087 XXXIX.
3112 5036 3316 5087 Emath
3345 5036 3496 5086 illam
3534 5037 3787 5098 Magnam

2206 5123 2321 5160 non
2353 5108 2523 5160 aliam
2550 5122 2676 5159 esse
2704 5109 2775 5159 ab
2795 5111 3029 5159 Emessa
3054 5108 3231 5170 Syrias
3255 5109 3395 5158 urbe
3423 5107 3785 5169 nobilissima,

2206 5188 2374 5244 cujus
2404 5186 2463 5232 et
2486 5180 2737 5231 nominis
2765 5180 3205 5231 similitudinem
3228 5180 3447 5231 retinet.

2269 5254 2289 5281 ’ί
2317 5254 2518 5303 Nullus
2547 5252 2763 5311 dubito.
2791 5253 2927 5315 quin
2962 5267 3062 5317 pro
3088 5254 3260 5315 gregis
3286 5251 3705 5302 rescribendum
3722 5253 3785 5303 sit

2204 5327 2360 5388 regis,
2389 5339 2461 5376 ex
2483 5326 2936 5388 Iilieronygniana
2958 5326 3212 5375 versione
3223 5327 3391 5387 atque
3409 5327 3424 5373 l
3439 5326 3643 5375 lebrzeo
3656 5342 3782 5373 cum-

2204 5374 2403 5461 primis
2442 5400 2620 5459 textu,
2676 5374 2879 5463 'ibDn.
2918 5398 3022 5449 Sed
3053 5411 3180 5447 cum
3213 5374 3386 5447 vetus
3430 5409 3493 5447 ea
3526 5397 3704 5459 lectio,
3732 5403 3784 5447 ut

2206 5483 2452 5532 cumque
2472 5471 2794 5533 depravata,
2815 5470 2997 5531 magis
3017 5469 3278 5520 tamenin
3297 5470 3539 5532 speciem
3557 5485 3781 5525 congrua,

2209 5542 2929 5605 Scriptoriipsimetnostro
2956 5543 3148 5592 fucum
3173 5541 3353 5592 facere
3382 5545 3596 5601 potuisse
3630 5546 3780 5589 vidi-a-

2209 5618 2318 5675 tur,
2350 5615 2443 5675 qui
2472 5615 3051 5665 eaiudenuointeritu
3072 5619 3401 5664 constanter
3419 5614 3632 5663 retinet.
3664 5617 3777 5661 nihil

2209 5691 2388 5747 nitito,
2412 5692 2466 5737 et
2495 5689 2782 5738 Lectorem
2807 5689 3104 5737 monuisse
3136 5687 3273 5736 satis
3300 5688 3499 5735 habeo.
3520 5686 3778 5750 Hierony-

2206 5771 2338 5809 mus
2368 5760 2611 5822 pl‘u‘i‘crt,
2643 5766 2753 5821 post
2779 5763 3070 5807 serotinum
3101 5764 3279 5807 tonsor
3306 5759 3440 5808 ‘sive
3460 5762 3778 5805 tonsuroire-

2205 5831 2285 5891 gis
2313 5844 2324 5879 :
2352 5830 2408 5879 in
2442 5834 2570 5881 Mss.
2599 5832 2910 5889 codicibus,
2936 5833 3201 5879 serotinus
3226 5831 3360 5894 posti
3379 5836 3637 5879 tonsorem
3656 5832 3775 5893 {sive

2206 5905 2511 5966 tonsuram}
2556 5904 2985 5969 regis;Vulgata
3012 5904 3201 5963 editio,
3226 5909 3340 5967 post
3367 5903 3660 5957 torsionmn,
3680 5911 3772 5950 Mr,
