3894 6392
74 392 228 444 1080

1277 397 1348 446 IN
1385 396 1580 447 AMOS
1615 394 2200 447 COMMENTARIUS.

3235 397 3258 450 ’1
3268 398 3372 452 090

73 504 285 564 eisque
302 516 576 553 numeros
597 502 1008 582 excedentibus
1035 505 1088 555 id
1107 507 1327 568 negocii
1353 510 1683 566 delogurct,ui
1704 511 1764 582 Α
1791 506 2429 570 videbaturoccupasse,
2449 506 2753 556 consumit.
2780 505 2960 566 Igitur
2976 507 3278 557 locustarum
3303 519 3386 559 aut

72 588 287 623 omnes
309 580 571 635 segetum
592 576 761 622 libras
779 579 834 625 et
850 582 1054 626 cuncta
1070 578 1346 639 germina,
1366 579 1528 640 quasi
1545 582 1684 624 illtit‘-

77 648 258 695 fessis
310 648 599 696 morsibus
649 653 1032 706 pascerentur.
1065 650 1224 708 Quod
1273 655 1464 699 autem
1502 651 1595 709 ait,
1634 651 1684 696 in

73 719 788 782 principiogermincntium
822 721 1346 782 serotiniimbrisﬁd
1366 730 1687 770 augmentum

75 790 341 839 ostendit
369 790 546 838 cladis
575 791 794 838 valere:
828 791 880 838 id
913 797 1017 850 est,
1055 798 1116 840 ut
1144 793 1465 854 tempestivi
1496 793 1689 841 imbris

80 868 347 923 tempora
374 874 565 921 gravis
598 861 824 910 siccitas
851 874 1125 923 oci-upare
1147 866 1493 923 viiii-atumet
1524 864 1692 921 longa

78 936 417 995 puiviaruin
439 931 610 996 542
633 935 1060 994 exspectatione
1079 935 1368 995 defatigati
1387 941 1691 993 vexatique

80 1003 340 1052 cultores
383 1006 635 1062 Lttrlli’i‘i,
674 1004 875 1051 imbris
921 1007 1195 1066 cmperint
1241 1007 1445 1054 habere
1473 1006 1688 1063 solatia,

82 1077 290 1136 simiae
319 1076 519 1136 raptim
549 1077 880 1136 desperatus
895 1078 1223 1126 collocarint
1243 1082 1530 1126 sementes
1557 1091 1567 1124 :
1594 1089 1692 1126 vc-

82 1160 214 1196 rum
242 1159 380 1195 cum
423 1152 479 1195 et
504 1147 626 1207 ipsa
667 1160 887 1194 semina
927 1149 1023 1197 vix
1059 1153 1114 1197 et
1147 1149 1465 1196 tardissime
1491 1150 1694 1196 obruta

82 1219 409 1277 germinare
432 1220 761 1279 cmpisseiit,
791 1220 1125 1280 priusquam
1157 1221 1210 1268 in
1238 1220 1457 1268 culmos
1485 1219 1694 1279 spicas-

83 1303 201 1351 que
215 1289 745 1350 consurgerentdoc
756 1290 902 1337 ustis
931 1304 1134 1351 pascen
1147 1291 1238 1339 tibi
1251 1305 1295 1339 is
1321 1292 1687 1352 disperireiit:

84 1361 245 1422 quod
272 1366 465 1411 tamen
493 1361 724 1417 malum,
753 1373 823 1409 ne
851 1375 981 1422 spes
1002 1376 1122 1412 sua.
1143 1362 1227 1409 vel
1253 1363 1461 1422 exigua
1477 1367 1693 1422 tempe-

88 1437 258 1495 raret,
293 1433 436 1480 alter
478 1432 762 1479 serotinus
809 1437 932 1492 post
966 1431 1246 1480 locustam
1292 1433 1523 1481 veniret.
1567 1433 1692 1479 Ecce

87 1503 265 1563 enim,
291 1502 495 1563 inquit,
523 1502 787 1547 scrotiuus
825 1507 939 1563 post
982 1509 1242 1548 tonsorem
1270 1503 1466 1564 gregis:
1499 1501 1554 1551 id
1586 1507 1690 1562 est,

87 1588 154 1622 ea
179 1573 588 1634 germinaqua:
609 1572 848 1621 locusta:
871 1575 1252 1630 tetenderant,
1282 1587 1462 1633 usque
1480 1577 1538 1619 ad
1558 1577 1693 1618 radi-

87 1659 183 1693 ces
224 1645 275 1693 ei
311 1645 484 1706 [Forte
528 1643 592 1704 is;
631 1644 728 1704 qui
756 1649 1104 1704 Sequebatur
1128 1646 1492 1694 absumeret:
1529 1645 1692 1706 cujus

87 1716 370 1778 quoniam
407 1715 499 1763 hic
525 1715 863 1763 vocabulum
892 1715 1062 1770 siluit,
1081 1716 1150 1765 de
1178 1718 1461 1778 superiore
1491 1721 1696 1773 prophe—

90 1792 166 1835 tia
186 1786 330 1847 quid
346 1787 677 1845 sigiiiverit,
701 1785 1060 1846 colligamus.
1078 1788 1170 1835 Ait
1193 1801 1343 1835 enim
1365 1788 1694 1844 beatuthii-l,

1790 578 2134 628 brucliorum
2165 580 2530 640 imaginibus,
2559 579 2712 641 operi
2746 576 3384 640 quodsusceperantin-

1793 649 2117 702 sidentium.
2147 651 2591 701 internecionem
2619 649 2799 698 voluit
2823 649 3067 698 addictze
3087 654 3382 712 gentisos-

1793 721 2038 770 tendere.
2065 722 2225 781 Quod
2259 737 2388 772 cum
2428 723 2485 771 in
2516 721 2715 784 spiritu
2743 719 3014 782 propheta
3041 720 3294 780 vidisset,
3323 730 3379 775 et

1793 794 2262 852 peralli-clionem
2308 793 2536 856 populo,
2575 798 2629 842 et
2664 805 2761 854 per
2796 797 3175 841 reverentiam
3205 795 3384 855 judici

1791 864 2043 912 debitam
2081 871 2481 914 consternatus
2501 868 2765 913 occurrit:
2795 867 2966 922 atque
2988 867 3047 910 ut
3074 863 3166 912 illa
3191 874 3386 914 senten-

1794 935 1884 983 tiz‘e
1914 937 2528 986 inutareturatrocitis.
2555 933 2938 984 obtinuitb‘ed
2963 934 3232 993 quoniam
3251 949 3386 987 con-

1793 1006 1919 1055 ferri
1955 1009 2175 1068 plenam
2211 1009 2428 1056 veniam
2466 1020 2578 1056 non
2607 1009 2827 1054 sinebat
2857 1005 3044 1066 populi
3072 1005 3383 1058 inveterata

1794 1078 2121 1139 j'nolanitas,
2162 1079 2440 1137 ejusmodi
2480 1090 2647 1139 prima
2685 1075 2953 1136 succedit,
2987 1088 3119 1136 qua:
3143 1079 3248 1126 etsi
3277 1092 3390 1128 ma-

1792 1162 1965 1211 gnam
1999 1157 2212 1212 partem
2261 1151 2519 1199 immissa
2564 1152 2880 1204 consumat,
2923 1152 3113 1196 tamen
3138 1149 3385 1211 reliquas

1793 1233 2023 1270 manere
2055 1223 2313 1282 patiatur.
2336 1222 2422 1269 Sic
2441 1222 2589 1269 enim
2613 1221 2718 1268 ait:
2753 1219 3087 1265 l;‘4;i:ei.mr_~ul.iit
3110 1219 3382 1280 judicium

1792 1292 1864 1337 (ul
1891 1293 2066 1353 ignem
2102 1293 2367 1339 Dominus
2403 1293 2559 1348 Deus,
2588 1297 2632 1337 ct
2666 1290 2930 1338 (ἰείηω-ίώίι
2972 1289 3222 1351 abyssum
3250 1293 3390 1341 mul-

1793 1367 1932 1411 tum:
1970 1370 2017 1410 et
2067 1365 2294 1410 comedet
2331 1364 2494 1409 simul
2532 1369 2758 1425 partem.
2792 1361 2900 1411 Sed
2949 1362 3221 1424 propheta
3257 1377 3388 1413 cum

1793 1436 2030 1483 eil'eetus
2048 1436 2124 1497 pri
2137 1448 2242 1486 uia}
2261 1434 2691 1497 supplicationis
2705 1433 3036 1494 animasset,
3051 1433 3181 1483 huic
3195 1450 3391 1495 quoque

1793 1506 2347 1555 denunciatuiaudet
2363 1506 2662 1564 obsistere,
2679 1509 2734 1554 et
2752 1504 2886 1553 dicit
2909 1506 3212 1566 parvulum
3233 1510 3390 1553 Israe-

1793 1576 1920 1636 lem,
1952 1577 2286 1626 imminutus
2327 1576 2589 1627 videlicet
2614 1579 2738 1638 ejus
2777 1578 2966 1637 copias
3001 1576 3388 1628 internecione

1793 1647 2084 1702 delendas,
2125 1649 2171 1696 si
2215 1650 2354 1697 iram
2392 1649 2644 1696 hostium
2685 1649 2804 1708 ipse
2832 1647 3190 1710 quijudicat,
3226 1651 3392 1709 quasi

1799 1721 2122 1780 castigatur,
2142 1720 2494 1769 accenderet.
2516 1719 2767 1778 imagine
2781 1725 2972 1766 autem
2990 1719 3228 1768 locustae
3245 1725 3392 1780 Assy-

1800 1793 1930 1848 rios,
1957 1797 2010 1840 et
2031 1793 2281 1852 imagine
2320 1792 2470 1853 ignis
2509 1790 2849 1851 Babylonios
2885 1790 3236 1850 signiticatos
3261 1804 3391 1841 esse

88 1857 391 1904 Hcsiduum
431 1871 595 1901 eruca:
619 1856 841 1903 comedit
879 1858 1144 1916 [οι-μεμιμή
1177 1857 1451 1904 residuum
1491 1857 1697 1903 locusta:
1723 1877 1776 1950 B
1799 1862 2033 1924 quidam
2061 1863 2080 1888 ιι
2108 1868 2528 1924 μιωτυυμιιου
2553 1861 2832 1920 videntes,
2851 1860 3121 1920 quoniam
3139 1876 3395 1921 repugua-

98 1946 115 1950 ..
229 1930 321 1950 ..1.“ι
350 1929 582 1950 ι........ι...,.
641 1936 678 1950 ηρ
716 1929 987 1950 -.,-...'.l....._.
1023 1928 1208 1950 l.,_...l..'
1249 1930 1452 1950 .-‘,....I_‘l
1491 1929 1624 1950 ....Ι.“.
1663 1944 1671 1950 ς
1803 1939 1879 1950 ργι
1915 1934 2158 1950 |.:.i,,_.:..,_
2212 1934 2348 1950 1\:_:i
2375 1933 2515 1950 .._..2_-_
2549 1933 2818 1950 -._....__l.,_1,‘
2865 1936 2906 1950 .-.I
2935 1929 3170 1950 1,.....ν-ι.--.
3197 1935 3390 1950 ,.ι2---ε-

92 1930 321 1976 comedit
347 1929 601 1985 bruchus,
636 1936 679 1974 et
716 1929 990 1974 residuum
1020 1928 1209 1975 bruchi
1234 1930 1452 1977 comedit
1489 1929 1694 1990 rubigo.

96 2003 245 2062 largo
283 2006 339 2050 et
382 1999 658 2062 propheta
701 2004 878 2049 Amos
924 2001 1258 2062 serotinum,
1307 2000 1550 2050 tonsoris
1587 2001 1705 2050 reli-

95 2074 264 2134 quias
282 2073 702 2132 insequentem,
723 2071 1004 2120 bruchum
1032 2071 1320 2122 indicavit.
1337 2072 1701 2132 Quodauteni

96 2149 358 2193 lictorem
386 2143 540 2192 videt
574 2143 828 2200 locustae,
858 2146 1299 2204 cunipoluisset,
1329 2144 1490 2205 quasi
1515 2153 1704 2189 exstan-

100 2216 170 2262 tis
190 2218 310 2276 jam
327 2219 608 2264 creaturae
628 2221 898 2264 evocatur
922 2215 1165 2276 ostendi,
1184 2215 1254 2264 ad
1280 2216 1414 2264 illud
1434 2215 1700 2264 nimirum

99 2288 273 2344 valet,
302 2292 366 2335 ut
389 2287 811 2335 inaestimabilis
835 2287 1145 2336 multitudo
1171 2289 1698 2348 ipsarumannnan-

99 2359 243 2407 tium
274 2359 613 2420 publicetur,
629 2372 868 2418 quarum
897 2360 1290 2407 videlicetnon
1316 2359 1703 2420 quantainve-

98 2430 204 2479 niri
235 2433 293 2480 in
321 2430 534 2478 mundo
560 2435 821 2490 poterant
839 2432 1106 2479 examina
1132 2435 1566 2492 congregemur,
1601 2429 1701 2478 sed

99 2515 198 2565 per
224 2502 882 2563 potentiamjudicantis,
909 2502 1094 2562 quisit
1118 2504 1294 2550 etiam
1314 2503 1702 2550 uiiiversitatis

99 2578 342 2631 creator,
376 2585 526 2621 nova
553 2573 866 2633 tinguntur:
896 2586 1026 2621 cum
1056 2572 1284 2634 proinde
1310 2585 1575 2621 caussam
1595 2573 1705 2621 l'or-

104 2643 380 2695 mntionis
407 2643 996 2706 prodidissetimpleta
1020 2647 1282 2703 vastatio,
1311 2648 1700 2693 etniorientiuni

104 2714 536 2765 multitudidem
555 2714 955 2764 alimentorum
983 2716 1307 2764 consumtio
1335 2716 1702 2777 :exelamavi,

105 2790 274 2846 inquit
296 2803 305 2834 :
337 2787 563 2832 Domine
586 2787 742 2845 Deus,
761 2788 1031 2849 pi‘Opititis
1057 2795 1176 2849 esto,
1199 2787 1401 2834 obsecro
1430 2804 1438 2833 :
1471 2788 1703 2842 Quis-su-

103 2858 316 2906 scitabit
337 2858 516 2918 Jacoli,
543 2860 676 2920 quia
698 2859 963 2920 parvulus
995 2863 1100 2908 est?
1124 2859 1179 2908 id
1203 2863 1308 2917 est,
1337 2859 1390 2908 Si
1422 2872 1519 2920 per
1549 2864 1701 2907 tuam

107 2930 558 2991 indignationem
573 2929 645 2978 ad
664 2934 878 2979 tantam
903 2931 1292 2992 exiguitatem,
1320 2935 1599 2991 quantum
1615 2930 1704 2979 [ιω

109 3002 451 3065 pollicentur
470 3003 687 3062 tiguraa,
715 3015 857 3063 gens
881 3009 1078 3052 nostra
1104 3004 1405 3065 perveniet.
1434 3002 1562 3062 quis
1595 3017 1702 3048 eum

111 3074 321 3138 poterit
345 3072 585 3122 ulterius
613 3075 905 3134 suscitare,
933 3087 1106 3136 quam
1134 3075 1229 3123 tali
1256 3076 1517 3129 vastitate
1535 3075 1704 3120 confe-

111 3148 310 3196 ceris?
355 3145 601 3192 illiset-lus
631 3151 701 3192 cst
745 3146 1010 3192 Dominus
1055 3161 1214 3209 super
1259 3147 1371 3204 hoc,
1416 3145 1538 3192 A'on
1587 3145 1701 3201 erit,

111 3220 256 3266 dixit
283 3217 564 3277 Dominus,
592 3216 647 3266 id
689 3223 794 3279 est,
833 3217 1123 3268 efﬁcacem
1152 3218 1331 3267 fuisse
1356 3217 1705 3280 deprecatio-

111 3303 248 3340 nem
285 3301 488 3350 meam,
528 3289 724 3338 docuit
767 3291 1063 3340 sententize
1089 3293 1398 3339 consecuta
1443 3289 1701 3339 mutatio.

112 3365 416 3424 Promptus
446 3361 656 3424 quippe
685 3361 756 3410 ad
786 3362 1231 3412 misericordiam
1275 3364 1444 3426 Deus,
1481 3362 1705 3429 plagam

109 3436 465 3494 illain,cujus
491 3433 949 3494 magnitudinem
975 3434 1219 3484 viditme
1233 3435 1546 3497 expavisse,
1572 3435 1708 3482 sub-

110 3507 326 3556 movit:
367 3506 774 3567 responditque
806 3506 912 3555 hoc
948 3519 1061 3555 non
1099 3508 1226 3566 fore,
1271 3507 1424 3568 quod
1455 3519 1525 3556 ne
1551 3507 1708 3555 lieret

110 3577 516 3640 supplicaram.
547 3578 756 3627 Verum
786 3577 938 3627 aliud
963 3579 1117 3640 quod
1143 3579 1581 3640 essejudicabat
1603 3579 1709 3626 mi-

112 3651 249 3707 tius,
277 3648 600 3698 intromisit.

177 3723 339 3771 Vers.
383 3719 430 3771 4.
479 3747 536 3755 -
583 3720 642 3767 Id
690 3720 835 3768 enim
872 3720 1094 3768 ostendit
1141 3721 1283 3769 mihi
1321 3729 1338 3748 ⁸
1381 3721 1521 3769 Dcus
1566 3735 1704 3768 ecce:

116 3791 315 3843 vocabtt
343 3791 618 3854 judicium.
663 3793 734 3839 ad
771 3793 950 3853 ignem
985 3794 1252 3840 Domi-nus
1289 3795 1447 3856 Deus,
1485 3799 1527 3840 et
1555 3793 1712 3841 (levo-

113 3865 258 3913 rabit
303 3867 552 3926 abyssum
597 3866 846 3925 mullum,
904 3871 947 3911 ct
993 3865 1220 3912 comedet
1277 3865 1442 3912 simul
1479 3871 1710 3927 partem.

117 3939 239 3989 Nisi
275 3937 582 3999 prudenter
621 3942 793 3998 atque
826 3937 1061 3986 sollicite
1097 3949 1228 3998 qua}
1262 3939 1398 3986 sunt
1437 3936 1588 3986 dicta
1621 3951 1715 3986 ca-

115 4012 373 4075 piamus,
426 4021 542 4057 non
594 4009 802 4071 exigua
845 4009 902 4057 in
948 4008 1217 4057 sensibus
1262 4007 1564 4070 detegetur
1615 4011 1715 4058 ab-

120 4081 390 4132 surditas.
446 4081 580 4130 Post
627 4093 695 4130 ea
734 4081 1020 4141 siquidem
1069 4081 1296 4142 damna,
1359 4091 1488 4142 qua:
1543 4079 1717 4143 depa-

121 4165 294 4205 scens
365 4151 587 4201 locusta
655 4157 712 4202 et
783 4165 1032 4214 sequens
1104 4152 1358 4201 bruchus
1430 4151 1718 4214 intulerat,

121 4226 290 4290 quasi
323 4224 514 4274 mitior
552 4224 717 4286 plaga
755 4225 906 4287 ignis
941 4224 1272 4274 inducitur:
1311 4236 1443 4274 cum
1481 4223 1716 4274 omnino

123 4296 298 4365 543
335 4310 452 4347 non
510 4298 583 4345 sit
626 4297 981 4359 ambiguum,
1043 4297 1224 4346 multo
1268 4298 1545 4358 majorem
1590 4308 1718 4346 esse

122 4370 504 4421 calamitatem
530 4380 720 4430 quam,
746 4368 1006 4417 immissa
1033 4372 1297 4429 operetur
1319 4367 1715 4427 exustio,omni

123 4443 217 4493 illa
231 4454 396 4504 quam
413 4439 736 4503 germinum
747 4442 913 4489 ail'ere
922 4441 1015 4489 bat
1029 4439 1593 4499 attonsio.Quomodo
1605 4453 1718 4499 ergo

124 4515 563 4576 dicitpropneta,
582 4512 880 4561 niisertuin
910 4515 1107 4568 Deum,
1133 4511 1369 4572 etquasi
1407 4509 1718 4572 lachryinis

127 4587 528 4638 interventoris
553 4584 828 4633 inﬂexum
853 4583 924 4632 ad
953 4583 1144 4645 ignem
1164 4596 1400 4634 vocasse
1413 4581 1714 4642 judicium,

129 4660 298 4710 idest.
321 4669 446 4706 reos
464 4655 725 4705 incendio
749 4655 1074 4717 deputasse,
1103 4667 1135 4703 a
1157 4654 1367 4715 quibus
1393 4652 1600 4715 inopia:
1619 4666 1718 4715 pc-

131 4733 365 4781 riculum
391 4728 706 4791 depulisset
730 4731 753 4776 *2
772 4725 1351 4776 animadvertendum
1377 4729 1722 4787 quaprOpter

132 4803 267 4865 quia
290 4801 376 4850 hic
395 4799 627 4850 nomine
653 4799 801 4862 ignis
820 4804 1209 4849 transcursum
1225 4801 1472 4847 llammze
1489 4799 1730 4846 voluerit

133 4875 395 4933 indicare,
431 4885 563 4934 qua:
587 4871 718 4921 licet
744 4871 832 4920 sui
852 4872 1211 4922 vehementia
1243 4870 1396 4932 quod
1423 4868 1726 4930 contigerit

135 4948 421 4998 amburat:
441 4949 631 4994 tamen
643 4943 917 5006 quamdiu
931 4956 1041 4993 non
1055 4944 1390 4993 immoratur
1402 4942 1727 5002 at‘ilatis,nec

136 5022 196 5069 in
212 5031 276 5069 ea
299 5028 429 5080 qua:
446 5021 581 5066 sunt
609 5015 736 5079 prof
741 5016 892 5065 unda
917 5015 1230 5074 descendit,
1253 5025 1359 5065 nec
1383 5015 1584 5064 robora
1614 5027 1727 5072 quas

203 5199 218 5218 '
244 5188 378 5239 Heio
407 5189 646 5239 verbum
676 5187 958 5247 Dom-inus,
989 5198 1121 5236 mox
1143 5185 1256 5236 duo
1282 5185 1546 5233 Dominus
1569 5185 1728 5246 Deus,

142 5275 272 5326 qua:
297 5261 649 5310 librariorum
671 5259 972 5308 oscitantia
995 5258 1349 5315 exciderunt,
1379 5257 1729 5306 sull‘ecimus.

142 5339 418 5385 Caeterum
447 5337 502 5382 et
531 5331 744 5390 vocavit,
770 5335 824 5380 et
842 5331 1129 5391 (levoravit,
1157 5342 1255 5393 pro
1284 5330 1498 5387 vocabit,
1518 5329 1735 5375 decora-

143 5407 229 5468 bit,
269 5405 488 5467 praefert
532 5403 969 5467 Hieronymiana
990 5402 1193 5464 Editio,
1225 5403 1465 5464 Vulgata.
1493 5399 1730 5462 vacabat,

145 5480 405 5528 devoravit
431 5478 674 5527 comedit.

206 5551 226 5578 ι’
255 5553 346 5599 Ait
372 5550 601 5614 quidam
629 5549 873 5614 plurium
904 5561 1160 5610 numero,
1190 5545 1289 5596 sed
1321 5547 1735 5608 Hieronymum

147 5623 377 5688 proprie,
419 5628 476 5673 et
517 5623 756 5673 fortasse
784 5633 963 5672 unum
986 5625 1184 5670 notare
1231 5619 1369 5676 vult,
1399 5619 1563 5681 eique
1591 5615 1736 5666 male

165 5699 314 5758 oqui.
333 5696 474 5745 Nam
501 5695 578 5746 ita
605 5699 840 5744 sanctus
866 5693 1094 5756 quidem
1112 5694 1275 5741 Pater
1299 5691 1498 5749 sensit,
1527 5690 1739 5738 Scimu-

149 5766 337 5827 cherib,
362 5782 530 5830 regem
547 5767 896 5829 Assyriorum
933 5780 1055 5813 cum
1081 5763 1300 5825 inﬁnita
1325 5763 1583 5811 exercitus
1608 5760 1740 5808 mul-

152 5839 371 5888 titudine
398 5840 576 5888 instar
600 5840 805 5887 locustae
832 5837 1088 5884 universa
1115 5835 1398 5896 tondentis,
1421 5834 1528 5882 dici
1552 5837 1740 5881 ventu-

153 5926 274 5960 rum.
297 5911 355 5960 in
367 5911 637 5976 principio
655 5908 863 5958 imbriis
879 5907 1116 5958 serotini.
1131 5911 1251 5955 Tum
1269 5911 1482 5955 sectione
1494 5907 1739 5966 sequenti,

155 5989 272 6036 Post
303 5988 604 6046 tonsuram,
624 5986 709 6044 ait,
734 5982 872 6045 regis
907 5977 1294 6041 Sennacherib,
1313 5994 1420 6043 qua
1437 5982 1632 6029 cuncta
1656 5977 1740 6027 dc-

1730 3251 1777 3324 C

1741 4680 1798 4752 D

1802 1939 1887 1984 ret
1910 1934 2184 1984 historia).
2211 1933 2522 1982 Dicitenim
2549 1933 2842 1995 propheta,
2861 1929 3174 1982 etlocustaa
3192 1935 3394 1991 etignis

1803 2007 1998 2068 plagas
2025 2006 2145 2054 suis
2171 2005 2433 2068 precibus
2453 2003 2630 2053 fuisse
2663 2004 2977 2058 submotas,
3011 2016 3076 2052 ac
3095 2003 3165 2052 de
3190 2012 3396 2064 utraque

1802 2077 2167 2140 respondisse
2182 2077 2490 2126 Dominum
2510 2074 2851 2136 supplicanti
2877 2085 2889 2124 :
2911 2074 3033 2121 Non
3054 2075 3153 2120 erit
3167 2075 3328 2135 istud,
3343 2078 3391 2122 id

1802 2155 1906 2207 est,
1929 2150 2296 2209 Nequaquam
2328 2147 2503 2195 irruet
2520 2147 2627 2193 ista
2646 2145 3186 2205 vastatio.Assyrius
3200 2159 3332 2196 vero
3351 2153 3393 2192 et

1802 2219 2148 2282 Babylonius
2174 2221 2390 2278 hostes,
2412 2217 2775 2267 victoriarum
2795 2216 2973 2277 potiti,
2990 2220 3044 2264 et
3067 2216 3338 2265 Israelem
3351 2225 3394 2264 et

1801 2293 1825 2340 J
1838 2291 2008 2340 udam
2035 2290 2193 2351 gravi
2219 2289 2376 2339 caede
2404 2291 2714 2338 vastarunt.
2737 2288 2836 2335 llic
2851 2299 2984 2347 ergo
3001 2286 3252 2336 ostendit
3268 2291 3394 2334 Deus

1801 2368 1994 2412 noster
2014 2376 2102 2424 per
2126 2361 2476 2424 prophetam,
2503 2360 2599 2420 qui
2628 2362 2748 2407 erat
2769 2358 3086 2419 imaginum
3111 2363 3396 2420 spectator

1803 2436 2056 2488 cliectus,
2077 2443 2128 2482 et
2149 2432 2299 2494 quod
2341 2431 2583 2494 populus
2606 2430 2941 2479 Judzeorum
2962 2428 3140 2479 multo
3163 2431 3396 2492 gravius

1803 2519 1977 2568 quam
1991 2505 2266 2554 sustinuit
2281 2501 3092 2562 merereturexitium,etquod
3109 2514 3238 2552 eum
3250 2504 3397 2548 milie-

1803 2590 1934 2627 reus
1957 2577 2167 2627 arbiter
2192 2579 2387 2637 posset
2412 2574 2796 2623 internecione
2820 2570 3022 2628 delere,
3060 2571 3108 2620 si
3136 2572 3390 2622 hostium

1803 2652 1888 2697 vel
1904 2648 2274 2709 multiplicare
2295 2658 2615 2704 numerum,
2639 2645 2727 2695 vel
2743 2643 3192 2705 indignationem
3211 2645 3396 2690 voluis-

1805 2719 2214 2770 setaccendere
2230 2734 2241 2765 :
2260 2723 2315 2768 et
2338 2718 2487 2779 quod
2506 2717 2912 2766 necessitatem
2934 2714 3237 2776 quamdam
3266 2718 3397 2761 auli-

1803 2793 2007 2854 gendac
2037 2793 2084 2853 ej
2098 2806 2160 2840 us
2187 2794 2393 2851 gentis,
2412 2802 2584 2852 quam
2597 2788 2771 2838 nollet
2785 2787 3270 2850 penitusinterire,
3295 2798 3394 2849 pa-

1805 2867 2037 2913 teretur.

1867 2936 2028 2983 Vers.
2076 2932 2200 2990 7,-9.
2233 2959 2291 2968 —
2333 2933 2560 2989 Verum,
2601 2943 2734 2980 cum
2762 2929 2866 2979 has
2886 2928 3029 2978 duas
3048 2929 3266 2990 species
3289 2929 3397 2978 im-

1805 3005 2145 3056 minentium
2163 3003 2556 3053 discriminum
2574 3001 2983 3061 submovisset,
2998 3000 3105 3046 Hoc
3128 3000 3230 3061 [AL
3246 3000 3384 3062 Ilaec]

1808 3079 1947 3125 mihi
1985 3077 2226 3133 ostendit,
2261 3077 2358 3136 ait,
2393 3076 2677 3122 Dom-inus.
2717 3074 2789 3122 Et
2822 3087 2927 3119 ecce
2959 3072 3225 3118 Dominus
3243 3077 3392 3119 stans

1803 3165 1962 3212 super
1993 3147 2454 3209 murumlittun,ct
2475 3147 2535 3192 in
2561 3159 2732 3191 manu
2749 3143 2860 3206 ejus
2878 3142 3395 3190 trullaczmentarii.

1814 3223 1875 3269 Et
1901 3221 2041 3268 (limit
2064 3219 2362 3267 Dominusc
2387 3218 2460 3265 ad
2490 3231 2596 3263 me:
2633 3216 2774 3273 Quid
2807 3220 2864 3262 tu
2899 3214 3058 3273 vides,
3097 3213 3260 3262 Amos
3284 3217 3307 3264 ε)
3329 3215 3399 3263 Et

1813 3294 1950 3353 diri,
1980 3292 2217 3339 'I‘rullam
2255 3289 2595 3338 cwmcntarii.
2626 3289 2689 3335 Et
2728 3288 2866 3334 dixit
2892 3287 3154 3334 Dominus
3177 3287 3248 3334 ad
3273 3302 3354 3333 me.
3384 3305 3392 3334 :

1810 3365 1934 3412 Ecce
1959 3379 2048 3425 ego
2078 3378 2278 3426 ponam
2309 3360 2528 3407 trullam
2565 3360 2622 3406 in
2650 3359 2822 3406 medio
2854 3357 3042 3420 populi
3060 3358 3160 3404 mei
3185 3357 3349 3405 Israel
3383 3375 3392 3405 :

1814 3452 1919 3483 non.
1945 3436 2203 3497 ηιίλὶσίιιηι
2225 3431 2783 3494 ultrasuperinduccrc
2799 3443 2939 3478 eum.
2961 3429 3027 3476 Et
3041 3429 3398 3476 demolientur

1810 3504 2189 3572 aI.-cclsi1544
2220 3504 2367 3563 idoli,
2405 3507 2449 3550 et
2492 3502 2940 3563 saneti/icaliones
3005 3500 3169 3546 Israel
3192 3500 3396 3546 desola-

1813 3571 2064 3628 buuturiz
2103 3585 2146 3625 et
2196 3590 2515 3636 cons-argum
2560 3589 2719 3636 super
2762 3572 2982 3619 domum
3016 3571 3297 3619 Jcroboam
3340 3572 3400 3618 in

1811 3652 2011 3713 gladio.
2039 3653 2300 3712 Magnam
2325 3652 2542 3709 partem
2557 3644 2997 3707 dispositionum
3013 3643 3133 3705 Dei,
3154 3644 3260 3692 sub
3277 3643 3404 3705 qui-

1814 3728 1922 3774 bus
1949 3723 2275 3773 mortalium
2315 3720 2433 3770 vita
2468 3718 2731 3768 decurrit.
2767 3715 3060 3779 prophetas
3086 3714 3156 3764 de
3181 3727 3295 3776 quo
3319 3715 3404 3765 lo-

1813 3797 2060 3858 quimur,
2082 3793 2222 3844 visio
2241 3789 2566 3855 publicavit.
2585 3790 2726 3838 Nam
2741 3800 2870 3836 cum
2885 3785 3273 3848 praecedentes
3286 3801 3398 3858 senf

1814 3856 2012 3919 tentia:
2039 3865 2127 3917 vel
2162 3863 2606 3916 comminantem
2630 3859 2883 3922 judieem
2908 3858 3285 3913 ostenderint,
3315 3856 3402 3907 vel

1813 3941 2148 3990 frementem
2162 3943 2217 3989 et
2230 3946 2449 3986 reorum
2465 3933 2745 3983 mortibus
2757 3931 2940 3981 leonis
2953 3933 3109 3976 instar
3121 3931 3400 3976 inhiantem

1818 4013 1929 4076 (qui
1962 4016 2155 4062 motus
2178 4010 2374 4071 utique
2394 4005 2483 4057 vel
2517 4006 2754 4055 atl‘ectus
2770 4015 2804 4076 a
2826 4005 3031 4076 natura
3051 4003 3132 4047 Dei
3158 4002 3398 4076 continua

1818 4073 2226 4146 tranquillitate
2238 4078 2558 4144 gaudentis,
2573 4074 2890 4127 secundum
2905 4073 3181 4146 rationem
3197 4073 3405 4146 dogma-

1817 4156 1890 4207 tis
1915 4143 2387 4214 docenturaiieni)
2416 4150 2714 4214 praesentis
2734 4147 2839 4197 loci
2864 4144 3137 4196 reseravit
3160 4143 3401 4204 occasio,

1817 4241 1930 4290 quo
1945 4228 2308 4290 potissimum
2322 4235 2526 4287 genere
2539 4221 2610 4272 ad
2623 4217 3019 4272 ulciscendum
3035 4219 3159 4290 Deus
3175 4217 3403 4290 nosterin

1820 4288 2094 4361 surgeret,
2110 4296 2481 4360 relinquendo
2500 4295 2756 4346 videlicet
2768 4295 2865 4351 poti
2877 4306 2950 4352 us,
2965 4305 3113 4349 quam
3129 4288 3400 4361 fremendo.

1820 4359 1964 4421 Nam
1989 4371 2258 4432 quoniam
2273 4359 2662 4419 Calamitatum
2674 4377 2848 4428 agger
2862 4361 3122 4426 protinus
3134 4359 3403 4419 irruebat,

1823 4443 1870 4492 si
1892 4441 1984 4492 ille
2003 4454 2153 4503 mgre
2181 4441 2517 4501 destitisset,
2540 4438 2676 4488 dicit
2699 4450 2796 4488 eos
2814 4448 2874 4486 se
2891 4433 3130 4509 feriente
3143 4433 3409 4509 collapsos,

1822 4513 2398 4576 cumpunctionisque
2419 4511 2600 4574 gratia
2616 4511 2675 4561 in
2687 4521 2915 4560 reorum
2928 4505 3248 4570 pectoribus
3260 4505 3415 4552 exci-

1822 4585 2030 4645 tandas,
2055 4597 2188 4634 eum
2215 4585 2322 4633 sibi
2349 4588 2404 4633 et
2428 4585 2689 4634 habitum
2707 4581 2884 4631 sumit
2908 4584 2966 4630 et
2986 4581 3224 4637 motum,
3240 4586 3412 4637 quem

1829 4657 2123 4708 habuisset
2135 4655 2420 4716 inimicus,
2435 4655 2542 4705 hoc
2557 4654 2942 4717 permittente,
2955 4648 3415 4701 desaeviensteo

1828 4743 1958 4780 cum
1981 4727 2269 4789 geminam
2294 4728 2418 4790 ejus
2444 4725 2809 4786 sententiam,
2830 4735 3002 4786 quam
3021 4723 3414 4785 proJudceorum

1830 4801 2046 4851 meritis
2071 4803 2460 4862 proposuerat,
2484 4797 2877 4848 interveniens
2903 4795 3145 4858 precatio
3161 4790 3421 4862 sustulis-

1825 4878 1930 4934 set,
1958 4872 2182 4921 tertiam
2208 4870 2403 4920 intulit
2427 4884 2438 4919 :
2466 4871 2558 4920 cui
2582 4869 2816 4932 quidem
2838 4868 3113 4931 propheta
3126 4864 3293 4926 quasi
3309 4861 3413 4912 mi-

1825 4943 2046 4999 tissime
2076 4954 2193 4992 non
2208 4941 2442 4992 auderet
2459 4941 2756 5002 obsistere,
2778 4940 2879 4992 sed
2902 4951 3033 5001 quae
3056 4935 3424 4987 ati‘ectumul-

1826 5015 1995 5067 tionis
2012 5013 2412 5077 plenissimum
2431 5015 2763 5076 contineret,
2789 5013 2991 5074 inquit,
3011 5009 3184 5071 Super
3196 5020 3421 5055 murum

1829 5202 1937 5236 cem
1963 5186 2202 5235 tribuum
2236 5185 2534 5248 lotondcrit,
2580 5191 2737 5247 atque
2776 5180 3073 5238 vastuverit,
3107 5194 3254 5227 nunc
3281 5178 3421 5226 idem

1831 5257 2328 5308 Dominusostcndil
2347 5257 2858 5313 Nai)ucliodonosor,
2886 5253 2992 5300 imo
3019 5257 3163 5298 vocat
3187 5257 3231 5298 ct
3249 5251 3424 5297 venire

1830 5333 2068 5398 praecipit
2102 5335 2289 5376 contra
2315 5329 2520 5376 Judam
2546 5334 2588 5376 ct
2617 5326 2929 5384 Jerusalem,
2969 5329 3024 5369 ut
3070 5322 3344 5384 Templum
3375 5326 3423 5367 ct

1832 5392 2125 5454 Jerusalem
2146 5404 2262 5464 igne
2287 5402 2584 5463 succcndat,
2602 5405 2644 5448 et
2669 5399 2835 5461 furiat
2859 5398 2914 5444 in.
2938 5394 3345 5457 igncjudicium
3367 5392 3430 5440 de

1834 5493 1890 5526 c0
1919 5477 2015 5540 qui
2041 5476 2312 5538 quondam
2334 5473 2442 5535 fuit
2457 5473 2690 5537 populus
2713 5486 2858 5518 suus.
2895 5470 3016 5517 Non
3045 5471 3236 5540 tamen
3261 5475 3429 5540 repu-

1835 5535 2010 5612 gnare
2050 5535 2178 5598 inec
2227 5535 2492 5596 videntur
2523 5543 2792 5601 historiae,
2842 5544 2907 5590 ut
2940 5540 3144 5612 Noster
3170 5535 3426 5612 blaterat,

1839 5605 1990 5685 quod
2017 5620 2075 5670 hi
2111 5632 2273 5682 reges
2288 5619 2540 5668 victo-riis
2566 5617 2745 5681 potiti,
2771 5610 3108 5667 Jerusalem,
3134 5612 3191 5659 et
3213 5605 3424 5685 Judim

1839 5683 2168 5757 gravicayle
2207 5691 2576 5742 vastaverint.
2596 5690 2794 5740 Confer
2819 5691 3002 5736 totum
3023 5683 3429 5757 Hieronymiana

1840 5755 2214 5828 expositionis
2237 5768 2593 5824 contextum,
2617 5765 2680 5813 ut
2703 5761 2773 5812 ab
2799 5758 2924 5820 ejus
2949 5755 3204 5818 partibus
3231 5755 3365 5828 stes.

1901 5825 1933 5868 θ’
1951 5836 2204 5887 Alterum
2245 5835 2352 5885 hoc
2398 5836 2469 5884 ad
2506 5851 2588 5885 mc
2611 5834 2891 5886 Hebraeus
2932 5830 3123 5880 textus
3147 5830 3205 5877 et
3229 5825 3430 5876 Hiero-

1841 5909 2000 5974 nymi
2024 5907 2213 5960 versio
2247 5907 2532 5971 ignorant.
