3894 6420
503 404 639 461 1091

1569 398 1836 450 RUFINO
1868 396 2326 451 PRESBYTERO
2358 396 2740 450 ASCRIPTUS

3670 396 3803 452 1092

504 517 660 571 enim
684 514 861 578 litum,
885 512 1063 589 idest,
1087 507 1391 589 structoria
1412 510 1534 589 arte
1551 510 1957 589 compositum,
1976 517 2104 558 stare
2127 514 2180 589 Α
2209 509 2480 589 debuisse
2506 507 2866 589 auditoribus
2898 519 3029 589 esse
3066 507 3379 589 despectui.
3409 507 3518 589 Sed
3542 508 3799 589 quodilli

504 589 647 641 mihi
669 599 862 640 rerum
895 585 1181 636 Dominus
1214 580 1534 640 videbatur,
1571 580 1794 631 habens
1840 582 1898 631 in
1928 594 2105 633 manu

506 660 734 713 trullam
761 654 1132 717 caementarii,
1160 666 1259 716 per
1284 664 1458 716 quam
1484 664 1700 703 munus
1719 652 2108 715 videlicetquo

508 731 669 795 fungi
703 730 1099 781 consueverat,
1149 724 1446 783 indicaret,
1493 723 1551 773 id
1584 730 1691 795 est,
1728 724 1881 786 quod
1908 729 1964 773 et
1982 723 2107 786 Jugi

505 817 602 855 eos
628 798 1079 865 propugnatione
1116 801 1350 859 teretur,
1370 800 1427 847 et
1448 795 1604 857 quod
1622 794 1987 858 frequentem
2005 810 2107 842 me-

506 874 709 934 delam,
733 884 827 934 per
846 881 1018 933 quam
1034 871 1379 919 sanarentur
1391 871 1445 916 et
1461 867 1937 925 instaurarentur,
1963 866 2105 914 adhi-

506 948 678 995 beret.
706 946 1012 1004 Caeterum,
1042 941 1091 990 si
1114 940 1229 990 ista
1253 939 1483 989 miseris
1508 938 1897 989 conferentem
1916 939 2109 1001 provi-

504 1016 760 1067 dentiam
784 1015 1174 1074 submoveret,
1197 1011 1484 1062 neminem
1509 1024 1705 1061 eorum
1724 1012 1813 1062 vel
1832 1024 1998 1074 posse
2016 1022 2109 1060 co-

502 1089 740 1147 haerere,
778 1086 869 1137 vel
912 1097 1085 1149 posse
1130 1085 1469 1134 subsistere.
1502 1085 1649 1146 Ergo
1674 1082 1907 1133 trullam
1937 1083 2106 1144 hanc,

502 1159 704 1223 inquit,
731 1157 788 1210 id
822 1162 931 1216 est,
956 1167 1155 1207 curam
1183 1168 1393 1218 meam,
1424 1167 1539 1217 qua
1561 1154 1909 1205 liniebantur
1932 1159 1990 1205 et
2016 1154 2107 1203 lir-

505 1232 813 1282 mabantur
837 1240 1071 1291 quassa,
1091 1226 1395 1290 deponam,
1421 1231 1597 1288 atque
1620 1226 1802 1276 otium
1819 1225 2109 1288 quoddam

504 1300 867 1365 benignitati,
887 1300 1119 1362 quiaita
1141 1298 1317 1349 Israel
1346 1299 1516 1361 cogit,
1541 1297 1809 1361 indicam,
1836 1300 2112 1347 necsusti-

501 1376 650 1426 nebo
675 1372 920 1425 ulterius
946 1370 1195 1422 laborem
1215 1383 1344 1420 cum
1369 1369 1692 1433 impudenti
1710 1369 1982 1420 nimirum
2001 1384 2109 1428 pro-

502 1447 737 1497 fanitate
766 1442 1049 1495 inefﬁcaci
1085 1443 1297 1505 pietate
1335 1442 1609 1492 certandi.
1636 1442 1845 1503 Sicque
1872 1442 2106 1491 demum

502 1517 642 1581 quid
671 1521 1070 1580 perpetravere
1095 1518 1466 1577 cognoscent,
1480 1525 1614 1564 cum
1633 1524 1725 1562 me
1742 1524 2106 1574 nequaquam

504 1588 763 1649 feriente,
780 1584 883 1637 sed
903 1590 1095 1636 tamen
1111 1597 1229 1635 non
1244 1589 1596 1648 protegente,
1628 1586 1922 1643 dispereunt
1938 1583 2109 1647 [Forte

502 1657 903 1723 disperibunt].
936 1657 1002 1704 Et
1034 1655 1392 1704 demolientur
1423 1656 1623 1705 excelsa
1659 1655 1811 1713 idoli,
1838 1661 1883 1704 et
1905 1655 2108 1703 sancti—

501 1732 777 1794 ﬁcationes
817 1728 980 1778 Israel
1024 1727 1412 1777 tlesolabunlur
1449 1745 1460 1776 :
1499 1733 1544 1777 el
1589 1742 1913 1790 consurgant
1947 1742 2108 1790 super

500 1803 727 1851 domum
760 1799 1046 1850 Jeroboam
1074 1800 1137 1846 in
1152 1799 1353 1862 gladio.
1374 1800 1784 1851 Venientenim
1803 1800 2025 1861 hostes,
2040 1810 2107 1849 ac

498 1872 734 1937 plenum
755 1877 994 1935 agentes
1020 1872 1377 1934 triumphum
1394 1870 1537 1922 ferro
1553 1871 1786 1934 ignique
1807 1872 2101 1932 desmvienl,

499 1947 629 1995 fana
657 1948 713 1996 et
727 1943 963 2007 profana
980 1954 1113 1992 cum
1132 1944 1268 1993 totis
1290 1942 1532 1993 urbibus
1549 1952 2001 2005 concremantes,
2020 1946 2106 1992 at-

497 2028 609 2078 que
631 2017 895 2067 Jeroboaa
931 2012 1206 2064 familiam
1224 2013 1413 2076 gladio
1438 2013 1748 2065 ulciscente
1779 2014 2105 2065 vastabunt.

502 2089 715 2139 Verum
740 2093 1051 2151 postquam
1074 2086 1374 2148 hucusque
1392 2087 1788 2136 concionantis
1812 2086 2105 2149 prOphettB

502 2172 691 2211 sermo
709 2158 1011 2222 processit,
1025 2156 1045 2184 ἀ
1068 2158 1335 2208 Amasias
1353 2157 1588 2220 quidam
1605 2158 1855 2219 nomine,
1875 2159 2105 2204 sacerdos

498 2231 787 2283 Idolorum
827 2230 985 2280 misit
1020 2228 1093 2279 ad
1124 2230 1426 2280 Jeroboam
1452 2242 1550 2292 per
1573 2229 1725 2279 idem
1752 2235 1980 2292 tempus
2005 2228 2107 2278 de-

497 2315 621 2354 cem
640 2302 895 2354 tribuutn
915 2301 1156 2364 imperio
1168 2301 1600 2365 praesidentem,
1623 2302 2040 2363 nunciavitque
2057 2301 2103 2347 ci

494 2375 648 2438 quod
674 2376 852 2425 Amos
881 2373 1085 2437 spiritu
1116 2379 1308 2437 potius
1347 2373 1677 2423 rebellantis
1709 2386 1880 2435 quam
1910 2372 2106 2424 vatici-

497 2448 688 2497 nantis
723 2446 1025 2507 instinctu,
1070 2449 1128 2495 et
1158 2446 1504 2496 nominatim
1539 2447 1608 2508 ei,
1647 2444 1705 2494 id
1731 2449 1837 2502 est,
1863 2446 1983 2507 regi
2008 2444 2105 2494 de-

497 2518 793 2569 nunciaret
827 2518 1086 2577 exitium,
1112 2521 1169 2566 et
1194 2522 1379 2567 totum
1399 2516 1671 2579 populum
1697 2517 1775 2565 ita
1804 2515 2102 2578 multiplici

499 2589 943 2641 comminatione
975 2592 1228 2646 terreret,
1258 2593 1323 2639 ut
1351 2590 1522 2639 etiam
1560 2587 1864 2638 sententiae
1909 2587 2103 2637 dubiae

499 2660 680 2721 ﬁeret,
708 2673 881 2723 quem
915 2657 1089 2725 545
1119 2660 1382 2711 videlicet
1424 2672 1619 2721 regem
1655 2664 1995 2721 sequeretur
2016 2659 2104 2709 in-

499 2736 712 2783 certus.
740 2732 1061 2794 Totiusque
1082 2731 1390 2782 voluminis
1408 2730 1726 2795 prophetici
1749 2744 1846 2794 pro
1852 2733 2103 2795 positum

502 2803 752 2855 breviter
775 2803 1147 2867 amplectens,

563 2875 722 2925 Vers.
772 2873 858 2927 11.
894 2902 953 2910 -—
1000 2876 1119 2923 Herc
1166 2874 1331 2936 enim,
1377 2873 1584 2935 inquit,
1632 2874 1795 2922 Amos
1840 2872 1987 2927 dicit,
2039 2873 2103 2921 In

500 2944 682 3009 gladio
715 2947 976 2994 morietur
1014 2943 1299 2994 Jeroboam
1322 2949 1366 2992 et
1388 2944 1553 2993 Israel
1570 2945 1814 3008 captivus
1848 2943 2103 3007 migrabit

502 3016 563 3066 de
581 3023 723 3066 terra
745 3032 862 3067 sua.
890 3019 972 3067 Ex
992 3017 1204 3080 quibus
1230 3015 1399 3067 dictis
1415 3021 1836 3079 consequenter
1851 3015 1921 3066 ad
1932 3016 2106 3067 verti-

505 3101 652 3152 mus,
679 3088 833 3151 quod
854 3091 1030 3139 etiam
1053 3088 1114 3139 in
1137 3092 1473 3139 nostrorum
1506 3093 1825 3151 temporum
1847 3087 2103 3150 negociis

505 3162 851 3224 experimur,
878 3162 1014 3223 quia
1035 3171 1168 3224 pars
1191 3160 1382 3224 gentis
1399 3159 1689 3223 humilior,
1715 3159 1769 3211 id
1788 3166 1894 3223 est,
1914 3164 2103 3220 quique

504 3231 822 3297 populares,
850 3236 1161 3295 quominus
1186 3232 1478 3284 habebant
1500 3232 1570 3283 de
1599 3233 1895 3283 nobilitate
1910 3244 2103 3295 super-

2206 581 2278 632 ad
2304 595 2429 644 ejus
2460 581 2870 633 contumeliam
2896 581 3081 632 dicere
3106 582 3373 641 solerent,
3410 580 3519 631 hoc
3545 593 3606 631 se
3638 581 3802 632 etiam

2208 666 2339 703 cum
2362 652 2574 715 gaudio
2618 652 2885 715 proliteii,
2923 652 2975 701 id
3014 657 3123 710 est,
3158 664 3261 702 nec
3298 651 3368 701 de
3401 650 3576 702 choro
3602 663 3681 711 se,
3705 665 3801 701 nec

2208 725 2277 775 de
2302 724 2475 787 stirpe
2516 725 2920 787 prepltctarum
2960 724 3144 773 fuisse
3184 734 3198 776 :
3240 728 3509 774 caeterum
3539 724 3803 786 pastorali

2208 801 2437 847 tantum
2462 796 2650 847 ofticio
2676 797 2955 858 deditum,
2992 801 3049 846 et
3081 809 3181 860 per
3217 795 3399 847 saltus
3422 802 3683 846 armenta
3707 796 3801 846 dn-

2207 872 2449 928 ccntem,
2477 871 2647 929 atque
2671 868 2828 917 cibos
2853 881 2924 918 ex
2951 868 3252 918 arboribus
3271 867 3548 917 vilissime
3564 870 3804 927 colligen-

2207 943 2342 1002 tem,
2379 951 2412 989 a
2438 940 2552 988 Deo
2596 940 2916 1001 inspectore
2964 940 3172 999 cordis,
3216 940 3459 989 electum
3494 943 3552 989 et
3593 938 3666 989 ad
3699 940 3803 989 hoc

2207 1010 2581 1074 proiiltetandi
2608 1011 2860 1061 ol‘licium
2884 1011 3262 1069 destinatum,
3290 1010 3609 1061 secundum
3633 1023 3802 1073 quem

2208 1095 2426 1134 morem
2451 1084 2727 1145 gloriatur
2751 1088 2807 1133 ct
2834 1084 3145 1145 Apostolus
3171 1096 3301 1133 cum
3337 1083 3490 1145 dicit,
3528 1082 3682 1144 quod
3707 1084 3800 1132 ubi

2209 1154 2636 1217 placueritDeo,
2655 1159 2713 1201 ut
2738 1155 2987 1203 reuelaret
3010 1155 3213 1203 Filium
3242 1170 3426 1214 suum,
3445 1169 3541 1217 per
3566 1170 3667 1216 me,
3692 1169 3808 1203 con-

2210 1228 2363 1275 tinuo
2387 1241 2501 1275 non
2523 1226 2773 1288 adquievi
2808 1227 2965 1273 carni
2991 1233 3035 1274 et
3059 1227 3341 1289 sanguini,
3372 1241 3540 1289 neque
3560 1225 3634 1274 ad
3658 1234 3805 1274 ante-

2208 1313 2427 1347 cessores
2450 1312 2592 1346 meos
2628 1298 2907 1361 Apostolos
2924 1299 3060 1355 veni,
3093 1300 3182 1347 sed
3221 1297 3332 1346 abii
3356 1298 3415 1345 in
3444 1297 3728 1359 Arabiam,
3764 1305 3805 1345 et

2208 1370 2334 1418 inde
2359 1383 2595 1417 reversus
2618 1384 2740 1417 sum
2766 1369 3093 1417 Damascum
3116 1368 3256 1430 (Gal.
3285 1368 3332 1421 1.
3357 1367 3481 1431 ’17.),
3502 1368 3559 1419 id
3585 1376 3690 1431 est,
3719 1385 3806 1418 nec

2209 1441 2604 1502 magisterium
2620 1440 2853 1502 aliquod
2874 1454 2977 1491 ni-c
3002 1439 3363 1504 privilegium
3388 1440 3687 1502 requisivi,
3705 1441 3803 1491 sed

2211 1514 2406 1565 statim
2432 1514 2660 1563 vocanti
2690 1525 2782 1563 me
2826 1512 3187 1576 Redemptori
3233 1516 3430 1563 nostro
3469 1512 3548 1562 ita
3573 1512 3805 1575 proinde

2215 1585 2385 1650 [Forte
2424 1583 2705 1648 prompte]
2737 1589 2796 1635 et
2829 1585 3065 1648 impigre
3095 1583 3277 1647 parui,
3305 1588 3369 1634 ut
3391 1581 3460 1633 ad
3488 1595 3634 1646 opus
3657 1595 3804 1646 pree-

2208 1656 2513 1707 dicationis
2532 1655 2881 1719 ingrederer.
2899 1658 3047 1719 Ergo
3073 1659 3131 1705 et
3144 1659 3427 1717 pastorem
3454 1655 3741 1718 pecudum
3754 1670 3803 1703 se

2208 1729 2413 1779 beatus
2438 1730 2616 1778 Amos
2634 1727 2950 1791 proﬁtetur,
2970 1726 3130 1778 nulla
3142 1728 3209 1777 ad
3226 1739 3369 1791 opus
3389 1726 3497 1777 hoc
3512 1728 3802 1789 ambitione,

2209 1801 2309 1850 sed
2336 1798 2459 1851 sola
2482 1799 2744 1851 vocantis
2777 1795 2953 1866 546
2980 1799 3258 1850 electione
3281 1797 3527 1857 venisse,
3554 1798 3653 1860 qui
3674 1798 3802 1847 dicit

2208 1872 2280 1921 ad
2292 1870 2631 1935 me(inquit),
2666 1871 2820 1932 Vade,
2850 1870 3114 1935 propheta
3146 1870 3217 1919 ad
3229 1868 3494 1934 populum
3525 1884 3703 1918 meum
3728 1870 3804 1917 Is-

2207 1942 2338 1993 rael.
2380 1944 2459 1993 Ea
2501 1955 2636 2007 ergo
2671 1953 2803 2005 qum
2843 1954 3016 2006 supra
3049 1941 3464 1993 comminanter
3492 1941 3681 2004 injeci,
3712 1941 3803 1991 de-

2207 2015 2383 2066 buisti
2410 2015 2805 2079 tu,oAmasia,
2836 2018 2892 2065 et
2922 2025 3123 2064 omnes
3148 2014 3232 2065 tui
3265 2012 3570 2077 participes
3594 2026 3709 2065 non
3740 2019 3803 2065 ut.

2205 2099 2349 2145 mea,
2371 2086 2471 2136 sed
2500 2088 2602 2137 Dei
2628 2099 2725 2150 per
2750 2098 2842 2136 me
2866 2087 3158 2148 loquentis
3187 2085 3339 2136 dicta
3364 2085 3671 2148 suscipere,
3697 2099 3802 2136 nec

2206 2158 2467 2209 dubitare
2484 2159 2640 2221 quod
2658 2159 2760 2210 Dei
2781 2159 3078 2210 voluntate
3094 2171 3161 2210 ea
3183 2169 3314 2221 quae
3328 2162 3571 2208 ventura
3593 2171 3804 2221 cogno-

2204 2242 2421 2293 veram,
2462 2231 2806 2281 nuntiarem.
2835 2230 3079 2291 Quodne
3111 2230 3354 2289 nescias,
3380 2229 3573 2293 accipe
3590 2230 3805 2293 experi-

2203 2307 2466 2352 mentum
2492 2306 2634 2361 ejus.
2662 2303 2758 2364 qui
2782 2303 2842 2353 in
2866 2315 2957 2353 me
2982 2303 3234 2365 loquitur
3263 2301 3487 2352 Christi.

2274 2375 2525 2423 Umortua
2546 2376 2603 2423 in
2629 2374 2842 2425 civitate
2862 2374 3364 2437 fernieabitur,ﬁtii
3394 2373 3474 2421 tui
3498 2372 3682 2434 etfiliz
3699 2379 3801 2420 tua

2202 2446 2263 2493 in
2291 2447 2472 2509 gladio
2501 2447 2705 2507 cadent,
2733 2453 2778 2496 et
2810 2448 3010 2496 humus
3034 2452 3127 2495 tua
3170 2446 3417 2507 funiculo
3442 2445 3703 2494 metietur.
3733 2445 3800 2494 Et

2204 2523 2258 2565 tu
2275 2519 2333 2566 in.
2358 2524 2501 2567 terra
2529 2518 2734 2581 polluta
2756 2520 3023 2581 morieris,
3042 2523 3087 2565 et
3112 2518 3523 2581 Israelcaptivus
3547 2517 3802 2579 migrabit

2203 2590 2265 2639 de
2289 2596 2432 2639 terra
2446 2606 2564 2640 sua.
2581 2591 2725 2650 Quid
2743 2604 2875 2653 ergo
2902 2592 3003 2640 tibi
3021 2590 3257 2655 prodest
3283 2588 3477 2640 audire
3506 2588 3652 2639 nolle
3664 2591 3800 2649 quod

2203 2675 2437 2713 necesse
2460 2663 2677 2713 habeas
2692 2663 2994 2721 sustinere,
3020 2674 3154 2714 cum
3178 2675 3296 2712 non
3324 2668 3375 2712 te
3399 2662 3803 2713 denunciantis

2205 2736 2379 2785 verba
2403 2736 2676 2797 crucient,
2705 2736 2806 2785 sed
2847 2736 3091 2785 vulnera
3114 2734 3532 2798 persequentis.
3561 2733 3801 2785 Proinde

2202 2811 2267 2857 ut
2281 2807 2493 2857 sentias
2511 2806 2663 2857 nulla
2679 2806 3240 2871 arteimpendentem
3257 2806 3663 2858 removendam
3680 2821 3798 2853 sen-

2201 2879 2462 2937 tentiam,
2510 2880 2757 2942 prtcdico
2802 2880 3059 2931 omnium
3103 2884 3156 2930 te
3181 2878 3488 2929 affectuum
3517 2884 3801 2930 tormenta

2203 2964 2532 3012 sensurum,
2556 2952 2613 3002 id
2640 2957 2745 3015 est,
2768 2964 2900 3015 quae
2927 2956 3182 3011 maritus,
3201 2956 3669 3015 quaepatenqute
3690 2948 3801 3002 cla-

2202 3036 2301 3073 rus
2327 3023 2469 3073 civis
2495 3024 2759 3085 excipiat.
2812 3026 2963 3076 Uxor
2987 3024 3142 3074 enim
3183 3026 3281 3074 tua
3303 3035 3417 3074 non
3442 3022 3798 3074 clandestina

2202 3095 2558 3158 turpitudine
2576 3097 2881 3159 polluetur,
2910 3097 3009 3146 sed
3036 3096 3096 3146 in
3112 3095 3297 3146 medio
3309 3094 3467 3145 urbis
3488 3097 3794 3143 vincentium

2202 3168 2423 3219 libidini
2452 3169 2791 3231 subjacebit,
2817 3172 2874 3218 et
2900 3166 3109 3219 liberos
3138 3180 3265 3218 tuos
3290 3166 3531 3231 gladius,
3558 3172 3612 3216 te
3636 3179 3799 3230 spec-

2207 3244 2377 3301 tante,
2403 3240 2497 3291 cui
2523 3253 2638 3291 non
2668 3241 2836 3291 liceat
2864 3239 3075 3303 lugere,
3104 3239 3382 3291 vastabit:
3426 3242 3600 3301 tuque
3628 3238 3800 3291 simul

504 3304 630 3392 Ρίὶθτ
668 3303 777 3392 11οξ
807 3304 1442 3392 εῐίᾶξηιρΐορυθῐεξιυηξ,
1461 3303 1630 3392 (“clis
1656 3303 1879 3354 130111118
1897 3316 2101 3392 ,ωογς-
2128 3317 2177 3392 C
2203 3313 2479 3392 dedecore
2517 3317 2576 3364 et
2606 3312 2849 3392 orbitate
2867 3311 3163 3392 perculsus
3186 3312 3246 3363 in
3272 3316 3419 3363 terra
3440 3309 3658 3375 polluta
3682 3323 3798 3361 mo-

501 3376 726 3429 bantur.
744 3376 1079 3428 Sacerdotes
1098 3388 1231 3427 vero
1250 3378 1308 3426 et
1330 3375 1634 3438 Optimates
1647 3388 1777 3425 cum
1789 3376 1941 3438 regis
1959 3378 2097 3422 vitiis

501 3446 691 3499 favere
717 3447 1149 3510 contenderent,
1166 3450 1535 3509 respuebant,
1549 3446 1665 3497 imo
1681 3448 2094 3504 criminabantur,

500 3526 557 3572 et
588 3520 637 3570 si
662 3520 873 3579 liceret,
897 3520 1319 3570 interﬂciebant
1348 3520 1629 3569 salutares
1649 3519 1976 3582 magistros.
2006 3520 2097 3566 Sed

500 3591 762 3643 lectionis
787 3591 1050 3642 ordinem
1076 3601 1507 3653 prosequamur.
1529 3593 1671 3640 Cum
1697 3604 1831 3653 ergo
1855 3592 1923 3641 ad
1947 3593 2100 3643 Jero—

442 3672 447 3676 '
500 3664 673 3714 hoam
698 3676 912 3727 regem,
938 3663 1150 3725 quibus
1167 3663 1479 3713 adversum
1496 3663 1594 3712 Dei
1620 3664 1955 3726 prophetam
1978 3676 2099 3714 suc-

502 3736 668 3785 cendi
694 3739 910 3798 posset,
922 3733 1195 3785 mandata
1207 3733 1478 3797 misisset,
1492 3745 1609 3785 non
1624 3739 1930 3785 contentus
1945 3740 2094 3783 tinem

498 3808 731 3858 excitati
756 3807 923 3869 quasi
948 3806 1279 3857 certaminis
1294 3805 1640 3869 praestolari:
1659 3807 1757 3857 sed
1778 3812 1838 3857 ut
1853 3822 2098 3868 quocum-

496 3890 609 3941 que
632 3879 804 3930 modo
830 3880 917 3929 vir
929 3883 1163 3929 sanctus
1192 3878 1801 3943 l‘ugareturexoptans,
1820 3880 2095 3944 adipsum

495 3949 833 4002 conciliator
856 3950 1117 4003 accessit.

556 4023 719 4073 Vers.
757 4020 954 4077 12.43.
994 4050 1053 4059 —
1082 4022 1153 4071 Ei
1190 4021 1333 4070 dixit
1374 4023 1627 4071 Amasias
1674 4023 1747 4072 ad
1778 4024 1960 4087 Amos,
1992 4024 2096 4082 Qui

496 4093 656 4157 vides,
697 4094 942 4158 gradere,
978 4094 1105 4158 fuge
1152 4094 1211 4142 in
1237 4100 1440 4143 terram
1466 4095 1637 4155 Judaa,
1662 4096 1869 4143 comede
1896 4096 1966 4144 ibi
1986 4110 2094 4159 pa-

497 4180 640 4227 rtem,
668 4173 711 4214 et
730 4166 803 4214 ibi
828 4166 1193 4230 prophetabis.
1220 4167 1361 4215 Elin
1376 4167 1556 4215 Bethel
1570 4181 1681 4215 non
1705 4168 1925 4229 adficies
1951 4168 2095 4217 ultra

497 4243 556 4285 ut
568 4239 869 4301 prophetes,
887 4239 1019 4302 quia
1030 4238 1384 4300 sanctiﬁcatio
1395 4239 1534 4301 regis
1550 4244 1636 4299 est,
1663 4244 1709 4287 ct
1732 4239 1923 4288 domus
1942 4241 2096 4303 regni

494 4308 761 4360 Metuens
787 4310 976 4371 credo,
999 4322 1069 4359 ne
1092 4310 1414 4360 reverentia
1437 4310 1732 4373 prOphetaa
1749 4314 1921 4362 etiam
1946 4315 2096 4377 regis

489 4379 812 4445 indignatio
836 4381 1174 4445 frenaretur,
1200 4394 1301 4445 per
1324 4380 1579 4444 seipsum
1597 4384 2098 4438 tentaviteumex-

492 4453 716 4515 pellere,
753 4457 965 4503 etcum
990 4455 1206 4504 honore
1228 4454 1580 4517 compellans
1609 4470 1619 4505 :
1657 4456 1762 4516 Qui
1800 4458 1978 4520 vides,
2006 4462 2099 4521 abi

489 4524 699 4588 inquit,
724 4529 783 4576 et
816 4526 886 4576 ad
915 4525 1165 4578 vicinam
1190 4524 1358 4577 Judae
1387 4526 1629 4591 confuge
1653 4528 1962 4596 regionem,
1997 4538 2095 4589 ubi

491 4600 549 4670 et
574 4597 767 4670 vivere
798 4602 920 4649 tuto
934 4598 1127 4649 valeas
1144 4601 1200 4648 et
1222 4600 1441 4650 docere.
1462 4599 1582 4650 Hoc
1607 4600 1895 4663 veroloco,
1920 4604 1978 4655 id
2001 4618 2093 4670 est,

490 4668 707 4731 Bethel,
739 4669 797 4719 in
823 4682 938 4731 quo
952 4670 1192 4732 respicis
1215 4670 1406 4721 aulam
1432 4670 1785 4737 fabricatam,
1806 4680 1863 4726 et
1880 4668 2095 4732 sancti?

2200 3385 2379 3445 rieris,
2406 3384 2460 3434 id
2486 3391 2595 3447 est,
2620 3384 2713 3436 vel
2746 3384 2807 3434 in
2834 3385 2959 3447 ipsa
2987 3384 3325 3435 Judaeorum
3350 3385 3579 3447 regione
3622 3393 3798 3445 quam

2200 3456 2464 3508 videlicet
2500 3456 2656 3520 prius
2681 3454 2979 3519 sacrilegia
3001 3456 3236 3519 civium,
3264 3455 3531 3519 deinceps
3554 3467 3689 3506 vero
3715 3454 3797 3505 l'a-

2199 3531 2393 3580 cinora
2404 3529 2659 3580 hostium
2674 3529 3024 3593 polluerunt:
3047 3530 3137 3581 vel
3149 3533 3300 3579 certe
3324 3528 3382 3578 in
3400 3528 3656 3578 barbaris
3671 3527 3797 3577 [ini-

2198 3601 2325 3664 bus,
2352 3613 2499 3664 quos
2524 3614 2749 3665 semper
2763 3612 2896 3652 esse
2918 3600 2937 3630 ¹¹
2964 3600 3332 3665 politissimos
3357 3599 3715 3660 aestimastis,
3743 3604 3795 3649 et

2197 3672 2372 3724 Israel
2395 3674 2453 3723 in
2477 3672 2714 3724 exilium
2746 3673 2974 3725 turbine
2997 3672 3343 3737 captivitatis
3372 3672 3652 3736 abigetur.
3682 3670 3790 3723 Sed
3854 3696 3855 3703 ι

2197 3746 2501 3799 videamus
2524 3750 2583 3797 et
2609 3746 2844 3809 reliqua.

2786 3871 3020 3922 CAPUT
3056 3871 3204 3922 VIII.

2260 3964 2419 4014 Vers.
2449 3960 2581 4016 1.-3.
2607 3989 2669 3999 -
2708 3961 2827 4010 Haec
2848 3960 3073 4009 ostendit
3096 3960 3237 4009 mihi
3271 3961 3537 4010 Dominus
3572 3961 3725 4025 Deus,
3751 3970 3791 4011 et

2195 4050 2302 4084 ecce
2316 4035 2552 4083 uncinus
2561 4048 2869 4098 pomorum.
2883 4033 2949 4080 Et
2966 4032 3107 4082 dixit
3130 4033 3301 4091 :Quid
3319 4037 3375 4081 tu
3400 4033 3560 4099 vides,
3581 4035 3749 4085 Amos
3769 4038 3793 4086 ‘t

2194 4110 2261 4159 Et
2286 4108 2425 4164 disci,
2455 4106 2700 4156 Uninum
2720 4120 3026 4169 pomorum.
3053 4104 3119 4153 Et
3138 4104 3558 4155 dixitDominus
3587 4108 3662 4156 ad
3693 4124 3791 4171 me,

2207 4182 2354 4232 Venit
2381 4179 2509 4241 ﬁnis
2524 4193 2683 4242 super
2705 4176 2971 4242 populum
2994 4191 3173 4225 meum
3197 4177 3360 4225 Israel
3377 4195 3386 4226 :
3403 4192 3515 4227 non
3532 4180 3787 4243 adjiciam

2197 4254 2343 4302 ultra
2357 4258 2794 4315 utpertranseam
2819 4264 2956 4299 cum.
2990 4249 3057 4298 Et
3080 4248 3377 4298 strideb-unt
3394 4250 3639 4300 cardines
3664 4259 3790 4301 tem-

2195 4326 2273 4390 pli
2309 4326 2368 4372 in
2398 4324 2482 4372 die
2504 4322 2617 4381 illa,
2644 4322 2773 4371 dicit
2794 4322 3063 4371 Dominus
3084 4322 3223 4371 Deus
3252 4338 3261 4370 :
3290 4321 3445 4370 mulli
3470 4324 3787 4374 morientur.

2196 4399 2255 4446 in
2277 4396 2428 4445 omni
2451 4396 2558 4445 loco
2586 4394 2901 4459 projicietur
2923 4393 3216 4443 silentium.
3244 4394 3520 4456 Usquead
3545 4408 3790 4459 praesen-

2198 4474 2314 4521 tem
2330 4467 2520 4518 locum
2546 4465 2983 4518 denuntiaverat
3005 4465 3379 4528 calamitates,
3396 4478 3529 4529 quae
3548 4470 3789 4517 debeban-

2200 4546 2292 4593 tur
2304 4538 2896 4601 criminibusﬁxaque
2909 4539 3105 4589 aeterni
3114 4536 3324 4600 judicis
3339 4540 3621 4591 sententia
3632 4544 3788 4590 conti-

2193 4613 2334 4674 neri,
2354 4617 2418 4663 ut
2442 4611 2663 4676 profani
2685 4610 3018 4671 neutiquam
3043 4608 3354 4660 evaderent
3376 4610 3658 4674 impuniti.
3680 4613 3783 4665 Sed

2195 4698 2329 4735 cum
2355 4684 2523 4747 longa
2545 4684 2652 4733 hoc
2671 4684 2965 4731 sonuisset
2989 4682 3078 4732 vis
3096 4680 3384 4743 orationis,
3401 4695 3557 4733 nunc
3576 4684 3698 4746 jam
3716 4684 3788 4735 fe-

491 4739 791 4821 licationes
816 4742 985 4821 regis,
1006 4742 1270 4821 Videlicet
1295 4742 1683 4821 simulacrum,
1699 4748 1865 4810 cujus
1884 4764 2089 4805 sumus
2115 4747 2170 4821 D
2194 4739 2500 4809 rendaruin
2519 4766 2821 4820 poenarum
2840 4753 3090 4805 vicinum
3116 4753 3290 4803 etiam
3313 4739 3537 4818 tempus
3552 4739 3783 4811 ostendit,

492 4810 818 4864 cultuicum
846 4814 972 4878 ipso
984 4813 1235 4879 principe
1254 4817 1581 4881 mancipati,
1624 4831 1694 4869 ne
1717 4832 1923 4884 pergas
1942 4824 2090 4876 ulte-

491 4883 609 4958 rius
626 4885 920 4958 ejusmodi
942 4887 1182 4939 vocibus
1209 4901 1532 4953 personare,
1556 4902 1704 4952 quas
1717 4883 2091 4958 nequaquam

493 4957 593 5008 tibi
614 4956 759 5010 forte
788 4958 1104 5022 impunitas
1137 4960 1442 5023 intelliges.

554 5030 713 5081 Vers.
744 5029 827 5084 14.
856 5030 942 5085 15.
974 5060 1034 5068 -
1058 5032 1347 5096 Respondit
1369 5034 1554 5093 Amos,
1580 5038 1625 5082 et
1651 5035 1790 5083 dixit
1828 5039 1901 5088 ad
1920 5038 2090 5089 Ama-

488 5099 797 5174 siamzNon
828 5118 949 5152 sum
972 5105 1253 5169 propheta,
1281 5108 1326 5151 et
1350 5120 1462 5152 non
1486 5118 1608 5152 sum
1631 5106 1778 5166 ﬁlius
1798 5112 2083 5174 prophetae,

487 5172 577 5221 sed
597 5175 965 5223 armentarius
986 5190 1077 5238 ego
1097 5189 1237 5233 sum,
1262 5175 1511 5225 vellicans
1532 5172 1852 5240 sycomoros.
1879 5172 1944 5230 Et
1967 5184 2088 5233 tulit

488 5258 571 5292 me
595 5245 1486 5311 Dominuscumscquerergiegcm,
1506 5255 1550 5297 et
1568 5250 1709 5299 dixit
1727 5253 1797 5300 ad
1819 5267 1921 5317 me,
1947 5256 2087 5307 Vade

390 5326 393 5329 '
481 5318 746 5381 propheta
771 5318 844 5367 ad
867 5318 1130 5381 pupulum
1165 5333 1345 5367 meum
1364 5320 1546 5372 Israel.
1572 5323 1654 5372 De
1685 5328 2086 5380 occasionibus

486 5390 929 5462 responsionum
945 5391 1114 5441 etiam
1140 5402 1272 5455 quae
1300 5392 1469 5443 tacita
1485 5398 1621 5444 sunt
1646 5394 1985 5462 plerumque
2000 5402 2087 5451 in-

489 5461 797 5525 telligenda
831 5470 1190 5525 succurrunt,
1219 5466 1367 5516 sicut
1389 5478 1542 5517 nunc
1566 5470 1857 5532 propheta,
1883 5461 2011 5524 cum
2032 5475 2083 5525 ei

487 5543 737 5605 aruspex
751 5532 995 5605 dixisset
1018 5540 1084 5586 ut
1108 5535 1346 5600 fugeret,
1358 5540 1659 5602 respondit
1673 5555 1779 5593 nec
1791 5556 1853 5594 se
1870 5544 1939 5595 de
1965 5560 2083 5605 pro-

486 5603 792 5666 phetarum
805 5604 1151 5660 descendere
1168 5609 1360 5674 stirpe,
1378 5624 1485 5662 nec
1500 5612 1605 5662 hoc
1618 5626 1833 5665 munus
1845 5617 1916 5667 ab
1934 5603 2081 5667 initio

491 5677 834 5742 suscepisse,
851 5691 958 5731 nec
969 5679 1098 5733 ideo
1118 5684 1308 5732 tamen
1324 5683 1491 5747 quasi
1506 5684 1648 5736 falsa
1672 5687 2081 5741 vaticinantem

552 5825 570 5845 ·
594 5817 872 5873 Edisserit
894 5822 1343 5887 subsequentem
1372 5825 1725 5880 versiculum
1744 5828 1828 5884 10.
1846 5829 1913 5879 Et
1936 5833 2081 5883 misit

489 5887 744 5965 Amasias
756 5895 997 5965 sacerdos
1011 5895 1192 5945 Bethel
1219 5899 1291 5946 ad
1313 5897 1598 5949 Jeroboam
1616 5915 1790 5965 regem
1813 5902 1979 5954 Israel
1995 5906 2082 5955 di-

491 5972 626 6022 cens,
640 5960 920 6015 Rebellavit
935 5971 1123 6017 contra
1138 5972 1182 6016 te
1207 5970 1370 6019 Amos
1390 5970 1449 6020 in
1471 5970 1641 6022 medio
1666 5960 1855 6024 domus
1878 5975 2040 6029 Israel
2065 5996 2078 6029 :

2192 4842 2259 4880 ac
2285 4828 2603 4880 secundum
2630 4838 2846 4877 morem
2872 4826 3297 4889 prophetarum,
3325 4826 3631 4889 imaginem
3653 4839 3783 4891 quae

2187 4900 2441 4964 idipsum
2473 4899 2835 4961 exprimeret,
2869 4896 3194 4947 intromisit.
3245 4897 3402 4948 Sicut
3431 4900 3585 4948 enim
3611 4912 3782 4962 supra

2191 4970 2357 5022 trulla
2374 4970 2724 5021 caimentarii
2737 4980 2933 5019 curam
2948 4968 3321 5031 providentiae
3332 4971 3778 5034 publicavit,quam

2188 5044 2259 5095 de
2294 5054 2470 5094 manu
2496 5054 2602 5093 sua
2622 5041 2804 5105 judex
2828 5040 3341 5103 subindignalione
3364 5040 3657 5105 deponens
3681 5043 3780 5093 do-

2187 5116 2322 5173 cuit,
2355 5114 2508 5177 quod
2535 5126 2633 5165 eos
2654 5115 2774 5177 jam
2799 5117 3089 5177 protegere
3114 5114 3486 5164 cessavisset:
3526 5114 3606 5166 ita
3626 5128 3775 5166 nunc

2186 5188 2540 5239 vicinitatem
2559 5187 2939 5237 damnationis
2965 5184 3297 5241 ostendens,
3326 5186 3596 5250 corripuit
3621 5187 3774 5237 unci—

2185 5271 2323 5310 num
2354 5271 2672 5322 pomorum,
2699 5257 2756 5307 id
2780 5262 2885 5318 est,
2914 5270 3085 5320 quem
3108 5256 3185 5307 illi
3209 5258 3417 5308 habere
3454 5257 3660 5315 solent,
3682 5257 3773 5321 qui

2186 5330 2503 5381 escendunt
2541 5329 2601 5380 in
2625 5331 2857 5381 arbores
2892 5334 2955 5380 ut
2979 5342 3148 5393 poma
3171 5329 3539 5393 distringant,
3564 5335 3621 5382 et
3645 5331 3772 5394 quia

2186 5401 2737 5466 perteneritudmem
2768 5414 3057 5453 ramorum
3084 5403 3416 5465 progrediad
3434 5409 3650 5450 extrema
3674 5416 3768 5450 non

2185 5479 2445 5539 possunt,
2462 5475 2916 5526 consistentesin
2934 5473 3136 5539 solido,
3154 5474 3225 5523 ad
3239 5487 3299 5525 se
3312 5474 3767 5534 inﬂectuntcapitu

2184 5558 2495 5606 ramorum,
2528 5559 2698 5609 poma
2735 5558 2867 5609 qum
2898 5551 3121 5596 matura
3151 5546 3397 5597 viderint
3424 5547 3765 5611 colligentes.

2184 5621 2331 5683 Ergo
2356 5631 2486 5669 cum
2511 5623 2561 5670 et
2589 5619 2773 5683 judex
2796 5619 3178 5683 aiternusjam
3201 5623 3581 5683 Opportunam
3602 5632 3762 5668 cerne-

2180 5696 2267 5744 ret
2282 5691 2578 5752 ultionem,
2594 5692 2761 5756 quasi
2771 5692 3123 5744 maturuisse
3142 5692 3215 5744 ad
3228 5692 3650 5756 suscipiendam
3664 5704 3763 5741 eam

2179 5852 2291 5887 non
2313 5837 2506 5903 poterit
2532 5842 2675 5888 terra
2699 5839 2960 5889 sustinere
2988 5839 3265 5889 universos
3287 5853 3554 5889 sermones
3576 5838 3702 5904 ejus.

2244 5910 2263 5939 ι³
2288 5910 2535 5962 Omnino
2560 5910 2794 5963 rescribi
2818 5911 2989 5966 velim
3012 5911 3410 5977 pollutissimos,
3436 5913 3554 5965 toto
3569 5912 3629 5963 id
3642 5913 3764 5963 Pro-

2179 5980 2372 6047 pheta:
2399 5987 2573 6047 atque
2600 5984 2931 6049 Interpretis
2953 5989 3229 6037 contextu
3252 5984 3531 6048 exigente.
