3894 6426
132 428 156 482 1
167 427 278 484 093

1325 431 1396 482 ΙΝ
1432 431 1628 482 AMOS
1671 430 2251 483 COMMENTARIUS.

3285 434 3427 490 1094

133 539 385 619 populos
410 539 540 619 fecit
569 538 829 619 intelligi,
857 539 1305 619 pronunciatque
1317 553 1529 619 munus
1543 555 1738 593 susce—
1759 549 1810 619 Α
1835 541 2049 619 scelera
2065 542 2651 619 miscuistispuando
2667 541 2819 594 enim
2841 542 3082 619 aiebatis
3115 560 3125 592 :
3161 544 3427 598 Transibit

133 613 293 677 pisse
312 612 715 670 vindictsemec
731 611 968 662 ulterius
982 612 1330 676 impunitum
1346 614 1575 661 Israelem
1591 629 1733 674 posse

132 685 473 735 consistere.
504 684 629 732 Non
655 682 915 745 adjiciam
941 683 1086 731 ultra
1130 688 1183 731 ut
1216 691 1582 747 perlranseam
1611 699 1734 732 cum

133 757 289 806 sicut
301 754 918 816 videlicet,collectores
931 767 1228 817 pomorum
1243 767 1374 818 quae
1385 759 1442 804 ad
1453 759 1479 802 h
1489 772 1547 803 uc
1560 759 1734 804 acerba

135 827 356 884 vident,
393 831 818 890 pertranseunt,
835 838 967 888 quae
983 839 1116 876 vero
1129 827 1399 877 suntesui
1415 832 1547 890 apta
1561 830 1735 875 decer-

137 905 302 963 punt.
330 901 478 962 Ergo
503 911 623 961 jam
649 897 1200 961 tempusimplendze
1217 900 1515 948 sententiae
1542 897 1734 948 uncini

136 973 322 1022 forma
344 970 693 1021 monstravit
719 987 730 1018 :
758 982 857 1020 eos
883 969 1112 1029 scilicet,
1141 971 1238 1033 qui
1263 971 1602 1022 videbantur
1627 972 1734 1020 llo-

136 1054 261 1094 rere
285 1043 503 1094 divitiis
529 1045 584 1092 et
617 1043 688 1092 ab
716 1041 908 1091 undare
934 1039 1108 1107 547
1129 1042 1279 1104 iiliis,
1297 1041 1370 1092 ad
1393 1041 1582 1092 debita
1607 1055 1738 1105 sup-

137 1113 304 1177 plicio
332 1113 736 1177 pertrahentis.
765 1111 1074 1162 Stridebunt
1098 1114 1344 1162 cardines
1369 1113 1550 1177 templi
1566 1113 1625 1160 in
1651 1112 1736 1161 die

141 1184 238 1233 illa
267 1185 400 1234 dicit
429 1185 724 1244 Dominus;
761 1183 919 1231 multi
951 1185 1292 1232 morientur:
1329 1186 1388 1232 in
1435 1185 1587 1234 omni
1627 1183 1736 1234 loco

138 1257 475 1320 projicietur.
501 1255 778 1304 silentium
813 1257 925 1306 Nec
947 1255 1242 1317 anibigum
1275 1259 1464 1320 putes,
1495 1269 1527 1306 0
1554 1260 1615 1306 tu
1640 1268 1739 1318 p0-

138 1329 289 1392 pule,
325 1327 465 1390 quid
489 1327 615 1378 haec
645 1327 838 1378 uncini
863 1328 1044 1378 forma
1065 1328 1394 1378 denuntiet:
1430 1327 1737 1377 Stridebunt

137 1401 388 1449 cardines
405 1399 589 1462 templi
607 1412 620 1448 :
637 1398 694 1449 id
717 1403 823 1458 est,
848 1412 981 1450 cum
1006 1400 1246 1451 urbibus
1269 1399 1510 1450 delubra
1524 1401 1736 1462 omnia,

136 1472 194 1522 in
236 1471 452 1534 quibus
489 1471 681 1530 ﬁditis,
721 1469 1106 1522 destruentur.
1135 1483 1326 1534 neque
1354 1471 1508 1522 enim
1542 1471 1738 1533 janum

139 1555 339 1594 eorum
355 1541 572 1595 sensim
588 1555 688 1606 pro
706 1544 1106 1594 venerantium
1118 1543 1484 1594 recludentur
1498 1545 1700 1594 ol‘tlciis
1725 1557 1738 1594 :

140 1619 416 1666 caeterum
442 1614 500 1665 vi
525 1616 983 1678 expugnantium
1001 1613 1352 1677 dissilibunt,
1366 1619 1423 1666 et
1437 1617 1740 1677 profanum

143 1686 352 1751 vulgus
369 1687 611 1737 confusa
626 1685 784 1738 cmde
798 1687 1099 1737 morietur:
1127 1686 1323 1750 sicque
1339 1687 1589 1751 compita
1609 1698 1742 1750 qua)

144 1757 510 1810 multitudine
551 1757 764 1809 civium
791 1759 1240 1822 perstrepebant,
1267 1759 1494 1822 lugubri
1520 1756 1744 1809 silentio

143 1841 268 1881 com
276 1830 485 1893 plebun
495 1833 599 1880 tur.
611 1829 908 1880 Videretur
918 1834 1112 1880 autem
1123 1829 1354 1880 nomine
1371 1830 1584 1893 templi,
1599 1831 1744 1887 cujus

142 1902 221 1995 ait
243 1900 512 1995 ca‘rdinesa
531 1899 786 1995 stridere,
809 1900 1232 1995 Judaiquolque
1257 1901 1657 1995 calamitatem,
1683 1905 1741 1951 et
1769 1921 1823 1995 B

149 1972 341 2036 templi
363 1971 516 2036 apud
537 1973 852 2023 Jerusalem
876 1973 1066 2036 positi,
1091 1973 1428 2024 denuntiare
1446 1976 1737 2035 perniciem.

146 2044 257 2095 nisi
281 2048 438 2095 totus
455 2043 576 2107 ipse
598 2048 908 2095 contextus
923 2044 1122 2096 decem
1139 2045 1366 2109 magnis
1383 2049 1614 2094 tribubus
1627 2060 1742 2093 con-

150 2115 382 2166 veniret.
411 2116 558 2179 Ergo
575 2115 704 2178 ejus
724 2116 983 2168 cardines
1003 2116 1195 2181 templi
1212 2120 1568 2166 convellendas
1595 2119 1740 2181 dixit,

147 2189 217 2238 de
262 2199 381 2250 quo
426 2190 482 2238 et
527 2187 790 2252 superius
835 2189 916 2240 ait
951 2189 1100 2253 (Cap.
1127 2193 1234 2240 ’1.υ.
1259 2190 1350 2252 9.),
1378 2190 1745 2239 Demolicntur

145 2258 348 2308 excelsa
385 2258 536 2319 idoli,
582 2264 628 2308 et
661 2260 1109 2323 sanctiﬁcationes
1140 2261 1305 2310 Israel
1343 2261 1742 2323 desolabuntur,

148 2336 202 2381 et
249 2333 382 2394 post
407 2338 425 2358 '
450 2343 634 2394 pauca
677 2331 964 2396 apertius:
997 2332 1100 2390 Qui
1123 2332 1336 2396 juravtt
1359 2334 1417 2382 in
1442 2333 1625 2382 delicto
1652 2332 1746 2381 Sa-

147 2403 358 2465 maria,
382 2405 438 2452 et
468 2402 616 2453 dixit
647 2416 659 2453 :
714 2404 848 2454 Vivit
872 2404 1139 2452 Dominus
1161 2403 1300 2453 Deus
1325 2410 1466 2470 tuus,
1492 2405 1632 2468 Dan,
1652 2405 1747 2453 viae

148 2473 415 2522 Bersabeaa
436 2474 642 2537 cadent,
666 2479 710 2522 ct
737 2490 845 2523 non
861 2481 1138 2540 resurgenl
1160 2476 1324 2526 ultra.

212 2545 378 2596 Vers.
403 2545 455 2598 4.
485 2545 537 2599 6.
574 2573 634 2581 -
656 2546 852 2595 Audite
875 2548 996 2606 hoc,
1020 2547 1117 2610 qui
1141 2547 1410 2595 conterilis
1430 2561 1745 2612 pauperem,

146 2621 193 2665 et
241 2617 458 2679 deﬁcere
501 2616 684 2679 facilis
726 2633 916 2682 egenos
957 2624 1122 2681 terrae,
1168 2619 1408 2668 Dicentes
1459 2636 1470 2668 :
1517 2620 1746 2678 Quando

147 2687 400 2738 transibit
443 2691 661 2750 mensis,
705 2696 750 2739 et
792 2690 1226 2739 venundabimus
1251 2705 1442 2740 merces
1468 2706 1480 2742 :
1512 2696 1556 2740 el
1588 2690 1750 2741 Saba-

146 2762 326 2823 thum,
356 2767 401 2809 et
429 2761 731 2825 aperiemus
747 2761 1106 2824 frumentum,
1119 2763 1752 2812 ulimminuamusmen-

145 2846 363 2892 suram,
397 2839 442 2880 et
469 2848 767 2896 augeamus
790 2834 999 2894 siclum,
1047 2839 1092 2883 et
1123 2849 1497 2899 supponamus
1529 2840 1752 2884 stateras

148 2904 381 2954 dolosas.
415 2904 478 2953 Ut
509 2905 876 2969 possideamus
899 2905 960 2954 in
988 2911 1209 2969 argento
1237 2921 1439 2970 egenos,
1474 2912 1519 2954 et
1541 2921 1751 2970 paupe-

149 2991 236 3026 res
277 2991 378 3041 pro
410 2975 796 3038 calceamentis,
837 2981 886 3026 et
908 2977 1236 3042 quisquilias
1265 2977 1529 3040 frumenti
1553 2978 1754 3026 venda-

155 3062 300 3097 mus.
319 3047 525 3099 Iisdem
541 3049 768 3112 regulis,
785 3048 994 3112 quibus
1008 3048 1312 3100 institutus
1325 3054 1430 3111 est,
1448 3051 1754 3110 prophetalis

161 3132 356 3172 sermo
367 3121 707 3181 contexitur,
727 3125 791 3172 ut
806 3133 1139 3184 quanquam
1155 3134 1326 3184 super
1340 3122 1531 3172 omnia
1543 3122 1756 3169 crimina

160 3195 386 3245 cultum
404 3196 636 3244 accuset
656 3190 958 3255 idolorum,
983 3204 1099 3255 quo
1123 3193 1404 3252 videlicet,
1423 3191 1751 3244 deserentes

161 3266 367 3327 Deum,
392 3263 778 3328 profanissimi
799 3264 1184 3316 reddebantur
1201 3281 1213 3316 :
1235 3272 1423 3316 tamen
1439 3265 1611 3317 etiam
1626 3267 1753 3314 alias

1831 614 2044 682 mensis,
2071 619 2116 661 et
2137 613 2569 664 venundabimus
2594 629 2812 664 merces:
2833 620 2878 662 et
2899 615 3206 676 subat/tum,
3230 622 3276 664 et
3304 633 3425 682 ape-

1826 680 2030 734 rien‘tus
2048 685 2404 747 frumentum,
2426 691 2481 734 ut
2504 687 2903 734 imminuanius
2922 701 3254 748 mensuram,
3270 680 3428 738 elau-

1827 772 2047 820 gerimus
2088 758 2280 805 sictum
2309 763 2352 806 ct
2389 773 2762 821 supponumus
2798 763 3025 806 slaleras
3049 758 3276 810 dolosas.
3302 762 3430 812 Non

1828 829 2020 878 minus
2047 842 2180 892 ergo
2201 829 2404 880 avariti
2425 845 2458 891 l,
2477 841 2651 892 quam
2669 829 2967 892 iniquitate
2989 836 3295 892 peccantes
3318 846 3427 896 pu-

1829 898 2034 950 blicam
2052 901 2442 964 expectabatis
2461 906 2517 952 et
2541 901 2826 964 optabatis
2841 901 3094 964 inopiam
3109 915 3120 952 :
3137 917 3428 963 quanquam

1828 971 2271 1022 luxuriosissimi
2302 985 2513 1036 perque
2533 972 2640 1022 hoc
2661 971 3011 1034 inertissiini,
3042 977 3236 1024 tamen
3263 975 3431 1028 fasti-

1829 1041 2073 1093 diebatis
2089 1043 2226 1094 feria
2241 1046 2668 1101 sabbatliorum,
2687 1043 2822 1106 quia
2837 1044 3049 1094 indicto
3067 1047 3202 1102 otio,
3225 1060 3326 1093 uno
3338 1047 3431 1094 sal-

1833 1116 1946 1164 tem
1977 1113 2068 1164 die
2087 1126 2190 1164 vos
2211 1127 2245 1164 a
2273 1114 2568 1164 fraudibus
2589 1114 2977 1164 continebant.
3006 1117 3151 1178 Ergo
3182 1116 3434 1179 increpa-

1835 1185 2001 1248 batis,
2026 1185 2229 1248 inquit,
2256 1186 2611 1238 transeuntis
2636 1185 2735 1236 otii
2761 1186 3203 1238 tarditatemzad
3231 1195 3433 1236 actuosa

1833 1255 2105 1307 nimirum
2142 1263 2396 1322 tempora
2434 1258 2788 1316 festinantes,
2820 1255 2880 1306 in
2915 1256 3125 1320 quibus
3155 1257 3431 1309 esurienti

1834 1326 2043 1390 pOpulo
2068 1329 2291 1391 magnis
2308 1327 2510 1392 preciis
2528 1326 2850 1379 venderetis
2867 1339 2981 1377 non
3007 1330 3192 1378 solum
3213 1332 3435 1378 frumen-

1837 1404 1911 1461 ta,
1939 1398 2039 1449 sed
2071 1400 2242 1450 etiam
2267 1400 2628 1462 quisquilias,
2653 1412 2800 1462 quas
2828 1403 3029 1462 utique
3045 1401 3318 1463 projicere
3343 1411 3436 1451 so—

1835 1470 2057 1531 lebatis,
2079 1470 2216 1522 talia
2229 1471 2380 1534 apud
2395 1483 2498 1522 vos
2511 1470 2906 1534 mutuainiqui
2916 1475 3028 1522 tate
3042 1474 3359 1535 meditantes,
3377 1479 3430 1520 ut

1836 1543 2178 1605 possideatis
2201 1543 2259 1593 in
2293 1546 2529 1606 argento
2551 1553 2782 1604 egenos,
2809 1546 2868 1593 et
2890 1555 3170 1606 pauperes
3193 1556 3295 1607 pro
3318 1543 3435 1594 cal-

1839 1615 2168 1665 ceamentis.
2195 1616 2338 1665 Cum
2367 1627 2502 1676 ergo
2527 1627 2633 1666 vos
2655 1613 2735 1664 ita
2748 1613 3042 1677 gesseritis
3054 1613 3436 1667 humanitatis

1838 1687 2118 1745 inimicos,
2168 1690 2232 1737 ut
2275 1698 2390 1748 quo
2435 1685 2608 1736 eratis
2653 1685 2876 1736 caeteris
2906 1684 3162 1750 ditiores,
3189 1686 3298 1738 hoc
3330 1697 3438 1738 vos

1841 1756 2186 1808 crudeliores
2230 1757 2441 1808 civium
2473 1756 2639 1807 turba
2662 1756 2933 1808 sentiret:
2959 1760 3017 1808 et
3040 1769 3148 1809 nec
3169 1757 3297 1822 ipsa
3329 1769 3437 1810 vos

1843 1842 2031 1880 rerum
2049 1840 2212 1892 copia
2232 1827 2305 1879 ad
2328 1827 2690 1890 largiendum
2705 1831 2950 1890 vocaret,
2967 1827 3191 1880 debetis
3216 1829 3436 1890 profecto

1845 1898 2064 1948 nullam
2107 1897 2387 1961 consequi
2421 1899 2494 1947 ab
2519 1901 2735 1949 mterno
2756 1896 2947 1959 judice
2972 1899 3438 1958 misericordiam,

1847 1981 2021 2033 quam
2065 1971 2344 2033 proximis
2391 1968 2601 2019 vestris
2637 1971 2799 2020 tanta
2821 1967 3224 2034 obstinatione,
3252 1973 3438 2022 tanta-

1839 2054 1951 2104 que
1972 2041 2330 2104 impudentia
2349 2038 2700 2104 denegastis.

1905 2115 2065 2164 Vers.
2093 2113 2142 2166 7.
2182 2140 2242 2151 —
2272 2113 2489 2162 Juravit
2520 2111 2788 2160 Dominus
2821 2109 2881 2158 in
2914 2110 3221 2174 superbiam
3259 2111 3440 2163 Jacob.

1839 2185 1886 2234 si
1908 2185 2099 2234 oblitus
2127 2185 2284 2248 fuero
2321 2199 2488 2248 usque
2504 2183 2579 2232 ad
2599 2184 2764 2246 ﬁnem
2787 2181 2979 2230 omnia
3003 2197 3166 2246 opera
3189 2197 3378 2232 earum
3403 2191 3438 2235 ⁸.

1843 2257 2294 2319 Magnitudinem
2305 2254 2626 2318 iniquitatis
2642 2258 2776 2315 tum,
2789 2263 2822 2303 ο
2840 2252 3034 2312 Israel,
3049 2255 3292 2302 Creatoris
3305 2256 3443 2302 indi-

1842 2327 2038 2395 gnatio
2070 2326 2398 2392 publicavit,
2417 2325 2516 2389 qui
2531 2337 2592 2376 se
2607 2325 2782 2395 etiam
2798 2323 3177 2374 obtestatione
3193 2328 3442 2372 constrin-

1843 2393 1948 2457 xit.
1974 2400 2130 2464 quod
2153 2398 2348 2450 nullus
2375 2396 2747 2448 totmalorum
2765 2393 3440 2446 immemorredderetur:

1846 2473 1948 2526 sed
1971 2473 2154 2524 donec
2177 2471 2409 2523 ultimos
2433 2481 2532 2520 eos
2559 2467 2746 2517 finiret
2757 2466 2950 2527 exitio,
2973 2466 3089 2517 vim
3119 2467 3440 2518 severitatis

1845 2543 2188 2597 intenderet.
2213 2541 2394 2594 Simul
2408 2541 2579 2592 etiam
2605 2539 2847 2590 latentes
2873 2551 3100 2590 reorum
3124 2539 3343 2590 detexit
3357 2537 3442 2590 af-

1844 2617 2049 2675 fectus,
2077 2615 2177 2678 qui
2199 2626 2332 2665 cum
2357 2615 2691 2664 viderentur
2712 2609 2772 2660 in
2796 2609 2990 2660 fraude
3015 2621 3440 2671 mensurarum,

1847 2695 1904 2742 et
1928 2687 2242 2753 ponderum
2267 2698 2368 2750 per
2390 2686 2572 2736 solam
2595 2681 2899 2736 avaritiam
2919 2681 3252 2745 deliquisse,
3267 2682 3327 2732 in
3345 2694 3440 2732 su-

1846 2762 2102 2827 perbiam
2125 2771 2321 2811 eorum
2349 2771 2411 2808 se
2437 2760 2826 2827 surrecturum
2838 2753 3445 2827 minaturzostendens

1849 2823 2120 2899 profecto,
2168 2833 2304 2894 quia
2345 2838 2648 2890 nunquam
2683 2823 2776 2899 illi
2805 2828 2887 2876 tot
2917 2825 3175 2889 crimina,
3201 2826 3314 2876 nisi
3335 2837 3445 2899 per

1850 2897 2203 2956 contemtum
2232 2901 2376 2964 legis
2419 2898 2806 2958 admitterent,
2844 2899 3019 2958 atque
3047 2901 3107 2947 ut
3142 2897 3444 2960 pecuniam

1849 2977 2172 3036 immodice,
2199 2975 2277 3024 ita
2309 2971 2481 3023 etiam
2497 2973 2784 3034 praecepta
2799 2967 2896 3018 Dei
2915 2968 3101 3018 viliter
3121 2970 3442 3016 instituerent.

1852 3050 1979 3100 Non
2021 3049 2125 3108 est,
2155 3043 2360 3108 inquit,
2408 3042 2562 3106 quod
2595 3051 2796 3091 eorum
2833 3039 3045 3090 fastum
3077 3039 3446 3090 contumeliis

1853 3120 2086 3184 inopum
2114 3114 2450 3174 terminatis,
2474 3115 2645 3177 longe
2668 3109 2908 3162 ulterius
2934 3110 3217 3184 effrenata
3235 3109 3448 3174 impio-

1851 3181 1983 3244 rum
2023 3189 2304 3256 processit
2330 3185 2587 3243 audacia,
2633 3186 2897 3256 nostrum
2931 3181 3170 3244 inquam
3204 3182 3448 3232 hausere

1855 3255 2232 3316 contemtum:
2259 3261 2488 3324 prOpter
2516 3256 2672 3320 quod
2695 3255 3172 3317 merito,quisum
3198 3255 3450 3314 inspector

159 3337 298 3413 vitm
323 3324 531 3413 partes,
549 3336 608 3387 id
623 3342 730 3413 est,
744 3336 960 3413 reliqua
975 3349 1200 3413 morum
1213 3337 1419 3413 delicta
1428 3350 1547 3413 non
1559 3338 1749 3388 sileat:
1777 3337 1826 3413 ρ
1851 3336 2188 3395 animorum,
2199 3330 2552 3413 superbiam
2571 3338 2769 3407 eorum
2790 3324 3075 3413 ῖςίεῆξιεξιφΐξ
3112 3324 3381 3413 eligam-gi,
3393 3325 3450 3413 ἔτι

157 3409 360 3471 sicque
387 3408 482 3459 vel
518 3408 800 3470 ostendat,
827 3409 962 3472 quia
980 3409 1375 3469 magisterium
1404 3409 1551 3472 legis
1576 3421 1754 3460 sacrae

161 3479 432 3532 vitiorum
443 3491 637 3531 amore
649 3479 1075 3542 contemserint,
1089 3479 1178 3533 vel
1194 3481 1395 3544 quales
1412 3493 1636 3532 morum
1651 3483 1760 3529 fru-

159 3556 296 3604 ctus
342 3551 605 3615 impietas
651 3552 914 3616 proferat,
959 3564 1092 3616 quae
1131 3551 1264 3604 licet
1297 3565 1395 3616 per
1415 3565 1618 3604 omnes
1643 3552 1758 3606 fere

160 3622 384 3688 species
431 3624 814 3687 improbitatis
847 3630 1112 3689 vagetur,
1147 3630 1341 3676 tamen
1381 3637 1500 3690 prae
1533 3625 1758 3676 caeteris

157 3694 422 3747 avaritiaa
449 3695 639 3763 studet
665 3711 678 3746 :
705 3707 838 3758 qum
863 3703 921 3747 et
943 3697 1098 3760 apud
1123 3699 1463 3762 Apostolum
1489 3697 1761 3746 idolorum

157 3767 390 3816 servitus
413 3771 652 3818 vocatur
677 3767 812 3827 (Gal.
839 3765 889 3820 ὃ.
923 3766 1028 3832 ‘20.)
1056 3769 1204 3830 Ergo
1219 3773 1277 3819 et
1299 3769 1392 3820 hic
1411 3781 1599 3820 sermo
1622 3771 1762 3817 divi-

160 3850 280 3890 nus
315 3850 447 3888 cum
473 3838 780 3902 sacrilegos
803 3840 1106 3902 arguisset,
1140 3841 1337 3902 eisque
1363 3853 1482 3903 jam
1508 3841 1760 3892 vicinum

164 3912 488 3962 minaretur
497 3911 758 3974 exitium,
771 3911 1116 3962 exclamavit
1133 3913 1340 3973 subito,
1354 3911 1521 3975 quasi
1534 3912 1632 3974 qui
1646 3926 1764 3970 pro-

165 3981 437 4034 fanorum
463 3980 633 4034 vellet
648 3995 913 4047 rumpere
935 3982 1296 4046 surditatem,
1317 3987 1382 4034 ut
1406 3985 1454 4034 si
1479 3983 1550 4034 de
1566 3985 1765 4032 studio-

165 4066 301 4106 rum
347 4053 568 4104 meritis
607 4053 868 4118 judicare
900 4055 1275 4119 negligerent,
1311 4054 1406 4106 sed
1447 4066 1578 4118 quae
1603 4058 1767 4107 erant

165 4124 328 4177 foeda
373 4123 624 4190 pulchris
647 4130 703 4178 et
725 4125 746 4153 ³³
785 4126 998 4176 vilibus
1021 4128 1383 4190 anteferrent,
1403 4126 1627 4189 saltem,
1644 4128 1768 4190 jam

167 4197 344 4249 rebus
361 4195 422 4247 in
437 4201 755 4260 angustum
777 4197 1040 4261 redactis,
1059 4203 1116 4250 et
1131 4203 1306 4251 motae
1325 4197 1559 4250 ultionis
1575 4200 1768 4258 fragore

167 4269 439 4320 cominus
465 4274 728 4332 sonante,
751 4271 1092 4335 aspicerent,
1117 4271 1176 4322 in
1207 4284 1377 4335 quem
1401 4284 1576 4324 usum
1599 4283 1771 4334 pecu-

167 4340 330 4392 niam
353 4347 786 4404 congregarent,
801 4355 1030 4405 quoque
1047 4355 1160 4394 aere
1179 4344 1473 4407 marsupia
1491 4345 1771 4391 niterentur

167 4412 428 4476 implere,
477 4424 610 4475 quae
644 4415 784 4464 certi
808 4419 1006 4466 essent
1029 4416 1272 4466 ventura
1297 4415 1559 4478 protinus
1584 4416 1645 4464 in
1667 4415 1772 4465 ho-

167 4485 354 4537 stium
385 4489 745 4548 potestatem.
791 4485 1009 4548 Audite,
1048 4485 1237 4550 inquit
1259 4487 1356 4536 hoc
1379 4486 1476 4551 qui
1498 4486 1772 4536 conteritis

167 4571 488 4623 pauperem,
533 4561 578 4604 et
621 4557 834 4621 deﬁcere
854 4559 1049 4620 facilis
1093 4573 1279 4622 egenos
1314 4563 1463 4608 terrae
1490 4557 1649 4624 (Psal.
1678 4557 1770 4620 4.).

173 4629 306 4680 Filii
328 4628 646 4692 hominum,
677 4641 980 4694 usquequo
1012 4643 1220 4696 graves
1243 4630 1430 4693 corde,
1468 4629 1676 4693 utquid
1700 4629 1780 4681 di-

1857 3411 1946 3458 ira
1981 3422 2120 3468 mea,
2161 3394 2208 3453 si
2251 3399 2552 3450 introibunl
2579 3399 2640 3446 in
2664 3397 2903 3468 requiem
2926 3410 3101 3445 meam
3136 3395 3298 3459 (Psal.
3319 3394 3452 3458 94.).

1859 3483 1999 3544 Quae
2033 3467 2186 3530 enim
2227 3477 2417 3540 potest
2451 3481 2755 3522 censuram
2800 3467 3089 3544 miseratio
3122 3471 3452 3531 temperare,

1859 3539 1991 3605 ovum
2020 3549 2118 3602 ttili
2152 3539 2448 3599 atrocitate
2483 3545 2836 3606 grassentur,
2873 3545 2936 3590 ut
2969 3539 3238 3591 universa
3259 3551 3456 3590 eorum

1859 3626 2014 3688 regio
2049 3623 2338 3673 mereatur
2366 3617 2690 3688 intremere,
2722 3611 2958 3688 cupiens
2983 3623 3183 3663 eorum
3208 3611 3456 3676 pondere

1861 3683 2008 3761 quos
2039 3693 2352 3761 degeneres
2373 3688 2531 3761 aluit,
2556 3683 2805 3761 liberari.
2837 3760 2841 3761 γ
3207 3737 3220 3751 ⁴

1928 3769 2084 3818 Vers.
2213 3788 2275 3798 —
2297 3757 2570 3821 Nunquid
2591 3771 2753 3820 super
2775 3756 2874 3804 isto
2897 3769 3011 3804 non
3044 3753 3460 3804 commovebitur

1865 3848 2016 3889 terrae
2037 3842 2080 3884 et
2105 3832 2296 3897 lugebit
2322 3831 2501 3879 omnis
2534 3827 2806 3876 habitator
2820 3825 2936 3890 ejus
2961 3842 2971 3873 :
2999 3831 3044 3873 et
3067 3825 3308 3874 ascendet
3324 3841 3459 3889 qua-

1861 3911 1910 3960 si
1931 3908 2128 3974 ﬂuvius
2165 3905 2465 3963 universus,
2515 3904 2562 3947 et
2593 3899 2834 3962 ejicietur
2855 3902 2900 3945 et
2921 3897 3106 3974 deﬂuat
3128 3897 3287 3974 quasi
3309 3897 3461 3974 rivus

1863 3966 2121 4046 AE'gypti?
2143 3975 2290 4038 Quid
2313 3976 2468 4046 esset
2511 3973 2720 4046 terram
2757 3969 2993 4046 mqveri,
3018 3966 3174 4046 quod
3201 3979 3300 4030 per
3326 3968 3464 4020 ohe-

1865 4035 1960 4107 ma
1975 4035 2185 4114 utique
2206 4045 2438 4100 terroris
2463 4041 2738 4114 edixerat,
2757 4035 2932 4114 549
2962 4040 3220 4114 subjecto
3236 4051 3464 4114 sermone

1867 4108 2134 4192 patefecit
2177 4117 2439 4192 dicendo,
2489 4113 2555 4163 Et
2599 4110 2792 4192 lugebit
2823 4110 3000 4192 omnis
3034 4108 3462 4192 habitator‘ejus,

1868 4180 2089 4255 Veniet,
2115 4191 2320 4255 inquit,
2345 4187 2481 4240 olim
2505 4185 2787 4255 promissa
2807 4187 2866 4234 et
2876 4181 3160 4255 hactenus
3172 4180 3463 4255 delataca-

1869 4252 2103 4334 ptivitas
2129 4277 2142 4313 :
2182 4252 2305 4328 jam
2337 4261 2547 4334 quippe
2572 4254 2806 4334 ultionis
2835 4253 3150 4334 negotium,
3175 4252 3268 4334 ille
3279 4265 3464 4334 quem

1872 4325 2172 4404 supradixi
2185 4325 2498 4386 sententiae
2517 4332 2734 4380 nostrae
2749 4325 2999 4404 uncinus
3009 4325 3263 4404 attraxit.
3277 4326 3347 4376 Et
3363 4327 3470 4374 im-

1871 4397 2117 4477 plebitur
2140 4417 2330 4468 omne,
2359 4404 2512 4468 quod
2543 4405 2661 4477 tam
2689 4402 3014 4477 contemtus
3040 4397 3265 4477 protuli,
3291 4409 3466 4477 quam

1868 4469 2116 4550 iuratus,
2141 4479 2448 4550 omnisque
2471 4473 2697 4550 Israelis
2731 4470 2990 4550 populus
3008 4469 3468 4550 nonmajoridif-

1874 4541 2147 4616 iicultate,
2171 4563 2346 4615 quam
2367 4549 2528 4600 rivus
2562 4543 2806 4608 Egypti,
2825 4541 3280 4616 videlicetNilus,
3306 4544 3473 4592 attinet

1875 4635 2048 4694 atque
2073 4615 2146 4678 ad
2171 4621 2438 4687 Assyrios
2457 4619 2698 4694 transire
2712 4619 2968 4694 cogetur.
2989 4615 3096 4694 cuj
3099 4627 3165 4694 us
3190 4615 3468 4694 temporis

171 4685 716 4791 “gitis-vanitatem,
743 4685 1044 4791 divitiis
1064 4685 1438 4791 mendacibus
1459 4685 1778 4763 impudenter
1804 4719 1860 4791 Ι)
1886 4685 1990 4791 erit
2030 4705 2148 4782 tam
2189 4685 2370 4791 tristis
2401 4691 2695 4791 et‘acerba’
2707 4685 3369 4791 figlisnﬁ‘ytf‘gengig?
3381 4687 3472 4791 ἓξὲξ

173 4773 458 4824 inhiatis‘i
483 4771 631 4824 Nihil
665 4774 735 4824 de
757 4773 848 4824 his
871 4774 1086 4836 auxilii,
1112 4773 1255 4826 nihil
1276 4775 1391 4825 imo
1422 4774 1612 4826 solatii
1648 4787 1777 4826 sen-

178 4844 357 4908 tietis,
395 4855 525 4907 qum
563 4844 728 4896 vobis
761 4848 820 4896 et
851 4845 1147 4909 culparum
1177 4858 1443 4898 caussam
1474 4845 1691 4897 faciunt
1722 4851 1782 4898 et

178 4928 511 4984 poenarum.
535 4917 660 4978 Qua
681 4928 780 4980 spe
816 4918 1033 4968 credita
1056 4917 1241 4979 vobis,
1262 4917 1783 4980 judicantiummu-

179 5001 326 5042 nera
353 4988 705 5052 corrupistis,
723 4991 786 5040 ut
801 4987 873 5038 de
893 4991 1179 5054 oppressis
1195 4989 1529 5053 necatisque
1547 4991 1787 5050 pauperi-

181 5065 322 5125 bus,
355 5059 530 5127 548
553 5063 734 5126 spolia
757 5069 996 5114 cruenta
1017 5063 1360 5128 reciperetis,
1384 5076 1492 5114 nec
1513 5064 1675 5110 ullum
1699 5064 1780 5110 in-

181 5134 428 5187 dustriae
451 5148 636 5198 genus
661 5136 944 5187 haberetis
973 5135 1269 5187 innoxium
1295 5151 1308 5187 :
1333 5149 1518 5199 neque
1541 5138 1676 5182 enim
1700 5149 1786 5181 so-

181 5209 312 5260 lum
335 5208 696 5272 corruptione
721 5208 1134 5260 sententiarum
1149 5208 1450 5272 injudiciis
1474 5209 1783 5270 deliquislis,

185 5283 296 5332 sed
308 5279 480 5330 etiam
497 5293 628 5330 cum
647 5280 717 5330 de
739 5293 1005 5344 agrorum
1031 5280 1310 5331 fructibus
1328 5279 1624 5343 pecuniam
1645 5281 1786 5326 redi-

183 5365 327 5418 gere
355 5353 694 5416 pergebatis,
729 5353 856 5417 ipsa
895 5365 1027 5416 quae
1049 5355 1290 5404 honeste
1313 5352 1434 5416 geri
1464 5351 1790 5414 potuissent

185 5427 540 5478 commercia
560 5425 880 5490 polluentes
896 5435 1188 5478 concessae
1203 5423 1504 5476 industrius
1521 5426 1787 5475 votorum

259 5579 277 5600 ·
302 5571 368 5620 In
401 5569 578 5635 hujus
608 5569 828 5621 scilicet
855 5570 969 5621 line
994 5569 1214 5634 capitis,
1239 5568 1338 5620 ubi
1361 5567 1532 5634 paulo
1555 5567 1790 5632 quidem

186 5641 364 5696 aliter
407 5653 568 5694 sacer
598 5644 816 5694 Textus
848 5642 908 5693 in
935 5643 1126 5694 verbis
1160 5641 1350 5704 habet,
1382 5641 1484 5692 sed
1507 5641 1643 5704 quia
1665 5641 1791 5692 heic

190 5721 478 5778 tanquam
489 5714 787 5779 peregrino
805 5713 865 5766 in
887 5713 1013 5766 loco
1037 5713 1322 5777 laudatur,
1344 5713 1486 5766 satis
1500 5713 1794 5779 proposito

189 5789 306 5848 est,
333 5785 489 5850 quod
510 5787 745 5838 minime
767 5785 829 5838 in
851 5798 1031 5838 sensu
1050 5785 1336 5838 abhorret.

260 5859 283 5888 "
314 5860 434 5910 Aut
457 5857 677 5909 utilibus
697 5857 1128 5910 rescribendum
1144 5861 1250 5917 est,
1267 5861 1370 5910 aut
1386 5856 1537 5921 vilia,
1549 5860 1650 5908 aut
1664 5869 1796 5921 sup-

191 5931 479 6003 plendum
501 5946 648 5982 vana
669 5929 908 5992 utilibus,
932 5934 1036 6003 aut
1055 5929 1170 6003 tale
1191 5928 1508 6003 quidpiam.

264 6017 286 6041 ο
311 6005 452 6068 Qum
481 6009 822 6069 sequuntur.
846 6001 1280 6068 magnitudinem
1295 5999 1608 6066 iniquitatis
1631 6004 1799 6063 tumo

1885 4773 2164 4826 defecisse
2207 4773 2266 4820 et
2306 4778 2426 4817 nox
2460 4763 2695 4815 irruisse
2727 4759 3005 4812 videatur.
3028 4761 3122 4811 “Ita
3145 4759 3300 4811 enim
3321 4759 3476 4812 nulla

1881 4845 2148 4898 ordinum
2183 4837 2492 4900 distinctio,
2528 4834 2631 4886 lux
2667 4830 2894 4884 consilii
2931 4831 3092 4884 nulla
3140 4831 3476 4890 remanebit,

1881 4930 1948 4968 ac
1990 4916 2041 4968 si
2072 4913 2378 4981 palpabiles
2423 4908 2674 4981 tenebris
2704 4909 2916 4956 terram
2951 4909 3010 4956 et
3033 4906 3244 4956 caelum
3267 4904 3476 4968 pariter

1879 4978 2221 5041 miserorum
2250 4982 2433 5036 oculis
2455 4978 2856 5032 abstulissent.

1948 5062 2106 5111 Vers.
2149 5054 2406 5112 10.-Ει
2429 5056 2748 5109 convertam,
2794 5048 2999 5112 lnquit,
3050 5046 3354 5108 festivitates
3398 5062 3476 5096 ve-

1881 5137 2020 5180 stras
2042 5133 2100 5179 in
2127 5130 2348 5187 luctum,
2373 5131 2418 5175 et
2441 5123 2632 5173 omnia
2654 5121 2863 5171 cantica
2888 5125 3057 5168 vestra
3082 5119 3136 5166 in
3156 5118 3440 5182 planctum
3461 5136 3472 5166 :

1883 5211 1928 5252 el
1951 5201 2215 5251 inducam
2237 5214 2397 5263 super
2419 5212 2575 5246 omne
2601 5193 2821 5243 dorsum
2846 5195 3074 5240 vestrum
3088 5204 3318 5263 saccum,
3335 5196 3380 5239 et
3395 5205 3480 5240 suo

1883 5289 1980 5340 per
2001 5287 2158 5322 omne
2189 5261 2349 5336 caput
2376 5268 2670 5340 calvitium.
2711 5266 2777 5314 Et
2805 5277 3009 5340 ponam
3033 5276 3147 5340 eam
3173 5261 3476 5340 [linteum]

1887 5333 2045 5411 quasi
2070 5333 2272 5394 luctum
2303 5339 2590 5404 unigeniti,
2618 5344 2662 5387 et
2687 5338 2982 5387 novissima
3003 5334 3117 5398 ejus
3153 5334 3310 5411 quasi
3341 5333 3483 5383 diem

1888 5407 2164 5469 amarum.
2189 5413 2471 5476 Quoniam
2494 5424 2612 5462 non
2641 5421 2816 5462 unam
2843 5418 3170 5473 personam,
3195 5407 3295 5457 sed
3318 5418 3474 5470 popu

1891 5561 2075 5619 Israel,
2098 5553 2555 5623 praecedentibus
2582 5557 2856 5614 tanquam
2889 5551 3036 5604 sacri
3059 5551 3278 5602 Textus
3304 5550 3485 5623 verba

1885 5621 2256 5702 jungebatur.
2280 5623 2625 5702 Hujusmodi
2639 5623 2906 5702 pleraque
2925 5623 3115 5702 alia,et
3137 5621 3484 5687 eumfprimis

1893 5694 2374 5770 interpunctionis
2397 5697 2556 5770 vitia,
2582 5694 2736 5770 taciti
2766 5695 3162 5747 emendamus.

1957 5779 1978 5808 ⁴¹
2001 5764 2363 5840 Explicatum
2389 5767 3044 5840 pergitisubsequentem
3068 5765 3416 5840 versiculum
3431 5764 3484 5840 9.

1894 5851 1964 5901 Et
1996 5837 2107 5900 erit—
2131 5848 2193 5896 in
2229 5845 2314 5896 die
2341 5842 2458 5908 illa,
2482 5839 2614 5890 dicit
2634 5838 2902 5888 Dominus
2927 5839 3085 5902 Deus,
3109 5839 3305 5890 occidet
3323 5837 3404 5890 sol
3423 5839 3486 5887 in

1895 5921 2138 5986 meridie,
2163 5925 2209 5971 et
2232 5915 2569 5970 tenebreseere
2589 5911 2795 5978 faciam
2819 5916 3020 5962 terram
3041 5911 3104 5961 in
3123 5910 3210 5961 die
3237 5910 3487 5962 luminis.
