3894 6402
514 373 654 430 1095

1575 374 1841 427 RUFINO
1875 375 2335 429 PRESBYTERO
2368 375 2757 428 ASCRIPTUS

3676 374 3826 430 1096

513 485 635 564 lum
659 486 832 564 simul
860 486 1163 564 institutus
1178 495 1370 564 sermo
1394 483 1831 564 designat,ideo
1856 494 2113 564 pernitim-
2142 493 2194 564 Α
2224 485 2641 564 subjugandos,
2668 494 2867 564 verum
2899 480 3258 564 aliahmajore
3295 480 3638 563 calamitate,
3663 491 3731 564 et
3760 500 3827 538 ea

516 558 593 608 tio
620 560 914 609 etnumeri
938 556 1219 619 contingit
1241 560 1297 605 et
1321 556 1570 618 generis:
1593 562 1655 606 ut
1682 561 1803 607 tum
1822 557 2112 620 pluraliter

515 633 638 679 tum
662 630 1022 693 singulariter
1038 628 1375 690 alloquatur.
1406 629 1721 675 Convertam
1744 630 1948 691 inquit,
1966 630 2114 690 festi—

515 702 698 749 vitates
727 708 920 749 vestras
935 703 994 748 in
1016 701 1236 758 luctum,
1254 701 1521 747 eteantiea
1540 706 1705 748 vestra
1733 701 1789 747 in
1809 701 2110 765 planctum,

512 772 568 823 id
594 777 699 834 est,
724 772 1099 824 mmulalaatis
1124 776 1331 821 cuncta
1360 772 1691 834 succedent,
1720 778 1776 822 et
1799 785 1929 835 quae
1954 772 2115 823 liberi

511 843 582 894 ad
601 846 953 907 voluptatem
970 844 1234 906 parastis,
1262 842 1442 893 luctui
1468 846 1733 906 subjiciet
1749 845 2011 895 immissa
2025 857 2116 895 ca-

516 915 783 974 ptivitas:
809 927 1160 978 corporaque
1201 915 1477 964 nobilium
1510 917 1768 978 pretiosis
1793 916 1960 979 paulo
1982 921 2117 965 ante

516 991 665 1036 tecta
703 990 1076 1049 ornamentis,
1113 986 1361 1036 cilicium
1409 988 1696 1049 pannique
1734 990 2115 1039 convestient.

510 1057 673 1118 Quod
700 1063 886 1109 totum
916 1064 1166 1121 tempore
1186 1058 1536 1120 captivitatis
1558 1059 1874 1122 obtingere,
1904 1064 2113 1122 utinam,

509 1129 752 1179 lectione
786 1136 1011 1180 tantum
1042 1128 1348 1189 indicante,
1385 1141 1712 1189 nossemus,
1738 1130 1843 1179 δρα
1873 1135 1985 1180 tam
2007 1130 2117 1180 fre-

510 1212 695 1263 quens
718 1208 933 1252 nostris
960 1201 1315 1264 temporibus
1341 1202 1629 1263 ejusmodi
1653 1203 1907 1265 estfacta
1926 1202 2117 1253 condi-

514 1272 609 1334 tio,
625 1277 688 1323 ut
714 1276 1032 1336 quidquam
1057 1273 1261 1323 melius
1279 1274 1634 1336 sperantium
1647 1287 1919 1323 miremur
1942 1274 2118 1324 auda-

508 1345 673 1394 ciam.
715 1346 1001 1409 Iudaeam,
1027 1346 1231 1407 inquit,
1267 1360 1427 1408 super
1460 1360 1617 1393 omne
1641 1345 1861 1394 dorsum
1886 1352 2116 1394 vestrum

505 1430 742 1479 saccum,
767 1422 811 1463 et
835 1432 996 1480 super
1020 1423 1181 1480 caput
1205 1416 1521 1465 caivicium:
1546 1423 1604 1469 et
1628 1422 1967 1469 ornamenta
1995 1431 2119 1467 cor-

506 1499 731 1552 porum,
749 1490 1111 1539 llrinamenta
1130 1489 1335 1539 virium
1358 1489 1628 1553 perdetis,
1654 1494 1718 1541 ut
1748 1491 2012 1541 caisaries
2032 1491 2119 1539 vel

504 1559 768 1623 ludibrio,
808 1566 896 1611 vel
933 1561 1131 1610 morbo
1165 1561 1396 1623 incipiat
1434 1568 1813 1613 consumente
1829 1564 2116 1613 deﬂuere:

506 1636 768 1694 etponam
795 1647 913 1680 eam
936 1634 1094 1695 quasi
1113 1632 1316 1679 luctum
1338 1636 1623 1696 unigeniti,
1644 1640 1687 1681 et
1704 1635 1993 1681 novissima
2007 1633 2119 1695 ejus

506 1704 666 1765 quasi
684 1704 825 1752 diem
849 1719 1127 1763 amarunt,
1140 1704 1196 1754 id
1219 1709 1324 1767 est,
1353 1708 1544 1767 gentis
1574 1707 1899 1756 Israeliticae
1927 1710 2116 1755 status

502 1775 575 1823 ab
609 1785 738 1826 arce
763 1775 1045 1826 felicitatis
1075 1777 1331 1837 antiqua:
1355 1776 1427 1826 ad
1457 1777 1572 1826 illia
1596 1777 1894 1827 descendit
1918 1782 2115 1824 misera:

504 1846 799 1897 servitutis
825 1861 837 1896 :
868 1852 930 1896 ut
956 1852 1072 1896 tam
1110 1851 1313 1897 acerbo
1337 1849 1494 1897 luctu
1519 1849 1693 1911 digna
1715 1854 1806 1911 sit,
1830 1861 2004 1910 quam
2025 1852 2111 1895 illa

506 1916 742 1976 orbitas,
769 1931 904 1980 quae
935 1918 1006 1968 de
1032 1919 1345 1981 unigenitis
1381 1920 1683 1969 consuevit
1709 1921 1982 1977 accidere,
2012 1921 2107 1969 ubi

504 2001 622 2039 non
648 1990 833 2039 solum
857 2002 1073 2039 amissa
1097 1990 1355 2052 pignora,
1381 1992 1479 2040 sed
1495 1992 1663 2041 etiam
1683 1996 1985 2053 posteritas
2009 2004 2111 2042 ex-

510 2058 686 2109 tincta
710 2062 960 2123 lugetur.
996 2065 1102 2109 Sed
1131 2060 1430 2111 videamus
1454 2067 1512 2110 et
1537 2063 1777 2123 reliqua.

571 2132 730 2182 Vel‘s.
771 2132 857 2185 11.
905 2158 966 2166 -—
999 2133 1127 2179 Ecce
1162 2132 1271 2179 dies
1306 2133 1547 2193 veniunt,
1597 2134 1725 2181 dicit
1760 2134 2043 2191 Dominus,
2068 2137 2111 2180 et

506 2202 719 2250 mittam
751 2202 952 2264 famem
986 2204 1044 2249 in
1082 2208 1283 2251 terram
1311 2222 1319 2250 :
1358 2219 1467 2251 non
1493 2204 1696 2264 famem
1733 2207 1917 2268 panis,
1946 2220 2112 2267 neque

502 2274 649 2321 sitim
673 2275 946 2338 aquagsed
970 2275 1233 2323 audiendi
1262 2274 1475 2322 verbum
1508 2276 1752 2327 Domini.
1784 2278 1851 2324 ιιι
1876 2292 2112 2325 commo—

504 2345 815 2395 vebmitui'a
842 2348 988 2394 mari
1017 2362 1180 2409 usque
1201 2348 1272 2394 ad
1300 2363 1466 2407 mare,
1493 2353 1537 2395 et
1569 2348 1634 2395 ab
1658 2350 1927 2411 Aquilone
1944 2364 2112 2411 usque

505 2419 577 2465 ad
603 2420 871 2466 Orientem
892 2418 1214 2477 circuibuiit,
1244 2425 1534 2481 qum-entes
1561 2420 1776 2468 verbum
1797 2423 2039 2478 Domini,
2067 2425 2111 2468 et

504 2504 617 2537 non
644 2490 935 2538 invenient.
962 2492 1118 2540 Inter
1142 2495 1436 2540 extremas
1475 2491 1831 2542 calamitates
1862 2495 1991 2554 ejus
2015 2506 2113 2555 po-

506 2561 643 2625 puli,
667 2563 765 2625 qui
806 2564 974 2624 Legis
1012 2562 1338 2612 conditione
1375 2566 1661 2621 floruerat,
1688 2570 2110 2613 numerandum

505 2646 636 2683 esse
660 2634 1012 2685 monstravit
1028 2637 1313 2683 deiectum
1328 2634 1669 2683 salutarium
1686 2637 2109 2699 magistrorum.

505 2705 711 2765 Quidni
751 2718 883 2755 cum
909 2717 978 2754 ea
994 2706 1068 2753 sit
1100 2705 1369 2763 conditio,
1399 2712 1462 2754 ut
1494 2706 1540 2754 si
1567 2706 1842 2757 discenda
1867 2721 1984 2758 non
2009 2722 2112 2757 illl-

504 2778 647 2839 dias,
679 2778 885 2827 subeat
908 2776 1209 2838 imperitia,
1235 2790 1452 2839 perque
1476 2777 1586 2827 lioc
1611 2782 1947 2841 ignorantiae
1972 2788 2111 2826 nocte

505 2849 770 2907 vei-seris,
802 2854 978 2911 atque
1001 2851 1062 2898 in
1084 2847 1433 2912 multiplices
1464 2852 1742 2911 miserias,
1764 2856 1922 2901 velut
1945 2853 2115 2901 luiiii-

504 2922 675 2970 nibus
699 2926 921 2983 captus,
938 2920 1237 2969 incurras?
1262 2920 1365 2981 Qui
1387 2922 1558 2982 enim,
1588 2926 1646 2970 ut
1670 2924 1817 2971 alius
1841 2924 2115 2985 pl'OpilCia

503 2992 826 3052 denuntiat,
853 3004 965 3042 non
990 2991 1255 3041 didicerit
1275 2993 1581 3054 justitiam,
1598 3006 1768 3055 super
1789 2998 1995 3044 terrain
2020 3010 2115 3044 ve-

505 3064 730 3114 ritatem
760 3076 879 3114 non
915 3063 1072 3125 facit,
1103 3063 1303 3125 sicque
1326 3063 1624 3114 mendacia
1649 3068 1954 3127 loquentes
1980 3070 2114 3125 peri-

502 3136 663 3185 bunt.
691 3134 1123 3197 Propterquod,
1143 3140 1198 3184 et
1232 3138 1461 3198 populo,
1481 3136 1575 3186 cui
1604 3142 1863 3199 perosee
1881 3142 2114 3203 prOpIie.

502 3212 619 3258 tam
632 3209 1041 3270 exprobratum
1066 3206 1273 3277 fuerat,
1300 3210 1435 3269 quia
1460 3208 1761 3259 scientiam
1791 3212 2110 3277 repulisset,

2130 1874 2184 1947 B

2223 570 2356 621 quae
2381 558 2453 607 ad
2488 557 2746 609 omnium
2772 555 2793 584 ³³
2818 552 3068 618 respicit,
3096 557 3151 603 et
3194 564 3309 602 non
3345 554 3533 604 noxiis
3562 557 3826 609 accidere

2211 642 2329 680 non
2365 632 2571 692 potest,
2602 643 2730 679 esse
2774 625 3125 691 plectendos,
3164 624 3219 673 id
3253 627 3360 687 est,
3396 630 3460 675 ut
3498 627 3699 679 divina
3723 643 3825 681 eos

2212 701 2471 750 doctrina
2493 714 2610 750 non
2636 702 2900 759 instruat,
2930 696 3031 747 sed
3056 695 3210 747 auris
3239 708 3455 759 eorum,
3472 700 3699 750 etiamsi
3716 703 3821 752 ad-

2208 771 2403 834 jurent
2424 784 2484 820 se
2510 772 2731 821 discere
2748 769 2904 831 velle,
2924 771 3270 818 contemnat.
3285 769 3456 827 Quasi
3474 770 3685 831 quibus
3702 788 3821 820 con-

2220 845 2413 893 veniat
2436 843 2594 904 illud,
2624 844 2773 906 quod
2806 842 2958 904 apud
2973 839 3147 890 alium
3172 844 3508 902 prophetam
3534 840 3824 904 legimus:

2214 914 2488 963 Pcceatori
2525 920 2703 961 autem
2740 915 2881 961 dixit
2920 913 3076 971 Deus,
3115 914 3291 969 Quare
3321 917 3375 958 tu
3401 916 3824 979 enarrasjusli-

2216 986 2321 1031 tias
2349 1000 2510 1047 meas,
2538 990 2581 1032 ct
2608 985 2842 1033 assumis
2869 988 3239 1030 testamentum
3264 997 3441 1030 meum
3463 1000 3560 1047 per
3582 1002 3638 1033 os
3660 994 3821 1035 tuum

2219 1054 2379 1116 (Psat.
2416 1056 2501 1107 lit).
2546 1054 2680 1116 16.),
2721 1054 2957 1117 lingitur
2992 1065 3200 1103 sensus
3238 1066 3310 1103 ex
3352 1054 3643 1119 omnibus,
3683 1069 3823 1119 qui:

2218 1140 2316 1189 pro
2356 1126 2685 1187 sceleribus,
2734 1131 2790 1176 et
2814 1125 3100 1187 religionis
3134 1129 3189 1175 et
3215 1128 3667 1178 conversationis
3694 1141 3822 1179 suae

2218 1198 2536 1260 captivitati
2550 1199 2809 1248 barbarie
2826 1200 2851 1247 J
2865 1198 3158 1247 udaaorum
3172 1210 3315 1258 gens
3328 1199 3622 1259 quondam
3636 1203 3822 1247 dilecta

2218 1270 2528 1319 subdatur:
2558 1270 2657 1331 qui
2680 1274 2907 1318 tantum
2934 1281 3071 1318 sane
3097 1280 3131 1319 a
3155 1269 3325 1330 prisci
3348 1269 3825 1323 decorisarcede-

2216 1342 2507 1403 fluxerint,
2522 1346 2583 1390 ut
2606 1339 2918 1391 voluntatis
2935 1352 3056 1389 sua).
3078 1342 3316 1389 crimina
3330 1347 3818 1404 recognoscantin

2218 1413 2422 1475 pcenis,
2455 1418 2629 1474 atque
2654 1414 2904 1461 ferorum
2924 1410 3227 1462 tolerantes
3244 1412 3411 1473 jussa
3425 1412 3818 1475 dominorum,

2218 1486 2538 1535 doctrinam
2578 1496 2758 1534 sacrae
2794 1485 2939 1546 legis
2962 1494 3249 1545 nusquam
3272 1484 3511 1535 audiant
3537 1487 3822 1537 insonan-

2221 1560 2363 1605 tem:
2393 1569 2561 1617 cujus
2583 1556 2854 1605 nimirum
2888 1554 3077 1604 adhuc
3108 1557 3165 1604 in
3194 1555 3391 1617 patriis
3415 1555 3672 1607 collocati
3701 1559 3823 1608 fini-

2218 1630 2346 1689 bus,
2374 1627 2758 1677 illuininantia
2782 1640 2842 1677 se
2857 1629 3575 1689 praeceptacontemserint.
3602 1630 3820 1679 Verum

2219 1705 2281 1749 ut
2304 1705 2610 1749 contextus
2633 1700 2815 1762 ipsius
2839 1699 3103 1749 lectionis
3127 1698 3521 1761 intelligentiae
3536 1701 3638 1764 hui
3650 1715 3723 1752 us
3740 1707 3819 1751 te-

2215 1784 2413 1821 norem
2436 1776 2635 1834 pescit,
2662 1776 2742 1821 ita
2764 1774 2937 1821 etiam
2968 1771 3247 1820 debemus
3272 1777 3587 1830 advertere,
3609 1774 3814 1823 eadem

2214 1856 2444 1906 quoque
2464 1844 2537 1893 ad
2561 1845 2883 1894 futurorum
2910 1843 3385 1905 signiﬁcationem
3411 1842 3617 1907 valere,
3636 1860 3813 1893 eorum

2213 1916 2479 1965 videlicet
2494 1915 2904 1978 temporuiii,in
2922 1914 3133 1975 quibus
3155 1916 3182 1963 J
3196 1914 3345 1964 udaai
3369 1914 3815 1966 sceleratissime

2210 1993 2530 2050 peccantes,
2556 1986 2896 2049 gravissime
2914 1984 3305 2035 conciderunt.
3326 1986 3641 2049 Postquam
3658 1989 3814 2038 enim

2213 2063 2379 2109 vinea
2400 2058 2511 2117 illa,
2546 2070 2678 2120 qua:
2713 2060 3070 2107 translataex
3095 2058 3503 2120 ASgyptoUsai.
3528 2058 3619 2120 5.),
3650 2058 3817 2122 plan-

2211 2134 2329 2181 tata
2366 2134 2457 2180 est
2492 2132 2551 2179 in
2573 2130 2901 2192 regionibus
2926 2129 3153 2191 opimis,
3178 2135 3235 2179 et
3261 2128 3543 2181 aediﬁcato
3571 2131 3810 2194 templo,

2212 2206 2457 2253 torcular
2483 2202 2629 2250 sacri
2651 2201 2844 2252 altaris
2870 2200 3109 2263 accepit,
3131 2204 3636 2265 expectataque,ut
3662 2202 3816 2252 face-

2211 2281 2299 2324 ret
2326 2286 2487 2336 uvas,
2515 2274 2642 2323 l'ecit
2670 2274 2887 2335 Spinas,
2914 2277 2969 2323 et
2991 2286 3109 2322 non
3129 2272 3434 2335 justitiam,
3464 2274 3565 2323 sed
3595 2274 3817 2325 clamo.

2211 2348 2443 2407 rein,ita
2470 2352 2531 2396 ut
2547 2349 2795 2396 cultores
2820 2344 3419 2408 ejusinipsuinlilium
3444 2347 3621 2409 patris
3646 2346 3815 2398 fami-

2209 2420 2314 2470 lias
2328 2418 2544 2468 ell‘erati
2564 2420 2752 2479 (illarc.
2786 2418 2864 2469 12.
2889 2419 3010 2466 Luc.
3040 2418 3148 2480 20),
3182 2417 3479 2467 crederent
3511 2432 3571 2468 se
3587 2420 3813 2481 absque

2212 2491 2771 2552 molestiai-eliquum
2799 2487 2948 2554 55|
2987 2502 3115 2539 esse
3132 2489 3579 2551 tenturos,quod
3593 2492 3813 2540 cumle

2212 2563 2396 2626 gitimi
2417 2563 2663 2612 liaaredis
2689 2561 2925 2611 interitu
2943 2562 3297 2621 pervusissenl,
3313 2561 3812 2610 Juravitljominu:

2212 2637 2351 2683 Deus
2382 2635 2439 2681 in
2486 2634 2795 2697 superbiam
2838 2632 3017 2689 Jacob,
3057 2633 3102 2679 si
3141 2632 3330 2679 oblitus
3364 2630 3518 2694 fuero
3545 2648 3719 2697 usque
3742 2633 3812 2681 ad

2210 2709 2373 2769 [iuem
2400 2721 2588 2753 omnia
2606 2720 2769 2768 opera
2792 2720 2977 2751 eorum
2995 2715 3239 2766 quorum
3255 2708 3410 2753 tanta
3434 2712 3672 2755 emersit
3687 2714 3811 2752 atro-

2213 2780 2376 2840 citas,
2405 2785 2468 2827 ut
2499 2778 2625 2839 ipsa
2646 2785 2788 2826 terra
2825 2788 3023 2826 eorum
3062 2779 3417 2838 moveretur,
3450 2789 3518 2826 ac
3550 2780 3807 2826 medium

2213 2850 2364 2899 diem
2389 2848 2647 2911 lugubris
2675 2849 2920 2897 auferret
2943 2846 3278 2897 obscuritas.
3319 2850 3490 2898 Sexta
3520 2849 3808 2911 siquidem

2214 2922 2353 2971 licia
2370 2922 2616 2970 tenebra:
2641 2918 2807 2969 factm
2832 2928 2968 2968 sunt
2986 2929 3172 2979 usque
3194 2919 3266 2968 ab
3279 2918 3475 2968 horam
3488 2932 3748 2983 nomam,
3765 2930 3807 2967 et

2214 2999 2359 3043 terra
2383 2997 2539 3041 mota
2571 2996 2678 3053 est,
2705 2996 2878 3053 petra:
2906 2990 3103 3039 scissae
3140 2995 3278 3039 sunt
3316 2991 3521 3052 (Matth.
3548 2990 3682 3053 27.),
3709 2998 3808 3043 sie-

2215 3080 2327 3130 que
2356 3064 2699 3115 festivitates
2726 3075 2924 3113 eorum
2954 3063 3015 3111 in
3048 3061 3284 3125 luctum,
3311 3067 3369 3112 et
3411 3063 3470 3112 in
3513 3066 3805 3126 planctum

2215 3138 2437 3191 cantica
2462 3141 2864 3199 pervenerunt,
2904 3138 3076 3196 atque
3105 3134 3411 3196 impiorum
3445 3135 3618 3185 dorsa
3640 3150 3805 3187 sacco

2215 3218 2363 3267 tecta
2377 3213 2528 3267 sunt,
2548 3211 2605 3258 et
2622 3206 2805 3270 capita
2827 3218 3057 3256 sensere
3074 3206 3375 3255 CiliVlClle
3392 3219 3405 3254 :
3422 3208 3806 3260 venientibus-

499 3279 641 3329 obid
660 3281 794 3342 quia
815 3280 1020 3341 ipseab
1058 3275 1232 3344 550
1261 3280 1650 3342 omnipotente
1670 3286 1911 3332 Domino
1934 3275 2106 3336 more;
2136 3297 2183 3371 C
2210 3300 2320 3352 que
2344 3285 2402 3333 in
2429 3282 2703 3331 ultionem
2718 3277 2925 3341 piaculi
2940 3277 3579 3371 gentilius,|Jerusalem
3597 3287 3690 3331 est
3713 3283 3803 3332 ob-

499 3356 653 3371 ..ειη-
678 3352 863 3371 .....κ,.ιι;
912 3356 1075 3371 ηουιη.
1109 3364 1158 3371 ι.-
1193 3351 1451 3371 .__..“-....n:
1484 3354 1596 3371 In...‘
1622 3354 1722 3371 ,.__L
1758 3354 1854 3371 ΛΑΜ
1892 3358 2045 3371 ,-_.,--.
2283 3359 2314 3371 1·
2338 3370 2371 3371 ,,
2412 3368 2427 3371 _
2464 3352 2801 3371 -1--..m.l..|-
2855 3355 3025 3371 ηδτ-..Α
3054 3360 3098 3371 η,
3129 3362 3190 3371 ΑΛ
3218 3352 3229 3371 ὲ
3264 3350 3355 3371 Νίκη
3386 3354 3547 3371 δικ-...Μ
3580 3356 3637 3371 .-ι
3671 3353 3780 3371 --ιι-

496 3356 653 3401 retur
676 3352 886 3413 repelli,
908 3356 1081 3400 etiam
1105 3364 1163 3399 in
1187 3351 1457 3413 praesenti
1479 3354 1601 3402 loco
1618 3354 1727 3403 sub
1752 3354 2093 3408 denuntiatu

495 3434 689 3486 pusum
712 3424 865 3473 idem
882 3422 1097 3472 crinien
1123 3422 1406 3485 objicitur,
1432 3429 1496 3474 ut
1519 3425 1619 3486 qui
1660 3427 1886 3487 pietatis
1912 3431 2095 3491 magi-

497 3500 649 3544 stros
667 3494 875 3544 studiis
896 3496 1117 3544 fuerant
1141 3494 1501 3557 profanitatis
1529 3498 1708 3552 exosi,
1737 3504 2018 3559 quantum
2036 3501 2093 3551 in

496 3565 739 3615 exitium
765 3578 938 3614 suum
963 3565 1363 3625 laboraverint,
1388 3573 1733 3629 agnoscant:
1752 3571 1850 3631 qui
1874 3572 1980 3621 lioc
2012 3574 2096 3622 vi-

495 3636 700 3686 delicet
726 3636 1010 3699 peccando
1046 3637 1292 3697 fecerint,
1321 3640 1472 3699 quod
1500 3639 1582 3689 eis
1606 3640 1786 3701 judex
1806 3642 1953 3693 inter
1977 3656 2093 3695 cae-

497 3714 617 3759 tera
640 3708 756 3757 imo
779 3720 952 3770 supra
975 3714 1183 3758 caetera
1212 3710 1491 3772 supplicia
1521 3713 1924 3776 cominiiietur,
1951 3717 2097 3766 idest

494 3780 642 3830 inter
654 3780 1004 3844 captivitatis
1028 3792 1319 3831 aerumnas
1339 3784 1615 3835 doctrinm
1633 3798 1730 3835 eos
1748 3792 2003 3849 egestate
2022 3792 2096 3835 fe-

492 3853 741 3915 riendos,
793 3856 856 3902 ut
886 3851 981 3902 illo
1011 3852 1243 3916 insigni,
1281 3867 1394 3916 quo
1427 3854 1578 3907 inter
1608 3870 1809 3908 omnes
1833 3868 2096 3911 nationes

492 3925 789 3988 conspicui
806 3925 1050 3988 fuerant,
1063 3924 1421 3991 deserantur,
1438 3940 1541 3979 nec
1555 3930 1865 3993 quisquam
1880 3946 1976 3983 eos
1990 3950 2098 3993 pro-

491 3998 793 4061 phetarum
830 3998 920 4048 vel
961 3997 1207 4047 instruat
1255 3999 1603 4061 ignorantes,
1647 4006 1737 4052 vel
1774 4005 2098 4056 consoletur

490 4071 754 4121 afflictos.
791 4067 953 4131 Quod
993 4073 1180 4119 totum
1208 4076 1318 4120 sub
1345 4072 1542 4121 liostili
1566 4073 1933 4127 damnatione
1959 4090 2096 4128 con-

491 4141 731 4205 tingere,
773 4140 1012 4191 assidua
1035 4154 1142 4191 nos
1168 4142 1419 4206 pericula
1446 4143 1783 4197 docuerunt.
1807 4149 1969 4198 lianc
1992 4162 2097 4200 au-

491 4218 609 4265 tem
636 4214 925 4264 minarum
958 4213 1207 4276 speciem
1231 4216 1431 4265 Esaias
1455 4228 1687 4278 quoque
1711 4218 1915 4270 beatus
1935 4233 2095 4273 asse-

488 4287 621 4347 ruit,
674 4285 1050 4336 auferendum
1106 4285 1371 4338 videlicet
1429 4298 1463 4337 a
1508 4289 1715 4339 Judeea
1761 4291 2092 4356 principem,

487 4362 661 4421 atque
684 4360 970 4409 seniorem
996 4360 1385 4422 consiliorum,
1404 4359 1836 4426 doctoremque,
1858 4381 2095 4423 praeimu-

488 4430 639 4480 tians
664 4430 723 4481 in
747 4443 946 4481 eorum
972 4430 1165 4482 locum
1182 4444 1392 4495 pueros
1418 4444 1583 4496 reges
1626 4438 1682 4483 et
1714 4438 2094 4488 ell'tem‘inatos

487 4502 770 4565 principes
788 4503 1207 4567 subrogandos.
1228 4503 1393 4565 Quod
1407 4510 1603 4555 autem
1629 4506 1726 4569 ait,
1756 4523 1867 4555 non.
1889 4509 2093 4570 [amem

485 4574 649 4635 panis
661 4589 828 4637 neque
849 4576 997 4624 sitim
1027 4591 1198 4639 aquae,
1216 4575 1305 4623 sed
1322 4576 1588 4625 audiendi
1605 4578 1819 4627 verbum
1846 4581 2089 4641 Domini,

488 4643 598 4693 illis
626 4645 849 4709 populis
872 4647 1247 4706 interendam,
1273 4653 1553 4710 quantum
1569 4650 1641 4699 ad
1669 4655 1922 4702 tenorem
1961 4653 2091 4714 qui-

2217 3350 2433 3413 sidione
2457 3352 2825 3411 circumdata,
2852 3355 3027 3412 atque
3051 3351 3193 3400 adeo
3215 3350 3363 3400 illisa
3386 3354 3549 3400 terrae
3580 3356 3646 3401 ut
3671 3353 3805 3404 ulte-

2192 3435 2313 3484 rius
2334 3437 2699 3489 nequaquam
2723 3424 2907 3487 possit
2928 3422 3255 3485 adsurgere.
3276 3423 3613 3486 Sensitergo
3637 3426 3799 3487 quasi

2191 3508 2411 3558 luctum
2445 3497 2741 3560 unigeniti,
2771 3502 2828 3545 et
2867 3507 3061 3545 amaro
3087 3494 3359 3544 conclusa
3390 3494 3501 3543 line
3535 3499 3623 3543 est
3658 3509 3799 3559 gens

2192 3576 2289 3630 illa
2304 3587 2433 3637 qua:
2457 3572 2823 3633 Unigenitum
2842 3569 2945 3618 Dei
2970 3567 3333 3617 contumeliis
3364 3565 3664 3629 plagisque
3690 3568 3796 3618 vic-

2192 3650 2351 3709 lavit,
2373 3648 2753 3704 secutumque
2775 3644 2863 3691 est
2886 3653 3017 3691 vere
3044 3644 3287 3702 tempus,
3320 3639 3379 3688 in
3404 3652 3515 3702 quo
3537 3646 3684 3689 lanie
3703 3643 3795 3700 spi-

2194 3722 2442 3771 ritalium
2460 3718 2739 3767 bonorum
2764 3717 3173 3764 consumatur:
3200 3724 3304 3761 nec
3314 3713 3610 3774 penuriam
3627 3715 3792 3772 panis,

2192 3799 2293 3844 aut
2314 3802 2482 3853 aquae
2513 3787 2686 3847 sitim,
2709 3786 2809 3835 sed
2831 3785 3104 3835 audiendi
3124 3786 3365 3835 verbum
3386 3784 3632 3844 Domini,
3654 3788 3792 3831 vide-

2194 3878 2329 3916 mus
2355 3877 2471 3924 eos,
2497 3860 2597 3925 qui
2617 3858 2678 3908 in
2697 3858 2938 3908 verbum
2955 3855 3183 3906 Domini
3200 3860 3567 3905 contumaces
3579 3858 3789 3917 fuerant,

2196 3936 2461 4000 experiri.
2502 3936 2711 3984 Annon
2744 3941 2943 3980 eorum
2972 3929 3081 3977 ista
3099 3926 3461 4000 calamitasin
3479 3927 3605 4000 ipsa
3630 3942 3789 3974 rerum

2195 3998 2563 4061 attvestatione
2587 4004 2826 4053 collucet
2850 4005 2873 4050 ξ’
2903 4002 2944 4050 Ν
2953 4011 3046 4050 am
3076 4012 3210 4051 cum
3246 3998 3517 4062 spiritalis
3543 3998 3791 4061 philoso-

2195 4082 2365 4146 phiae,
2398 4092 2533 4143 erga
2559 4077 2864 4127 Dominum
2891 4074 3105 4124 scilicet
3139 4073 3430 4136 pietatem,
3456 4084 3590 4146 erga
3612 4071 3792 4146 proxi-

2194 4143 2321 4204 mos
2353 4150 2785 4214 benignitatem,
2825 4150 2883 4197 et
2918 4148 3262 4210 probitatem
3296 4143 3570 4202 docentis,
3609 4144 3683 4193 ab
3709 4148 3786 4193 eis

2195 4218 2346 4287 Origo
2368 4222 2718 4283 discesserit,
2743 4219 2816 4271 ad
2844 4223 3061 4269 tantam
3086 4220 3405 4268 studiorum
3430 4221 3486 4267 et
3514 4216 3784 4265 doctrinae

2194 4302 2332 4348 sunt
2365 4296 2616 4359 inepiam
2641 4292 2914 4353 devoluti,
2938 4296 3001 4341 ut
3025 4306 3058 4340 a
3084 4289 3219 4340 solis
3242 4293 3371 4339 ortu
3395 4301 3577 4349 usque
3602 4287 3676 4337 ad
3698 4300 3785 4337 oc-

2193 4381 2412 4430 casum,
2443 4368 2498 4418 id
2526 4370 2632 4425 est,
2658 4366 2719 4414 in
2759 4368 2877 4415 toto
2914 4364 3049 4413 orbe
3070 4366 3342 4412 terrartun
3371 4360 3785 4423 dispersi,nus-

2192 4454 2366 4505 quam
2406 4440 2646 4492 verbum
2692 4438 2811 4497 Dei,
2844 4448 2957 4498 quo
3001 4438 3355 4497 vegetentur,
3390 4434 3643 4492 audiant,
3680 4443 3782 4484 nec

2193 4512 2552 4564 coruscantis
2569 4509 2862 4571 Evangelii
2881 4507 3101 4570 fulgore
3128 4510 3438 4569 tangantur
3462 4518 3475 4564 ;
3505 4507 3606 4554 sed
3631 4508 3783 4551 instar

2192 4585 2498 4636 infantium
2518 4595 2617 4647 pro
2643 4580 2953 4633 virtutibus
2970 4592 3197 4629 morum
3213 4577 3588 4639 Vitalibusque
3603 4586 3781 4625 sacra-

2192 4658 2421 4717 mentis,
2441 4656 2613 4706 rebus
2630 4652 2915 4718 pudendis
2930 4657 2989 4702 et
3004 4650 3234 4701 ludicris
3256 4651 3662 4699 intumescant:
3684 4661 3780 4696 ear-

487 4715 617 4799 dem
644 4717 1188 4799 pertinet-lectionis,
1214 4732 1280 4770 eo
1308 4732 1484 4799 sensu
1507 4721 1736 4773 videtur
1758 4721 1999 4799 illatum,
2031 4728 2091 4775 ut
2114 4726 2171 4799 Ι)
2193 4731 2283 4779 nis
2318 4715 2578 4778 videlicet
2623 4715 2967 4786 concisiOne,
2993 4726 3049 4774 et
3075 4733 3092 4750 '
3126 4722 3464 4799 sabbatibus
3488 4721 3644 4799 feriis
3671 4719 3781 4799 glo-

486 4787 713 4849 dixerit,
739 4800 857 4839 non
881 4789 1067 4840 solum
1087 4790 1296 4841 famem
1321 4797 1505 4856 panis,
1540 4806 1729 4857 neque
1753 4796 1940 4846 solum
1954 4799 2088 4843 sitim

485 4872 671 4923 aqua),
699 4863 801 4911 sed
826 4860 1099 4913 audiendi
1126 4865 1367 4913 verbum
1386 4866 1612 4916 Domini
1629 4878 1756 4917 eam
1774 4867 1893 4918 fore
1917 4882 2091 4932 penu-

484 4932 646 4996 riam,
678 4937 739 4983 ut
771 4945 1064 4996 nusquam
1100 4936 1327 4986 valeant
1365 4936 1679 5003 doctorem,
1708 4939 1932 4989 etiamsi
1958 4952 2088 4991 eum

483 5005 818 5056 avidissime
841 5007 1194 5069 quaesierint,
1222 5010 1483 5071 reperire.
1514 5013 1711 5072 Neque
1733 5014 1889 5061 enim
1925 5012 2089 5074 quasi

484 5077 761 5128 doctrinae
788 5078 1059 5141 spiritalis
1086 5079 1347 5143 cupidos,
1367 5090 1383 5109 ·
1410 5094 1624 5144 perque
1651 5082 1760 5132 hoc
1786 5082 2089 5147 dispendia

484 5149 609 5211 ejus
634 5151 886 5213 graviter
918 5151 1272 5203 aestimantes
1297 5153 1593 5215 edicenda,
1621 5152 1877 5205 solorum
1900 5157 2087 5220 magi-

484 5226 735 5271 strorum
758 5223 1044 5273 ablatione
1085 5228 1336 5275 terreret.
1372 5226 1698 5277 Secundum
1725 5231 1952 5289 eloquia
1977 5231 2087 5280 ila-

482 5304 594 5354 que
639 5295 943 5357 Scripturis
982 5297 1272 5347 familiaria
1313 5309 1430 5346 non
1470 5298 1665 5360 utique
1704 5300 1955 5361 negavit,
1983 5313 2083 5351 eos

482 5364 630 5415 fame
656 5366 865 5428 sitique
897 5368 1214 5430 vexandos,
1240 5370 1341 5418 sed
1368 5369 1831 5420 subaudiendum
1858 5375 2082 5433 reliquit,

480 5448 598 5487 non
622 5437 712 5488 liis
747 5438 953 5500 solum,
989 5452 1121 5503 qum
1152 5453 1253 5502 pro
1285 5440 1612 5492 conditione
1657 5443 1912 5494 mortalis
1948 5446 2082 5496 vitae

482 5507 648 5560 bonis
674 5510 955 5574 malisque
979 5513 1142 5575 quasi
1172 5512 1495 5575 promiscue
1518 5514 1809 5567 interdum
1826 5520 2079 5576 accidunt,

545 5691 561 5708 '
589 5683 731 5754 Male
759 5687 930 5734 antea
965 5698 1060 5747 per
1084 5699 1217 5749 quae,
1248 5684 1477 5737 duobus
1510 5689 1718 5739 verbis.
1746 5690 1863 5741 Red
1890 5703 2080 5754 neque

479 5750 617 5803 illud
649 5755 790 5805 satis
816 5759 1018 5819 placet,
1047 5759 1201 5821 quod
1224 5771 1361 5810 mox
1385 5759 1492 5811 dici
1503 5765 1592 5811 tur
1614 5762 1889 5812 cdiccnda.

542 5823 562 5851 ⁵
588 5826 796 5907 Supple
819 5828 1201 5895 calamitatem,
1228 5837 1329 5883 aut
1352 5834 1547 5884 verius
1571 5838 1821 5887 rescribe
1844 5837 2077 5887 noxium

480 5906 580 5957 pro
599 5906 867 5951 omnium.

542 5981 560 6001 °
582 5973 998 6037 Reponendum
1025 5976 1256 6030 videtur
1276 5976 1577 6033 sabbaticis.

2191 4802 2423 4853 riaiites.
2449 4802 2878 4862 Consequenter
2901 4808 3036 4859 ergo
3059 4807 3168 4846 nec
3192 4794 3390 4845 doctor
3416 4795 3564 4856 apud
3583 4805 3680 4842 eos
3696 4790 3780 4840 ali-

2191 4875 2320 4936 quis
2361 4872 2638 4928 eruditus,
2671 4882 2777 4919 nec
2823 4868 3107 4940 princeps,
3156 4879 3259 4917 nec
3304 4864 3584 4940 sacerdos,
3612 4874 3775 4940 aquo

2188 4934 2585 5006 reformantur,
2611 4942 2848 4993 existit:
2898 4940 3033 5002 quia
3069 4938 3339 5001 loquente
3386 4938 3599 5000 Moyse,
3636 4934 3774 4984 oculi

2188 5030 2389 5068 eorum
2416 5014 2695 5065 velamine
2720 5017 3124 5075 conteguntur,
3141 5009 3291 5073 quod
3305 5022 3420 5060 non
3444 5013 3603 5059 aliter
3615 5009 3773 5054 aufer-

2190 5094 2298 5152 tur,
2334 5088 2446 5138 nisi
2470 5099 2603 5138 cum
2631 5086 2689 5135 in
2718 5085 2962 5146 Christo,
2983 5085 3205 5146 quinos
3222 5082 3477 5139 redemit,
3502 5079 3767 5131 aboletur.

2190 5160 2583 5223 Circumibunt,
2628 5157 2836 5221 inquit,
2878 5156 3092 5204 verbum
3136 5155 3359 5203 Domini
3396 5158 3705 5218 quaerentes,
3730 5155 3768 5196 et

2186 5248 2297 5281 non
2322 5233 2611 5291 invenient,
2627 5232 2763 5294 quia
2786 5242 2919 5280 eum
2939 5230 3037 5290 qui
3061 5229 3302 5279 Verbum
3322 5240 3450 5277 caro
3471 5227 3680 5276 l'actum
3692 5224 3768 5273 est

2185 5303 2471 5367 (Joan.1.),
2507 5308 2883 5365 negaverunt,
2914 5304 3108 5364 sicque
3130 5301 3233 5352 lux
3258 5299 3581 5351 intenebris
3601 5297 3761 5356 lucet,

2184 5382 2239 5428 et
2264 5378 2510 5427 tenebrat
2546 5388 2669 5426 eam
2694 5388 2810 5426 non
2850 5374 3423 5437 comprehenderunt.

2247 5450 2411 5499 Vers.
2460 5447 2545 5502 i3.
2587 5448 2655 5501 14
2688 5476 2746 5483 —
2782 5448 2847 5496 lit
2872 5448 2957 5495 die
2998 5449 3089 5497 illa
3125 5448 3367 5509 tte/(cient
3392 5446 3621 5509 virgines
3658 5441 3763 5510 pul-

2181 5522 2340 5586 chrae,
2376 5528 2421 5569 et
2446 5520 2791 5570 adolescentes
2816 5522 2875 5569 in
2901 5521 3009 5571 siti.
3050 5520 3223 5579 Qum‘
3246 5520 3458 5584 juravit
3506 5521 3561 5567 in
3595 5518 3761 5567 delicto

2244 5691 2264 5721 ⁴
2291 5692 2495 5744 Verius
2518 5692 2962 5755 Hieronymiana
2985 5695 3189 5756 versio,
3215 5698 3271 5746 et
3296 5694 3544 5757 vulgata,
3572 5693 3665 5756 qui
3682 5690 3755 5754 ju—

2178 5771 2324 5829 rant,
2348 5765 2421 5815 ad
2440 5766 2751 5817 Hebraeum
2769 5766 3067 5821 omnium
3093 5768 3439 5831 jurantes,ut
3461 5771 3518 5816 et
3544 5779 3675 5816 mox
3688 5778 3762 5815 co-

2176 5836 2457 5889 haerentia
2480 5840 2666 5887 dicunt
2708 5850 2810 5902 pro
2834 5837 2982 5887 dicit.
3018 5840 3220 5893 Verius
3252 5852 3481 5905 quoque
3506 5843 3655 5903 quod
3686 5857 3756 5895 se-

2173 5912 2386 5975 quitur,
2403 5911 2667 5960 Dominus
2690 5924 2902 5963 nomen
2924 5914 3207 5978 nesciunt,
3230 5917 3383 5980 quod
3407 5922 3606 5971 Noster
3630 5919 3755 5973 infe-

2174 5984 2296 6036 rius
2319 5989 2651 6038 constanter
2680 5988 2898 6043 recitat.
