3894 6446
108 383 256 442 1129

1485 388 1696 441 LIBER
1726 386 1820 441 DE
1852 387 2036 441 FIDE.

3270 398 3411 455 1130

106 500 279 578 beato
294 498 479 578 Paulo
510 512 719 578 caussa
758 503 814 578 et
840 499 1077 578 semina.
1099 512 1326 578 sumere
1359 501 1432 578 in
1453 514 1520 552 eo
1549 500 1705 565 quod
1728 503 1782 578 Α
1804 514 1986 554 unum
2028 502 2299 567 Spiritum
2333 516 2687 570 nuncupare,
2730 521 2864 561 cum
2898 510 3058 576 dicit,
3087 511 3239 561 Sicut
3261 514 3406 565 enim

97 571 258 635 dicit,
282 570 395 623 Nos
419 575 602 621 autem
625 571 987 636 praedicamus
1015 571 1314 632 Christum,
1341 578 1387 621 et
1415 573 1560 622 hunc
1584 588 1705 623 cru-

97 643 351 708 cifixum,
399 643 604 693 Judzeis
634 643 853 707 quidem
916 642 1258 706 scandalum,
1303 644 1549 707 gentibus
1590 660 1708 693 vero

95 715 409 778 stultitiam,
432 715 563 779 ipsis
581 730 699 763 vero
720 717 919 764 vocatis
937 715 1142 765 Judazis
1159 720 1205 764 et
1223 716 1414 765 Graecis
1433 716 1710 765 Christum

104 788 206 838 Dei
239 787 493 837 virtutem
529 792 576 836 et
612 788 709 836 Dei
742 788 1072 849 sapientiam
1106 786 1178 850 (1.
1209 787 1329 839 Cor.
1367 786 1415 841 1.
1444 786 1573 849 23.).
1600 787 1710 838 Sed

103 860 162 912 in
198 860 292 911 his
320 871 453 923 qum
489 858 637 911 dixit
673 860 881 911 beatus
921 859 1153 918 Paulus,
1188 871 1307 910 non
1342 859 1709 923 unigenitum

104 932 298 984 Deum
315 931 554 982 verbum
573 929 859 992 significat
880 930 1153 981 virtutem
1168 935 1225 981 et
1241 929 1597 994 sapientiam,
1623 932 1709 977 sed

103 1001 529 1054 ordinationem
562 1000 750 1051 crucis
778 1020 789 1059 ;
820 1001 1015 1053 statim
1049 1001 1203 1051 enim
1240 1000 1299 1051 in
1333 1001 1708 1064 sequentibus

103 1074 278 1136 dixit,
311 1072 452 1131 Quia
482 1073 708 1121 stultum
734 1072 829 1120 Dei
861 1072 1159 1135 sapientius
1190 1076 1259 1120 est
1300 1071 1638 1133 hominibus,
1664 1076 1710 1120 et

102 1146 400 1207 inﬁrmum
423 1143 520 1192 Dei
542 1142 739 1205 fortius
775 1148 843 1191 est
870 1142 1180 1191 hominibus
1210 1143 1235 1205 (
1256 1141 1303 1196 1.
1331 1142 1452 1193 Cor.
1478 1141 1528 1196 1.
1554 1141 1641 1195 25.
1671 1142 1705 1205 ).

104 1217 294 1267 Nemo
316 1220 511 1267 autem
528 1213 899 1278 prudentium
913 1213 1088 1264 audet
1102 1213 1307 1275 dicere,
1328 1212 1483 1276 quod
1499 1214 1707 1261 stultum

102 1288 212 1339 Dei
236 1290 295 1339 et
316 1284 667 1338 imbecillum
691 1287 848 1336 Deus
866 1286 1107 1336 verbum
1135 1289 1243 1347 est,
1272 1286 1369 1335 sed
1391 1285 1540 1336 sicut
1564 1296 1710 1348 prte-

102 1359 248 1421 dixi,
296 1357 484 1409 crucis
517 1356 935 1407 ordinationem
963 1356 1267 1420 significat,
1299 1369 1365 1407 eo
1391 1356 1543 1419 quod
1568 1355 1709 1406 illud

103 1430 268 1494 quod
293 1428 604 1480 incredulis
628 1427 857 1479 videtur
879 1439 1008 1479 esse
1036 1426 1299 1488 stultum,
1317 1427 1425 1478 hoc
1443 1432 1532 1478 est
1557 1426 1709 1477 Chri-

102 1504 267 1553 stum
284 1500 627 1552 cruciﬁxum
643 1499 872 1551 credere
889 1500 1073 1550 Deum
1097 1512 1245 1557 esse,
1268 1498 1378 1549 hoc
1392 1498 1708 1549 maximam

100 1574 452 1637 sapientiam
466 1571 641 1622 habet
665 1586 677 1621 :
705 1577 763 1622 et
779 1569 933 1634 quod
948 1570 1179 1621 videtur
1202 1582 1332 1621 esse
1358 1569 1708 1620 imbecillum

100 1644 339 1707 Christi,
377 1647 609 1708 propter
633 1640 789 1705 quod
818 1653 919 1705 pro
953 1641 1119 1692 nobis
1154 1645 1422 1693 mortuus
1456 1646 1565 1704 est,
1600 1641 1709 1692 hoc

98 1715 423 1767 maximam
456 1713 732 1766 virtutem
755 1712 945 1776 habet,
972 1711 1041 1762 de
1074 1724 1189 1775 qua
1224 1712 1504 1776 sapientia
1535 1716 1709 1776 atque

99 1787 322 1840 virtute
344 1798 463 1836 non
490 1789 582 1837 est
605 1796 761 1835 nunc
786 1787 1015 1846 tempus
1040 1782 1250 1834 dicere.

164 1859 298 1909 ΧΙΙ.
348 1858 454 1908 Per
498 1856 712 1907 multos
757 1854 931 1919 igitur
971 1857 1148 1905 testes
1196 1854 1469 1905 docemur
1505 1866 1540 1905 a
1572 1855 1708 1917 Deo,

1803 589 1999 639 corpus
2024 590 2199 623 unum
2224 580 2313 639 est,
2340 581 2384 624 et
2411 578 2650 629 membra
2683 580 2859 630 multa
2894 582 3070 646 habet,
3094 585 3287 633 omnia
3309 600 3411 634 au-

1806 650 1907 695 tem
1933 646 2171 695 membra
2191 648 2431 711 corporis
2447 664 2570 697 cum
2593 650 2701 699 sint
2725 652 2917 711 multa,
2946 668 3124 703 unum
3144 658 3270 705 sunt
3293 671 3410 706 cor-

1808 732 1929 781 pus,
1951 718 2025 766 sic
2044 718 2208 767 etiam
2236 719 2506 769 Christus:
2532 736 2643 770 non.
2670 723 2731 771 in
2758 738 2867 772 uno
2886 724 3089 787 spiritu
3115 741 3213 775 nos
3229 741 3411 778 omnes

1810 789 1871 862 in
1898 803 2071 862 unum
2095 805 2287 862 corpus
2303 790 2557 854 baptizati
2578 808 2784 855 sumus,
2809 796 2916 844 sive
2937 796 3137 857 Judaei,
3161 797 3269 846 sive
3290 814 3412 862 gen-

1810 859 1940 919 tiles,
1970 860 2090 933 sive
2123 861 2277 924 servi,
2311 862 2416 933 sive
2449 862 2618 926 liberi,
2655 871 2699 913 et
2729 881 2911 917 omnes
2945 883 3122 918 unum
3152 859 3409 933 spiritum

1806 932 1976 995 potati
1997 946 2185 979 sumus
2216 934 2281 995 (1.
2313 932 2433 984 Cor.
2463 938 2541 985 12.
2570 937 2685 999 12.).

1872 1003 2020 1052 XIV.
2052 1003 2229 1053 Nemo
2257 1008 2617 1067 autem,cum
2641 1007 2836 1059 audiat
2858 1008 3143 1061 dicentem
3174 1010 3407 1065 beatum

1810 1073 2170 1136 Apostolum,
2196 1075 2351 1137 quod
2376 1076 2434 1125 in
2458 1090 2571 1127 uno
2586 1078 2788 1142 spiritu
2811 1093 2919 1131 nos
2943 1094 3146 1133 omnes
3172 1085 3405 1143 baptizati

1811 1156 2034 1220 sumus,
2056 1148 2114 1220 _e_t
2126 1158 2309 1220 unum
2334 1147 2596 1220 spiritum
2613 1150 2790 1213 potati
2808 1164 3029 1214 sumus,
3050 1153 3121 1204 de
3149 1154 3271 1205 solo
3292 1169 3405 1203 eum

1809 1214 2258 1287 Spirituidixissc
2293 1218 2506 1279 credat,
2532 1224 2633 1270 aut
2655 1220 2725 1271 de
2753 1221 2873 1273 solo
2898 1224 3078 1274 Patre.
3101 1226 3297 1287 Quippe
3318 1228 3405 1286 qui

1808 1286 1889 1336 ita
1909 1286 2104 1349 credit,
2130 1286 2275 1338 tollit
2291 1288 2593 1351 baptisma.
2622 1292 2816 1355 Neque
2841 1293 2996 1343 enim
3015 1294 3113 1357 qui
3136 1286 3407 1358 baptizati

1810 1357 2028 1409 suntin
2044 1370 2160 1409 uno
2179 1358 2400 1421 spiritu,
2424 1359 2483 1410 in
2497 1360 2618 1412 solo
2643 1364 2805 1414 Patre
2828 1365 3100 1428 baptizati
3127 1357 3281 1428 sunt,
3306 1378 3404 1418 ne-

1809 1442 1921 1492 que
1943 1428 2004 1479 in
2040 1428 2159 1480 solo
2183 1429 2343 1492 Filio,
2369 1444 2559 1495 neque
2582 1432 2643 1483 in
2668 1433 2790 1485 solo
2817 1435 3028 1499 Spiritu
3054 1440 3273 1498 sancto,
3306 1438 3405 1490 sed

1807 1502 1868 1552 in
1902 1501 2132 1551 nomine
2164 1502 2347 1552 Patris
2385 1504 2440 1554 et
2482 1503 2607 1554 Filii
2643 1508 2700 1555 et
2732 1506 2975 1569 Spiritus
3014 1508 3217 1572 sancti,
3253 1508 3405 1572 quod

1810 1572 2040 1637 quidem
2065 1577 2153 1624 est
2172 1585 2478 1625 commune
2494 1587 2725 1638 nomen,
2744 1589 2861 1627 non
2884 1589 2986 1641 per
3008 1578 3405 1630 confusionem

1808 1656 2204 1707 personarum,
2234 1643 2333 1694 sed
2360 1657 2460 1708 per
2484 1646 2764 1697 unitatem
2786 1652 3031 1711 naturas,
3058 1664 3204 1698 unus
3228 1650 3408 1699 Domi-

1808 1730 1930 1775 nus,
1961 1729 2106 1763 unus
2137 1715 2293 1778 Deus,
2324 1731 2469 1764 unus
2504 1715 2759 1780 Spiritus.
2803 1720 3034 1783 Semper
3066 1722 3221 1771 enim
3246 1726 3408 1785 pater

1809 1790 1918 1849 est,
1942 1798 2062 1836 non
2086 1785 2359 1838 desinens
2386 1799 2515 1837 esse
2540 1789 2699 1851 pater
2724 1802 2735 1838 :
2766 1801 2989 1853 semper
3011 1795 3205 1842 autem
3228 1796 3286 1844 et
3314 1794 3407 1844 Fi-

1808 1858 1941 1921 lius,
1976 1869 2351 1921 perseverans
2386 1870 2515 1908 esse
2554 1863 2825 1922 perpetuo
2864 1860 3050 1911 illius:
3080 1874 3308 1926 semper
3350 1868 3407 1915 et

98 1929 263 1994 quod
276 1941 459 1981 unum
472 1927 682 1978 habeat
698 1927 1132 1978 substantivum
1145 1926 1509 1989 unigenitum
1525 1926 1706 1976 Deum
1735 1921 1788 1995 B
1814 1928 2058 1992 Spiritus
2080 1932 2336 1990 sanctus,
2362 1929 2466 1992 qui
2486 1921 2789 1992 nunquam
2800 1932 2966 1982 Pater
2982 1936 3087 1983 aut
3109 1921 3287 1984 Filius
3299 1935 3407 1983 effl-

98 2000 370 2061 verbum,
394 2011 572 2051 unam
597 1998 936 2062 sapientiam
968 1997 1397 2049 substantivam
1430 1996 1706 2060 Spiritum

95 2076 398 2133 sanctum,
420 2082 522 2135 per
543 2081 717 2133 quem
743 2068 1029 2133 spiritum,
1060 2072 1117 2119 et
1144 2081 1240 2132 per
1260 2068 1414 2131 quod
1440 2068 1701 2129 verbum,

94 2143 301 2195 omnis
325 2142 620 2207 sapientia,
642 2152 847 2203 sermo,
866 2140 1124 2202 scientia,
1145 2144 1468 2203 cmteraque
1492 2154 1704 2188 munera

94 2214 476 2268 credentibus
500 2217 852 2278 praestantur
871 2224 906 2263 a
925 2213 1063 2274 Deo,
1099 2211 1251 2263 sicut
1284 2211 1459 2262 etiam
1500 2211 1703 2262 beatus

92 2288 321 2339 Paulus
347 2286 531 2347 docet,
557 2297 691 2335 cum
719 2283 801 2333 sic
824 2283 961 2334 dicit
985 2298 997 2333 :
1044 2281 1222 2331 Habeo
1260 2283 1432 2345 igitur
1466 2282 1703 2346 gloriam

85 2361 153 2407 in
201 2358 417 2408 Christo
447 2357 575 2405 Jesu
614 2356 687 2404 ad
718 2355 907 2404 Deum.
942 2354 1069 2403 Non
1101 2354 1249 2402 enim
1281 2354 1453 2402 audeo
1488 2352 1701 2416 aliquid

83 2430 247 2495 loqui
282 2442 471 2477 eorum
494 2441 610 2491 quae
635 2441 731 2490 per
764 2440 849 2474 me
881 2440 992 2473 non
1026 2424 1186 2485 efﬁcit
1228 2424 1475 2473 Christus
1498 2426 1557 2472 in
1583 2424 1700 2472 obe-

80 2501 364 2550 dientiam
396 2499 641 2563 gentium
676 2496 828 2546 verbo
852 2501 898 2545 et
925 2495 1085 2558 factis
1108 2496 1170 2543 in
1193 2495 1390 2543 virtute
1412 2495 1698 2557 signorum

80 2578 130 2621 et
162 2570 558 2637 prodigiorum
596 2569 656 2617 in
691 2569 882 2616 virtute
918 2567 1156 2631 Spiritus
1198 2566 1371 2614 sancti
1403 2566 1574 2627 (Rom.
1610 2565 1697 2620 15.

84 2644 226 2707 17.).
256 2644 383 2693 Non
408 2640 593 2692 solum
616 2639 867 2690 habebat
890 2638 1093 2689 beatus
1124 2638 1427 2701 Apostolus
1446 2639 1627 2686 Paulus
1643 2641 1697 2686 in

82 2729 151 2767 se
180 2713 527 2778 loquentem
556 2712 849 2763 Christum
877 2713 935 2761 et
965 2708 1237 2772 Spiritum
1272 2712 1557 2771 sanctum,
1596 2710 1696 2760 sed

80 2787 278 2840 etiam
300 2785 492 2837 caeteri
517 2795 719 2836 omnes
737 2782 1055 2845 Prophetas,
1082 2785 1139 2832 et
1158 2780 1435 2844 Apostoli,
1462 2784 1521 2831 et
1544 2783 1700 2829 Evan-

80 2858 345 2921 gelistaz,
372 2856 522 2907 sicut
537 2854 713 2906 etiam
736 2853 1017 2905 Dominus
1033 2856 1228 2903 noster
1241 2853 1269 2901 J
1278 2863 1412 2902 esus
1436 2850 1698 2902 Christus

82 2930 271 2982 docet
293 2940 425 2978 cum
452 2926 605 2985 dicit,
624 2925 743 2974 Ideo
766 2939 872 2973 ecce
896 2939 988 2987 ego
1006 2923 1156 2972 mitto
1181 2922 1254 2971 ad
1278 2937 1364 2971 vos
1384 2923 1693 2986 prophetas,

78 3009 127 3051 et
153 3000 449 3064 sapientes,
472 3004 520 3047 et
543 2996 743 3046 seribas
770 2998 782 3057 (
807 2996 998 3045 Matth.
1029 2994 1114 3049 23.
1144 2993 1228 3047 33.
1253 2993 1289 3057 ),
1309 2992 1572 3045 Similiter
1593 3005 1698 3044 au-

80 3077 219 3126 tem
244 3074 303 3123 et
333 3069 405 3121 de
444 3069 646 3134 spiritu
684 3066 785 3118 Dei
819 3066 996 3117 dicit:
1038 3066 1158 3115 Ideo
1196 3072 1241 3114 et
1284 3065 1557 3129 sapientia
1598 3066 1697 3115 Dei

78 3144 247 3204 dicit,
297 3141 451 3191 mitto
487 3141 561 3189 ad
602 3140 743 3204 ipsos
787 3137 1087 3202 Prophetas
1130 3140 1177 3185 et
1212 3136 1486 3201 Apostolos
1513 3136 1539 3200 ί
1566 3137 1695 3188 Luc.

80 3216 178 3272 11.
221 3212 356 3278 49.).

150 3286 319 3338 XIII.
355 3283 519 3366 Quod
559 3283 750 3335 autem
786 3280 1041 3366 Spiritus
1066 3284 1302 3366 sanctus
1324 3279 1608 3366 Dominus
1641 3283 1699 3366 et
1724 3291 1772 3366 ρ

78 3362 259 3413 Deus
284 3361 390 3417 est,
410 3361 469 3408 et
487 3359 761 3419 tanquam
786 3354 1069 3405 Dominus
1093 3358 1291 3404 noster
1306 3354 1625 3401 credentibus
1649 3356 1696 3400 et

78 3434 226 3498 ipse
252 3440 500 3480 munera
520 3426 768 3498 largitur
787 3431 844 3498 et
866 3425 1063 3498 donat,
1086 3436 1290 3474 rursus
1313 3422 1468 3475 idem
1493 3423 1697 3498 beatus

84 3494 323 3556 Paulus
350 3501 535 3561 docet,
558 3510 693 3549 cum
717 3496 872 3560 dicit,
903 3496 1201 3545 Divisiones
1232 3509 1351 3543 vero
1385 3494 1699 3558 gratiarum

78 3578 246 3637 sunt,
272 3571 418 3620 idem
445 3575 627 3619 autem
661 3568 916 3632 Spiritus,
944 3572 989 3615 et
1023 3566 1312 3615 divisiones
1333 3565 1701 3615 ministratio—

80 3660 241 3697 num
262 3647 412 3705 sunt,
438 3641 581 3693 idem
605 3644 783 3690 autem
806 3639 1093 3702 Dominus,
1124 3644 1167 3686 et
1190 3637 1481 3686 divisiones
1504 3652 1701 3701 opera-

79 3720 321 3769 tionum
343 3718 487 3773 sunt,
514 3723 531 3741 ·
556 3712 699 3761 idem
732 3726 852 3759 vero
893 3710 1032 3759 Deus
1058 3711 1072 3774 (
1098 3709 1217 3759 Cor.
1259 3706 1344 3762 12.
1375 3708 1426 3761 4.
1451 3710 1467 3771 )
1496 3724 1511 3757 :
1538 3721 1703 3773 aper-

84 3794 145 3843 te
179 3788 362 3840 docet
384 3784 538 3849 quod
566 3782 808 3847 Spiritus
834 3785 1070 3832 sanctus
1091 3780 1375 3831 Dominus
1395 3783 1592 3830 etDous
1609 3785 1698 3830 est.

81 3858 468 3915 Manifestius
490 3860 683 3908 autem
717 3853 889 3904 etiam
918 3853 980 3903 in
1018 3851 1392 3914 sequentibus
1427 3851 1698 3903 ostendit.

83 3930 471 3986 Enumeratis
483 3928 636 3980 enim
652 3926 819 3977 donis
835 3929 893 3976 et
916 3924 1183 3989 operibus
1198 3928 1370 3985 atque
1383 3924 1699 3986 ministeriis,

78 4004 315 4071 adjecit
337 4002 551 4063 statim,
575 3999 774 4071 dicens
799 4015 809 4045 :
859 3997 1195 4071 ercautem
1229 3994 1421 4071 omnia
1444 3999 1702 4071 operatur

84 4064 248 4128 unus
273 4079 437 4137 atque
456 4073 599 4120 idem
613 4069 858 4133 Spiritus,
884 4067 1126 4116 dividens
1149 4064 1380 4128 singulis
1405 4070 1566 4137 prout
1590 4064 1702 4113 vult

85 4151 162 4217 (1.
208 4134 458 4199 σωκ-12.
492 4142 623 4217 1ὲ)ἐ
644 4144 868 4217 gursus
886 4139 1039 4190 idem
1065 4139 1267 4189 beatus
1292 4134 1503 4217 Paulus
1529 4138 1701 4217 docere

82 4208 211 4274 nos
235 4216 495 4283 apertius
522 4210 695 4280 587
725 4212 923 4264 volens
956 4223 1133 4283 unam
1164 4221 1293 4283 esse
1318 4208 1702 4283 substantiam

83 4278 295 4345 Patris
318 4293 375 4340 et
388 4286 512 4338 Filii
537 4278 865 4348 etSpiritus
892 4281 1091 4341 sancti,
1118 4285 1176 4332 et
1207 4280 1303 4343 ait,
1337 4278 1487 4328 Unus
1510 4278 1702 4327 Domi-

82 4379 228 4424 nus,
280 4376 397 4409 una
433 4358 579 4423 ﬁdes,
626 4370 802 4405 unum
857 4354 1143 4417 baptisma,
1181 4366 1330 4399 unus
1375 4351 1516 4398 Deus
1548 4354 1704 4414 pater

83 4432 593 4495 omnium(Ephes.
632 4429 683 4482 4.
715 4427 806 4490 5.).
846 4428 1067 4477 Patrem
1102 4427 1295 4495 autem
1318 4424 1580 4495 nominat
1603 4433 1702 4495 eo-_

82 4521 236 4562 rum
266 4492 462 4568 quiin
478 4500 709 4552 nomine
734 4498 915 4549 Patris
939 4502 995 4547 et
1025 4494 1149 4546 Filii
1171 4498 1228 4544 et
1251 4493 1496 4568 Spiritus
1520 4492 1704 4568 sancti

82 4595 200 4648 per
228 4566 522 4648 baptisma
544 4573 663 4648 nati
690 4575 844 4648 sunt.
872 4571 999 4620 Non
1020 4568 1292 4648 ignorans
1309 4566 1507 4648 autem
1531 4567 1703 4648 beatus

80 4638 440 4718 Apostolus,
466 4656 595 4696 esse
625 4642 919 4718 baptisma
931 4651 1116 4718 aquae,
1134 4642 1192 4718 et
1207 4639 1451 4718 baptisma
1475 4638 1700 4697 spiritus,

81 4707 255 4779 dixit
280 4707 465 4771 unum
486 4714 788 4780 baptisma.
817 4713 925 4763 Sed
952 4715 1094 4763 bene
1118 4709 1279 4764 dixit,
1306 4707 1494 4758 sciens
1520 4720 1702 4780 unum

80 4808 233 4852 esse
258 4779 581 4855 baptisma,
593 4787 652 4837 in
675 4799 741 4837 eo
765 4783 920 4847 quod
936 4784 995 4833 in
1019 4782 1253 4855 nomine
1277 4779 1703 4855 uniusDomini

78 4850 313 4923 omnes
336 4850 696 4926 baptizentur
713 4861 769 4907 et
793 4856 1048 4907 credant.
1066 4853 1219 4905 Solet
1238 4851 1408 4926 etiam
1425 4850 1573 4902 idem
1588 4853 1707 4899 bea-

82 4949 196 4995 tus
218 4924 533 5001 Apostolus
552 4933 775 4982 Patrem
798 4926 1074 4978 etFilium
1096 4928 1153 4977 et
1168 4924 1703 5001 Spiritum_sanctum,

81 4993 483 5067 sicut-unum
529 5001 838 5054 Dominum
871 5002 931 5050 et
954 5010 1137 5050 unum
1180 4998 1383 5060 Deum,
1410 4995 1491 5046 sic
1532 4993 1705 5045 etiam

83 5167 244 5211 sum
263 5149 687 5214 interpretatos,
706 5143 873 5196 docet
901 5141 1073 5214 etiam
1090 5137 1560 5214 Theodoretusin
1587 5139 1708 5199 Epi-

80 5206 324 5285 Ξιᾘιδω
357 5206 506 5277 1.’ἱὶ(1
545 5206 889 5285 Corinthios.
923 5209 1119 5265 Εἷδὲναι
1157 5212 1320 5275 μέντοι
1361 5206 1477 5277 χρὴ,
1514 5206 1578 5266 ὡς
1614 5228 1704 5260 σο-

80 5284 220 5371 φίαν
263 5296 352 5348 καὶ
385 5293 607 5356 δύναμιν,
639 5284 695 5340 οὐ
733 5285 818 5351 τὴν
869 5284 1070 5371 θεόῖητα
1098 5289 1182 5371 τος)
1214 5288 1495 5371 μονῗγενοῡς
1523 5300 1706 5347 «poem-

74 5355 341 5443 ;bpauasv
386 5366 412 5417 ὁ
444 5370 563 5420 θεῖος
599 5355 1084 5443 Ἀπόστολρᾳβλλξι
1126 5358 1181 5406 τὸ
1371 5360 1456 5439 TOU,
1499 5360 1708 5419 σταυροῦ

73 5422 340 5512 έῇἓργμα
378 5458 388 5468 ·
413 5438 498 5488 καὶ
528 5434 761 5501 διελέγχει
794 5425 903 5512 τοὺς
935 5429 1138 5512 Ἀρείου,
1156 5428 1243 5477 καὶ
1272 5422 1516 5512 ξὶύνοιιέιίρυ
1545 5432 1709 5512 aiaxch

370 5495 980 5576 πειρωμένοιᾶξδεικνύναι
1027 5500 1201 5564 σοφίαν
1252 5497 1334 5576 τᾴν
1373 5498 1512 5576 θεὸν
1563 5495 1706 5576 λόγον

76 5568 491 5654 δύὸμαζόμενοξι.
513 5568 816 5654 Sciendum
846 5579 916 5623 est
947 5568 1497 5654 autem,‘sapientiam
1531 5572 1575 5654 et
1604 5582 1708 5654 po:

76 5639 343 5716 lentiam
369 5650 659 5716 appellasse
683 5647 931 5696 diuinum
950 5641 1284 5716 Apostolum,
1306 5654 1419 5705 non
1438 5639 1710 5716 unigeniti

77 5710 476 5787 diuinitatem,
512 5721 602 5771 sed
625 5718 1061 5785 prxdicationem
1095 5714 1157 5763 de
1192 5714 1445 5787 cruce,‘et
1479 5710 1710 5773 refellere

76 5785 405 5861 Arrianos,
424 5785 472 5846 et
482 5789 987 5854 Eunomianos,qui
1007 5787 1147 5837 male
1163 5801 1236 5861 ea:
1253 5787 1351 5835 hoc
1375 5785 1484 5861 loco
1504 5799 1711 5861 conan-

79 5856 197 5933 2&1-
224 5856 501 5923 ostendere
519 5864 844 5929 sapientiam
870 5863 1043 5933 Deum
1060 5859 1282 5933 uerbum
1310 5856 1593 5908 nominari
1614 5859 1715 5905 ,οε-

80 5930 307 6008 tarum
330 5943 397 5996 ut
425 5936 767 6005 sapientiam
783 5934 895 5987 hoc
915 5931 1040 5986 loco
1054 5932 1117 5985 in
1138 5930 1263 5984 Filii
1283 5940 1590 6016 personam
1610 5941 1713 5978 non

408 6032 700 6089 PATROL.
739 6024 910 6084 XXI.

1811 2001 1976 2051 citur.

1868 2072 1991 2122 XV.
2017 2070 2164 2133 Quid
2189 2070 2363 2135 igitur
2384 2070 2457 2121 ad
2481 2069 2607 2124 haec
2636 2071 3073 2135 respondebunt
3103 2075 3271 2126 nobis
3307 2076 3406 2139 qui

1805 2143 1952 2193 Arrii
1975 2146 2031 2193 et
2051 2142 2313 2193 Eunomii
2346 2141 2599 2192 nefanda
2623 2142 2894 2206 dogmata
2919 2150 3266 2209 sequuntur,
3292 2151 3351 2198 et
3370 2158 3406 2197 a

1802 2214 1983 2265 Patris
2023 2213 2348 2263 substantia
2381 2211 2587 2262 Filium
2626 2214 2876 2277 separari
2919 2216 3300 2279 contendunt,
3346 2222 3405 2269 et

1802 2285 2071 2348 Spiritum
2095 2288 2358 2333 sanctum
2383 2285 2408 2332 ‘2
2434 2284 2530 2345 qui
2556 2296 2689 2333 cum
2713 2285 2835 2335 haec
2866 2283 3060 2336 dicant
3081 2286 3143 2337 in
3168 2288 3402 2339 nomine

1801 2355 1981 2407 Patris
2005 2359 2063 2405 et
2092 2354 2217 2404 Filii
2250 2357 2308 2404 et
2341 2353 2581 2416 Spiritus
2617 2354 2820 2419 sancti,
2861 2355 3037 2406 etiam
3060 2356 3170 2421 ipsi
3211 2357 3232 2385 δ
3262 2370 3402 2410 suos

1799 2426 2089 2490 baptizare
2122 2437 2241 2476 non
2272 2424 2577 2488 denegant,
2616 2429 2675 2477 et
2708 2426 2953 2479 credunt
2976 2440 3078 2491 per
3116 2429 3403 2493 baptisma

1799 2497 2203 2549 remissionem
2235 2499 2623 2560 peccatorum,
2651 2496 2914 2548 similiter
2940 2499 3110 2549 etiam
3136 2499 3317 2550 Patris
3341 2504 3401 2552 et

1799 2568 1923 2619 Filii
1962 2573 2018 2619 et
2057 2567 2301 2631 Spiritus
2337 2566 2521 2617 sancti
2559 2568 3016 2620 sanctiﬁcatione
3055 2570 3397 2634 dignandos,

1798 2652 1917 2691 non
1954 2644 2148 2690 tamen
2191 2636 2467 2689 desinunt
2496 2637 2968 2703 blasphemantes
3000 2640 3059 2691 in
3104 2641 3308 2692 Filium
3342 2648 3401 2694 et

1799 2710 2072 2774 Spiritum
2098 2714 2384 2772 sanctum,
2420 2722 2552 2760 cum
2578 2709 2854 2761 deberent
2877 2712 3136 2764 caecitate
3166 2713 3400 2765 tandem

1799 2782 2109 2845 aliquando
2132 2780 2356 2848 liberati
2380 2780 2659 2843 respicere
2680 2786 2739 2833 et
2761 2781 3095 2848 intelligere,
3114 2796 3233 2834 non
3254 2787 3401 2834 aliter

1797 2843 2118 2905 libertatem
2158 2843 2388 2903 famulis
2424 2864 2595 2915 posse
2631 2854 2903 2913 praestari,
2945 2843 3058 2904 nisi
3084 2843 3126 2905 'a
3152 2856 3399 2907 Domino

1800 2925 2040 2989 proprio.
2079 2924 2135 2976 Si
2169 2936 2307 2975 vero
2341 2923 2593 2974 dixerint
2631 2935 2666 2973 a
2708 2924 2829 2975 solo
2865 2925 3031 2975 Patre
3075 2924 3397 2978 libertatem

1797 2995 1889 3049 vel
1911 2995 2330 3059 indulgentiam
2373 2997 2740 3058 peccatorum
2772 3006 2871 3045 eos
2907 2994 3007 3058 qui
3036 2995 3398 3060 baptizantur

1797 3067 2068 3130 accipere,
2101 3071 2160 3118 et
2191 3078 2224 3117 a
2264 3065 2385 3116 solo
2421 3067 2583 3116 Patre
2625 3066 3153 3118 sanctiﬁcationem'
3172 3069 3396 3132 mereri,

1801 3139 1984 3190 sciant
2004 3151 2120 3189 non
2142 3138 2303 3188 aliter
2327 3147 2675 3199 quemquam
2700 3149 2898 3189 eorum
2915 3138 3013 3201 qui
3037 3138 3401 3203 baptizantur

1798 3210 1891 3262 his
1915 3209 2155 3271 dignum
2185 3208 2352 3259 donis
2386 3207 2507 3258 ﬁeri
2541 3220 2726 3271 posse,
2766 3208 2878 3259 nisi
2915 3208 3087 3260 etiam
3116 3221 3151 3261 a
3177 3208 3315 3260 Filio
3339 3215 3397 3262 et

1800 3281 2008 3344 Spiritu
2035 3281 2234 3330 sancto
2259 3288 2496 3328 munera
2520 3289 2622 3328 seu
2646 3278 2798 3329 dona
2817 3278 3104 3342 percipiat.
3124 3281 3309 3331 Testis
3329 3287 3405 3330 est

1798 3353 2000 3403 beatus
2038 3350 2350 3414 Apostolus
2396 3348 2610 3399 Paulus
2646 3349 2721 3399 ad
2758 3349 3080 3402 Corinthios
3119 3353 3391 3413 scribens,

1800 3437 1934 3476 cum
1959 3423 2112 3485 dicit,
2136 3422 2318 3485 Neque
2337 3420 2649 3482 fornicarii,
2674 3435 2845 3485 neque
2856 3422 3129 3472 idolorum
3154 3423 3394 3489 cultores,

1800 3510 1970 3560 neque
1992 3493 2245 3550 adulteri,
2270 3497 2327 3543 et
2350 3496 2553 3543 caetera
2593 3492 2675 3555 (1.
2713 3493 2831 3543 Cor.
2860 3492 2907 3546 6.
2937 3492 2989 3546 9.
3014 3495 3050 3558 ),
3083 3499 3139 3545 et
3166 3494 3393 3559 adjecit,

1797 3568 1864 3616 Et
1891 3568 1997 3616 haec
2020 3565 2238 3630 quidem
2272 3563 2473 3626 fuistis,
2504 3563 2592 3611 sed
2623 3562 2792 3612 abluti
2821 3566 2959 3624 estis,
2987 3575 3006 3594 °
3033 3566 3124 3615 sed
3154 3568 3397 3630 sanctiﬁ-

1799 3640 1905 3693 cati
1938 3640 2055 3687 estis
2078 3638 2139 3685 in
2164 3637 2383 3685 nomine
2400 3635 2622 3684 Domini
2644 3635 2770 3684 Jesu
2799 3636 3018 3700 Christi,
3043 3642 3089 3686 et
3109 3638 3168 3686 in
3188 3638 3399 3703 Spiritu

1802 3709 1896 3758 Dei
1917 3708 2088 3758 nostri
2111 3705 2267 3769 (Ibid.
2302 3705 2420 3767 11.).
2457 3704 2632 3771 588
2661 3708 2762 3757 His
2787 3708 2963 3771 igitur
2980 3712 3218 3758 omnibus
3244 3713 3392 3762 testi-

1798 3780 2009 3832 moniis
2032 3789 2163 3842 quae
2182 3777 2456 3841 praedicta
2479 3784 2635 3837 sunt,
2663 3791 2777 3829 una
2793 3778 3108 3842 eademque
3133 3781 3314 3831 Patris
3338 3786 3395 3833 et

1798 3851 1923 3902 Filii
1947 3854 2003 3902 et
2034 3848 2277 3913 Spiritus
2304 3848 2486 3898 sancti
2520 3848 2839 3900 substantia
2873 3851 3014 3900 satis
3047 3851 3391 3915 abundeque

1797 3926 2168 3973 monstratur.

1862 3994 2011 4043 XVI.
2038 3991 2292 4043 Creando
2317 3993 2485 4051 Deus,
2512 4004 2628 4041 non
2644 3996 2850 4043 natura
2874 3997 3045 4055 creat,
3072 3993 3221 4046 sicut
3243 3996 3393 4048 Gen-

1798 4064 1985 4116 tilium
2008 4063 2200 4114 fabula
2214 4062 2576 4114 delirantium
2594 4067 2774 4126 putat,
2793 4063 2894 4114 sed
2913 4065 3096 4127 magis
3113 4068 3386 4117 voluntate.

1798 4137 2001 4187 Libera
2029 4136 2181 4185 enim
2202 4134 2469 4186 divinitas
2486 4138 2589 4192 est,
2611 4146 2677 4185 ac
2702 4147 2817 4185 non
2840 4136 3172 4187 necessitati
3198 4146 3391 4187 naturae

1800 4208 2076 4271 serviens,
2094 4207 2315 4271 ignium
2334 4206 2485 4257 sicut
2499 4206 2792 4257 mstimant
2806 4206 2938 4268 ritu,
2959 4208 3057 4269 qui
3074 4220 3191 4258 non
3208 4212 3393 4257 volun-

1799 4284 1935 4341 tate,
1962 4280 2061 4329 sed
2083 4282 2284 4328 urente
2314 4282 2371 4328 et
2396 4277 2782 4340 conﬂagrante
2807 4282 3029 4340 natura,
3056 4279 3246 4330 vicina
3268 4292 3394 4331 cor-

1799 4361 1936 4414 pora
1952 4360 2313 4399 concremare
2332 4352 2667 4398 noscuntur.
2686 4349 2839 4399 Deus
2867 4353 3062 4400 autem
3087 4363 3200 4400 non
3224 4350 3306 4402 ita
3328 4354 3396 4399 fa-

1801 4435 1927 4473 cere
1975 4422 2293 4473 consuevit.
2350 4422 2530 4483 Super
2573 4420 2726 4470 enim
2762 4433 2990 4471 omnem
3036 4422 3391 4475 intellectum

1802 4494 2252 4555 sensibilemque
2277 4497 2544 4543 naturam
2568 4492 2868 4543 ineffabilis
2889 4498 2944 4543 et
2966 4493 3395 4558 incomprehen-

1803 4566 1982 4617 sibilis
2012 4564 2337 4616 substantia
2360 4568 2464 4614 est.
2492 4564 2708 4627 Quippe
2733 4577 2866 4614 cum
2896 4563 3039 4615 nulli
3061 4565 3082 4594 ‘
3112 4565 3392 4619 divinitus

1805 4636 2046 4688 visibilis
2068 4636 2366 4697 habeatur,
2395 4636 2545 4685 sicut
2564 4635 2767 4685 beatus
2787 4635 2995 4686 Paulus
3024 4641 3285 4701 testatur,
3306 4639 3393 4689 di-

1805 4722 1957 4763 cens,
1986 4709 2111 4771 Regi
2131 4713 2309 4755 autem
2328 4706 2641 4754 saeculorum
2666 4706 3083 4770 incorruptibili,
3113 4710 3395 4775 invisibili,

1803 4780 1901 4828 soli
1927 4780 2029 4828 Deo
2067 4781 2240 4827 honor
2276 4784 2319 4826 et
2353 4778 2548 4840 gloria,
2584 4781 2640 4827 et
2672 4776 2881 4828 iterum
2919 4777 3057 4830 dicit
3081 4795 3093 4829 ε
3117 4782 3222 4839 Qui
3254 4783 3398 4833 solus

1806 4851 1955 4900 habet
2016 4849 2497 4908 immortalitatem,
2547 4847 2729 4897 lumen
2776 4848 2983 4899 habitat
3016 4850 3394 4913 inaccessibite,

1804 4938 1963 4986 quem
1987 4921 2120 4970 vidit
2150 4920 2332 4969 nullus
2367 4921 2673 4981 hominum,
2714 4936 2883 4985 neque
2917 4922 3091 4971 videre
3108 4929 3275 4986 potest
3306 4926 3320 4986 (
3347 4930 3393 4976 1,

1815 4995 1949 5043 Tim.
1981 4993 2027 5047 1.
2056 4992 2141 5046 17.
2174 4995 2320 5056 seq).
2349 4991 2558 5042 Eadem
2576 4995 2772 5043 autem
2795 4993 2969 5044 etiam
2992 4995 3192 5045 beatus
3220 4996 3397 5047 Joan-

1807 5136 2008 5189 cadere
2035 5135 2396 5200 perspicuum
2422 5138 2530 5199 est,
2555 5134 2636 5186 ita
2658 5134 2705 5185 si
2722 5139 2875 5186 recte
2897 5134 2976 5185 illi
3002 5134 3140 5186 alias
3161 5136 3400 5189 attribui

1807 5208 1937 5273 quis
1956 5212 2146 5271 neget,
2180 5207 2585 5258 reclamantem
2609 5205 2783 5257 habet
2806 5205 3206 5270 Theologicam
3231 5208 3401 5262 scho-

1806 5280 1921 5334 lam
1943 5280 2287 5332 universam.

1870 5380 1889 5400 ⁸
1911 5370 2037 5433 MS.,
2064 5369 2204 5417 Idem
2230 5383 2348 5416 vero
2379 5367 2535 5431 Deus,
2578 5365 2675 5430 qui
2698 5370 2954 5428 operatur
2976 5368 3167 5417 omnia
3198 5370 3257 5418 in
3293 5385 3401 5419 om-

1805 5440 1981 5490 nibus.
2018 5442 2083 5491 In
2108 5440 2216 5489 hac
2243 5439 2417 5499 igitur
2447 5436 2874 5488 enumeratione
2906 5439 3184 5491 donorum
3219 5440 3404 5493 sancti

1807 5512 2050 5577 Spiritus
2073 5510 2289 5563 addens
2323 5510 2537 5571 ubique
2568 5509 2773 5559 beatus
2809 5506 3020 5561 Paulus
3046 5510 3187 5561 idem
3221 5518 3403 5563 autem

1807 5587 2093 5647 Dominus,
2120 5591 2167 5636 et
2194 5583 2332 5633 idem
2356 5583 2517 5644 Deus,
2538 5582 2749 5645 aperte.

1867 5674 1888 5704 ¹³
1912 5675 2035 5738 Ms.,
2067 5674 2203 5725 Suos
2241 5688 2291 5722 se
2319 5671 2566 5721 batizare.

1869 5764 2036 5824 °Ms.,
2084 5762 2186 5812 Sed
2226 5762 2550 5825 sanetiﬁeati
2607 5759 2746 5823 estis,
2796 5758 2886 5810 sed
2934 5759 3228 5824 justiﬁcati
3266 5762 3409 5828 estis’,

1807 5838 1919 5889 etc.

1870 5924 2003 5989 Ms.,
2020 5920 2295 5973 Divinitas
2321 5918 2547 5970 visibilis
2571 5918 2853 5971 habeatur.

2992 6010 3061 6069 36
