3894 6454
522 415 658 472 1131

1832 416 2076 468 RUFINI
2111 415 2511 468 PALESTINI

3688 411 3812 471 113⁸2

517 527 984 604 nes_docet,__cum
1002 527 1164 604 dicit,
1178 529 1351 604 Deum
1377 542 1532 604 nemo
1550 527 1683 604 vidit
1701 542 1972 604 unquam,
1992 527 2122 604 _uni-
2143 531 2199 604 Α
2225 541 2382 604 omne
2427 541 2580 604 genu.
2601 525 3206 604 ﬂectaturAcailestium,_
3222 530 3270 574 et
3293 527 3648 604 terrestrium,
3674 533 3718 577 et
3739 529 3812 577 in-

517 600 731 664 genitus
747 599 916 648 Filius
931 597 1029 662 qui
1050 605 1121 648 est
1144 599 1205 648 in
1223 600 1352 648 sinu
1367 599 1550 649 Patris
1563 599 1672 662 ipse
1690 599 1942 648 narravit
1958 599 2119 663 (Joan

520 670 571 725 1.
598 670 724 734 18.).
752 673 898 733 Ergo
925 671 1202 733 quoniam
1227 684 1402 735 supra
1433 683 1664 721 omnem
1703 683 1943 721 sensum
1967 671 2124 722 Deus

517 745 626 804 est,
644 741 940 793 voluntate
953 751 969 769 ·
987 747 1160 804 creat,
1179 755 1300 793 non
1315 743 1594 793 natura.N
1600 753 1691 791 am
1710 741 1758 791 si
1775 745 1983 792 natura
1997 745 2125 790 Deus

515 815 730 863 crearet
750 815 808 862 et
830 824 947 862 non
971 811 1286 876 voluntate,
1313 811 1740 863 intlnitimundi
1775 812 1948 862 creati
1963 824 2126 876 repe-

513 883 779 946 rirentur,
812 883 1266 935 innumerabiles
1300 897 1434 935 vero
1455 884 1553 947 qui
1588 895 1686 947 per
1713 883 1835 934 dies
1861 881 2124 946 singulos

515 959 860 1006 crearentur.
892 955 1006 1005 Nos
1037 958 1251 1018 autem,
1277 953 1590 1006 Gentilium
1633 954 1909 1006 delirante
1932 954 2126 1007 fabula

511 1031 751 1090 remota,
796 1025 1012 1078 divinm
1059 1027 1365 1090 scripturae.
1412 1038 1738 1089 pareamus,
1781 1038 1913 1089 qua;
1957 1026 2124 1078 docet

511 1102 705 1163 aperte
731 1096 888 1161 quod
903 1101 1059 1148 Deus
1076 1111 1144 1148 ea
1165 1109 1296 1160 quaa
1320 1102 1494 1160 creat,
1514 1096 1811 1148 voluntate
1837 1097 1928 1147 vel
1944 1097 2121 1160 impe-

511 1170 594 1221 rio
612 1174 786 1231 creat,
815 1168 966 1220 sicut
987 1173 1043 1220 et
1067 1169 1322 1218 famulus
1348 1169 1450 1219 Dei
1480 1169 1712 1232 Moyses
1735 1167 1949 1231 docuit,
1988 1181 2121 1220 cum

514 1240 746 1304 diceret,
797 1241 866 1289 Et
903 1238 1049 1290 dixit
1073 1240 1214 1288 Deus
1249 1241 1368 1288 Fiat
1391 1239 1491 1287 tua:
1517 1257 1526 1287 :
1558 1244 1615 1289 et
1633 1239 1860 1303 adjecit,
1888 1240 1950 1288 Et
1977 1239 2121 1301 facta

509 1318 582 1362 est
611 1313 734 1362 lux:
772 1317 829 1362 et
852 1313 1083 1376 iterum,
1107 1311 1176 1388 ξι
1197 1311 1344 1388 dixit
1367 1311 1523 1388 Deus,
1551 1311 2119 1388 Fiat-ﬁrmamentum,

509 1387 568 1436 et
586 1389 942 1449 praeceptum
965 1381 1364 1446 complebatur
1385 1394 1456 1432 ex
1485 1381 1724 1445 imperio
1758 1395 1771 1432 :
1813 1387 1872 1433 et
1894 1381 2122 1452 iterum;

509 1455 577 1504 Et
629 1456 770 1504 dixit
814 1455 974 1517 Deus,
1010 1458 1168 1506 Fiant
1213 1453 1528 1502 luminaria
1577 1454 1727 1514 (Gen.
1770 1452 1837 1517 '1.)
1869 1470 1880 1502 :
1914 1460 1970 1506 et
1992 1468 2122 1518 qua:

507 1533 643 1580 ante
679 1539 794 1578 non
839 1532 1022 1590 erant,
1062 1537 1201 1576 mox
1241 1525 1660 1576 efﬁciebantur.
1702 1526 1918 1576 Pariter
1950 1529 2124 1579 etiam

508 1598 692 1650 David
721 1599 1004 1661 Propheta
1043 1597 1200 1662 dicit,
1239 1597 1352 1661 Ipse
1389 1597 1548 1657 dixit,
1583 1601 1626 1644 et
1649 1595 1798 1657 facta
1821 1603 1984 1657 sunt;
2009 1599 2122 1663 ipse

507 1670 793 1720 mandavit
815 1676 860 1717 et
905 1675 1083 1718 creata
1125 1673 1252 1717 sunt
1299 1668 1468 1729 (Psal.
1493 1667 1608 1721 148.
1642 1666 1714 1729 5.)
1745 1683 1760 1726 ;
1805 1673 1864 1718 et
1890 1669 2123 1738 iterum,

509 1742 709 1792 Omnia
737 1755 1067 1806 quacunque
1104 1741 1270 1789 voluit
1315 1741 1577 1788 Dominus
1613 1739 1734 1802 fecit
1753 1740 1816 1788 in
1840 1741 1965 1790 caelo
1989 1748 2034 1790 et
2058 1743 2114 1792 in

509 1820 672 1877 terra,
705 1813 765 1862 in
789 1813 936 1862 mari
960 1817 1008 1860 et
1031 1813 1094 1860 in
1116 1810 1367 1860 omnibus
1387 1811 1592 1874 abyssis
1619 1811 1787 1874 (Psal.
1817 1812 1937 1866 134.
1959 1812 2050 1876 6.).

573 1887 750 1936 XVII.
784 1885 840 1935 Si
873 1886 1050 1946 igitur
1090 1888 1310 1946 quanta
1347 1882 1470 1934 vult
1512 1885 1668 1932 Deus
1701 1883 1832 1934 facit
1858 1889 1916 1934 et
1938 1889 2112 1950 creat,

2221 596 2510 659 [ci-norum
2567 598 2788 663 (Philip.
2839 595 2891 652 2.
2939 598 3066 662 10.).
3113 597 3472 649 Infernorum
3519 599 3670 650 enim
3695 613 3815 651 cum

2225 669 2487 732 dixisset,
2513 669 2732 720 solutas
2755 671 2977 721 animas
2995 669 3326 733 corporibus
3342 669 3680 722 nominavit.
3698 673 3822 723 Por-

2224 752 2286 791 ro
2312 745 2506 790 autem
2518 740 2687 792 docet
2705 740 2890 792 varias
2914 753 3109 791 earum
3131 751 3258 791 esse
3279 738 3590 802 dignitates
3607 746 3819 802 species-

2225 823 2339 874 que
2362 811 2786 871 diversas,cum
2812 811 3086 874 dicit,Q.ii
3109 816 3178 858 est
3200 810 3382 873 imago
3401 811 3495 860 Dei
3519 812 3816 872 invisibilis,

2223 883 2619 946 primogenitus
2641 883 2805 932 totius
2827 889 3102 942 creaturae,
3126 883 3272 946 quod
3288 881 3344 929 in
3372 884 3486 941 ipso
3503 890 3679 932 creata
3701 891 3818 933 sunt

2225 955 2433 1011 omnia,
2461 959 2573 1001 tam
2598 954 2836 1017 caelestia,
2859 969 3025 1018 qnam
3056 958 3250 1001 terresti
3273 954 3342 1012 1.1,
3381 953 3639 1018 visibilia,
3666 960 3715 1003 et
3736 957 3821 1004 in-

2224 1025 2482 1088 visibilia,
2513 1023 2621 1073 sive
2647 1026 2852 1085 throni,
2877 1025 2983 1074 sive
3003 1024 3417 1087 dominationes,
3431 1025 3539 1074 sive
3551 1027 3822 1090 principa-

2226 1101 2329 1158 tus,
2367 1097 2474 1145 sive
2503 1101 2780 1160 potestates
2813 1095 2939 1158 (Col.
2978 1095 3026 1149 1.
3055 1094 3180 1157 13.).
3206 1097 3345 1146 Cum
3369 1095 3545 1159 igitur
3573 1096 3820 1148 caelestia

2224 1167 2464 1219 terrenis
2513 1171 2906 1230 anteponeret,
2944 1178 3081 1216 mox
3113 1165 3324 1230 adjecit
3354 1168 3526 1216 etiam
3559 1167 3819 1219 homines

2225 1241 2325 1302 qui
2359 1238 2420 1289 in
2443 1237 2666 1290 Christo
2690 1239 2866 1290 creati
2886 1243 3040 1302 sunt,
3065 1237 3266 1289 dicens
3292 1251 3305 1288 :
3331 1237 3400 1286 Et
3425 1239 3534 1301 ipse
3563 1245 3634 1288 est
3662 1247 3818 1306 caput

2225 1311 2465 1376 corporis
2487 1309 2746 1374 Ecclesiae,
2770 1310 2868 1374 qui
2891 1315 2962 1358 est
2981 1310 3342 1374 principium,
3352 1310 3820 1375 primogenitusea:

2223 1384 2472 1447 mortuis,
2499 1387 2558 1430 ut
2579 1383 2676 1444 ﬁat
2698 1381 2759 1429 in
2783 1381 3034 1430 omnibus
3057 1381 3166 1446 ipse
3173 1382 3479 1446 primatum
3499 1387 3680 1433 tenens
3696 1385 3818 1448 (Col.

2224 1454 2274 1509 ἓ.
2303 1453 2433 1518 28.).
2459 1453 2730 1506 Similiter
2751 1459 2945 1504 autem
2963 1453 3133 1504 etiam
3147 1452 3429 1504 Dominus
3448 1459 3819 1508 nosterJesus

2225 1527 2494 1578 Christus
2537 1525 2710 1577 docet
2731 1525 3125 1576 diversitatem
3149 1528 3491 1579 substantia
3517 1527 3820 1591 spirituum

2225 1611 2443 1663 eorum,
2469 1600 2566 1661 qui
2584 1609 2619 1648 a
2639 1599 2752 1648 Deo
2770 1601 3146 1660 recesserunt,
3161 1610 3232 1648 ex
3245 1597 3457 1660 quibus
3473 1598 3616 1650 solet
3630 1600 3822 1653 divina

2226 1671 2517 1734 Scriptura
2539 1669 2836 1722 daimones
2849 1669 3153 1734 appellare,
3171 1675 3230 1720 et
3241 1669 3590 1734 principatus
3608 1677 3666 1724 et
3676 1678 3823 1737 pote-

2225 1747 2426 1801 states,
2452 1755 2584 1792 cum
2611 1741 2765 1798 dicit,
2790 1741 2901 1790 Hoc
2926 1755 3091 1802 genus
3116 1754 3223 1790 non
3247 1741 3461 1804 ejicitur
3483 1744 3593 1791 nisi
3617 1745 3674 1795 in
3705 1761 3821 1793 ora-

2217 1815 2364 1872 tione
2384 1820 2431 1862 et
2451 1815 2511 1863 in
2528 1814 2744 1878 jejunio
2769 1813 2977 1874 (Matth.
2994 1811 3080 1866 17.
3107 1811 3212 1872 ‘20;
3246 1814 3414 1864 Marc.
3441 1814 3490 1868 9.
3515 1814 3642 1878 9.8.).
3669 1817 3737 1868 In
3761 1831 3820 1868 eo

2217 1892 2414 1938 autem
2461 1887 2609 1949 quod
2653 1887 2935 1936 Dominus
2969 1884 3107 1935 dicit
3140 1885 3236 1932 hoc
3273 1900 3458 1948 genus,
3485 1888 3742 1940 ostendit
3769 1891 3820 1939 in

511 1956 533 1986 ³
556 1956 729 2020 impie
753 1935 1030 2015 Origenes
1053 1935 1127 2004 δέ
1136 1953 1350 2004 nefarie
1367 1955 1382 1987 ί
1402 1954 1593 2003 fassus
1610 1959 1719 2014 est,
1737 1955 1930 2016 quisic
1947 1935 2112 2021 dixit;
2145 1935 2196 2006 B
2218 1959 2360 2021 ipsis
2387 1935 2544 2008 varia
2580 1971 2708 2008 esse
2732 1969 2944 2022 genera
2975 1935 3460 2016 substantiarum:
3487 1963 3820 2024 Speciesque

507 2028 635 2078 Non
668 2027 859 2075 omnia
887 2040 1004 2089 quae
1033 2026 1199 2074 voluit
1230 2025 1369 2073 Deus
1392 2025 1532 2087 fecit,
1557 2026 1646 2072 sed
1668 2040 1729 2073 ea
1765 2032 1976 2075 tantum
2003 2044 2120 2093 quae

505 2097 967 2171 potuitcontinere
991 2111 1055 2144 ac
1071 2097 1534 2158 comprehendere.
1557 2101 1659 2171 Qui
1677 2108 1810 2146 cum
1829 2097 1937 2171 hoc
1953 2099 2118 2171 diXIt,

506 2169 724 2220 ademit
741 2170 982 2218 Domino
995 2173 1339 2218 cunctorum
1357 2167 1695 2231 potentiam,
1715 2169 1882 2230 quasi
1897 2183 1965 2220 ex
1981 2167 2118 2230 parte

508 2239 744 2292 dimidia
777 2240 828 2290 ei
855 2237 1100 2290 faciendi
1122 2243 1381 2302 potestas
1411 2239 1660 2288 daretur.
1691 2240 1832 2289 Nam
1859 2239 1908 2290 si
1933 2243 2120 2292 conti-

506 2312 702 2373 nendi,
733 2324 799 2362 ac
825 2311 931 2362 sibi
962 2323 1093 2374 qum
1131 2310 1341 2361 faceret
1379 2312 1752 2374 subjugandi,
1777 2324 1892 2362 non
1923 2312 2114 2378 habet,

507 2388 573 2434 ut
593 2384 688 2436 ille
713 2380 1471 2445 wstimat,facultatem,nec
1495 2381 1726 2432 creandi
1753 2382 1986 2445 quidem
2005 2385 2118 2435 scl-

505 2456 635 2506 licet
657 2460 1005 2520 potestatem
1028 2453 1283 2504 habebit.
1301 2455 1442 2504 Nam
1458 2456 1554 2516 qui
1579 2455 1808 2504 creandi
1827 2456 2112 2505 facultatem

504 2527 698 2591 habet,
737 2531 796 2578 et
819 2525 946 2588 subj
959 2525 1172 2589 ugandi
1194 2525 1303 2575 sibi
1329 2532 1538 2585 creata,
1567 2525 1832 2576 similiter
1854 2525 2110 2580 habebit.

509 2599 622 2649 Nos
666 2598 842 2662 igitur
887 2599 1054 2647 beato
1089 2608 1394 2660 pareamus
1426 2597 1558 2658 Job,
1601 2597 1700 2659 qui
1736 2598 1817 2646 sic
1855 2597 1992 2648 dicit
2037 2599 2109 2649 ad

503 2672 707 2732 Deum,
740 2668 880 2718 Novi
903 2667 1050 2730 quod
1075 2668 1266 2716 omnia
1284 2673 1427 2731 potes
1453 2668 1778 2731 impossibile
1800 2675 1984 2718 autem
2015 2671 2109 2720 tibi

503 2739 650 2788 nihil
672 2747 741 2788 est
767 2739 899 2801 (Job.
939 2737 1024 2791 4‘2.
1064 2737 1158 2801 2.),
1185 2747 1243 2788 et
1264 2742 1355 2802 pie
1378 2739 1756 2802 religioseque
1783 2742 2104 2808 credamus,

504 2825 623 2863 una
651 2825 783 2862 cum
807 2811 898 2861 his
929 2811 1198 2861 Videlicet
1221 2811 1488 2873 Viris,qui
1511 2824 1545 2860 a
1568 2813 1686 2862 Deo
1710 2813 1862 2864 docti
1882 2819 2034 2878 sunt,
2049 2833 2106 2866 eo

503 2884 658 2948 quod
685 2886 840 2934 Deus
865 2883 1059 2934 omnia
1074 2886 1282 2945 potest,
1307 2887 1622 2933 etcreauuo
1642 2885 1936 2936 voluntate
1955 2894 2102 2951 creat,

501 2969 618 3008 non
642 2961 862 3024 natura,
889 2959 947 3006 et
973 2953 1127 3017 quod
1153 2953 1384 3017 quando
1413 2955 1538 3005 vult
1560 2959 1730 3016 creat,
1753 2962 1809 3006 et
1834 2969 1965 3020 qua:
1981 2960 2106 3010 vult

501 3033 558 3079 et
581 3031 799 3090 quanta
816 3028 942 3077 vult
961 3032 1018 3076 et
1043 3026 1234 3088 qualia
1261 3029 1404 3088 vult,
1418 3036 1473 3075 et
1490 3025 1631 3076 nihil
1645 3029 2102 3092 estimpossibile

503 3099 782 3152 voluntati
808 3098 954 3162 ejus.
994 3098 1360 3148 Voluntatem
1391 3099 1651 3166 vcroDei
1677 3099 1799 3150 sine
1824 3101 2100 3166 principio

498 3183 628 3222 esse
653 3171 916 3232 dicimus,
941 3170 1066 3219 sine
1092 3169 1364 3233 principio
1391 3165 1566 3236 589
1609 3172 1760 3221 enim
1793 3172 1958 3224 novit
1989 3165 2102 3225 Do-

497 3244 693 3296 minus
723 3254 858 3306 quaa
903 3245 1199 3292 creaturus
1231 3245 1338 3298 est,
1385 3246 1442 3292 et
1475 3242 1706 3304 quando
1738 3243 2018 3308 facturus,
2043 3251 2100 3297 et

499 3324 720 3379 quanta
743 3319 800 3366 et
824 3312 1016 3376 qualia
1041 3323 1235 3362 creare
1261 3313 1546 3364 moliatur.

561 3388 764 3436 XVIII.
791 3394 809 3414 ε
834 3388 902 3435 Et
926 3396 1142 3448 primas
1166 3384 1397 3447 quidem
1416 3384 1852 3437 dicimusfuisse
1875 3393 2098 3441 creatas

499 3457 866 3510 rationabiles
888 3457 1268 3518 substantias,
1293 3469 1425 3518 qua:
1441 3456 1703 3508 caelestes
1729 3459 2101 3525 habentur,et

501 3543 600 3581 eas
626 3529 901 3594 plurimas
924 3540 991 3578 ac
1018 3529 1282 3578 diversas
1307 3529 1636 3578 substantia
1660 3530 1862 3592 pariter
1888 3544 1956 3583 ac
1991 3537 2100 3584 vir-

503 3607 644 3664 tute,
663 3601 814 3651 sicut
835 3601 1040 3650 beatus
1058 3600 1245 3650 David
1269 3611 1366 3650 eas
1379 3605 1604 3650 caeteris
1629 3606 1991 3665 anteponens
2017 3604 2102 3656 di-

500 3674 596 3735 cit,
642 3671 881 3722 Laudate
926 3671 1224 3718 Dominum
1269 3671 1330 3718 de
1361 3671 1496 3719 caelis
1535 3670 1750 3721 laudate
1781 3690 1902 3724 eum
1926 3679 1988 3725 in
2010 3693 2102 3726 ea:-

499 3745 663 3795 celsis.
704 3744 948 3792 Laudate
971 3757 1094 3791 eum
1130 3758 1312 3791 omnes
1354 3743 1546 3806 Angeli
1571 3745 1700 3807 ejus,
1735 3746 1954 3798 laudate
1977 3765 2098 3799 eum

499 3832 682 3867 omnes
725 3819 940 3865 virtutes
982 3817 1096 3878 ejus
1132 3815 1295 3879 (Psal.
1336 3815 1457 3869 148.
1486 3815 1574 3878 1.).
1605 3819 1746 3868 Nam
1775 3833 1905 3870 cum
1931 3823 2100 3873 caslo-

498 3902 626 3940 rum
646 3894 702 3940 et
717 3892 1068 3951 Angelorum
1091 3887 1306 3938 faceret
1323 3887 1695 3953 mentionem,
1711 3894 1766 3940 et
1783 3896 2100 3954 potestates

499 3967 556 4012 et
580 3960 809 4012 excelsa
831 3963 1210 4024 nuncuparet,
1238 3959 1501 4010 diversas
1520 3973 1716 4012 eorum
1743 3964 2099 4016 substantias

499 4033 793 4095 edocebat,
845 4032 1143 4094 variasque
1191 4031 1404 4095 pariter
1435 4031 1748 4096 dignitates
1784 4048 1850 4086 ac
1876 4037 2096 4089 merita.

500 4107 721 4156 Rursus
746 4105 916 4156 etiam
935 4104 1101 4154 docet
1123 4117 1241 4154 non
1265 4103 1505 4154 eandem
1529 4108 1790 4156 omnium
1802 4120 1929 4158 esse
1941 4115 2104 4161 natu-

501 4189 642 4239 ram,
667 4189 801 4227 cum
826 4175 981 4236 dicit,
1003 4177 1106 4232 Qui
1128 4175 1262 4237 facit
1290 4177 1523 4237 Angelos
1544 4191 1668 4224 suos
1681 4179 1924 4242 spiritus,
1938 4181 2100 4230 etmi-

500 4249 700 4298 nistros
721 4263 844 4297 suos
870 4249 1053 4310 ignem
1088 4252 1329 4295 urentem
1364 4248 1523 4310 (Psal.
1553 4247 1673 4303 103.
1702 4250 1792 4307 4.).
1819 4253 2018 4315 Ignem
2044 4258 2102 4304 et

500 4321 767 4386 spiritum
793 4333 924 4370 cum
954 4319 1236 4382 Propheta
1269 4318 1533 4379 dixisset,
1561 4321 1740 4372 variis
1765 4334 1832 4373 ac
1857 4325 2101 4377 diversis

500 4406 645 4444 usus
669 4396 758 4443 est
781 4391 1100 4452 elementis,
1137 4395 1203 4441 ut
1222 4403 1329 4440 nos
1356 4395 1612 4455 apertius
1635 4395 1914 4458 edoceret,
1941 4403 1999 4448 et
2027 4411 2100 4450 ex

503 4463 760 4516 sensibili
785 4463 1049 4514 Videlicet
1071 4463 1355 4526 exemplo.
1375 4465 1487 4514 Eos
1505 4465 1676 4516 etiam
1705 4467 1968 4519 diversas
1994 4471 2100 4520 ha-

502 4537 636 4588 bere
667 4535 1026 4588 substantias
1050 4535 1222 4584 etiam
1246 4536 1452 4586 beatus
1466 4535 1696 4602 Paulus,
1717 4541 1981 4592 caelestes
2000 4545 2102 4594 ter-

502 4609 660 4661 renis
681 4611 1038 4672 anteponens
1061 4607 1558 4671 potestates,dicit,
1581 4612 1642 4660 Ut
1658 4610 1720 4659 in
1745 4612 2100 4666 nomineJesu

568 4812 587 4835 ⁸
610 4802 772 4870 Mss.,
811 4802 955 4854 Creet
980 4817 1094 4854 non
1115 4809 1341 4856 natura.

567 4896 589 4927 ¹²
627 4895 801 4961 Impie
824 4893 1074 4960 Origenes
1107 4910 1170 4946 ac
1193 4893 1446 4958 nefarie.]
1486 4893 1634 4948 Scite
1658 4895 1866 4959 pariter
1893 4903 1950 4950 et
1977 4913 2108 4966 gra-

504 4969 653 5022 viter
680 4968 830 5020 hanc
854 4968 1120 5032 Origenis
1142 4967 1560 5032 blasphemiam
1585 4975 1898 5032 exaggerat
1923 4973 2104 5026 Theo-

505 5042 699 5106 philus
718 5040 1149 5092 Alexandrinus
1175 5039 1233 5089 in
1256 5039 1512 5102 Epistola
1535 5040 1602 5088 II.
1627 5040 1902 5094 Paschali.
1919 5043 2046 5094 Non
2057 5046 2106 5094 ei

501 5114 720 5177 sufﬁcit,
762 5113 966 5176 inquit,
1017 5112 1122 5159 ista
1165 5109 1518 5174 blasphemia,
1563 5109 1653 5158 sed
1684 5117 1836 5161 trans
1868 5115 2106 5177 flumina

504 5185 792 5246 Ethiopiz
816 5197 1043 5232 currum
1065 5181 1303 5230 stultitia
1324 5197 1433 5230 suae
1454 5182 1712 5245 dirigens,
1741 5187 1938 5235 iterum
1958 5189 2107 5250 furi-

505 5257 720 5306 bundus
744 5255 967 5317 exultat,
1001 5259 1072 5302 tot
1108 5253 1286 5301 dice-ns
1310 5253 1582 5304 voluntate
1602 5270 1704 5305 sua
1725 5257 1898 5307 Deum
1921 5262 2104 5310 condi-

505 5329 640 5378 disse
676 5326 1028 5377 rationabiles
1058 5333 1353 5386 creaturas,
1388 5332 1514 5390 quot
1543 5334 1749 5392 poterat
1782 5331 2100 5393 gubernare.

504 5401 574 5454 Et
609 5404 740 5465 post
757 5397 885 5461 alia,
910 5402 978 5447 At
1001 5397 1088 5446 ille
1118 5397 1446 5447 verbositatis
1471 5401 1834 5450 seminarium
1871 5408 2102 5456 contexit

501 5477 548 5522 et
590 5471 834 5536 replicat,
868 5475 913 5519 et
955 5471 1054 5528 ait,
1106 5470 1276 5519 Tanta
1310 5470 1430 5532 fecit
1455 5471 1614 5532 Deus,
1657 5479 1866 5536 quanta
1894 5483 2102 5540 poterat

503 5543 964 5608 comprehendere,
987 5548 1034 5591 et
1059 5542 1160 5592 sibi
1189 5543 1384 5593 habere
1413 5543 1664 5607 subjeca,
1691 5560 1898 5609 suaque
1920 5550 2097 5612 provi-

503 5616 686 5665 tientia.
705 5614 1021 5678 gubernare.
1051 5617 1119 5666 Et
1146 5622 1275 5679 post
1298 5620 1559 5666 exactam
1587 5616 1948 5680 singulorum
1973 5634 2102 5674 con-

501 5687 843 5738 futationem
865 5688 1172 5750 concludit,
1191 5699 1305 5738 non
1319 5691 1479 5738 tanta
1496 5688 1696 5738 fecisse
1711 5689 1913 5752 Deum,
1924 5705 1956 5756 q
1969 5706 2100 5746 uan-

501 5760 560 5809 ta
573 5763 819 5880 ptgtetrat,
846 5759 950 5811 sed
981 5763 1195 5822 quanta
1216 5771 1410 5812 rerum
1425 5761 1743 5814 necessitas
1763 5767 1820 5814 et
1843 5765 1981 5818 ordo
1997 5778 2098 5818 ex-

501 5839 570 5880 ne
597 5841 628 5878 e
672 5840 706 5880 a
735 5866 748 5879 .

498 5839 748 5891 petebat.

561 5917 580 5938 ε
613 5909 920 5984 Et__primas
960 5911 1181 5984 quidem
1213 5911 1455 5978 creatas.)
1486 5913 1880 5970 Theodorctus
1903 5931 2097 5984 qums—

497 5978 652 6030 tione
673 5978 726 6033 5.
759 5980 820 6032 in
843 5981 1108 6035 Genesim
1129 5984 1442 6038 verisimile
1463 5987 1546 6040 ait
1564 5978 1960 6056 osseAngelo's
1976 6004 2094 6044 una

2120 4749 2180 4824 Ι)

2221 2029 2501 2081 diversas.
2527 2031 2666 2080 Ilaac
2688 2035 2883 2080 autem
2896 2028 3090 2079 omnia
3108 2028 3315 2090 dixi,ut
3338 2028 3359 2056 "
3381 2029 3608 2082 divitias
3638 2033 3819 2084 virtu-

2221 2101 2294 2152 tis
2339 2101 2722 2151 ostenderem.
2764 2103 2906 2152 Nam
2935 2101 2982 2150 si
3013 2099 3376 2164 omnipotens
3408 2100 3676 2154 divinitas
3713 2111 3818 2164 est,

2217 2185 2458 2224 necesse
2483 2177 2572 2224 est
2597 2175 2768 2224 etiam
2798 2172 3084 2238 praadives
3113 2172 3412 2224 habeatur.

2282 2246 2432 2296 XIX.
2461 2244 2569 2295 Sed
2596 2246 2666 2295 de
2682 2244 3069 2296 invisibilibus
3083 2244 3313 2307 quidem
3340 2245 3684 2297 substantiis
3704 2248 3822 2300 suf—

2215 2316 2471 2368 ﬁcienter
2491 2317 2729 2368 dictum.
2756 2318 2926 2368 Nunc
2945 2329 3082 2368 vero
3099 2323 3118 2344 '
3141 2315 3212 2366 de
3229 2317 3354 2367 Sole
3377 2316 3549 2367 simul
3571 2319 3820 2384 etLuna,

2213 2391 2557 2453 caeterisque
2582 2389 2903 2440 luminibus
2928 2391 3153 2452 oportet
3177 2401 3478 2452 exponam.
3503 2390 3643 2441 Haec
3665 2393 3821 2443 enim

2210 2460 2494 2524 nonnulli,
2518 2461 2732 2512 mentis
2754 2473 2947 2512 errore
2971 2460 3494 2523 decepti,anim:tlia
3513 2462 3821 2515 rationabi-

2209 2531 2285 2584 lia
2299 2546 2429 2585 esse
2453 2535 2745 2586 dixerunt.
2765 2537 3022 2595 Quorum
3041 2534 3384 2583 dementiam
3402 2534 3573 2584 etiam
3592 2536 3821 2585 nefarius

2211 2604 2486 2670 Origenes
2514 2611 2754 2658 secutus
2778 2610 2890 2668 est,
2917 2605 3009 2656 cui
3031 2618 3160 2656 cum
3191 2605 3360 2657 vellet
3382 2619 3454 2658 ex
3479 2607 3822 2659 divmaScri-

2207 2682 2377 2741 ptura
2422 2677 2754 2742 exemplum
2792 2690 3040 2739 sumere,
3085 2689 3218 2740 quae
3240 2677 3316 2728 ibi
3342 2679 3412 2729 de
3434 2677 3820 2734 luminaribus

2209 2746 2385 2818 590
2419 2752 2632 2815 optime
2659 2750 2839 2801 dicta'
2860 2751 3112 2812 fuerunt,
3139 2750 3263 2802 haec
3286 2750 3406 2814 ipse
3425 2759 3822 2816 perperam,ut

2207 2822 2316 2872 sibi
2339 2821 2566 2873 libitum
2581 2828 2686 2885 est,
2705 2834 2885 2872 ausus
2911 2827 2998 2873 est
3021 2826 3263 2873 vertere.
3284 2823 3587 2874 Sciendum
3611 2831 3706 2876 est
3722 2826 3822 2889 1ςὶ-

2205 2898 2316 2952 tur,
2351 2894 2504 2956 quod
2551 2894 2748 2945 divina
2777 2893 3070 2958 Scriptura
3095 2905 3386 2956 nusquam
3418 2908 3614 2946 eorum
3641 2896 3823 2948 veluti

2201 2965 2537 3015 animalium
2570 2965 2761 3016 fecerit
2800 2969 3174 3027 mentionem,
3221 2966 3320 3016 sed
3347 2967 3646 3018 luminaria
3668 2968 3826 3020 facta

2202 3036 2379 3088 fuisse
2408 3037 2574 3095 dixit,
2599 3042 2657 3088 et
2681 3039 2754 3088 ob
2772 3036 2883 3088 hoc
2901 3037 3093 3087 solum
3115 3042 3324 3099 creata,
3339 3042 3401 3087 ut
3418 3051 3590 3102 super
3608 3043 3824 3092 terram

2197 3109 2473 3174 lucerent,
2485 3115 2544 3161 et
2562 3115 2760 3162 essent
2774 3109 3118 3160 hominibus
3131 3109 3211 3170 Sig
3221 3121 3294 3159 na
3314 3113 3423 3160 tem
3433 3124 3518 3174 p01
3533 3125 3652 3175 um,
3666 3128 3820 3162 men-

2203 3181 2374 3244 sium,
2401 3187 2460 3234 et
2483 3194 2792 3233 annorum.
2821 3181 2918 3233 Sin
2941 3188 3133 3232 autem
3156 3181 3324 3232 nobis
3341 3181 3589 3234 dixerint
3615 3185 3722 3247 qui
3742 3200 3820 3236 er-

2204 3255 2428 3305 roribus
2473 3255 2665 3306 favent
2699 3253 3058 3316 hujusmodi,
3102 3266 3205 3304 cur
3238 3267 3355 3304 non
3388 3255 3654 3308 animalia
3693 3257 3817 3309 sint

2129 3307 2175 3380 C
2205 3327 2524 3388 luminaria,
2551 3331 2608 3377 et
2632 3307 3009 3387 rationabilia,
3029 3307 3160 3376 cum
3187 3325 3408 3389 deipsis
3423 3307 3821 3392 scriptumest

2197 3401 2308 3453 hoc
2333 3398 2521 3460 modo,
2549 3398 2712 3447 Astra
2742 3404 2924 3446 autem
2949 3411 3058 3446 non
3084 3403 3210 3445 sunt
3229 3399 3434 3446 munda
3459 3397 3515 3449 in
3528 3411 3817 3464 conspectu

2199 3473 2310 3535 ejus
2337 3470 2471 3534 (Job.
2495 3467 2582 3523 25.
2609 3468 2703 3532 5.),
2742 3468 2852 3520 hoc
2887 3473 2977 3520 est
3001 3469 3122 3531 Dei,
3148 3469 3376 3520 audiam
3401 3481 3436 3521 a
3459 3471 3625 3523 nobis
3649 3473 3814 3535 quod

2200 3543 2302 3608 qui
2329 3543 2439 3594 hoc
2463 3542 2709 3600 dixerat,
2740 3553 2856 3592 non
2871 3541 3084 3604 dignus
3101 3545 3220 3591 erat
3243 3542 3594 3596 auctoritate.
3611 3548 3820 3608 Quippe

2199 3629 2330 3667 cum
2354 3613 2723 3665 Dominusad
2739 3614 2931 3676 ipsum
2957 3612 3355 3677 dixerit,quod
3369 3615 3514 3663 nihil
3533 3619 3642 3664 veri
3657 3617 3821 3667 locu-

2201 3692 2284 3736 tus
2323 3702 2374 3735 es
2412 3686 2473 3734 de
2513 3685 2725 3747 famulo
2761 3700 2876 3733 meo
2910 3683 3025 3733 Job.
3067 3686 3282 3736 Tauien
3325 3687 3548 3737 etiamsi
3582 3701 3617 3738 a
3641 3689 3819 3742 beato

2201 3759 2421 3810 dictum
2445 3757 2555 3808 hoc
2579 3757 2787 3808 fuisset
2809 3757 2934 3815 Job,
2956 3757 3122 3808 neita
3146 3759 3376 3820 quidem
3396 3759 3555 3809 firma
3580 3763 3822 3821 probatio

2199 3831 2522 3885 videbatur.
2551 3831 2745 3892 Neque
2779 3830 2932 3880 enim
2957 3842 3029 3880 ex
3047 3843 3114 3880 eo
3135 3829 3290 3892 quod
3307 3843 3422 3881 non
3445 3833 3668 3884 munda
3688 3845 3820 3883 sunt

2200 3903 2259 3954 in
2299 3906 2610 3965 conspectu
2643 3903 2761 3964 Dei,
2796 3902 2924 3952 ideo
2951 3901 3218 3952 dicuntur
3236 3903 3519 3963 animalia,
3543 3907 3818 3970 alioquin

2200 3975 2373 4027 etiam
2401 3979 2701 4025 menstrua
2725 3973 3030 4024 mulierum
3053 3975 3126 4024 ab
3144 3974 3284 4038 ipsis
3299 3975 3819 4032 animalianuncu-

2198 4052 2424 4111 pentur,
2455 4051 2514 4098 et
2537 4047 2764 4108 leprosa
2794 4047 3026 4109 domus,
3053 4047 3322 4108 quoniam
3346 4061 3416 4098 ne
3439 4049 3550 4100 ista
3566 4051 3819 4113 quidem

2199 4119 2416 4170 munda
2463 4122 2600 4170 sunt
2631 4117 2785 4180 apud
2817 4118 3002 4168 Deum
3043 4118 3364 4169 secundum
3385 4119 3566 4184 legem
3595 4124 3822 4188 Moysi.

2200 4190 2380 4242 Multa
2410 4190 2569 4240 enim
2609 4202 2810 4240 eorum
2855 4203 2987 4252 quin
3026 4191 3150 4241 sine
3183 4190 3376 4242 anima
3409 4199 3559 4252 sunt,
3586 4200 3823 4248 ratione

2200 4261 2457 4325 quadam
2489 4274 2644 4325 saepe
2667 4261 2914 4324 legimus
2937 4261 3253 4314 immunda.
3283 4262 3491 4326 Adjicit
3510 4265 3685 4318 etiam
3700 4269 3826 4320 Ori-

2197 4346 2373 4396 genes
2400 4333 2543 4384 illud
2565 4335 2719 4396 quod
2764 4345 2800 4384 a
2825 4334 3103 4397 Propheta
3131 4333 3314 4384 David
3344 4335 3554 4387 dictam
3578 4345 3693 4402 est,
3725 4341 3822 4391 Sol

2199 4405 2442 4467 cognovit
2487 4418 2732 4454 occasum
2772 4420 2934 4453 suum
2982 4405 3160 4468 (Psal.
3213 4405 3338 4459 103.
3383 4405 3533 4472 18.),
3573 4423 3816 4462 necnon

2201 4477 2375 4527 etiam
2399 4475 2538 4527 illud
2563 4476 2717 4539 quod
2743 4478 2900 4528 Deus
2925 4476 3161 4528 dixitad
3187 4478 3524 4542 Prophetam
3548 4483 3811 4537 Esaiam.

2203 4557 2221 4587 ε
2246 4549 2358 4610 Ego
2397 4548 2648 4597 omnibus
2679 4549 2840 4597 stellis
2876 4550 3139 4598 mandavi
3191 4551 3334 4614 (Esa.
3381 4550 3466 4605 45.
3508 4551 3634 4617 12.).
3681 4557 3815 4607 Hoc

2202 4621 2399 4672 autem
2431 4619 2566 4672 facit
2601 4621 2936 4674 confirmare
2972 4622 3169 4676 volens
3196 4623 3500 4676 nefandam
3521 4625 3816 4680 heresim

2205 4829 2339 4870 cum
2367 4819 2508 4872 calo
2538 4824 2594 4872 et
2612 4820 3034 4874 terraconditos
3051 4821 3245 4876 fuisse.
3271 4823 3327 4876 Si
3364 4821 3492 4888 quis
3509 4837 3648 4876 vero
3673 4831 3827 4882 ante

2205 4891 2410 4964 caelum
2441 4905 2507 4943 ac
2531 4897 2741 4944 terram
2781 4893 3042 4946 conditos
3075 4895 3300 4959 dixerit,
3335 4900 3401 4964 τῷ
3437 4901 3520 4960 τῆς
3553 4894 3828 4958 εὐσεϐείας

2205 4957 2263 5013 οὗ
2292 4964 2576 5036 λυμαίνεται
2605 4967 2756 5031 λὸγῳ,
2791 4980 2906 5015 non
2936 4965 3176 5030 offendit,
3209 4957 3416 5031 inquit,
3443 4957 3661 5019 verbum
3689 4957 3828 5036 pie?

2203 5033 2346 5084 tatis.

2267 5104 2288 5134 ⁴¹
2310 5107 2438 5168 Ms.,
2455 5106 2687 5156 Divitias
2707 5107 2802 5157 Dei
2827 5108 3058 5158 virtutis.

2265 5193 2284 5215 °
2318 5187 2391 5235 Dc
2414 5186 2694 5236 solesimul
2715 5194 2760 5236 et
2781 5188 2957 5253 luna.]
2986 5191 3052 5240 In
3075 5188 3184 5240 hoc
3200 5190 3605 5243 errorementis
3620 5192 3824 5249 fuisse

2202 5257 2520 5332 Origent-m,
2552 5260 2715 5310 testis
2728 5261 2898 5312 etiam
2914 5263 3299 5326 Hieronymus
3310 5262 3380 5313 ad
3393 5264 3651 5322 Avitum,
3673 5269 3822 5332 Epi-

2204 5330 2349 5382 stola
2369 5329 2438 5384 50
2450 5331 2498 5392 (n
2511 5347 2614 5380 unc
2626 5333 2892 5395 CXXIV).
2908 5332 3078 5384 Solem
3094 5349 3320 5399 quoque,
3339 5338 3568 5399 inquit,et
3583 5337 3663 5386 Lu
3673 5329 3754 5388 mi
3767 5358 3822 5390 m

2202 5410 2250 5450 et
2295 5409 2443 5451 astra
2485 5410 2676 5468 cetera,
2715 5419 2818 5453 esse
2849 5406 3184 5458 animantia.
3217 5408 3388 5457 Immo
3409 5409 3684 5471 quomodo
3715 5431 3824 5464 nos

2206 5474 2450 5523 homines
2461 5473 2522 5523 ob
2539 5477 2786 5538 quaedam
2807 5483 3020 5542 peccata
3039 5479 3122 5527 his
3143 5495 3331 5528 smnus
3342 5480 3674 5529 circumdati
3686 5500 3823 5533 con-

2197 5545 2434 5609 poribus,
2463 5561 2580 5609 quae
2607 5562 2790 5596 crassa
2811 5554 2939 5597 sunt
2961 5555 3007 5598 et
3029 5550 3189 5614 pigra
3215 5568 3225 5598 :
3247 5551 3322 5600 sic
3345 5557 3389 5600 et
3411 5552 3524 5600 ωειε
3548 5552 3819 5606 lumina—

2197 5618 2286 5666 ria
2313 5617 2446 5666 talia
2472 5618 2548 5667 vel
2573 5619 2706 5668 talia
2731 5621 2986 5685 accepisse
3009 5637 3256 5687 corpora,
3285 5628 3341 5671 ut
3365 5623 3442 5672 vel
3455 5623 3579 5688 plus
3602 5628 3692 5676 vel
3709 5644 3766 5677 m
3782 5631 3822 5676 i-

2198 5705 2302 5740 nus
2334 5689 2560 5754 luceant,
2594 5697 2639 5740 et
2677 5692 2938 5744 dwmones
2961 5693 3022 5744 ob
3044 5695 3260 5760 majora
3283 5695 3473 5746 delicta
3494 5711 3652 5748 aereo
3685 5715 3820 5750 cor-

2199 5775 2325 5824 pore
2347 5775 2449 5808 esse
2472 5763 2696 5814 vestitos.

2262 5831 2281 5866 ί
2309 5833 2442 5893 MS.,
2466 5833 2726 5886 Fuerant.

2257 5914 2376 5965 'Ex
2398 5914 2598 5968 erco
2634 5933 2645 5965 :
2681 5917 2808 5982 Ἑγῶ
2835 5925 2958 5971 πᾶσι
2981 5927 3078 5978 τοῖς
3101 5920 3291 5989 ἄστροις
3321 5914 3657 5988 ἔνετειλὰμην.

2255 5993 2276 6030 ⁴
2299 5994 2493 6049 Malim
2509 5998 2748 6052 rescribi
2765 5999 2914 6063 fatus
2928 6005 3017 6053 est.
