3894 6408
118 356 264 413 1133

1489 365 1696 416 LIBER
1730 365 1822 417 DE
1854 366 2038 417 FIDE.

3271 373 3413 428 1134

112 470 480 553 Dicit
501 471 655 522 enim
671 470 827 553 quod
843 471 1146 553 luminaria
1161 472 1384 553 dudum
1408 472 1620 553 fuerint
1637 475 1720 553 in-
1742 479 1796 553 Α
1817 476 2044 553 diverso
2069 476 2278 553 cuncti,
2324 477 2421 553 qui
2452 477 2646 553 divina
2685 487 2976 546 priecepta
3013 487 3412 549 contemnunt,

111 539 384 593 tellectus
397 547 456 593 et
473 553 703 604 sensus,
731 547 788 592 et
803 542 938 605 quia
953 543 1309 607 negligenter
1325 545 1534 596 versati
1562 550 1718 609 sunt,

112 624 230 664 sua
253 614 622 678 postmodum
639 613 851 664 virtute
863 614 1086 678 privati,
1101 615 1174 664 ad
1188 614 1356 678 ignea
1369 615 1482 666 ista
1499 618 1720 664 damnati

111 690 262 736 sunt
284 698 539 750 corpora,
567 688 632 734 ut
657 697 829 748 super
853 691 1062 736 terram
1087 685 1332 738 luceant.

180 756 306 806 XX.
329 755 596 807 Similiter
609 761 804 808 autem
821 757 1120 820 gentilium
1135 769 1383 809 errorem
1407 759 1718 822 approbare

107 825 453 878 desiderans
475 828 556 878 sic
571 826 727 886 dicit,
753 827 907 890 quod
931 828 1060 878 ideo
1086 837 1102 856 '
1120 829 1312 892 posuit
1335 827 1638 880 luminaria
1662 831 1716 876 in

107 897 484 951 ﬁrmamento
508 899 528 927 ³³
557 899 614 950 in
639 899 828 962 signa,
851 903 915 950 ut
939 912 1138 950 eorum
1164 900 1495 964 hujusmodi
1520 905 1716 952 motus

107 971 288 1021 nobis
328 970 486 1022 lfata
522 975 722 1020 nostra
753 970 1099 1033 signiﬁcent.
1132 972 1369 1022 Discant
1402 971 1575 1035 igitur
1617 973 1717 1036 qui

107 1041 396 1092 nefariam
411 1041 672 1104 ()rigenis
690 1040 957 1092 haeresim
973 1051 1312 1104 sequuntur,
1333 1055 1451 1093 non
1467 1042 1548 1093 sic
1569 1042 1718 1093 acci-

107 1123 252 1176 pere
277 1113 536 1165 divinam
560 1111 927 1175 Scripturam,
949 1125 1136 1175 neque
1161 1117 1415 1164 evertere
1436 1113 1612 1177 hujus
1628 1113 1717 1164 in-

113 1183 434 1248 tellectum,
460 1188 525 1234 ut
557 1196 655 1247 pro
677 1181 948 1246 allegoria
973 1184 1186 1235 scilicet
1209 1187 1447 1236 utantur
1477 1184 1716 1236 historia

109 1255 442 1306 secundum
455 1253 810 1307 voluntatem
828 1266 1012 1306 suam.
1037 1255 1179 1306 Nam
1197 1267 1332 1306 cum
1357 1257 1604 1304 dicentem
1627 1263 1718 1304 ter-

109 1339 197 1378 rie
237 1327 544 1378 audiamus
583 1325 890 1377 Jeremiam
927 1327 1283 1390 Prophetam,
1333 1327 1512 1391 Terra,
1551 1332 1712 1388 terra,

109 1402 280 1461 terra,
307 1398 444 1447 audi
467 1396 682 1446 verbum
705 1396 948 1460 Domini,
974 1397 1138 1446 scribe
1163 1399 1307 1446 hunc
1332 1398 1606 1447 hominem
1631 1397 1718 1446 ab-

109 1469 364 1518 dicatum
403 1470 529 1531 (Jer.
575 1467 661 1521 22.
701 1466 830 1531 ‘29.),
866 1480 981 1518 non
1017 1467 1145 1519 ideo
1183 1468 1462 1520 debemus
1507 1470 1715 1534 dicere,

109 1541 283 1604 quod‘
299 1541 464 1604 quasi
503 1539 735 1590 animali
767 1538 1205 1602 rationabilique
1232 1544 1398 1592 terras
1436 1541 1718 1604 PrOpheta

112 1613 434 1678 praecipiat.
459 1611 616 1664 Solet
639 1612 814 1662 etiam
849 1610 1036 1661 David
1071 1612 1358 1675 Propheta
1378 1611 1717 1676 hujusmodi

110 1685 454 1748 corporibus
480 1686 774 1747 imperare,
801 1695 936 1732 cum
959 1682 1114 1745 dicit,
1143 1683 1382 1732 Laudate
1417 1683 1716 1732 Dominum

109 1755 177 1805 de
195 1761 359 1816 terra,
385 1756 642 1804 dracones
665 1759 710 1802 et
735 1768 917 1802 omnes
933 1753 1128 1817 abyssi.
1147 1755 1316 1818 Ignis,
1334 1755 1564 1818 grando,
1590 1756 1710 1816 nix,

109 1827 330 1892 glacies,
347 1827 572 1892 spiritus
583 1824 962 1890 procellarum,
981 1840 1098 1889 quae
1105 1825 1320 1888 faciunt
1345 1827 1562 1874 verbum
1579 1825 1710 1888 ejus,

112 1904 322 1948 montes
345 1905 392 1946 et
415 1912 596 1947 omnes
619 1896 786 1957 colles,
806 1896 959 1958 ligna
980 1896 1268 1959 [meti/era
1296 1904 1341 1946 et
1365 1913 1548 1946 omnes
1569 1897 1714 1946 cedri

113 1971 284 2034 (Psal.
325 1969 444 2023 148.
487 1969 578 2032 7.).
618 1971 741 2019 Non
776 1973 1075 2031 propterea
1113 1968 1281 2020 docet
1324 1982 1451 2034 nos,
1492 1973 1558 2019 ut
1591 1969 1718 2020 haec

111 2042 314 2094 omnia
334 2041 694 2092 rationabilia
717 2035 866 2107 59|
897 2053 1026 2090 esse
1047 2041 1368 2092 credamus.
1397 2039 1506 2093 Sed
1523 2040 1719 2104 Orige-

113 2127 223 2165 nes
257 2127 411 2164 nunc
447 2124 693 2176 ejusque
727 2114 866 2162 sucu
893 2112 1269 2164 dimittantur.

181 2185 338 2236 XXI.
357 2185 474 2235 Nos
490 2196 642 2234 enim
661 2183 834 2234 etiam
851 2185 959 2234 hoc
974 2196 1008 2233 a
1027 2184 1314 2247 Scriptura
1329 2183 1526 2234 divina
1541 2184 1719 2231 didici-

112 2255 609 2320 mus,quodDeus
632 2254 965 2306 caelestibus
979 2257 1204 2306 cunctis
1231 2257 1615 2304 rationabilibus
1640 2269 1722 2314 po-

109 2329 432 2382 testatibus
457 2337 473 2355 °
495 2327 653 2378 dedit
681 2327 890 2378 habere
907 2327 1144 2378 liberam
1171 2328 1548 2390 voluntatem,
1572 2328 1722 2376 Sicut

112 2401 294 2451 etiam
317 2399 654 2450 hominibus
678 2397 738 2448 in
770 2401 920 2448 terra
945 2399 1212 2461 praestitit
1236 2400 1378 2449 Nam
1401 2411 1573 2449 nemo
1597 2408 1720 2447 om-

111 2474 283 2523 nium
301 2471 398 2534 qui
416 2470 692 2521 rationem
707 2469 883 2519 habet
901 2473 1004 2520 aut
1027 2482 1282 2530 sensum,
1303 2469 1520 2520 invitus
1543 2471 1721 2530 poterit

113 2545 238 2594 Deo
268 2541 355 2593 vel
374 2542 496 2592 sine
523 2545 810 2592 voluntate
835 2541 1067 2601 servire,
1087 2541 1190 2592 sed
1213 2553 1414 2592 omnes
1437 2541 1490 2591 ei
1515 2544 1720 2604 sponte

109 2614 347 2680 propria
363 2614 579 2664 scilicet
594 2615 1014 2664 obsecundant.
1033 2613 1305 2675 Alioquin
1337 2612 1386 2662 si
1414 2611 1473 2663 id
1497 2625 1616 2662 non
1639 2625 1722 2659 es-

111 2691 227 2748 set,
253 2697 443 2750 neque
465 2684 718 2735 laudatio
737 2697 856 2747 eos,
877 2695 1065 2747 neque
1088 2684 1433 2748 vituperatio
1459 2695 1722 2746 sequere-

116 2763 233 2822 tur,
261 2761 363 2808 aut
385 2757 620 2820 crimen,
648 2757 796 2806 sicut
825 2755 954 2806 etin
979 2756 1202 2807 caeteris
1223 2754 1568 2806 animalibus
1583 2767 1718 2805 con-

117 2830 253 2894 tigit
297 2827 752 2879 inrationalibus.
811 2828 1028 2878 Omnes
1075 2827 1250 2890 igitur
1303 2827 1721 2878 contrariorum

114 2912 364 2966 capaces
389 2899 694 2960 habentur,
723 2903 840 2950 tam
865 2897 998 2950 boni
1021 2897 1148 2950 dico
1179 2911 1355 2962 quam
1378 2897 1559 2962 pravi,
1585 2895 1722 2947 boni

116 2973 377 3037 quidem,
395 2984 528 3022 cum
545 2970 601 3021 id
619 2970 775 3033 quod
791 2972 945 3020 Deus
963 2969 1091 3020 vult
1104 2970 1322 3020 faciunt
1340 2983 1352 3020 :
1373 2971 1516 3030 pravi
1532 2975 1719 3029 autem,

113 3043 277 3109 quod
297 3043 568 3094 mandata
587 3042 814 3092 Domini
838 3041 1073 3092 minime
1094 3041 1450 3092 custodiunt.
1475 3043 1545 3091 Et
1565 3039 1722 3102 quod

116 3114 329 3180 Angeli
349 3113 731 3176 caelestesque
756 3113 1018 3175 virtutes,
1043 3126 1174 3164 cum
1201 3113 1304 3164 Dei
1325 3111 1562 3163 minime
1587 3122 1728 3175 prm-

113 3192 287 3251 cepta
307 3189 705 3245 contemnunt,
721 3182 890 3234 laude
906 3184 1203 3248 potiuntur
1217 3184 1453 3247 ingenti,
1470 3184 1631 3233 testis
1647 3186 1719 3229 est

114 3256 522 3310 beatusDavid
541 3255 623 3306 ita
647 3256 864 3317 dicens,
883 3255 1178 3304 Benedicite
1199 3256 1374 3304 Deum
1405 3269 1588 3304 omnes
1609 3255 1720 3303 An-

109 3329 219 3396 geli
253 3331 388 3391 ejus,
422 3332 657 3392 potentes
681 3327 874 3376 virtute
912 3326 1168 3389 facientes
1204 3327 1420 3375 verbum
1459 3332 1590 3390 ejus.
1631 3327 1720 3376 Ad

109 3401 455 3453 audiendam
469 3413 644 3448 vocem
653 3413 964 3448 sermonum
977 3398 1408 3462 ejus.Benedicile
1419 3398 1720 3447 Dominum

108 3487 302 3524 omnes
326 3474 544 3520 virtutes
573 3470 705 3534 ejus,
739 3471 986 3520 ministri
1009 3471 1122 3534 ejus
1146 3470 1400 3532 facientes
1425 3471 1723 3520 voluntates

110 3546 231 3612 ejus
269 3542 430 3608 (Psal.
469 3539 594 3596 10'2.
627 3539 758 3605 ‘21.).
799 3543 882 3593 Ex
921 3542 1029 3593 hac
1073 3543 1248 3606 igitur
1284 3541 1630 3604 laudatione,
1665 3543 1724 3594 id

107 3621 298 3671 estex
319 3613 720 3666 observatione
737 3615 965 3664 Domini
983 3617 1423 3679 praeceptorum,
1451 3615 1618 3666 beata
1633 3618 1725 3663 sci-

111 3691 250 3742 licet
274 3689 462 3741 vitaet
479 3692 752 3752 perpetua
767 3687 1060 3739 fruuntur.
1079 3689 1185 3739 Sed
1205 3688 1355 3738 sicut
1379 3700 1602 3752 omnes,
1621 3688 1724 3751 qui

109 3762 223 3814 Dei
238 3761 458 3813 faciunt
473 3758 850 3821 voluntatem,
867 3761 1101 3823 perenni
1121 3759 1476 3810 beatitudine
1497 3759 1725 3824 potiun-

111 3840 233 3896 tur,
259 3833 535 3886 etlaudes
559 3833 723 3884 aDeo
747 3835 1182 3894 consequuntur
1205 3835 1471 3894 aeternas,
1500 3831 1582 3881 sic
1607 3833 1664 3882 et
1689 3844 1721 3882 e

178 3989 198 4010 ·
223 3979 361 4041 MS.,
397 3977 582 4028 Posuit
613 3975 752 4025 Deus
775 3975 1100 4026 luminaria.
1493 4013 1499 4017 .

174 4053 198 4082 ι’
221 4052 290 4100 In
313 4053 492 4114 signa.
512 4049 527 4114 J
554 4049 832 4099 Praeclare
853 4048 1005 4098 idem
1027 4045 1440 4107 Theoderetus,
1455 4046 1722 4110 quaestio-

109 4138 188 4177 ne
214 4121 306 4176 15.
327 4121 637 4172 vanitatem
652 4119 802 4169 hanc
821 4117 1119 4170 stellarum
1143 4131 1249 4169 nec
1266 4117 1572 4182 gentilium
1597 4131 1720 4169 om-

110 4196 288 4248 nium
302 4192 484 4243 fuisse
499 4190 774 4252 ostendit,
793 4195 892 4240 sed
908 4191 1218 4240 stultorum
1236 4193 1461 4240 tantum
1479 4195 1537 4240 et
1549 4204 1721 4238 amen-

111 4269 287 4320 tium.
313 4266 382 4317 Τὸ
407 4263 460 4314 δὲ
493 4278 520 4310 (‹
555 4259 618 4319 εἰς
642 4271 823 4326 σημεῖα
854 4280 880 4303 υ
911 4257 967 4311 οὐ
989 4263 1119 4312 κατὰ
1137 4255 1248 4317 τοὺς
1271 4257 1507 4323 ἀνοήτους
1525 4269 1717 4324 νοῦμεν·

110 4346 204 4402 τῆς
247 4338 340 4402 γὰρ
387 4335 766 4402 γενεθλιολογίας
809 4328 896 4395 τὴν
943 4333 1290 4402 ματαιολογίαν
1343 4329 1458 4382 οὐδὲ
1503 4333 1721 4397 Πυθαγό-

112 4400 223 4478 pug,
255 4400 371 4458 οὐδὲ
399 4406 676 4472 Σωκράτης,
711 4401 824 4455 οὐδὲ
847 4404 1076 4478 Πλάτων,
1103 4400 1216 4454 οὐδὲ
1240 4404 1284 4453 οἱ
1313 4405 1506 4455 Στοῖκοὶ
1540 4423 1721 4470 προσε-

111 4470 338 4540 ὲὲξᾴντο.
382 4474 440 4530 Εἰ
485 4470 538 4526 δὲ
581 4477 626 4526 οἱ
676 4486 772 4532 τοῖς
822 4475 986 4541 μύθοις
1037 4470 1358 4542 ἐντεθραμμέν
1393 4494 1408 4525 ι
1455 4478 1592 4528 τοῦδε
1640 4488 1724 4528 τοῦ

113 4555 275 4622 μύθου
313 4552 368 4601 τὸ
401 4545 576 4622 ἀσεϐὲς
607 4543 949 4622 ἐϐδελύξαντο,
985 4547 1053 4604 τίς
1083 4543 1142 4622 ἀγ
1179 4556 1276 4622 τοῖς
1313 4548 1460 4622 θείοις-
1477 4549 1718 4622 πιστεύων
1747 4541 1802 4614 D

111 4615 298 4691 λογίοις
346 4631 440 4672 τῶν
493 4617 550 4671 οὐ
601 4622 854 4671 δυσσεῧῶν
894 4619 1071 4686 μόνον,
1117 4615 1243 4670 ἀλλὰ
1283 4619 1366 4669 xci
1412 4618 1522 4670 λίαν
1569 4616 1721 4685 ἀνοή-

110 4718 214 4752 των
247 4693 518 4760 ἀνάσχοιτο
545 4691 732 4756 λόγων;
767 4693 918 4750 Quod
955 4691 1156 4740 dicitur
1185 4691 1246 4740 in
1277 4691 1456 4754 signa,
1495 4708 1605 4742 non
1628 4695 1719 4743 in-

111 4767 406 4832 telligimus
418 4766 715 4813 secundum
725 4763 1035 4826 opinionem
1049 4777 1078 4826 q
1089 4761 1310 4824 uorund
1312 4775 1402 4832 um
1410 4763 1713 4814 stultorum.

114 4844 180 4894 Si
197 4831 421 4906 quidem
441 4849 644 4885 vanam
667 4833 820 4884 illam
853 4834 916 4882 de
938 4833 1198 4897 cujusque
1219 4831 1500 4883 nativitate
1525 4835 1720 4900 discep-

113 4905 382 4965 tationem
409 4924 504 4958 nec
527 4907 888 4972 Pythagoras,
915 4920 1011 4954 nec
1042 4905 1297 4969 Socrates,
1321 4919 1416 4954 nec
1437 4907 1606 4967 Plato,
1625 4922 1718 4956 nec

115 4983 292 5039 Stoici
313 4987 638 5046 receperunt.
665 4981 817 5037 Quod
839 4979 886 5026 si
914 4977 1012 5042 qui
1041 4978 1101 5026 in
1125 4977 1323 5040 fabulis
1343 4979 1551 5027 educati
1573 4983 1717 5042 sunt,

117 5057 294 5122 hujus
307 5053 502 5118 fabulae
523 5051 856 5116 impietatem
871 5055 1238 5122 exsecrantur,
1256 5051 1379 5112 quis
1397 5051 1595 5100 divinis
1609 5065 1720 5100 ser-

115 5120 373 5180 monibus
387 5125 603 5174 credens
625 5125 730 5172 haec
749 5136 864 5186 non
878 5121 1036 5170 modo
1059 5120 1256 5186 impia,
1273 5122 1361 5170 sed
1389 5122 1536 5171 valde
1557 5123 1720 5172 etiam

110 5204 282 5267 fatua
313 5198 540 5262 recipiat
558 5199 582 5247 3

182 5285 203 5304 ο
232 5270 386 5322 Dedit
411 5269 602 5318 habere
627 5265 850 5315 liberam
873 5264 1221 5314 voluntatem.
1251 5263 1267 5326 ]
1296 5265 1435 5316 Fato
1464 5265 1719 5330 exploso,

113 5343 287 5401 liberi
301 5342 517 5394 arbitrii
535 5339 747 5402 dogma
764 5339 1087 5400 conlirmat,
1107 5341 1245 5386 sunt
1261 5337 1415 5387 enim
1441 5339 1718 5402 Opposita.

113 5417 290 5474 Unde
313 5420 372 5467 et
395 5413 492 5464 illa
515 5411 671 5476 apud
693 5413 1173 5474 Chrysostomurn
1196 5409 1349 5458 Orat.
1387 5407 1438 5462 2.
1469 5414 1539 5460 de
1563 5412 1723 5471 Fato,

115 5495 312 5544 Deum
325 5487 472 5538 inter
483 5490 541 5536 et
554 5487 896 5544 daemonem,
913 5494 1016 5532 seu
1032 5481 1210 5531 fatum
1219 5480 1516 5532 antitheta.
1533 5480 1680 5532 Εἶπεν
1699 5482 1725 5531 ὁ

116 5582 150 5616 ε
175 5563 301 5616 Θεὸς
326 5555 408 5608 ἐὰν
433 5559 618 5618 θέλητε,
643 5549 727 5606 καὶ
756 5549 838 5604 ἐὰν
867 5551 931 5616 μὴ
955 5553 1142 5615 θέλητε,
1165 5567 1197 5599 »
1219 5552 1412 5617 κυρίους
1425 5546 1552 5615 ἡμᾶς
1575 5561 1724 5602 ποιῶν

118 5633 300 5703 ἀρετῆς
342 5631 428 5682 καὶ
468 5629 663 5703 κακίας,
701 5627 788 5703 noti
825 5621 904 5703 ἐτιὶ
940 5631 998 5703 τῇ
1029 5625 1199 5703 γνοξμῃ
1324 5618 1537 5703 ¹ἧὲμετιξρλι
1573 5625 1726 5703 τιθείς.

116 5691 342 5764 ’ἐκεῖνος
369 5705 424 5752 δὲ
451 5702 495 5752 τί
531 5700 705 5765 φησίνς
745 5697 816 5748 ὅτι
844 5699 900 5748 τὸ
939 5691 1226 5763 εἱὶιαρμένὸν
1259 5691 1316 5749 οὺ
1346 5691 1550 5747 δυνατὸν
1583 5691 1732 5765 ἐκφυ-

118 5761 246 5849 νεῖν,
278 5774 373 5827 κᾶν
397 5761 630 5849 θέλωμεν,
661 5769 754 5822 κᾶν
787 5761 1158 5849 σπουδάζωιιενε
1183 5767 1388 5849 ίρλφεὸς
1417 5768 1562 5832 λέγει,
1581 5783 1620 5849 ξι
1644 5761 1729 5849 iiut

120 5835 392 5912 θέλήτε,τὰ
415 5835 575 5912 ᾁγαθᾲ
595 5847 678 5905 τῆς
699 5848 786 5907 γῆς
808 5843 1076 5912 φάγεσθεί»
1099 5837 1224 5904 αὐτὴ
1249 5840 1303 5892 δὲ
1323 5840 1480 5903 λέγετ,
1501 5855 1531 5887 (ι
1546 5835 1638 5912 κᾶν
1655 5838 1732 5889 θέ-

117 5908 314 5989 λωμεν,
338 5915 404 5986 μὴ
418 5908 526 5982 ἧ-δὲ
541 5911 652 5980 ἡμῖν
679 5915 962 5982 δεδομένον,
987 5910 1128 5966 οὐδὲν
1155 5913 1324 5980 ὄφελος
1345 5917 1486 5964 τοῦτο
1509 5911 1680 5963 θέλειν.
1701 5923 1734 5958 iv

1745 3217 1794 3292 C

1817 550 2029 598 aeterna
2049 547 2464 610 vituperatione
2487 547 2854 601 damnantur.

1879 618 2055 667 XXII.
2083 617 2243 669 Unde
2264 617 2374 680 ille,
2388 631 2560 681 quem
2579 619 2777 671 divina
2793 622 3083 685 Scriptura
3107 625 3414 678 Diabolum

1815 689 2108 738 nominare
2127 689 2444 751 consuevit,
2466 694 2522 739 et
2540 690 2666 751 ejus
2682 693 2798 754 pari
2809 696 2890 742 ter
2906 693 3002 755 qui
3020 693 3290 747 dicuntur
3310 700 3415 748 An-

1816 759 1944 821 geli,
1967 759 1987 788 δ
2004 772 2136 810 cum
2161 759 2356 823 primis
2372 760 2706 812 hominibus
2722 763 3067 825 inviderent,
3089 767 3270 817 Adam
3296 771 3410 818 dico

1816 835 1873 881 et
1903 833 2053 904 Evzn,
2081 843 2116 882 a
2149 833 2316 904 beata
2346 832 2482 893 vita,
2523 845 2694 896 quam
2728 835 2978 897 primum
3013 837 3410 904 possederant,

1818 901 2157 965 semetipsos
2174 903 2513 954 alienarunt.
2534 904 2832 954 Ethomini
2849 905 3081 968 quidem
3107 921 3204 971 per
3227 901 3411 970 decep;

1815 972 2044 1030 tionem,
2073 984 2244 1035 quam
2270 974 2378 1037 ipsi
2404 974 2632 1038 penitus
2658 977 3076 1040 excogitarunt,
3108 991 3414 1042 persuase-

1816 1046 1952 1093 runt
1977 1049 2294 1106 peccantes,
2311 1045 2375 1094 ut
2394 1057 2427 1094 ιι
2443 1045 2713 1096 mandato
2738 1047 2838 1096 Dei
2852 1047 3116 1110 protinus
3130 1048 3406 1109 deviaret,

1817 1113 2160 1177 semetipsos
2179 1121 2375 1166 autem
2387 1121 2604 1167 aeterno
2620 1116 2830 1178 pariter
2846 1115 3122 1181 supplicio
3137 1119 3264 1183 subj
3275 1132 3412 1183 nga-

1815 1189 1966 1247 runt,
1995 1186 2144 1235 sicut
2169 1190 2228 1236 et
2255 1187 2538 1237 Dominus
2564 1191 2761 1238 noster
2783 1189 2922 1238 Jesu
2947 1189 3206 1240 Christus
3221 1191 3408 1248 docet.

1814 1267 1946 1306 cum
1961 1255 2035 1306 ad
2055 1255 2182 1306 illos
2199 1256 2352 1316 dicit,
2375 1257 2475 1320 qui
2493 1257 2808 1320 propinquo
2831 1271 2937 1310 suo
2961 1259 3409 1312 misericordiam

1814 1328 2126 1386 denegarunt
2151 1341 2163 1376 :
2183 1328 2253 1375 Ite
2269 1329 2329 1376 in
2347 1328 2529 1392 ignem
2551 1333 2828 1392 aeternum,
2857 1333 2954 1393 qui
2977 1338 3317 1394 praeparatus
3340 1337 3409 1381 est

1815 1395 2036 1446 Diabolo
2081 1403 2124 1446 et
2148 1398 2368 1462 Angelis
2393 1399 2524 1462 ejus.
2552 1399 2774 1448 Esurivi
2799 1401 2966 1460 enim,
2991 1408 3034 1449 et
3058 1417 3172 1450 non
3194 1402 3410 1451 dedistis

1813 1469 1955 1516 mihi
1970 1469 2316 1530 manducare,
2335 1474 2390 1522 et
2406 1477 2596 1522 cetera
2614 1471 2818 1534 (Matth.
2839 1469 2926 1524 ‘25.
2944 1471 3068 1534 41.).
3087 1476 3225 1529 Quod
3241 1482 3408 1524 autem

1815 1539 2096 1602 diabolus,
2126 1541 2215 1592 vel
2231 1542 2357 1606 ejus
2385 1543 2478 1604 qui
2504 1541 2776 1593 dicuntur
2788 1543 3012 1606 Angeli,
3039 1545 3107 1594 de
3133 1545 3410 1596 creaturis

1815 1611 2142 1664 caelestibus
2156 1619 2309 1674 sunt,
2331 1612 2382 1678 5
2393 1610 2445 1680 9
2457 1612 2505 1678 2
2521 1615 3068 1678 rationabilibusque
3081 1615 3408 1680 virtutibus,

1815 1686 1978 1734 testis
1995 1689 2082 1734 est
2105 1685 2306 1736 beatus
2331 1688 2550 1748 Petrus,
2577 1699 2708 1736 cum
2726 1685 2810 1736 sic
2836 1687 2988 1745 dicit,
3027 1686 3088 1736 Si
3103 1688 3247 1736 enim
3271 1689 3411 1736 Deus

1809 1755 2031 1817 Angelis
2065 1756 2163 1820 qui
2199 1763 2548 1820 peccaverunt
2578 1771 2690 1805 non
2712 1758 2942 1820 pepercit
2978 1756 3044 1820 (“2.
3071 1759 3210 1808 Petr.
3237 1757 3288 1812 ‘2.
3315 1759 3408 1822 4.).

1820 1827 2086 1878 Similiter
2116 1831 2312 1878 autem
2349 1833 2406 1878 et
2438 1829 2643 1878 beatus
2677 1827 2886 1878 Paulus
2937 1828 3122 1893 docet,
3174 1830 3408 1882 dicens:

1818 1897 2042 1948 Nescitis
2057 1899 2320 1962 quoniam
2338 1899 2566 1961 Angelos
2581 1898 2952 1962 judicabimus
2979 1899 3046 1963 (1.
3071 1901 3192 1952 Cor.
3225 1901 3274 1954 6.
3301 1901 3410 1964 3.)?

1820 1971 1898 2020 Ne
1915 1969 2046 2033 quis
2059 1970 2235 2037 igitur
2249 1971 2557 2021 arbitretur
2571 1975 2776 2032 captus
2793 1983 2998 2030 errore,
3017 1971 3172 2034 quod
3187 1973 3283 2023 isti
3298 1981 3414 2022 ante

1818 2046 2200 2106 peccaverunt
2215 2053 2386 2104 quam
2408 2041 2740 2093 hominibus
2756 2042 3094 2105 inviderent,
3120 2047 3178 2094 et
3203 2049 3334 2107 post
3355 2045 3414 2096 il-

1816 2111 1919 2164 lud
1929 2113 2315 2174 peccatumad
2337 2111 2702 2176 decipiendos
2721 2112 2984 2164 homines
3005 2113 3302 2176 devenere,
3321 2117 3413 2164 sic-

1819 2187 1884 2234 ut
1905 2183 2160 2234 nefarius
2177 2182 2451 2245 Origenes
2467 2183 2708 2233 docebat
2733 2199 2744 2230 :
2770 2181 2872 2233 sed
2897 2191 2962 2233 ut
2985 2185 3246 2248 superius
3267 2185 3406 2249 dixi,

1822 2266 1894 2304 ex
1931 2267 1996 2304 eo
2021 2253 2177 2316 quod
2212 2252 2476 2303 diabolus
2514 2258 2572 2302 in
2601 2258 2926 2316 serpentem
2969 2256 3414 2319 transﬁguratus

1821 2327 2001 2376 Evam
2019 2323 2258 2388 decepit.
2273 2323 2434 2385 Quod
2457 2328 2651 2374 autem
2662 2335 2738 2374 ex
2753 2324 2847 2374 illo
2873 2324 3149 2389 diabolus,
3177 2329 3417 2380 veritate

1821 2396 2051 2460 penitus
2063 2395 2330 2446 derelicta
2342 2395 2634 2446 transtulit
2650 2409 2712 2446 se
2727 2397 2983 2459 protinus
2998 2400 3060 2445 ad
3076 2401 3417 2462 mendacium,

1821 2481 1896 2521 ex
1919 2480 2033 2532 quo
2063 2469 2257 2530 Evam,
2278 2471 2345 2518 ut
2367 2467 2506 2530 dixi,
2521 2469 2762 2532 peremit
2781 2472 2965 2518 morte
2988 2471 3225 2533 peccati,
3252 2471 3419 2523 testis

1823 2544 1914 2591 est
1946 2540 2226 2590 Dominus
2237 2543 2435 2590 noster
2459 2551 2590 2589 cum
2605 2538 2972 2590 dicitJudeeis
2997 2553 3111 2590 non
3133 2541 3420 2593 credenti-

1824 2613 1934 2662 bus
1965 2611 2094 2674 sibi,
2136 2610 2234 2660 Vos
2269 2625 2336 2658 ea:
2364 2616 2518 2674 patre
2539 2609 2752 2658 diabolo
2789 2611 2929 2671 estis,
2965 2611 3228 2662 desideria
3249 2613 3420 2676 patris

1823 2684 1982 2732 vestri
2001 2680 2204 2730 diaboli
2226 2681 2385 2730 vultis
2409 2681 2600 2744 facere.
2617 2681 2706 2731 Ille
2730 2681 3003 2731 homicida
3017 2688 3133 2732 erat
3155 2683 3222 2732 ab
3243 2683 3418 2749 initio,

1823 2760 1868 2802 et
1885 2754 1948 2802 in
1961 2753 2178 2802 veritate
2193 2768 2302 2802 non
2320 2753 2472 2812 stetit,
2493 2768 2522 2816 q
2533 2753 2628 2801 uia
2642 2753 2838 2802 veritas
2849 2768 2960 2802 non
2975 2760 3047 2802 est
3067 2755 3131 2803 in
3155 2770 3230 2820 eo,
3249 2771 3423 2820 quan-

1825 2825 1892 2874 do
1909 2825 2151 2888 toquitur
2164 2824 2525 2886 mendacium,
2544 2823 2606 2872 de
2619 2825 2862 2888 propriis
2877 2823 3138 2889 loquitur,
3155 2828 3422 2890 quoniam

1821 2896 2066 2946 mendam
2097 2901 2166 2944 est
2207 2902 2252 2945 et
2283 2901 2439 2960 pater
2476 2895 2590 2959 ejus
2629 2895 2804 2957 (Joan.
2837 2892 2890 2948 8.
2929 2895 3055 2957 44.).
3097 2898 3246 2961 Ergo
3288 2911 3424 2951 cum

1824 2966 2072 3018 dixisset
2094 2966 2398 3028 Dominus,
2429 2965 2582 3028 quod
2600 2963 2692 3015 ille
2713 2965 2998 3016 homicida
3019 2969 3139 3017 erat
3159 2968 3232 3018 ab
3255 2971 3422 3032 initio,

1823 3043 1882 3089 et
1905 3037 2062 3100 quod
2104 3037 2163 3088 in
2191 3037 2427 3088 veritate
2449 3049 2566 3087 non
2601 3037 2778 3098 stetit,
2809 3042 3003 3100 aperte
3025 3036 3240 3101 docuit,
3265 3039 3421 3102 quod

1823 3121 1897 3160 ex
1922 3122 1988 3160 eo
2013 3108 2278 3159 diabolus
2311 3121 2345 3158 a
2377 3110 2616 3160 veritate
2646 3106 2873 3169 decidit,
2909 3120 2983 3160 ex
3015 3121 3130 3171 quo
3153 3110 3424 3173 primitus

1821 3192 1922 3244 per
1945 3181 2222 3231 fallaciam
2247 3179 2718 3231 mendaciiEvam
2733 3191 2921 3230 errore
2945 3179 3245 3244 deceptam
3267 3189 3423 3233 morte

1821 3251 2308 3314 praevaricationis
2346 3249 2569 3301 occidit.
2597 3251 2821 3301 Rursus
2854 3250 3028 3302 etiam
3050 3251 3178 3304 ideo
3203 3251 3422 3304 dictum

1823 3326 1928 3386 est,
1949 3323 2101 3386 quod
2117 3323 2350 3385 quando
2372 3321 2632 3385 loquitur
2646 3321 3032 3384 mendacium,
3051 3323 3120 3374 de
3139 3336 3244 3375 suo
3262 3327 3425 3385 loqui-

1823 3399 1934 3458 tur,
1967 3395 2242 3458 quoniam
2279 3393 2498 3456 primus
2522 3395 2644 3457 ipse
2659 3393 2792 3444 ﬁcta
2820 3393 3042 3444 fallacia
3063 3396 3234 3446 etiam
3256 3407 3420 3447 men—

1823 3466 2051 3517 dacium
2075 3465 2410 3528 procreavit.
2438 3464 2599 3516 Unde
2617 3465 2792 3515 etiam
2815 3465 3008 3528 ceteri,
3023 3466 3122 3528 qui
3148 3477 3264 3517 una
3287 3480 3420 3519 cum

1821 3537 1948 3601 ipso
1975 3538 2192 3588 homini
2219 3534 2570 3596 inviderunt,
2588 3535 2773 3599 ipsius
2789 3535 2998 3586 diaboli
3022 3536 3212 3599 angeli
3234 3539 3422 3589 nomi-

1822 3609 1944 3660 nati
1967 3613 2124 3672 sunt,
2152 3607 2319 3670 quasi
2339 3607 2461 3670 ipse
2473 3608 2616 3670 prim
2626 3619 2694 3657 us
2710 3607 2954 3670 hujusce
2978 3607 3198 3660 militias
3214 3621 3423 3663 caussa

1823 3684 2000 3744 esset,
2039 3684 2096 3732 et
2134 3683 2324 3742 caput.
2359 3679 2469 3730 Sed
2508 3677 2581 3730 de
2626 3677 2754 3729 istis
2797 3691 3026 3742 quoque
3069 3680 3420 3734 sufﬁcienter

1822 3752 2062 3804 dictum.

1883 3824 2090 3874 XXIII.
2106 3821 2386 3874 Mundum
2400 3819 2682 3870 Dominus
2697 3832 2828 3870 cum
2845 3824 3078 3880 crearet,
3091 3821 3317 3882 caelum,
3333 3821 3422 3874 in-

1823 3965 1886 4018 Ὀ
1930 3966 2051 4020 Θεὸς
2103 3963 2249 4028 λέγει,
2292 3979 2324 4011 «
2370 3956 2454 4012 ἐὰν
2502 3955 2577 4028 μὴ,
2611 3961 2779 4022 θέλητε
2822 3962 3080 4028 προσέχειν
3123 3971 3220 4020 τοῖς
3259 3963 3418 4028 λόγοις

1823 4055 1934 4102 μου,
2001 4027 2222 4102 μάχαιρα
2279 4033 2407 4102 iich
2464 4027 2735 4084 κατέδεταν
2787 4046 2817 4078 ›>
2869 4027 3007 4094 αὐτὴν
3049 4033 3194 4098 λέγει,
3238 4049 3267 4081 (ι
3321 4027 3415 4085 «κᾶν

1925 4098 2230 4180 damnaui;
2269 4108 2322 4180 δὲ
2365 4098 2477 4180 ἡμῖν
2525 4105 2800 4180 ς’)ιεδομιένονἶ
2847 4105 3038 4160 πάντως
3071 4106 3353 4180 *σωζᾷμεθαί
3393 4125 3414 4151 ι»

1823 4183 1958 4230 Deus
1983 4181 2128 4241 dtCll,
2161 4175 2524 4236 si'volueritis,
2553 4181 2599 4224 et
2637 4177 2684 4224 si
2714 4175 3010 4238 nolueritis,
3045 4176 3294 4225 dominos
3321 4177 3415 4240 fa-

1819 4253 1962 4302 ciens
1985 4266 2082 4299 nos
2120 4249 2332 4297 virtutis
2369 4263 2430 4296 ac
2463 4248 2598 4306 vitii,
2635 4253 2795 4312 atque
2821 4249 2882 4296 in
2906 4247 3195 4296 voluntatis
3221 4255 3415 4299 nostra:

1815 4329 2066 4390 potestate
2089 4321 2430 4370 constituens.
2453 4319 2544 4366 Ille
2579 4333 2700 4367 vero
2725 4319 2856 4381 quid
2887 4323 2964 4367 ait
2990 4323 3016 4368 Ἰ
3048 4319 3196 4382 quod
3229 4321 3411 4382 fatum

1817 4389 1984 4447 vitari
2009 4397 2255 4457 nequeat,
2289 4397 2334 4439 et
2363 4392 2409 4438 si
2434 4389 2672 4450 velimus,
2699 4395 2745 4438 et
2772 4390 2820 4438 si
2843 4405 3116 4442 conemur.
3153 4392 3290 4442 Deus
3325 4393 3414 4442 di-

1822 4471 1926 4533 xit,
1963 4467 2010 4516 si
2045 4463 2338 4524 volueritis,
2373 4461 2514 4510 bona
2546 4467 2694 4533 terrae
2715 4462 3006 4512 comedetis.
3033 4465 3228 4512 Fatum
3261 4465 3408 4529 dicit,

1825 4549 1870 4592 et
1885 4531 1932 4590 si
1955 4539 2196 4597 velimus,
2219 4537 2267 4584 si
2284 4535 2474 4582 datum
2491 4531 2659 4592 nobis,
2682 4548 2795 4580 non
2805 4533 2990 4596 fuerit,
3013 4535 3110 4582 hoc
3128 4535 3249 4584 velle
3267 4538 3414 4588 nihil

1819 4614 2048 4681 prodest.
2074 4610 2214 4658 Deus
2233 4606 2379 4670 dicit,
2413 4605 2459 4654 si
2495 4605 2652 4681 verba
2681 4619 2800 4681 mea
2823 4606 3091 4681 attendere
3113 4607 3414 4674 nolueritis,

1819 4677 2035 4754 gladius
2072 4685 2337 4731 consumet
2371 4692 2476 4726 vos.
2507 4677 2704 4754 Fatum
2735 4677 2884 4754 dicit,
2917 4682 2962 4726 et
2991 4678 3038 4726 si
3076 4679 3338 4744 nolimus,
3367 4685 3416 4735 si

1820 4748 2010 4810 datum
2033 4753 2185 4804 nobis
2209 4751 2394 4813 fuerit,
2425 4749 2649 4798 omnino
2663 4748 2799 4798 salvi
2832 4765 3040 4802 sumus.

1879 4831 1898 4861 δ
1927 4831 2063 4880 Cum
2085 4825 2282 4890 primis
2299 4821 2611 4872 hominibus
2631 4821 2950 4872 inviderent.
2971 4822 2988 4888 ]
3012 4827 3205 4874 Diaboli
3218 4829 3413 4887 lapsum

1816 4903 1911 4955 alii
1925 4911 2158 4964 quoque
2171 4896 2244 4946 ad
2255 4893 2534 4945 invidiam
2547 4891 2685 4944 olim
2703 4893 3044 4946 retulerunt.
3064 4899 3156 4944 Sed
3167 4912 3283 4946 cum
3305 4914 3415 4947 ver—

1819 4975 1906 5026 bis
1927 4969 2209 5037 Cypriani,
2227 4965 2397 5029 quiin
2412 4964 2613 5016 eadem
2627 4964 2734 5016 fuit
2750 4966 3054 5037 sententia,
3077 4974 3204 5015 lotus
3229 4970 3314 5016 hic
3335 4971 3414 5018 lo-

1818 5060 1922 5097 cus
1944 5035 2182 5094 miriﬁce
2205 5038 2512 5090 consentit.
2535 5039 2626 5088 διε
2649 5036 2804 5087 enim
2831 5035 2925 5088 ille
2943 5037 3002 5086 in
3025 5037 3168 5088 libro
3189 5037 3261 5090 de
3279 5041 3411 5092 Zelo

1818 5123 1876 5170 et
1899 5117 2100 5168 livore:
2122 5109 2548 5169 llincDiabolus,
2567 5110 2664 5170 ait,
2679 5109 2819 5156 inter
2834 5108 2998 5156 initia
3013 5111 3192 5157 statim
3219 5112 3414 5160 mundi

1819 5197 1864 5240 et
1884 5188 2044 5254 periit
2073 5184 2286 5249 primus
2308 5188 2354 5230 et
2370 5181 2624 5245 perdidit.
2646 5180 2735 5228 Ille
2748 5180 2956 5228 dudum
2978 5181 3234 5243 Angelica
3249 5183 3416 5248 maje.

1819 5253 1950 5311 state
1985 5256 2270 5313 subnixus,
2305 5253 2390 5301 ille
2429 5253 2532 5301 Deo
2564 5257 2804 5314 acceptus
2837 5256 2882 5299 et
2913 5267 3090 5312 carus,
3125 5263 3415 5318 postquam

1825 5332 2098 5384 hominem
2115 5327 2188 5375 ad
2201 5325 2500 5388 imaginem
2517 5323 2611 5371 Dei
2625 5324 2833 5386 factum
2857 5325 3150 5388 conspcacit,
3172 5326 3232 5374 in
3248 5327 3417 5377 selum

1825 5402 2079 5455 malevolo
2104 5399 2266 5448 livore
2296 5397 2568 5460 prorupit,
2604 5410 2717 5442 non
2737 5393 2896 5458 prius
2912 5395 3142 5444 alterum
3165 5397 3418 5460 dejiciens

1829 5477 2085 5527 instinctu
2117 5470 2228 5530 zeli,
2263 5481 2432 5532 quam
2461 5467 2570 5530 ipse
2610 5466 2713 5515 zelo
2749 5472 2872 5514 ante
2897 5465 3140 5530 dejeclus,
3177 5471 3421 5534 captivus

1829 5555 2123 5611 antequam
2153 5542 2388 5604 capiens,
2418 5539 2656 5603 perditus
2689 5543 2982 5611 antequam
3012 5540 3258 5611 perdens,
3287 5542 3420 5590 dum
3465 5539 3478 5551 ⁸

1828 5610 2140 5668 stimulante
2159 5615 2337 5672 livore,
2361 5611 2600 5676 gratiam
2627 5611 2762 5658 data:
2784 5610 3214 5660 immortalitatis
3237 5613 3419 5677 eripit,

1830 5693 1940 5754 ipse
1961 5702 2172 5754 quoque
2193 5685 2251 5734 id
2265 5684 2410 5748 quod
2429 5683 2586 5748 prius
2599 5681 2779 5744 fuerat
2794 5681 3104 5754 amisit.rSic
3125 5685 3261 5754 enim
3286 5687 3421 5734 haud

1831 5752 2005 5812 dubie
2027 5757 2356 5822 legendum,
2371 5754 2630 5819 neglecta
2646 5752 2894 5814 Pamelii,
2913 5753 3010 5815 qui
3036 5753 3146 5816 ipse
3159 5753 3424 5818 legentis,

1831 5830 2251 5886 emendatione,
2283 5839 2415 5891 qua:
2445 5825 2711 5891 Cypriani
2737 5825 3083 5876 sententiam
3108 5827 3334 5878 evertit.

1888 5904 1916 5940 τι
1937 5902 2155 5955 Vitiosa
2170 5899 2453 5964 scriptum
2461 5903 2586 5952 erat
2593 5898 2758 5962 facta,
2775 5896 2927 5963 quod
2940 5912 3033 5949 nos
3043 5900 3428 5949 emendavimus
