3894 6440
491 365 634 425 1135

1802 366 2048 419 RUFINI
2082 366 2481 420 PALESTINI

3654 367 3785 425 1136

491 494 688 548 quam,
734 486 793 534 et
821 485 1047 559 terram,
1073 485 1132 533 et
1154 480 1347 559 omnia
1371 492 1505 544 quae
1528 480 1589 532 in
1613 481 1699 532 eis
1723 480 2095 559 sunt,__s_olu_i_n
2119 485 2174 559 Α
2197 481 2496 559 δθᾱᾲθιξιῳ
2513 480 2722 559 caelum
2734 483 2792 531 et
2813 483 3045 543 terram,
3063 482 3269 559 et.un
3284 481 3486 559 inistis
3506 487 3789 559 suntprm-

490 555 784 606 hominem
809 552 1130 604 secundum
1151 551 1462 615 imaginem
1497 564 1664 603 suam
1689 556 1745 603 et
1769 552 2097 603 similitudi-

491 639 624 681 nem
665 625 816 686 fecit,
863 625 1015 674 sicut
1040 624 1268 687 Moyses
1285 624 1470 687 docet,
1504 623 1585 674 ita
1609 624 1829 683 dicens,
1862 624 1928 673 Et
1951 623 2096 673 dixit

490 708 648 756 Deus,
672 696 962 746 Faciamus
986 695 1263 743 hominem
1284 695 1581 759 secundum
1611 695 1908 759 imaginem
1932 711 1995 744 ac
2019 696 2096 743 si-

490 766 857 819 militudinem
875 770 1139 816 nostram.
1156 767 1365 816 Etcum
1386 768 1617 831 Moyses
1629 765 1738 817 hoc
1762 780 1833 817 ex
1849 778 2094 830 persona

490 839 593 890 Dei
605 837 867 900 dixisset,
885 837 1009 901 ipse
1028 837 1287 899 protinus
1301 838 1511 902 adjecit
1522 838 1739 901 dicens,
1749 837 1813 886 Et
1821 839 1943 902 fecit
1955 839 2094 888 Deus

492 908 782 969 hominem,
834 907 907 956 ad
941 906 1241 971 imaginem
1275 907 1373 959 Dei
1412 908 1534 971 fecit
1567 924 1689 957 eum
1716 910 1860 972 (Gen.
1890 909 2090 972 1.26.).

488 982 806 1043 Utrumque
822 980 1052 1043 Moyses
1066 991 1247 1030 unum
1267 979 1484 1031 scilicet
1498 980 1842 1044 intelligens,
1863 988 1959 1029 tam
1973 984 2097 1030 ima-

487 1052 680 1116 ginem
696 1051 825 1102 dico
842 1051 884 1107 ί,
904 1063 1080 1115 quam
1093 1051 1550 1114 similitudinem,
1570 1052 1820 1115 imagine
1837 1056 2092 1101 nominata

489 1122 930 1174 similitudinem
965 1124 1196 1187 penitus
1234 1123 1479 1174 reticuit.
1502 1124 1775 1185 Alioquin
1800 1124 1847 1174 si
1872 1138 1990 1176 non
2013 1126 2095 1176 ita

488 1198 660 1257 esset,
685 1205 988 1256 nunquam
1017 1198 1215 1256 postea
1239 1193 1485 1244 dixisset
1505 1195 1757 1244 Jacobus
1782 1195 2093 1259 Apostolus

487 1265 546 1315 in
571 1265 826 1328 Epistola
846 1275 971 1328 sua,
990 1277 1124 1315 cum
1137 1264 1367 1316 doceret
1380 1277 1495 1316 non
1512 1264 1718 1316 debere
1737 1267 1820 1317 uti
1840 1270 2013 1328 lingua
2029 1271 2089 1316 ad

487 1335 875 1387 ministerium
906 1331 1082 1403 593
1109 1335 1243 1386 mali
1269 1336 1379 1387 hoc
1406 1336 1599 1396 modo,
1614 1338 1674 1385 In
1700 1338 1819 1401 ipsa
1840 1338 2094 1388 benedici-

486 1420 608 1455 mus
632 1407 866 1456 Domino
886 1413 932 1456 et
961 1408 1133 1467 Patri,
1159 1413 1204 1456 et
1229 1408 1290 1456 in
1315 1408 1435 1472 ipsa
1460 1408 1833 1457 maledicimus
1858 1410 2092 1459 homini-

487 1478 583 1527 bus
626 1479 724 1542 qui
754 1480 1050 1528 secundum
1075 1478 1494 1529 similitudinem
1526 1481 1623 1529 Dei
1653 1482 1784 1541 facti
1805 1488 1931 1530 sunt
1956 1483 2088 1545 (Jac.

487 1548 538 1605 3.
566 1549 657 1614 9.).
684 1552 1187 1616 Hominemigitur
1207 1553 1362 1602 Deus
1375 1552 1647 1602 omnibus
1660 1553 1939 1604 dominari
1957 1567 2090 1617 qum

487 1623 613 1687 ipse
644 1623 874 1682 creavit,
901 1628 1020 1675 tam
1047 1626 1106 1674 in
1133 1628 1281 1674 terra
1296 1637 1469 1687 quam
1485 1624 1546 1674 in
1571 1624 1733 1684 mari,
1758 1628 2089 1692 praeposuit,

491 1704 507 1723 ·
543 1706 611 1746 eo
636 1695 792 1758 quod
832 1695 1022 1759 imago
1067 1696 1253 1760 ipsius
1286 1699 1377 1746 est
1404 1695 1598 1758 homo,
1636 1696 1785 1747 sicut
1808 1701 1865 1748 et
1886 1699 2091 1750 beatus

489 1764 699 1817 Paulus
735 1766 904 1819 docet
945 1768 1026 1818 ita
1048 1766 1263 1831 dicens,
1288 1767 1433 1816 Nam
1458 1769 1545 1816 vir
1573 1768 1795 1832 quidem
1818 1784 1930 1819 non
1955 1770 2095 1822 debet

484 1839 695 1901 operire
718 1844 897 1903 caput,
926 1853 1047 1887 cum
1063 1840 1131 1887 sit
1155 1840 1339 1903 imago
1364 1845 1410 1888 et
1433 1840 1609 1903 gloria
1643 1841 1740 1889 Dei
1768 1840 1838 1905 (1.
1869 1843 1991 1893 Cor.
2009 1844 2094 1897 11.

2196 557 2362 617 cepto
2386 552 2487 605 Dei
2510 554 2719 615 creata,
2742 563 2915 613 opera
2932 563 3215 603 manuum
3232 552 3460 604 Domini
3483 554 3782 606 nominare.

2195 625 2385 675 Testis
2408 628 2498 675 est
2526 624 2703 675 David
2719 623 3000 688 propheta
3013 623 3083 675 ad
3109 625 3289 675 Deum
3303 624 3516 688 dicens,
3539 626 3605 675 Et
3620 626 3784 676 videbo

2194 696 2340 744 caelos
2374 711 2539 759 opera
2562 695 2861 759 digitorum
2902 701 3147 759 tuorum,
3191 696 3381 745 lunam
3414 703 3458 745 et
3494 698 3664 747 stellas
3686 714 3787 763 qua

2194 772 2253 815 tu
2285 767 2534 830 fundasti
2578 766 2736 829 (Psal.
2782 764 2833 819 8.
2877 766 2947 830 4.)
2986 767 3056 818 Et
3078 767 3314 832 iterum,
3339 770 3403 817 In
3424 770 3697 834 principio
3721 776 3786 831 tu,

2192 838 2441 900 Domine,
2474 845 2675 887 terram
2697 837 2965 899 fundasti,
2991 843 3037 887 et
3066 853 3229 902 opera
3267 854 3540 888 manuum
3581 847 3783 890 tuarum

2191 915 2318 958 sunt
2338 909 2446 959 caeli
2480 909 2643 971 (Psal.
2689 908 2810 963 101.
2851 906 2979 972 26.).
3018 910 3284 961 Similiter
3305 914 3497 961 autem
3523 914 3581 963 et
3603 912 3782 978 Isaias,

2191 980 2471 1045 propheta
2499 993 2571 1032 ex
2601 981 2703 1031 Dei
2722 992 2981 1045 persona
3013 981 3097 1031 sic
3146 981 3301 1040 dicit,
3328 978 3505 1050 594
3545 984 3691 1033 Audi
3722 1000 3791 1032 me

2189 1051 2350 1101 Jacob
2372 1057 2416 1101 et
2439 1051 2624 1113 Israel,
2661 1066 2819 1116 quem
2860 1066 2952 1116 ego
2973 1066 3112 1102 voco.
3136 1052 3250 1116 Ego
3274 1067 3394 1101 sum
3426 1056 3537 1118 ipse
3569 1069 3656 1116 ego
3675 1055 3786 1119 pri-

2190 1137 2330 1185 mus,
2357 1127 2401 1172 et
2425 1138 2516 1186 ego
2540 1123 2894 1184 novissimus,
2938 1138 3139 1172 manus
3162 1138 3283 1172 mea
3303 1123 3556 1186 fundavit
3579 1130 3784 1187 terram,

2192 1199 2236 1243 et
2272 1194 2492 1244 dextera
2539 1209 2667 1243 mea
2708 1195 2951 1257 ﬁrmavit
2978 1194 3163 1244 caelum
3188 1195 3315 1257 (Esa
3338 1195 3425 1249 48.
3457 1194 3577 1259 ‘19.).
3603 1198 3669 1248 Et
3691 1197 3787 1249 ite-

2190 1278 2338 1330 rum,
2380 1265 2468 1315 Sic
2514 1265 2653 1314 dicit
2694 1266 2981 1328 Dominus,
3015 1265 3199 1314 caelum
3235 1267 3372 1315 mihi
3402 1267 3559 1327 sedes,
3587 1273 3630 1317 et
3654 1274 3785 1318 terra

2189 1336 2475 1387 scabellum
2500 1338 2701 1401 pedum
2727 1351 2999 1387 meo-rum.
3030 1339 3205 1396 Quam
3230 1338 3451 1387 domum
3473 1338 3785 1403 aediﬁcabilis

2192 1410 2350 1469 mihi,
2375 1414 2421 1459 et
2446 1410 2541 1473 qui
2564 1409 2708 1458 locus
2741 1410 2947 1473 requicl
2957 1411 2972 1457 ἰ
2982 1410 3103 1459 onis
3126 1424 3252 1459 meae
3269 1411 3293 1459 .9
3323 1411 3513 1460 omnia
3541 1412 3681 1461 enim
3695 1413 3786 1462 ista

2190 1496 2391 1529 manus
2425 1496 2544 1529 mea
2566 1481 2688 1544 fecit
2712 1480 2858 1541 (Esa.
2882 1479 2967 1534 66.
3008 1480 3097 1544 1.).

2255 1552 2433 1602 XXV.
2462 1553 2564 1602 Est
2588 1552 2762 1615 igitur
2788 1552 2981 1615 homo,
3000 1552 3149 1603 sicut
3174 1552 3367 1604 divina
3383 1553 3669 1619 Scriptura
3684 1567 3784 1606 nos

2191 1622 2405 1683 docuit,
2429 1636 2636 1687 corpus
2652 1623 2883 1686 quidem
2901 1624 3123 1675 habens
3140 1637 3211 1675 ex
3228 1629 3395 1688 terra,
3412 1626 3660 1677 animam
3672 1641 3784 1676 vero

2198 1694 2307 1745 sibi
2332 1698 2581 1746 creatam
2606 1708 2677 1746 ex
2702 1693 2900 1758 nihilo,
2942 1700 2998 1746 et
3023 1706 3150 1746 eam
3186 1696 3357 1747 sicuti
3382 1697 3708 1749 sensibilem
3732 1703 3782 1750 et

2197 1765 2553 1829 rationalem,
2573 1766 2655 1816 sic
2673 1767 2849 1818 etiam
2870 1765 3272 1828 immortalem,
3290 1771 3354 1818 ut
3368 1773 3674 1832 utrumque
3684 1782 3784 1821 nos

2200 1835 2363 1887 docet
2394 1838 2849 1900 Testamentum,
2875 1841 2995 1887 tam
3019 1849 3239 1889 novum
3263 1837 3389 1890 dico
3414 1850 3589 1901 quam
3602 1845 3778 1892 vetus.

489 1907 579 1970 7.).
604 1910 836 1973 Propter
860 1911 1010 1973 quod
1026 1910 1198 1961 homo
1213 1911 1512 1961 incunctis
1532 1911 1971 1966 inrationalibus
1987 1928 2089 1967 an-
2116 1905 2170 1979 B
2191 1908 2335 1958 Nam
2365 1912 2423 1959 et
2455 1909 2738 1959 Dominus
2762 1913 2962 1959 noster
2984 1909 3157 1960 Jesus
3184 1908 3444 1960 Christus
3472 1911 3575 1974 ait,
3616 1910 3783 1960 Nolite

491 1980 727 2031 tefertur
736 1981 1084 2031 animalibus
1100 1981 1314 2043 quibus
1333 1981 1677 2043 dominatur,
1693 1995 1795 2046 per
1805 1984 1914 2036 hoc
1929 1990 2097 2047 ipsum

486 2051 660 2102 etiam
677 2052 939 2103 omnium
963 2052 1236 2103 dominus
1249 2052 1491 2104 eiI‘ectus
1503 2056 1607 2104 est.
1622 2055 1767 2105 Nam
1779 2057 2102 2109 inrationabi-

482 2122 560 2173 lia
583 2122 817 2186 quidem
835 2124 1128 2187 animalia,
1147 2124 1297 2176 sicut
1312 2126 1544 2188 Moyses
1561 2125 1774 2191 docuit,
1791 2139 1864 2178 ex
1878 2133 2024 2182 terra
2041 2137 2099 2184 et

482 2206 633 2258 aqua
644 2200 835 2247 creata
853 2208 926 2247 ex
950 2196 1034 2246 eis
1052 2199 1170 2247 tam
1186 2197 1438 2247 animam
1455 2209 1629 2260 quam
1642 2210 1848 2262 corpus
1862 2199 2092 2259 habent:

481 2266 654 2317 homo
681 2270 879 2319 autem
891 2279 1104 2330 corpus
1147 2268 1382 2330 quidem
1397 2268 1625 2320 videtur
1636 2283 1766 2321 cum
1790 2273 1992 2324 ceteris
2006 2275 2103 2327 ha-

482 2338 614 2414 bere
638 2350 979 2414 commune;
1005 2339 1269 2414 animam
1290 2352 1436 2414 vero
1465 2340 1650 2414 multo
1673 2346 2099 2414 praestantiorem,

482 2410 633 2461 sicut
677 2412 909 2475 Moyses
942 2410 1153 2463 iterum
1191 2411 1330 2462 dicit
1359 2411 1470 2463 hoc
1494 2413 1682 2473 modo,
1708 2414 1776 2463 Et
1804 2410 2092 2479 plasmauit

479 2482 620 2531 Deus
658 2482 936 2532 hominem
960 2482 1025 2533 de
1048 2482 1179 2532 limo
1211 2489 1380 2547 terrae,
1408 2489 1453 2533 et
1478 2484 1783 2549 insufﬂauit
1817 2488 1879 2535 in
1898 2488 2095 2550 faciem

478 2554 593 2619 ejus
619 2554 877 2619 spiritum
916 2555 1051 2617 vita,
1083 2559 1127 2604 et
1168 2555 1344 2619 factus
1377 2561 1447 2605 est
1474 2558 1634 2607 homo
1658 2558 1719 2606 in
1745 2560 1997 2611 animam
2022 2563 2096 2612 vi-

477 2632 682 2675 ventem
707 2626 857 2687 (Gen.
882 2625 933 2680 2.
961 2626 1052 2690 7.).

541 2698 748 2748 XXIV.
777 2700 962 2749 Homo
987 2698 1164 2761 igitur
1185 2697 1313 2749 ideo
1335 2700 1523 2763 potior
1541 2701 1811 2753 omnibus
1829 2706 1936 2762 est,
1956 2716 2093 2768 quo-

476 2769 635 2820 niam
659 2768 992 2820 sensibilem
1014 2771 1071 2820 et
1090 2768 1420 2820 rationalem
1457 2771 1711 2822 animam
1739 2773 1970 2835 habere,
2003 2775 2090 2827 di-

477 2840 793 2905 gnoscitur,
821 2845 879 2892 et
907 2852 1037 2891 eam
1062 2840 1223 2892 liberi
1248 2841 1485 2892 arbitrii.
1504 2844 1653 2908 Ergo
1668 2846 1832 2908 quasi
1846 2846 2093 2910 pruden-

481 2915 569 2964 tes
604 2914 862 2977 Moysem
896 2912 1205 2964 audiamus
1244 2913 1549 2966 dicentem.
1598 2919 2085 2979 quemadmodum

478 2985 635 3037 Deus
658 2984 954 3037 hominem
996 2985 1291 3036 creaverit.
1325 2986 1413 3036 Sic
1450 2988 1605 3037 enim
1648 2990 1814 3039 nobis
1858 2992 2083 3054 Moyses

483 3054 769 3120 celerique
791 3057 1088 3121 prophetas
1110 3056 1181 3108 de
1204 3058 1323 3107 Deo
1338 3062 1590 3121 narrant,
1622 3059 1793 3110 sicuti
1813 3076 2083 3121 possumus

476 3127 813 3192 intelligere.
834 3129 1031 3193 Neque
1048 3128 1199 3180 enim
1218 3127 1391 3179 homo
1408 3135 1499 3180 est
1517 3132 1765 3192 Deus,ex
1777 3132 1972 3185 anima
1987 3136 2083 3182 fac-

480 3204 575 3252 tus
600 3204 657 3253 et
681 3213 932 3265 corpore.
961 3205 1025 3252 ut
1046 3200 1316 3252 manibus
1338 3201 1630 3253 hominem
1656 3203 1863 3255 formet
1888 3207 1945 3256 et
1971 3204 2081 3256 fin-

2199 1980 2383 2027 timere
2422 1994 2505 2028 eos
2538 1980 2634 2043 qui
2680 1980 2927 2029 occidunt
2965 1994 3175 2045 corpus,
3209 1982 3457 2030 ani-mam
3482 1987 3659 2031 autem
3679 1998 3781 2031 non

2194 2056 2417 2115 possunt
2445 2052 2677 2102 occidere
2697 2069 2706 2100 :
2726 2052 2815 2101 sed
2834 2052 3016 2116 potius
3031 2067 3151 2101 eum
3175 2053 3364 2113 timete,
3386 2054 3483 2118 qui
3490 2059 3783 2119 potestatem

2198 2122 2350 2171 habet
2374 2123 2625 2171 animam
2647 2128 2691 2171 et
2712 2137 2905 2188 corpus
2927 2123 3211 2187 perderein
3227 2125 3472 2187 gehenna
3491 2125 3779 2189 (Matth.10.

2195 2194 2305 2259 28.)
2349 2198 2593 2261 Igneum
2617 2196 2966 2261 supplicium
2986 2197 3285 2251 interitum
3302 2200 3656 2264 nuncupavit
3667 2203 3779 2249 Nam

2194 2268 2482 2331 quomodo
2502 2268 2625 2320 ﬁeri
2646 2271 2855 2333 potest,
2882 2269 2965 2320 uti
2992 2270 3143 2333 quod
3167 2270 3396 2334 penitus
3417 2272 3541 2333 erit,
3569 2276 3625 2323 et
3648 2285 3781 2323 nus-

2194 2351 2369 2403 quam
2398 2353 2635 2405 prorsus
2659 2345 2924 2392 constare
2942 2346 3149 2405 potest,
3175 2347 3449 2394 aaternam
3462 2343 3675 2407 perpeti
3693 2357 3783 2393 va-

2192 2410 2307 2463 leat
2332 2411 2629 2473 ultionem,
2662 2425 2794 2463 cum
2818 2413 3103 2464 Dominus
3126 2413 3336 2465 iterum
3361 2414 3542 2465 dicat:
3560 2414 3782 2464 Etibunl

2189 2483 2282 2532 isti
2324 2483 2386 2531 in
2425 2499 2648 2548 poenam
2680 2489 2954 2545 sternam,
2988 2484 3125 2549 justi
3159 2489 3338 2535 autem
3368 2485 3429 2534 in
3455 2488 3617 2536 vitam
3641 2491 3781 2535 teter-

2190 2570 2327 2604 nam
2351 2556 2561 2617 (Matth.
2593 2553 2680 2608 95.
2708 2555 2854 2619 45.)?

2256 2627 2461 2678 XXVI.
2489 2626 2530 2676 δ.
2557 2628 2673 2678 Nec
2698 2626 3008 2679 dicendum
3033 2631 3141 2691 est,
3167 2627 3418 2680 animam
3435 2630 3655 2693 partem
3676 2629 3777 2681 Dei

2186 2709 2335 2763 esse,
2359 2698 2508 2749 sicut
2530 2698 2963 2762 imprudentum
2977 2699 3400 2751 etindoctorum
3420 2712 3607 2750 sermo
3624 2703 3781 2749 habet.

2188 2769 2334 2819 Nam
2359 2769 2407 2819 si
2438 2768 2549 2820 hoc
2571 2769 2655 2820 ita
2684 2773 2857 2828 esset,
2882 2782 3184 2833 nunquam
3206 2771 3359 2821 Deus
3384 2775 3599 2834 partem
3617 2783 3778 2822 suam

2183 2840 2420 2905 perenni
2446 2840 2725 2905 supplicio
2746 2842 2874 2904 subj
2885 2847 3098 2904 ugaret,
3126 2840 3229 2893 sed
3244 2855 3317 2893 ne
3333 2854 3567 2906 peccare
3581 2845 3779 2904 quidem

2183 2916 2418 2964 omnino
2454 2912 2580 2977 ipsa
2617 2913 2900 2977 potuisset
2929 2914 3096 2977 quasi
3119 2925 3252 2977 pars
3274 2914 3393 2976 Dei,
3421 2914 3629 2979 quippe
3652 2928 3779 2966 cum

2181 2985 2338 3036 Deus
2365 2984 2439 3035 sit
2464 2983 2843 3036 immutabilis
2857 2998 3082 3049 semper
3098 2985 3265 3036 sicuti
3280 2989 3503 3048 natura,
3515 2987 3595 3037 sic
3612 2986 3782 3037 etiam

2181 3055 2494 3108 voluntate.
2524 3057 2594 3106 Et
2616 3056 2846 3117 iterum,
2864 3057 2911 3107 si
2936 3058 3336 3108 animanostra
3358 3070 3488 3121 pars
3511 3058 3612 3109 Dei
3623 3062 3780 3110 esset

2178 3127 2337 3179 nullo
2371 3127 2597 3192 penitus
2622 3128 2896 3193 corporali
2930 3129 3069 3180 vitio
3093 3129 3434 3181 domaretur.
3464 3131 3605 3181 Nam
3633 3130 3777 3183 divi-

2180 3199 2331 3250 nitas
2358 3204 2449 3250 est
2474 3212 2700 3262 semper
2722 3200 2956 3263 invicta,
2975 3204 3034 3252 et
3055 3201 3195 3252 nulli
3212 3213 3464 3264 unquam
3483 3211 3499 3230 ε
3513 3201 3779 3253 subditur

480 3276 596 3336 gat,
613 3272 708 3354 vel
731 3286 801 3324 ex
828 3284 956 3354 aere
979 3272 1245 3354 spiritum
1267 3274 1542 3354 trahrensa
1565 3278 1626 3325 ut
1649 3274 1708 3354 in
1725 3275 1927 3326 faciem
1952 3278 2080 3339 ejus
2110 3279 2159 3354 ρ
2183 3270 2644 3354 vitiqcor'porah.

477 3346 753 3409 insufﬂat,
770 3350 828 3398 et
845 3346 925 3396 sic
940 3357 1074 3396 eum
1091 3344 1361 3398 viviﬂcet.
1378 3345 1584 3397 Omnia
1596 3347 1747 3397 enim
1760 3361 1859 3411 per
1871 3351 2078 3398 unicum

482 3420 733 3470 Verbum
752 3422 810 3469 et
826 3417 1098 3481 Spiritum
1116 3421 1385 3467 sanctum
1409 3418 1709 3469 voluntate
1728 3419 1861 3471 facit
1881 3422 2077 3470 etfacit.

481 3489 678 3542 Solent
714 3502 850 3543 vero
888 3489 1061 3541 etiam
1085 3488 1382 3552 prophetae
1405 3500 1523 3539 non
1548 3489 1737 3540 solum
1766 3490 2079 3557 hominem,

544 3641 561 3661 '
586 3632 666 3682 Eo
683 3631 829 3696 quod
850 3631 1033 3694 imago
1058 3630 1231 3694 ipsius
1252 3635 1322 3679 est
1350 3629 1551 3695 homo.]
1569 3632 1954 3695 Expositionis
1976 3633 2081 3686 hu-

471 3703 573 3767 jus
598 3706 799 3755 auctor
814 3701 874 3752 in
897 3701 1097 3765 primis
1120 3700 1402 3751 Diodorus
1420 3702 1737 3765 Tarsensis,
1753 3705 1919 3768 cujus
1932 3709 2083 3755 verba

482 3776 636 3838 sunt,
695 3779 807 3830 Πῶς
841 3772 932 3845 οὖν
965 3777 1088 3823 Θεοῦ
1133 3768 1273 3845 εἰκὼν
1323 3773 1349 3823 ὁ
1398 3773 1672 3839 ἅνθρωπος
1711 3779 1838 3827 κατὰ
1888 3779 1942 3828 τὸ
1995 3774 2083 3845 ἆρ-

481 3848 642 3914 χικὸν,
673 3847 803 3897 κατὰ
833 3847 887 3895 τὸ
913 3839 1220 3902 ἑξουσιαστικ
1244 3844 1317 3895 όν.
1346 3846 1638 3909 Quomodo,
1661 3846 1866 3912 inquit,
1898 3839 2080 3913 imago

479 3919 577 3968 Dei
603 3923 675 3967 est
707 3918 884 3966 homo.
904 3915 1212 3966 Secundum
1238 3916 1533 3980 imperium
1555 3922 1601 3966 et
1621 3923 1947 3982 potestatem.
1970 3922 2082 3973 Alii

480 3989 593 4041 alia
614 3988 988 4053 collegerunt,
1013 3988 1073 4038 in
1102 3986 1315 4050 quibus
1343 3987 1517 4039 homo
1546 3990 1731 4040 Deum
1758 3990 2077 4044 aemulatur.

483 4059 821 4112 Trinitatem
847 4071 1077 4123 quoque
1091 4059 1277 4122 ipsam
1290 4057 1380 4109 alii
1395 4057 1561 4110 aliter
1574 4061 1635 4111 in
1650 4061 1902 4114 hominis
1913 4067 2083 4113 anima

480 4145 817 4197 expressam
834 4131 1164 4184 voluerunt.
1179 4130 1305 4182 Alio
1322 4132 1477 4182 enim
1494 4132 1664 4185 modo
1684 4134 2081 4189 Theodoretus

483 4209 695 4269 quaest.
721 4203 808 4259 20.
834 4204 895 4255 in
918 4203 1186 4254 Genesin.
1213 4204 1313 4254 Καὶ
1339 4206 1485 4271 γεννᾷ
1512 4204 1599 4268 μὲν
1624 4206 1651 4256 ὁ
1674 4211 1784 4262 νοῦς
1809 4209 1890 4258 τὸν
1914 4209 2079 4273 λόγον,

482 4276 773 4342 ωμπρόεισι
802 4274 856 4326 δὲ
893 4279 960 4341 ’ἰῷ
1000 4274 1129 4341 λόγῳ
1168 4282 1384 4347 πνεῦμαι
1422 4275 1478 4330 οὗ
1519 4278 1821 4341 γεννώμενον
1861 4282 2080 4347 καθάπερ

480 4350 508 4402 ὁ
560 4349 719 4413 λόγος,
771 4352 1213 4413 συμπαρομαοτοῡν
1265 4346 1318 4395 δὲ
1364 4342 1440 4398 ἀεὶ
1489 4352 1556 4414 τῷ
1617 4349 1764 4415 λόγῳ,
1816 4353 1902 4402 καὶ
1952 4342 2080 4415 σνμί-

480 4439 574 4487 προ
597 4421 652 4471 ὸν
668 4423 735 4486 τῷ
750 4419 1057 4485 γεννωμένῳ,
1081 4417 1191 4467 hoc
1212 4420 1319 4480 est,
1337 4417 1382 4466 Ε
1386 4424 1402 4466 ι
1424 4432 1574 4467 mens
1594 4420 1810 4484 quidem
1829 4423 2079 4487 producit

479 4505 798 4556 sermonem,
822 4490 1063 4555 procedit
1082 4493 1262 4537 autem
1284 4504 1407 4539 cum
1437 4505 1676 4541 sermone
1696 4493 1939 4557 spiritus,
1965 4510 2079 4544 non

479 4558 763 4628 generatus
785 4562 1003 4627 quidem
1028 4561 1489 4625 quemadmodum
1510 4578 1701 4629 ser-mo,
1725 4566 1813 4614 sed
1828 4571 2078 4630 perpetuo

480 4648 802 4699 consequens
816 4646 1135 4696 sermonem,
1149 4638 1194 4681 et
1213 4648 1332 4682 cum
1352 4649 1408 4684 eo
1433 4633 1566 4683 dum
1583 4636 1760 4684 editur
1775 4638 2076 4700 procedens.

480 4706 607 4761 Alio
631 4705 973 4757 Ambrosius
996 4704 1057 4755 in
1084 4704 1292 4767 libello,
1325 4706 1385 4755 de
1406 4707 1669 4769 dignitate
1695 4708 1951 4757 humanae
1975 4726 2079 4759 na-

483 4784 635 4840 turae,
660 4790 779 4841 cap.
796 4776 828 4830 ‘2
844 4794 853 4824 :
869 4777 993 4826 Non
1014 4777 1148 4826 sicut
1172 4792 1238 4826 ea:
1259 4778 1440 4841 Patre,
1464 4778 1670 4841 inquit,
1694 4786 1983 4843 generatur
1998 4782 2080 4831 Fi-

480 4849 604 4915 lius,
627 4854 671 4899 et
686 4865 753 4898 ea:
772 4849 932 4898 Patre
952 4850 1195 4913 Filioque
1215 4850 1453 4914 procedit
1479 4849 1719 4913 Spiritus
1742 4858 1977 4917 sanctus,
2001 4853 2079 4903 ita

448 4923 459 4931 ’
478 4937 546 4972 ex
586 4921 850 4973 intellectu
887 4926 1175 4985 generatur
1197 4920 1461 4983 voluntas,
1486 4927 1609 4970 eteo:
1633 4923 1718 4971 his
1746 4923 1871 4972 item
1894 4924 2080 4975 ambo-

479 4993 573 5044 bus
606 4995 841 5059 procedit
868 4993 1151 5043 memoria.
1188 4992 1314 5043 Alio
1340 4992 1589 5055 denique
1611 4992 1705 5045 alii
1729 4995 2072 5060 complures.

538 5065 559 5095 ³⁷
582 5066 689 5117 Nec
712 5066 999 5115 dicendum
1041 5066 1294 5113 animam
1334 5069 1546 5127 partem
1572 5079 1675 5113 esse
1703 5065 1840 5130 Dei.]
1881 5069 2075 5132 Neque

475 5138 650 5202 enim,
676 5142 742 5189 ut
765 5138 1153 5201 Hieronymus
1175 5135 1320 5185 libro
1339 5132 1390 5188 2.
1408 5134 1688 5187 adversus
1702 5138 2073 5192 Jovinianum

474 5209 957 5274 scribit,ejusdem
970 5206 1318 5258 substantia:
1333 5211 1440 5271 est,
1460 5207 1616 5271 quod
1632 5210 1896 5258 Manichaei
1908 5213 2073 5260 solent

471 5281 694 5344 docere,
714 5292 909 5333 anima
930 5278 1188 5330 humana
1203 5290 1270 5329 ac
1293 5280 1469 5330 Deus.
1500 5280 1803 5333 Manichzei
1818 5294 1953 5346 ergo
1979 5296 2069 5334 er-

470 5365 564 5405 ror
586 5353 678 5405 hic
697 5351 821 5415 fuit,
841 5354 899 5402 et
927 5355 1058 5413 post
1076 5362 1210 5401 eum
1234 5349 1584 5403 Priscilliani.
1609 5352 1872 5416 Origenis
1895 5354 2068 5407 etiam

468 5424 669 5489 fuisse,
686 5426 888 5475 auctor
909 5420 1062 5473 idem
1087 5421 1489 5488 Hieronymus,
1510 5424 1609 5487 qui
1632 5425 1690 5474 in
1714 5423 1956 5487 epistola
1979 5425 2066 5480 61.

464 5497 537 5547 ad
562 5495 1013 5556 Pammachium,
1046 5496 1329 5547 Joannem
1362 5494 1949 5559 Hierosolymitanum
1984 5502 2065 5549 ta-

465 5572 583 5633 xat,
632 5567 786 5633 quod
824 5566 1206 5619 Manichzeum
1230 5567 1342 5619 hoc
1364 5570 1596 5619 nomine
1624 5567 1969 5618 insimulans
1993 5569 2064 5622 de

465 5639 696 5703 Origine
731 5638 1141 5699 dissimularet,
1166 5639 1448 5702 Producis,
1474 5637 1680 5701 inquit,
1704 5637 1855 5688 nobis
1877 5639 2064 5689 Mani-

462 5710 666 5760 chaeum
695 5715 739 5760 et
766 5710 1044 5758 abscondis
1071 5710 1374 5772 Origenem.

565 5783 694 5844 MS.,
722 5780 951 5830 Subdita
978 5781 1102 5829 vitio
1123 5781 1412 5844 corporali.

522 5849 544 5878 ⁴
572 5851 804 5901 Animas
839 5857 963 5899 ante
1004 5867 1232 5916 corpora
1253 5851 1464 5917 [actas]
1494 5854 1618 5905 Duo
1642 5853 1735 5905 hic
1758 5867 2055 5919 perperam

459 5918 702 5973 docebat
724 5922 1014 5985 Origenes,
1040 5929 1096 5977 et
1111 5923 1335 5976 animas
1361 5926 1601 5977 seorsim
1619 5925 1752 5978 olim
1770 5927 2051 5994 conditas,

2246 3343 2477 3394 XXVII.
2507 3344 2664 3395 Sicut
2685 3356 2819 3407 ergo
2843 3344 2940 3407 qui
2963 3345 3045 3394 ita
3067 3342 3325 3405 credunt,
3351 3343 3522 3408 impie
3544 3344 3775 3398 credere

2180 3414 2628 3479 comprobantur
2655 3430 2666 3466 :
2696 3414 2778 3466 sic
2821 3415 2993 3467 etiam
3031 3413 3129 3479 illi,
3157 3416 3257 3478 qui
3287 3415 3309 3445 ‘
3329 3415 3551 3467 animas
3574 3416 3779 3469 dicunt

2180 3490 2313 3537 ante
2328 3498 2564 3551 corpora
2583 3486 2766 3539 factas
2788 3485 2987 3550 fuisse,
3012 3486 3260 3539 multum
3278 3500 3313 3539 a
3334 3488 3543 3552 pietate
3559 3487 3778 3541 distare

2180 3626 2231 3677 ei
2252 3626 2313 3678 in
2335 3639 2572 3691 corpora
2600 3627 2871 3692 deinceps
2885 3639 3019 3679 cum
3043 3626 3635 3693 aliquid.peccassent,
3652 3634 3778 3682 tum

2181 3698 2406 3749 dimitti.
2432 3699 2596 3760 Quod
2612 3704 2922 3762 utrumque
2937 3702 3137 3750 contra
3151 3712 3283 3750 eum
3303 3700 3578 3765 scribens,
3597 3701 3778 3753 redar-

2179 3770 2306 3833 guit
2320 3769 2467 3821 inter
2482 3776 2703 3822 ceteros
2718 3771 3016 3835 Antipater
3027 3772 3350 3822 Bostrensis
3367 3787 3475 3832 cap.
3494 3771 3523 3824 7
3536 3772 3566 3815 .‘
3579 3777 3623 3826 Ο
3636 3771 3776 3836 ποιή-

2181 3860 2270 3908 σας
2297 3843 2380 3908 τὸν
2411 3842 2663 3908 ἄνθρωπον
2699 3837 2782 3893 ἀπ’
2818 3838 2971 3908 ἀρχῆς
3006 3841 3152 3908 ἄρσεν
3177 3844 3261 3894 καὶ
3285 3847 3402 3906 θῆλυ
3436 3838 3664 3905 ἐποίησεν
3690 3841 3778 3896 αὖε

2179 3905 2305 3973 τοὺς,
2332 3907 2389 3963 οὗ
2418 3905 2606 3977 πρῶτον
2632 3911 2743 3963 κατ’
2770 3905 2918 3964 auidi}
2950 3905 3083 3975 νόας,
3117 3907 3165 3970 ἐξ
3202 3913 3443 3979 ἁμαρτιῶν
3475 3909 3775 3980 ἀνθρώπους.

2180 3984 2284 4042 Qui
2302 3983 2577 4033 hominem
2588 3984 2710 4046 fecit
2728 3983 2792 4033 ab
2806 3984 2966 4033 initio
2981 3984 3285 4034 masculum
3299 3991 3346 4033 et
3364 3985 3631 4048 feminam
3654 3987 3779 4050 feeit

2179 4070 2279 4116 eos,
2318 4071 2411 4105 nec
2431 4056 2614 4120 primo
2637 4062 2837 4105 mentes
2862 4056 3154 4105 secundum
3177 4057 3358 4118 ipsum
3380 4062 3425 4105 et
3453 4071 3519 4105 ea:
3547 4059 3781 4122 peccatis

2181 4128 2450 4214 homines,
2476 4128 2738 4214 Etpaulo
2758 4133 2895 4214 Post
2922 4145 2932 4176 :
2961 4122 3140 4214 0619';
3164 4128 3410 4214 ἁμαρτιῶν
3437 4124 3784 4214 καὶ-αποπταῖ-

2180 4218 2301 4257 σεως
2325 4199 2615 4261 πληθυνθὲν,
2646 4198 2711 4258 ὡς
2749 4194 2781 4263 ἡ
2807 4200 2990 4251 τούτων
3021 4200 3235 4267 διδάσκει
3267 4194 3442 4267 γραφὴ,
3474 4196 3585 4252 ἀλλ’
3614 4196 3674 4253 ἐκ
3694 4207 3780 4263 τῆς

2178 4290 2262 4323 του
2306 4276 2411 4322 Θεοῦ
2453 4267 2797 4341 εὐλογίας,-ὡς
2825 4273 2852 4322 ὁ
2891 4269 3136 4338 προφήτης
3179 4265 3421 4341 ἐδήᾼλὼσεν
3452 4290 3463 4301 ·
3512 4266 3551 4322 εἰ
3579 4274 3675 4341 γὰρ
3724 4269 3777 4324 ἐι

2178 4344 2523 4408 παραϐάσεως,
2566 4344 2653 4394 καὶ
2699 4337 2753 4393 ἐκ
2800 4348 2883 4406 τῆς
2926 4351 3007 4394 τοῦ
3052 4347 3207 4395 καλοῦ
3250 4338 3530 4402 ἆποώύξεως
3566 4346 3625 4395 τὸ
3650 4337 3660 4341 ’
3681 4354 3776 4397 τῶν

2178 4410 2440 4481 ἀνθρώπων
2482 4414 2763 4476 πληθύνειαι
2805 4415 2970 4479 γένος,
3016 4409 3106 4467 οὐκ
3156 4410 3350 4481 εὐλογία
3404 4410 3530 4467 ἀλλὰ
3578 4418 3778 4485 κατάρα

2248 4566 2263 4600 ι
2292 4566 2417 4617 Non
2457 4564 2686 4617 videtur
2718 4565 3055 4618 Sirmondus
3098 4565 3157 4617 id
3195 4563 3348 4630 quod
3370 4577 3463 4618 res
3486 4570 3626 4629 erat,
3653 4568 3776 4621 ani-

2104 4606 2160 4679 D
2180 4635 2581 4701 madvertisse,
2600 4637 2856 4689 damnari
2876 4638 3002 4688 heic
3019 4606 3233 4689 scilicet
3249 4606 3644 4691 commentum
3664 4643 3779 4690 Ori-

2177 4708 2360 4772 genis,
2386 4707 2487 4771 qui
2501 4708 2935 4760 similitudinem
2944 4709 3016 4759 ab
3027 4709 3273 4773 imagine
3288 4709 3708 4775 distinguebat,
3724 4718 3779 4763 et

2179 4779 2474 4831 conditum
2501 4778 2735 4842 quidem
2754 4779 3047 4831 hominem
3067 4779 3141 4831 ad
3162 4778 3469 4845 imaginem
3484 4780 3585 4831 Dei
3623 4781 3776 4834 fate-

2177 4852 2366 4915 batur,
2392 4851 2576 4916 ipsius
2588 4864 2725 4904 vero
2738 4850 3172 4903 similitudinem
3188 4865 3512 4917 comparare
3524 4866 3664 4904 eum
3677 4857 3773 4903 sibi

2176 4924 2458 4989 virtutum
2472 4923 2676 4975 merito
2688 4922 3158 4986 contendebat,ut
3169 4923 3657 4988 quemadmodum
3670 4941 3779 4988 pec»

2176 4994 2356 5046 cando
2381 4994 2636 5055 Diabolo,
2661 4995 2742 5046 ita
2763 5001 2915 5047 recte
2943 4995 3165 5060 agendo
3193 4994 3411 5047 Christo
3444 4993 3669 5048 similes
3706 4997 3777 5050 ef-

2173 5067 2448 5117 ficiamur.
2495 5066 2640 5119 Vide
2683 5068 2809 5130 ejus
2845 5067 3150 5118 Homiliam
3196 5068 3239 5118 Ι.
3272 5067 3334 5118 in
3380 5067 3672 5132 Genesim,
3721 5070 3779 5119 et

2170 5136 2268 5188 lib.
2314 5139 2411 5190 IV.
2463 5138 2849 5203 Commentar,
2894 5139 2954 5190 in
3006 5138 3318 5203 Epistolam
3350 5137 3422 5189 ad
3456 5139 3771 5192 Romanos.

2170 5210 2544 5261 Luculentius
2592 5214 2790 5262 autem
2834 5210 2929 5262 lib.
2974 5211 3066 5262 IlI.
3110 5210 3467 5263 Periarchon.
3504 5211 3641 5275 Hoc,
3673 5212 3770 5269 ait,

2169 5281 2315 5346 quod
2350 5281 2495 5331 dixit
2514 5282 2588 5332 ad
2614 5282 2913 5346 imaginem
2937 5281 3033 5331 Dei
3052 5281 3172 5345 fecit
3192 5298 3328 5343 eum,
3354 5288 3399 5332 et
3422 5282 3483 5332 de
3503 5283 3771 5333 similitu-

2168 5354 2295 5403 dine
2327 5354 2496 5417 siluit,
2517 5369 2630 5404 non
2654 5354 2810 5404 aliud
2829 5354 3074 5419 inducat,
3104 5355 3215 5404 nisi
3238 5354 3384 5419 quod
3402 5354 3671 5419 imaginis
3695 5356 3771 5405 di-

2166 5426 2425 5490 gnitatem
2447 5426 2507 5475 in
2528 5426 2715 5491 prima
2734 5425 3039 5475 conditione
3060 5427 3361 5491 perceperit,
3383 5426 3769 5477 similitudinis

2165 5513 2285 5547 vero
2305 5497 2557 5561 perfectio
2582 5499 2642 5547 in
2666 5498 3128 5558 consummatione
3150 5504 3359 5547 servata
3373 5503 3444 5546 est
3464 5498 3767 5561 gscilicet,ut

2163 5570 2283 5633 ipsa
2303 5569 2399 5619 sibi
2423 5585 2543 5619 eam
2562 5571 2800 5636 propriae
2822 5570 3104 5620 industria:
3138 5570 3331 5619 studiis
3362 5586 3427 5619 ea:
3455 5571 3550 5619 Dei
3573 5570 3767 5618 imita-

2164 5642 2306 5691 tione
2350 5643 2701 5706 conscisceret,
2718 5657 2841 5690 eum
2867 5640 3273 5707 possibilitatem
3296 5641 3397 5690 sibi
3421 5640 3761 5705 perfectionis

2160 5713 2424 5761 divinitus
2448 5713 2635 5762 datam
2656 5729 2754 5778 per
2776 5714 3040 5779 imaginis
3069 5714 3405 5778 dignitatem,
3442 5713 3502 5761 in
3533 5713 3642 5775 [tne
3668 5713 3762 5761 de-

2157 5800 2310 5833 mum
2333 5801 2428 5850 per
2449 5800 2673 5850 operum
2696 5786 3047 5851 expletionem
3062 5786 3350 5851 perfectam
3364 5783 3466 5835 sibi
3483 5784 3593 5849 ipse
3607 5785 3659 5834 si
3666 5800 3713 5833 In
3724 5782 3763 5833 i-

2155 5858 2443 5908 litudinem
2470 5862 2887 5909 consummaret.
