  <div class='ocr_page' id='page_1' title='image "/cluster/home/n/w/nwhite01/storage/ocr_20150623/21/umn.319510024773153/568.png"; bbox 0 0 3894 6444; ppageno 0'>
   <div class='ocr_carea' id='block_1_1' title="bbox 161 509 305 566">
    <p class='ocr_par' dir='ltr' id='par_1_1' title="bbox 161 509 305 566">
     <span class='ocr_line' id='line_1_1' title="bbox 161 509 305 566; baseline 0.007 -1"><span class='ocrx_word' id='word_1_1' title='bbox 161 509 305 566; x_wconf 88' lang='grc'>1137</span> 
     </span>
    </p>
   </div>
   <div class='ocr_carea' id='block_1_2' title="bbox 1533 513 2086 567">
    <p class='ocr_par' dir='ltr' id='par_1_2' title="bbox 1533 513 2086 567">
     <span class='ocr_line' id='line_1_2' title="bbox 1533 513 2086 567; baseline 0.002 -1"><span class='ocrx_word' id='word_1_2' title='bbox 1533 515 1744 567; x_wconf 85' lang='lat' dir='ltr'>LIBER</span> <span class='ocrx_word' id='word_1_3' title='bbox 1775 513 1868 566; x_wconf 88' lang='lat' dir='ltr'>DE</span> <span class='ocrx_word' id='word_1_4' title='bbox 1902 515 2086 567; x_wconf 88' lang='lat' dir='ltr'><strong>FIDE.</strong></span> 
     </span>
    </p>
   </div>
   <div class='ocr_carea' id='block_1_3' title="bbox 3315 523 3457 580">
    <p class='ocr_par' dir='ltr' id='par_1_3' title="bbox 3315 523 3457 580">
     <span class='ocr_line' id='line_1_3' title="bbox 3315 523 3457 580; baseline 0.021 -3"><span class='ocrx_word' id='word_1_5' title='bbox 3315 523 3457 580; x_wconf 82' lang='grc'>1138</span> 
     </span>
    </p>
   </div>
   <div class='ocr_carea' id='block_1_4' title="bbox 152 623 3459 706">
    <p class='ocr_par' dir='ltr' id='par_1_4' title="bbox 152 623 3459 706">
     <span class='ocr_line' id='line_1_4' title="bbox 152 623 3459 706; baseline 0.004 -30"><span class='ocrx_word' id='word_1_6' title='bbox 152 623 1570 706; x_wconf 77' lang='lat' dir='ltr'>inveniuntur.Unde_impiusOrigenes,&#39;Gentilium</span> <span class='ocrx_word' id='word_1_7' title='bbox 1590 635 1757 691; x_wconf 69' lang='lat' dir='ltr'>captus</span> <span class='ocrx_word' id='word_1_8' title='bbox 1779 633 1835 706; x_wconf 74' lang='grc' dir='ltr'><strong>Α</strong></span> <span class='ocrx_word' id='word_1_9' title='bbox 1855 627 2043 706; x_wconf 83' lang='lat' dir='ltr'>Adam</span> <span class='ocrx_word' id='word_1_10' title='bbox 2069 629 2435 694; x_wconf 66' lang='lat' dir='ltr'>prmterisset.</span> <span class='ocrx_word' id='word_1_11' title='bbox 2463 631 2610 706; x_wconf 57' lang='lat' dir='ltr'>Iflam</span> <span class='ocrx_word' id='word_1_12' title='bbox 2627 631 2776 706; x_wconf 88' lang='lat' dir='ltr'>sicut</span> <span class='ocrx_word' id='word_1_13' title='bbox 2795 644 2864 684; x_wconf 92' lang='lat' dir='ltr'>os</span> <span class='ocrx_word' id='word_1_14' title='bbox 2885 644 2960 706; x_wconf 86' lang='lat' dir='ltr'>ex</span> <span class='ocrx_word' id='word_1_15' title='bbox 2984 633 3220 706; x_wconf 68' lang='lat' dir='ltr'>ossibus</span> <span class='ocrx_word' id='word_1_16' title='bbox 3230 637 3459 700; x_wconf 86' lang='lat' dir='ltr'>meis,et</span> 
     </span>
    </p>
   </div>
   <div class='ocr_carea' id='block_1_5' title="bbox 154 699 1754 766">
    <p class='ocr_par' dir='ltr' id='par_1_5' title="bbox 154 699 1754 766">
     <span class='ocr_line' id='line_1_5' title="bbox 154 699 1754 766; baseline 0.003 -19"><span class='ocrx_word' id='word_1_17' title='bbox 154 707 365 759; x_wconf 88' lang='lat' dir='ltr'>errore,</span> <span class='ocrx_word' id='word_1_18' title='bbox 384 702 442 750; x_wconf 89' lang='lat' dir='ltr'>et</span> <span class='ocrx_word' id='word_1_19' title='bbox 453 699 525 750; x_wconf 89' lang='lat' dir='ltr'>ab</span> <span class='ocrx_word' id='word_1_20' title='bbox 549 712 615 751; x_wconf 91' lang='lat' dir='ltr'>eo</span> <span class='ocrx_word' id='word_1_21' title='bbox 639 701 844 753; x_wconf 80' lang='lat' dir='ltr'><strong>nolens</strong></span> <span class='ocrx_word' id='word_1_22' title='bbox 879 702 1109 766; x_wconf 88' lang='lat' dir='ltr'>penitus</span> <span class='ocrx_word' id='word_1_23' title='bbox 1133 701 1754 762; x_wconf 86' lang='lat' dir='ltr'>abscedere,novarum</span> 
     </span>
    </p>
   </div>
   <div class='ocr_carea' id='block_1_6' title="bbox 153 768 1750 840">
    <p class='ocr_par' dir='ltr' id='par_1_6' title="bbox 153 768 1750 840">
     <span class='ocr_line' id='line_1_6' title="bbox 153 768 1750 840; baseline 0.002 -23"><span class='ocrx_word' id='word_1_24' title='bbox 153 768 330 840; x_wconf 78' lang='lat' dir='ltr'>etiam</span> <span class='ocrx_word' id='word_1_25' title='bbox 343 769 591 821; x_wconf 76' lang='lat' dir='ltr'>studens</span> <span class='ocrx_word' id='word_1_26' title='bbox 607 777 944 824; x_wconf 89' lang='lat' dir='ltr'>auctoresse</span> <span class='ocrx_word' id='word_1_27' title='bbox 961 780 1249 825; x_wconf 88' lang='lat' dir='ltr'>sectarum</span> <span class='ocrx_word' id='word_1_28' title='bbox 1264 777 1372 832; x_wconf 88' lang='lat' dir='ltr'>conj</span> <span class='ocrx_word' id='word_1_29' title='bbox 1381 775 1563 821; x_wconf 82' lang='lat' dir='ltr'>ecturis</span> <span class='ocrx_word' id='word_1_30' title='bbox 1576 769 1750 840; x_wconf 82' lang='lat'>595</span> 
     </span>
    </p>
   </div>
   <div class='ocr_carea' id='block_1_7' title="bbox 149 837 1753 908">
    <p class='ocr_par' dir='ltr' id='par_1_7' title="bbox 149 837 1753 908">
     <span class='ocr_line' id='line_1_7' title="bbox 149 837 1753 908; baseline 0.004 -20"><span class='ocrx_word' id='word_1_31' title='bbox 149 837 385 891; x_wconf 89' lang='lat' dir='ltr'>illorum</span> <span class='ocrx_word' id='word_1_32' title='bbox 423 841 534 892; x_wconf 92' lang='lat' dir='ltr'>alio</span> <span class='ocrx_word' id='word_1_33' title='bbox 569 843 740 895; x_wconf 92' lang='lat' dir='ltr'>modo</span> <span class='ocrx_word' id='word_1_34' title='bbox 766 845 1060 896; x_wconf 75' lang='lat' dir='ltr'>translatis</span> <span class='ocrx_word' id='word_1_35' title='bbox 1088 845 1334 906; x_wconf 80' lang='lat' dir='ltr'>edocuit,</span> <span class='ocrx_word' id='word_1_36' title='bbox 1360 845 1431 895; x_wconf 87' lang='lat' dir='ltr'>de</span> <span class='ocrx_word' id='word_1_37' title='bbox 1451 837 1676 908; x_wconf 73' lang='lat' dir='ltr'>quibus</span> <span class='ocrx_word' id='word_1_38' title='bbox 1693 837 1753 895; x_wconf 85' lang='lat' dir='ltr'>in</span> 
     </span>
    </p>
   </div>
   <div class='ocr_carea' id='block_1_8' title="bbox 149 912 1750 979">
    <p class='ocr_par' dir='ltr' id='par_1_8' title="bbox 149 912 1750 979">
     <span class='ocr_line' id='line_1_8' title="bbox 149 912 1750 979; baseline 0.002 -18"><span class='ocrx_word' id='word_1_39' title='bbox 149 912 431 974; x_wconf 66' lang='lat' dir='ltr'>praesenti</span> <span class='ocrx_word' id='word_1_40' title='bbox 449 912 866 978; x_wconf 89' lang='lat' dir='ltr'>disputandum</span> <span class='ocrx_word' id='word_1_41' title='bbox 887 930 1013 968; x_wconf 90' lang='lat' dir='ltr'>esse</span> <span class='ocrx_word' id='word_1_42' title='bbox 1029 929 1146 968; x_wconf 93' lang='lat' dir='ltr'>non</span> <span class='ocrx_word' id='word_1_43' title='bbox 1155 917 1414 979; x_wconf 90' lang='lat' dir='ltr'>arbitror,</span> <span class='ocrx_word' id='word_1_44' title='bbox 1433 929 1502 968; x_wconf 89' lang='lat' dir='ltr'>ne</span> <span class='ocrx_word' id='word_1_45' title='bbox 1516 931 1607 964; x_wconf 87' lang='lat' dir='ltr'>nos</span> <span class='ocrx_word' id='word_1_46' title='bbox 1620 918 1750 964; x_wconf 90' lang='lat' dir='ltr'>mul-</span> 
     </span>
    </p>
   </div>
   <div class='ocr_carea' id='block_1_9' title="bbox 155 983 1752 1052">
    <p class='ocr_par' dir='ltr' id='par_1_9' title="bbox 155 983 1752 1052">
     <span class='ocr_line' id='line_1_9' title="bbox 155 983 1752 1052; baseline 0.004 -20"><span class='ocrx_word' id='word_1_47' title='bbox 155 983 286 1034; x_wconf 88' lang='lat' dir='ltr'>tum</span> <span class='ocrx_word' id='word_1_48' title='bbox 311 984 619 1036; x_wconf 84' lang='lat' dir='ltr'>verborum</span> <span class='ocrx_word' id='word_1_49' title='bbox 646 987 941 1038; x_wconf 78' lang='lat' dir='ltr'>mittamus</span> <span class='ocrx_word' id='word_1_50' title='bbox 966 988 1023 1038; x_wconf 91' lang='lat' dir='ltr'>in</span> <span class='ocrx_word' id='word_1_51' title='bbox 1049 989 1289 1052; x_wconf 89' lang='lat' dir='ltr'>sylvam.</span> <span class='ocrx_word' id='word_1_52' title='bbox 1316 989 1461 1050; x_wconf 85' lang='lat' dir='ltr'>Quia</span> <span class='ocrx_word' id='word_1_53' title='bbox 1484 988 1658 1052; x_wconf 89' lang='lat' dir='ltr'>igitur</span> <span class='ocrx_word' id='word_1_54' title='bbox 1680 986 1752 1038; x_wconf 87' lang='lat' dir='ltr'>ad</span> 
     </span>
    </p>
   </div>
   <div class='ocr_carea' id='block_1_10' title="bbox 153 1054 1752 1126">
    <p class='ocr_par' dir='ltr' id='par_1_10' title="bbox 153 1054 1752 1126">
     <span class='ocr_line' id='line_1_10' title="bbox 153 1054 1752 1126; baseline 0.006 -22"><span class='ocrx_word' id='word_1_55' title='bbox 153 1054 612 1126; x_wconf 80' lang='lat' dir='ltr'>confirmandam</span> <span class='ocrx_word' id='word_1_56' title='bbox 639 1057 908 1111; x_wconf 77' lang='lat' dir='ltr'>haeresim</span> <span class='ocrx_word' id='word_1_57' title='bbox 935 1071 1101 1111; x_wconf 88' lang='lat' dir='ltr'>suam</span> <span class='ocrx_word' id='word_1_58' title='bbox 1133 1061 1406 1112; x_wconf 82' lang='lat' dir='ltr'>nefariam</span> <span class='ocrx_word' id='word_1_59' title='bbox 1442 1063 1752 1126; x_wconf 80' lang='lat' dir='ltr'>praedictus</span> 
     </span>
    </p>
   </div>
   <div class='ocr_carea' id='block_1_11' title="bbox 150 1124 1754 1196">
    <p class='ocr_par' dir='ltr' id='par_1_11' title="bbox 150 1124 1754 1196">
     <span class='ocr_line' id='line_1_11' title="bbox 150 1124 1754 1196; baseline 0.007 -22"><span class='ocrx_word' id='word_1_60' title='bbox 150 1124 429 1196; x_wconf 82' lang='lat' dir='ltr'>Origenes</span> <span class='ocrx_word' id='word_1_61' title='bbox 455 1141 525 1178; x_wconf 84' lang='lat' dir='ltr'>ex</span> <span class='ocrx_word' id='word_1_62' title='bbox 551 1129 748 1181; x_wconf 87' lang='lat' dir='ltr'>divina</span> <span class='ocrx_word' id='word_1_63' title='bbox 766 1132 1053 1196; x_wconf 85' lang='lat' dir='ltr'>Scriptura</span> <span class='ocrx_word' id='word_1_64' title='bbox 1077 1145 1305 1184; x_wconf 88' lang='lat' dir='ltr'>sumere</span> <span class='ocrx_word' id='word_1_65' title='bbox 1316 1124 1754 1184; x_wconf 81' lang='lat' dir='ltr'>conaturexem-</span> 
     </span>
    </p>
   </div>
   <div class='ocr_carea' id='block_1_12' title="bbox 151 1195 1754 1269">
    <p class='ocr_par' dir='ltr' id='par_1_12' title="bbox 151 1195 1754 1269">
     <span class='ocr_line' id='line_1_12' title="bbox 151 1195 1754 1269; baseline 0.007 -23"><span class='ocrx_word' id='word_1_66' title='bbox 151 1195 266 1259; x_wconf 86' lang='lat' dir='ltr'>pla,</span> <span class='ocrx_word' id='word_1_67' title='bbox 306 1197 722 1264; x_wconf 84' lang='lat' dir='ltr'>redarguamus</span> <span class='ocrx_word' id='word_1_68' title='bbox 755 1195 910 1266; x_wconf 82' lang='lat' dir='ltr'>eum,</span> <span class='ocrx_word' id='word_1_69' title='bbox 946 1203 1293 1268; x_wconf 86' lang='lat' dir='ltr'>Scripturam</span> <span class='ocrx_word' id='word_1_70' title='bbox 1325 1205 1553 1268; x_wconf 83' lang='lat' dir='ltr'>penitus</span> <span class='ocrx_word' id='word_1_71' title='bbox 1587 1205 1754 1269; x_wconf 86' lang='lat' dir='ltr'>igno-</span> 
     </span>
    </p>
   </div>
   <div class='ocr_carea' id='block_1_13' title="bbox 144 1269 1751 1332">
    <p class='ocr_par' dir='ltr' id='par_1_13' title="bbox 144 1269 1751 1332">
     <span class='ocr_line' id='line_1_13' title="bbox 144 1269 1751 1332; baseline 0.007 -15"><span class='ocrx_word' id='word_1_72' title='bbox 144 1279 312 1324; x_wconf 84' lang='lat' dir='ltr'>rasse</span> <span class='ocrx_word' id='word_1_73' title='bbox 355 1269 628 1332; x_wconf 87' lang='lat' dir='ltr'>divinam,</span> <span class='ocrx_word' id='word_1_74' title='bbox 665 1277 724 1323; x_wconf 87' lang='lat' dir='ltr'>et</span> <span class='ocrx_word' id='word_1_75' title='bbox 769 1285 897 1324; x_wconf 85' lang='lat' dir='ltr'>eam</span> <span class='ocrx_word' id='word_1_76' title='bbox 943 1275 1067 1326; x_wconf 89' lang='lat' dir='ltr'>sine</span> <span class='ocrx_word' id='word_1_77' title='bbox 1101 1287 1274 1326; x_wconf 92' lang='lat' dir='ltr'>sensu</span> <span class='ocrx_word' id='word_1_78' title='bbox 1295 1275 1580 1328; x_wconf 81' lang='lat' dir='ltr'>docuisse.</span> <span class='ocrx_word' id='word_1_79' title='bbox 1606 1278 1751 1328; x_wconf 88' lang='lat' dir='ltr'>Nam</span> 
     </span>
    </p>
   </div>
   <div class='ocr_carea' id='block_1_14' title="bbox 144 1340 1750 1410">
    <p class='ocr_par' dir='ltr' id='par_1_14' title="bbox 144 1340 1750 1410">
     <span class='ocr_line' id='line_1_14' title="bbox 144 1340 1750 1410; baseline 0.007 -22"><span class='ocrx_word' id='word_1_80' title='bbox 144 1351 286 1390; x_wconf 89' lang='lat' dir='ltr'>cum</span> <span class='ocrx_word' id='word_1_81' title='bbox 329 1340 453 1404; x_wconf 88' lang='lat' dir='ltr'>ipse</span> <span class='ocrx_word' id='word_1_82' title='bbox 500 1342 715 1395; x_wconf 84' lang='lat' dir='ltr'>diceret</span> <span class='ocrx_word' id='word_1_83' title='bbox 760 1345 778 1380; x_wconf 73' lang='grc' dir='ltr'>ι</span> <span class='ocrx_word' id='word_1_84' title='bbox 828 1345 888 1396; x_wconf 91' lang='lat' dir='ltr'>in</span> <span class='ocrx_word' id='word_1_85' title='bbox 934 1346 1209 1410; x_wconf 89' lang='lat' dir='ltr'>principio</span> <span class='ocrx_word' id='word_1_86' title='bbox 1255 1353 1532 1399; x_wconf 72' lang='lat' dir='ltr'>creaturae</span> <span class='ocrx_word' id='word_1_87' title='bbox 1586 1347 1750 1400; x_wconf 89' lang='lat' dir='ltr'>initio</span> 
     </span>
    </p>
   </div>
   <div class='ocr_carea' id='block_1_15' title="bbox 143 1410 1750 1482">
    <p class='ocr_par' dir='ltr' id='par_1_15' title="bbox 143 1410 1750 1482">
     <span class='ocr_line' id='line_1_15' title="bbox 143 1410 1750 1482; baseline 0.006 -20"><span class='ocrx_word' id='word_1_88' title='bbox 143 1410 370 1463; x_wconf 63' lang='lat' dir='ltr'>caelum</span> <span class='ocrx_word' id='word_1_89' title='bbox 394 1425 528 1464; x_wconf 92' lang='lat' dir='ltr'>cum</span> <span class='ocrx_word' id='word_1_90' title='bbox 555 1417 703 1466; x_wconf 85' lang='lat' dir='ltr'>terra</span> <span class='ocrx_word' id='word_1_91' title='bbox 727 1421 981 1467; x_wconf 87' lang='lat' dir='ltr'>creatum</span> <span class='ocrx_word' id='word_1_92' title='bbox 999 1430 1117 1468; x_wconf 92' lang='lat' dir='ltr'>non</span> <span class='ocrx_word' id='word_1_93' title='bbox 1143 1430 1270 1469; x_wconf 90' lang='lat' dir='ltr'>esse</span> <span class='ocrx_word' id='word_1_94' title='bbox 1293 1430 1500 1482; x_wconf 91' lang='lat' dir='ltr'>corpus</span> <span class='ocrx_word' id='word_1_95' title='bbox 1517 1418 1750 1471; x_wconf 84' lang='lat' dir='ltr'>firmum</span> 
     </span>
    </p>
   </div>
   <div class='ocr_carea' id='block_1_16' title="bbox 144 1482 1750 1550">
    <p class='ocr_par' dir='ltr' id='par_1_16' title="bbox 144 1482 1750 1550">
     <span class='ocr_line' id='line_1_16' title="bbox 144 1482 1750 1550; baseline 0.006 -18"><span class='ocrx_word' id='word_1_96' title='bbox 144 1482 304 1534; x_wconf 88' lang='lat' dir='ltr'>sicut</span> <span class='ocrx_word' id='word_1_97' title='bbox 337 1483 446 1536; x_wconf 89' lang='lat' dir='ltr'>hoc</span> <span class='ocrx_word' id='word_1_98' title='bbox 477 1487 630 1548; x_wconf 90' lang='lat' dir='ltr'>quod</span> <span class='ocrx_word' id='word_1_99' title='bbox 668 1486 910 1550; x_wconf 85' lang='lat' dir='ltr'>videtur,</span> <span class='ocrx_word' id='word_1_100' title='bbox 952 1488 1053 1539; x_wconf 85' lang='lat' dir='ltr'>sed</span> <span class='ocrx_word' id='word_1_101' title='bbox 1093 1500 1263 1540; x_wconf 88' lang='lat' dir='ltr'>omne</span> <span class='ocrx_word' id='word_1_102' title='bbox 1286 1489 1396 1540; x_wconf 92' lang='lat' dir='ltr'>hoc</span> <span class='ocrx_word' id='word_1_103' title='bbox 1421 1491 1750 1542; x_wconf 90' lang='lat' dir='ltr'>sensibilem</span> 
     </span>
    </p>
   </div>
   <div class='ocr_carea' id='block_1_17' title="bbox 101 1555 1749 1622">
    <p class='ocr_par' dir='ltr' id='par_1_17' title="bbox 101 1555 1749 1622">
     <span class='ocr_line' id='line_1_17' title="bbox 101 1555 1749 1622; baseline 0.005 -18"><span class='ocrx_word' id='word_1_104' title='bbox 101 1555 606 1620; x_wconf 37' lang='lat' dir='ltr'>.rationalemque</span> <span class='ocrx_word' id='word_1_105' title='bbox 651 1571 779 1609; x_wconf 89' lang='lat' dir='ltr'>esse</span> <span class='ocrx_word' id='word_1_106' title='bbox 826 1559 1246 1622; x_wconf 84' lang='lat' dir='ltr'>substantiam,</span> <span class='ocrx_word' id='word_1_107' title='bbox 1294 1564 1350 1610; x_wconf 93' lang='lat' dir='ltr'>et</span> <span class='ocrx_word' id='word_1_108' title='bbox 1403 1573 1529 1612; x_wconf 89' lang='lat' dir='ltr'>eam</span> <span class='ocrx_word' id='word_1_109' title='bbox 1577 1562 1749 1613; x_wconf 86' lang='lat' dir='ltr'>unius</span> 
     </span>
    </p>
   </div>
   <div class='ocr_carea' id='block_1_18' title="bbox 142 1625 1748 1693">
    <p class='ocr_par' dir='ltr' id='par_1_18' title="bbox 142 1625 1748 1693">
     <span class='ocr_line' id='line_1_18' title="bbox 142 1625 1748 1693; baseline 0.005 -18"><span class='ocrx_word' id='word_1_110' title='bbox 142 1625 527 1690; x_wconf 82' lang='lat' dir='ltr'>ejusdemque</span> <span class='ocrx_word' id='word_1_111' title='bbox 551 1631 796 1693; x_wconf 68' lang='lat' dir='ltr'>naturae,</span> <span class='ocrx_word' id='word_1_112' title='bbox 818 1630 876 1681; x_wconf 91' lang='lat' dir='ltr'>in</span> <span class='ocrx_word' id='word_1_113' title='bbox 897 1630 988 1681; x_wconf 86' lang='lat' dir='ltr'>his</span> <span class='ocrx_word' id='word_1_114' title='bbox 1011 1631 1442 1682; x_wconf 89' lang='lat' dir='ltr'>rationabilibus</span> <span class='ocrx_word' id='word_1_115' title='bbox 1467 1633 1748 1684; x_wconf 86' lang='lat' dir='ltr'>sensibili-</span> 
     </span>
    </p>
   </div>
   <div class='ocr_carea' id='block_1_19' title="bbox 147 1698 1751 1760">
    <p class='ocr_par' dir='ltr' id='par_1_19' title="bbox 147 1698 1751 1760">
     <span class='ocr_line' id='line_1_19' title="bbox 147 1698 1751 1760; baseline 0.005 -13"><span class='ocrx_word' id='word_1_116' title='bbox 147 1698 382 1760; x_wconf 87' lang='lat' dir='ltr'>busque</span> <span class='ocrx_word' id='word_1_117' title='bbox 429 1701 770 1752; x_wconf 82' lang='lat' dir='ltr'>substantiis</span> <span class='ocrx_word' id='word_1_118' title='bbox 809 1702 980 1752; x_wconf 65' lang='lat' dir='ltr'>etiam</span> <span class='ocrx_word' id='word_1_119' title='bbox 1023 1703 1247 1752; x_wconf 89' lang='lat' dir='ltr'>animas</span> <span class='ocrx_word' id='word_1_120' title='bbox 1271 1702 1569 1754; x_wconf 87' lang='lat' dir='ltr'>hominum</span> <span class='ocrx_word' id='word_1_121' title='bbox 1594 1717 1751 1755; x_wconf 89' lang='lat' dir='ltr'>com-</span> 
     </span>
    </p>
   </div>
   <div class='ocr_carea' id='block_1_20' title="bbox 141 1769 1750 1838">
    <p class='ocr_par' dir='ltr' id='par_1_20' title="bbox 141 1769 1750 1838">
     <span class='ocr_line' id='line_1_20' title="bbox 141 1769 1750 1838; baseline 0.005 -20"><span class='ocrx_word' id='word_1_122' title='bbox 141 1769 533 1834; x_wconf 88' lang='lat' dir='ltr'>prehendens,</span> <span class='ocrx_word' id='word_1_123' title='bbox 559 1777 617 1822; x_wconf 89' lang='lat' dir='ltr'>et</span> <span class='ocrx_word' id='word_1_124' title='bbox 647 1777 777 1836; x_wconf 89' lang='lat' dir='ltr'>post</span> <span class='ocrx_word' id='word_1_125' title='bbox 800 1772 928 1824; x_wconf 61' lang='lat' dir='ltr'>haec</span> <span class='ocrx_word' id='word_1_126' title='bbox 951 1773 1306 1838; x_wconf 83' lang='lat' dir='ltr'>animalium,</span> <span class='ocrx_word' id='word_1_127' title='bbox 1331 1787 1462 1838; x_wconf 62' lang='lat' dir='ltr'>quas</span> <span class='ocrx_word' id='word_1_128' title='bbox 1485 1775 1750 1827; x_wconf 85' lang='lat' dir='ltr'>sextadie</span> 
     </span>
    </p>
   </div>
   <div class='ocr_carea' id='block_1_21' title="bbox 148 1841 1753 1910">
    <p class='ocr_par' dir='ltr' id='par_1_21' title="bbox 148 1841 1753 1910">
     <span class='ocr_line' id='line_1_21' title="bbox 148 1841 1753 1910; baseline 0.005 -20"><span class='ocrx_word' id='word_1_129' title='bbox 148 1845 346 1891; x_wconf 83' lang='lat' dir='ltr'>creata</span> <span class='ocrx_word' id='word_1_130' title='bbox 373 1845 530 1899; x_wconf 90' lang='lat' dir='ltr'>sunt,</span> <span class='ocrx_word' id='word_1_131' title='bbox 547 1841 764 1894; x_wconf 90' lang='lat' dir='ltr'>faciens</span> <span class='ocrx_word' id='word_1_132' title='bbox 776 1843 1145 1904; x_wconf 87' lang='lat' dir='ltr'>mentionem,</span> <span class='ocrx_word' id='word_1_133' title='bbox 1159 1844 1222 1895; x_wconf 93' lang='lat' dir='ltr'>in</span> <span class='ocrx_word' id='word_1_134' title='bbox 1237 1857 1302 1896; x_wconf 87' lang='lat' dir='ltr'>ea</span> <span class='ocrx_word' id='word_1_135' title='bbox 1311 1845 1604 1898; x_wconf 88' lang='lat' dir='ltr'>hominem</span> <span class='ocrx_word' id='word_1_136' title='bbox 1617 1860 1753 1910; x_wconf 85' lang='lat' dir='ltr'>quo-</span> 
     </span>
    </p>
   </div>
   <div class='ocr_carea' id='block_1_22' title="bbox 150 1915 1754 1982">
    <p class='ocr_par' dir='ltr' id='par_1_22' title="bbox 150 1915 1754 1982">
     <span class='ocr_line' id='line_1_22' title="bbox 150 1915 1754 1982; baseline 0.006 -22"><span class='ocrx_word' id='word_1_137' title='bbox 150 1922 271 1974; x_wconf 89' lang='lat' dir='ltr'>quc</span> <span class='ocrx_word' id='word_1_138' title='bbox 289 1917 545 1964; x_wconf 86' lang='lat' dir='ltr'>creatum</span> <span class='ocrx_word' id='word_1_139' title='bbox 571 1915 880 1978; x_wconf 87' lang='lat' dir='ltr'>reperiens,</span> <span class='ocrx_word' id='word_1_140' title='bbox 904 1927 1077 1967; x_wconf 90' lang='lat' dir='ltr'>suum</span> <span class='ocrx_word' id='word_1_141' title='bbox 1111 1916 1232 1980; x_wconf 88' lang='lat' dir='ltr'>jam</span> <span class='ocrx_word' id='word_1_142' title='bbox 1255 1929 1372 1968; x_wconf 92' lang='lat' dir='ltr'>non</span> <span class='ocrx_word' id='word_1_143' title='bbox 1399 1918 1582 1982; x_wconf 86' lang='lat' dir='ltr'>potuit</span> <span class='ocrx_word' id='word_1_144' title='bbox 1603 1918 1754 1970; x_wconf 86' lang='lat' dir='ltr'>affir-</span> 
     </span>
    </p>
   </div>
   <div class='ocr_carea' id='block_1_23' title="bbox 1853 700 3457 775">
    <p class='ocr_par' dir='ltr' id='par_1_23' title="bbox 1853 700 3457 775">
     <span class='ocr_line' id='line_1_23' title="bbox 1853 700 3457 775; baseline 0.006 -24"><span class='ocrx_word' id='word_1_145' title='bbox 1853 713 1986 752; x_wconf 89' lang='lat' dir='ltr'>caro</span> <span class='ocrx_word' id='word_1_146' title='bbox 2009 700 2081 775; x_wconf 82' lang='lat' dir='ltr'>de</span> <span class='ocrx_word' id='word_1_147' title='bbox 2098 713 2269 753; x_wconf 89' lang='lat' dir='ltr'>carne</span> <span class='ocrx_word' id='word_1_148' title='bbox 2289 714 2433 775; x_wconf 89' lang='lat' dir='ltr'>mea,</span> <span class='ocrx_word' id='word_1_149' title='bbox 2459 703 2701 764; x_wconf 87' lang='lat' dir='ltr'>dicebat,</span> <span class='ocrx_word' id='word_1_150' title='bbox 2727 704 2810 756; x_wconf 88' lang='lat' dir='ltr'>sio</span> <span class='ocrx_word' id='word_1_151' title='bbox 2832 705 3004 757; x_wconf 89' lang='lat' dir='ltr'>etiam</span> <span class='ocrx_word' id='word_1_152' title='bbox 3049 703 3226 775; x_wconf 83' lang='lat'>596</span> <span class='ocrx_word' id='word_1_153' title='bbox 3265 708 3457 760; x_wconf 87' lang='lat' dir='ltr'>anima</span> 
     </span>
    </p>
   </div>
   <div class='ocr_carea' id='block_1_24' title="bbox 1853 771 3458 838">
    <p class='ocr_par' dir='ltr' id='par_1_24' title="bbox 1853 771 3458 838">
     <span class='ocr_line' id='line_1_24' title="bbox 1853 771 3458 838; baseline 0.003 -16"><span class='ocrx_word' id='word_1_154' title='bbox 1853 783 1926 823; x_wconf 86' lang='lat' dir='ltr'>ex</span> <span class='ocrx_word' id='word_1_155' title='bbox 1938 771 2132 824; x_wconf 90' lang='lat' dir='ltr'>anima</span> <span class='ocrx_word' id='word_1_156' title='bbox 2143 785 2273 824; x_wconf 86' lang='lat' dir='ltr'>mea</span> <span class='ocrx_word' id='word_1_157' title='bbox 2297 774 2483 826; x_wconf 88' lang='lat' dir='ltr'>dicere</span> <span class='ocrx_word' id='word_1_158' title='bbox 2499 775 2799 838; x_wconf 82' lang='lat' dir='ltr'>potuisset.</span> <span class='ocrx_word' id='word_1_159' title='bbox 2820 776 2929 829; x_wconf 88' lang='lat' dir='ltr'>Sed</span> <span class='ocrx_word' id='word_1_160' title='bbox 2952 771 3314 830; x_wconf 63' lang='lat' dir='ltr'>tantufn&#39;hoc</span> <span class='ocrx_word' id='word_1_161' title='bbox 3329 782 3458 828; x_wconf 80' lang='lat' dir='ltr'>dixit</span> 
     </span>
    </p>
   </div>
   <div class='ocr_carea' id='block_1_25' title="bbox 1853 843 3536 906">
    <p class='ocr_par' dir='ltr' id='par_1_25' title="bbox 1853 843 3536 906">
     <span class='ocr_line' id='line_1_25' title="bbox 1853 843 3536 906; baseline 0.002 -12"><span class='ocrx_word' id='word_1_162' title='bbox 1853 843 2006 906; x_wconf 90' lang='lat' dir='ltr'>quod</span> <span class='ocrx_word' id='word_1_163' title='bbox 2025 843 2134 894; x_wconf 90' lang='lat' dir='ltr'>sibi</span> <span class='ocrx_word' id='word_1_164' title='bbox 2148 844 2418 897; x_wconf 86' lang='lat' dir='ltr'>videlicet</span> <span class='ocrx_word' id='word_1_165' title='bbox 2435 847 2934 899; x_wconf 88' lang='lat' dir='ltr'>sciebatablatum.</span> <span class='ocrx_word' id='word_1_166' title='bbox 2951 849 3121 900; x_wconf 90' lang='lat' dir='ltr'>Porro</span> <span class='ocrx_word' id='word_1_167' title='bbox 3134 853 3329 901; x_wconf 87' lang='lat' dir='ltr'>autem</span> <span class='ocrx_word' id='word_1_168' title='bbox 3341 865 3456 899; x_wconf 90' lang='lat' dir='ltr'>con-</span> <span class='ocrx_word' id='word_1_169' title='bbox 3529 885 3536 892; x_wconf 81' lang='lat'>.</span> 
     </span>
    </p>
   </div>
   <div class='ocr_carea' id='block_1_26' title="bbox 1853 914 3452 984">
    <p class='ocr_par' dir='ltr' id='par_1_26' title="bbox 1853 914 3452 984">
     <span class='ocr_line' id='line_1_26' title="bbox 1853 914 3452 984; baseline 0.005 -21"><span class='ocrx_word' id='word_1_170' title='bbox 1853 914 2114 964; x_wconf 88' lang='lat' dir='ltr'>sentiens</span> <span class='ocrx_word' id='word_1_171' title='bbox 2154 915 2335 978; x_wconf 88' lang='lat' dir='ltr'>Moysi</span> <span class='ocrx_word' id='word_1_172' title='bbox 2359 917 2529 968; x_wconf 88' lang='lat' dir='ltr'>etiam</span> <span class='ocrx_word' id='word_1_173' title='bbox 2559 917 2862 969; x_wconf 76' lang='lat' dir='ltr'>Zacharias</span> <span class='ocrx_word' id='word_1_174' title='bbox 2888 919 3166 983; x_wconf 83' lang='lat' dir='ltr'>propheta</span> <span class='ocrx_word' id='word_1_175' title='bbox 3189 920 3272 970; x_wconf 89' lang='lat' dir='ltr'>sic</span> <span class='ocrx_word' id='word_1_176' title='bbox 3295 919 3452 984; x_wconf 91' lang='lat' dir='ltr'>dicit,</span> 
     </span>
    </p>
   </div>
   <div class='ocr_carea' id='block_1_27' title="bbox 1848 985 3453 1055">
    <p class='ocr_par' dir='ltr' id='par_1_27' title="bbox 1848 985 3453 1055">
     <span class='ocr_line' id='line_1_27' title="bbox 1848 985 3453 1055; baseline 0.004 -22"><span class='ocrx_word' id='word_1_177' title='bbox 1848 985 2158 1034; x_wconf 69' lang='lat' dir='ltr'>Extendens</span> <span class='ocrx_word' id='word_1_178' title='bbox 2185 986 2370 1036; x_wconf 74' lang='lat' dir='ltr'>caelum</span> <span class='ocrx_word' id='word_1_179' title='bbox 2403 992 2448 1037; x_wconf 90' lang='lat' dir='ltr'>et</span> <span class='ocrx_word' id='word_1_180' title='bbox 2479 987 2726 1050; x_wconf 85' lang='lat' dir='ltr'>fundans</span> <span class='ocrx_word' id='word_1_181' title='bbox 2747 995 2963 1054; x_wconf 82' lang='lat' dir='ltr'>terram,</span> <span class='ocrx_word' id='word_1_182' title='bbox 2989 995 3035 1038; x_wconf 90' lang='lat' dir='ltr'>et</span> <span class='ocrx_word' id='word_1_183' title='bbox 3057 992 3266 1054; x_wconf 83' lang='lat' dir='ltr'>ﬁngens</span> <span class='ocrx_word' id='word_1_184' title='bbox 3284 991 3453 1055; x_wconf 86' lang='lat' dir='ltr'>spiri-</span> 
     </span>
    </p>
   </div>
   <div class='ocr_carea' id='block_1_28' title="bbox 1853 1057 3452 1124">
    <p class='ocr_par' dir='ltr' id='par_1_28' title="bbox 1853 1057 3452 1124">
     <span class='ocr_line' id='line_1_28' title="bbox 1853 1057 3452 1124; baseline 0.006 -20"><span class='ocrx_word' id='word_1_185' title='bbox 1853 1061 1970 1104; x_wconf 89' lang='lat' dir='ltr'>tum</span> <span class='ocrx_word' id='word_1_186' title='bbox 2015 1057 2254 1106; x_wconf 84' lang='lat' dir='ltr'>hominis</span> <span class='ocrx_word' id='word_1_187' title='bbox 2294 1059 2354 1107; x_wconf 86' lang='lat' dir='ltr'>in</span> <span class='ocrx_word' id='word_1_188' title='bbox 2398 1059 2512 1124; x_wconf 88' lang='lat' dir='ltr'>ipso</span> <span class='ocrx_word' id='word_1_189' title='bbox 2557 1060 2740 1122; x_wconf 81' lang='lat' dir='ltr'>(Zaeh.</span> <span class='ocrx_word' id='word_1_190' title='bbox 2767 1059 2852 1114; x_wconf 68' lang='lat'>12.</span> <span class='ocrx_word' id='word_1_191' title='bbox 2880 1060 2968 1123; x_wconf 80' lang='lat'><strong>1.).</strong></span> <span class='ocrx_word' id='word_1_192' title='bbox 2999 1062 3140 1112; x_wconf 86' lang='lat' dir='ltr'>Nam</span> <span class='ocrx_word' id='word_1_193' title='bbox 3167 1063 3356 1113; x_wconf 89' lang='lat' dir='ltr'>sinon</span> <span class='ocrx_word' id='word_1_194' title='bbox 3379 1074 3452 1113; x_wconf 84' lang='lat' dir='ltr'>ex</span> 
     </span>
    </p>
   </div>
   <div class='ocr_carea' id='block_1_29' title="bbox 1851 1129 3452 1197">
    <p class='ocr_par' dir='ltr' id='par_1_29' title="bbox 1851 1129 3452 1197">
     <span class='ocr_line' id='line_1_29' title="bbox 1851 1129 3452 1197; baseline 0.002 -19"><span class='ocrx_word' id='word_1_195' title='bbox 1851 1129 2151 1192; x_wconf 86' lang='lat' dir='ltr'>supposita</span> <span class='ocrx_word' id='word_1_196' title='bbox 2164 1131 2713 1194; x_wconf 85' lang='lat' dir='ltr'>materia,crearetur</span> <span class='ocrx_word' id='word_1_197' title='bbox 2721 1131 2972 1183; x_wconf 87' lang='lat' dir='ltr'>hominis</span> <span class='ocrx_word' id='word_1_198' title='bbox 2985 1133 3290 1197; x_wconf 84' lang='lat' dir='ltr'>caro,sicut</span> <span class='ocrx_word' id='word_1_199' title='bbox 3303 1135 3452 1182; x_wconf 86' lang='lat' dir='ltr'>etiam</span> 
     </span>
    </p>
   </div>
   <div class='ocr_carea' id='block_1_30' title="bbox 1850 1199 3456 1267">
    <p class='ocr_par' dir='ltr' id='par_1_30' title="bbox 1850 1199 3456 1267">
     <span class='ocr_line' id='line_1_30' title="bbox 1850 1199 3456 1267; baseline 0.002 -18"><span class='ocrx_word' id='word_1_200' title='bbox 1850 1199 2036 1250; x_wconf 87' lang='lat' dir='ltr'>Adam</span> <span class='ocrx_word' id='word_1_201' title='bbox 2048 1205 2103 1250; x_wconf 87' lang='lat' dir='ltr'>et</span> <span class='ocrx_word' id='word_1_202' title='bbox 2120 1202 2274 1260; x_wconf 67' lang='lat' dir='ltr'>Evaa,</span> <span class='ocrx_word' id='word_1_203' title='bbox 2293 1207 2350 1253; x_wconf 92' lang='lat' dir='ltr'>et</span> <span class='ocrx_word' id='word_1_204' title='bbox 2365 1203 2448 1253; x_wconf 90' lang='lat' dir='ltr'>sic</span> <span class='ocrx_word' id='word_1_205' title='bbox 2467 1208 2670 1266; x_wconf 89' lang='lat' dir='ltr'>postea</span> <span class='ocrx_word' id='word_1_206' title='bbox 2687 1204 2742 1253; x_wconf 88' lang='lat' dir='ltr'>in</span> <span class='ocrx_word' id='word_1_207' title='bbox 2762 1203 2884 1267; x_wconf 92' lang='lat' dir='ltr'>ipso</span> <span class='ocrx_word' id='word_1_208' title='bbox 2902 1205 3095 1256; x_wconf 90' lang='lat' dir='ltr'>anima</span> <span class='ocrx_word' id='word_1_209' title='bbox 3117 1217 3232 1255; x_wconf 92' lang='lat' dir='ltr'>non</span> <span class='ocrx_word' id='word_1_210' title='bbox 3249 1218 3321 1256; x_wconf 83' lang='lat' dir='ltr'>ex</span> <span class='ocrx_word' id='word_1_211' title='bbox 3339 1219 3456 1266; x_wconf 87' lang='lat' dir='ltr'>sup-</span> 
     </span>
    </p>
   </div>
   <div class='ocr_carea' id='block_1_31' title="bbox 1851 1271 3452 1338">
    <p class='ocr_par' dir='ltr' id='par_1_31' title="bbox 1851 1271 3452 1338">
     <span class='ocr_line' id='line_1_31' title="bbox 1851 1271 3452 1338; baseline 0.002 -16"><span class='ocrx_word' id='word_1_212' title='bbox 1851 1271 2038 1334; x_wconf 90' lang='lat' dir='ltr'>posita</span> <span class='ocrx_word' id='word_1_213' title='bbox 2060 1273 2300 1324; x_wconf 88' lang='lat' dir='ltr'>materia</span> <span class='ocrx_word' id='word_1_214' title='bbox 2319 1277 2595 1337; x_wconf 85' lang='lat' dir='ltr'>tanquam</span> <span class='ocrx_word' id='word_1_215' title='bbox 2619 1274 2802 1326; x_wconf 84' lang='lat' dir='ltr'>Adam</span> <span class='ocrx_word' id='word_1_216' title='bbox 2825 1275 3034 1338; x_wconf 88' lang='lat' dir='ltr'>pariter</span> <span class='ocrx_word' id='word_1_217' title='bbox 3059 1280 3116 1326; x_wconf 91' lang='lat' dir='ltr'>et</span> <span class='ocrx_word' id='word_1_218' title='bbox 3134 1277 3282 1338; x_wconf 66' lang='lat' dir='ltr'>Even,</span> <span class='ocrx_word' id='word_1_219' title='bbox 3300 1289 3452 1327; x_wconf 90' lang='lat' dir='ltr'>nun-</span> 
     </span>
    </p>
   </div>
   <div class='ocr_carea' id='block_1_32' title="bbox 1849 1343 3455 1412">
    <p class='ocr_par' dir='ltr' id='par_1_32' title="bbox 1849 1343 3455 1412">
     <span class='ocr_line' id='line_1_32' title="bbox 1849 1343 3455 1412; baseline 0.002 -19"><span class='ocrx_word' id='word_1_220' title='bbox 1849 1354 2026 1406; x_wconf 86' lang='lat' dir='ltr'>quam</span> <span class='ocrx_word' id='word_1_221' title='bbox 2043 1343 2316 1406; x_wconf 87' lang='lat' dir='ltr'>propheta</span> <span class='ocrx_word' id='word_1_222' title='bbox 2337 1345 2643 1397; x_wconf 83' lang='lat' dir='ltr'>Zacharias</span> <span class='ocrx_word' id='word_1_223' title='bbox 2658 1347 2738 1398; x_wconf 89' lang='lat' dir='ltr'>ita</span> <span class='ocrx_word' id='word_1_224' title='bbox 2756 1346 3090 1398; x_wconf 83' lang='lat' dir='ltr'>dixisset.Et</span> <span class='ocrx_word' id='word_1_225' title='bbox 3103 1362 3287 1396; x_wconf 85' lang='lat' dir='ltr'>creans</span> <span class='ocrx_word' id='word_1_226' title='bbox 3298 1348 3455 1412; x_wconf 81' lang='lat' dir='ltr'>spiri-</span> 
     </span>
    </p>
   </div>
   <div class='ocr_carea' id='block_1_33' title="bbox 1851 1414 3452 1482">
    <p class='ocr_par' dir='ltr' id='par_1_33' title="bbox 1851 1414 3452 1482">
     <span class='ocr_line' id='line_1_33' title="bbox 1851 1414 3452 1482; baseline 0.006 -20"><span class='ocrx_word' id='word_1_227' title='bbox 1851 1419 1964 1462; x_wconf 97' lang='lat' dir='ltr'>tum</span> <span class='ocrx_word' id='word_1_228' title='bbox 2012 1414 2252 1464; x_wconf 76' lang='lat' dir='ltr'>hominis</span> <span class='ocrx_word' id='word_1_229' title='bbox 2300 1417 2361 1466; x_wconf 89' lang='lat' dir='ltr'>in</span> <span class='ocrx_word' id='word_1_230' title='bbox 2397 1417 2511 1481; x_wconf 86' lang='lat' dir='ltr'>ipso</span> <span class='ocrx_word' id='word_1_231' title='bbox 2549 1417 2740 1481; x_wconf 88' lang='lat' dir='ltr'>(Ibid.).</span> <span class='ocrx_word' id='word_1_232' title='bbox 2791 1419 3056 1482; x_wconf 83' lang='lat' dir='ltr'>Apertius</span> <span class='ocrx_word' id='word_1_233' title='bbox 3079 1423 3272 1470; x_wconf 85' lang='lat' dir='ltr'>autem</span> <span class='ocrx_word' id='word_1_234' title='bbox 3297 1419 3452 1470; x_wconf 83' lang='lat' dir='ltr'>Salo-</span> 
     </span>
    </p>
   </div>
   <div class='ocr_carea' id='block_1_34' title="bbox 1847 1486 3454 1555">
    <p class='ocr_par' dir='ltr' id='par_1_34' title="bbox 1847 1486 3454 1555">
     <span class='ocr_line' id='line_1_34' title="bbox 1847 1486 3454 1555; baseline 0.003 -19"><span class='ocrx_word' id='word_1_235' title='bbox 1847 1497 1988 1537; x_wconf 92' lang='lat' dir='ltr'>mon</span> <span class='ocrx_word' id='word_1_236' title='bbox 2027 1486 2088 1536; x_wconf 91' lang='lat' dir='ltr'>in</span> <span class='ocrx_word' id='word_1_237' title='bbox 2119 1487 2464 1540; x_wconf 82' lang='lat' dir='ltr'>Ecclesiaste</span> <span class='ocrx_word' id='word_1_238' title='bbox 2497 1489 2682 1552; x_wconf 87' lang='lat' dir='ltr'>docet,</span> <span class='ocrx_word' id='word_1_239' title='bbox 2719 1489 2942 1540; x_wconf 77' lang='lat' dir='ltr'>animus</span> <span class='ocrx_word' id='word_1_240' title='bbox 2971 1503 3006 1542; x_wconf 92' lang='lat' dir='ltr'>a</span> <span class='ocrx_word' id='word_1_241' title='bbox 3039 1491 3155 1555; x_wconf 89' lang='lat' dir='ltr'>Deo</span> <span class='ocrx_word' id='word_1_242' title='bbox 3194 1491 3454 1555; x_wconf 64' lang='lat' dir='ltr'>prmstari</span> 
     </span>
    </p>
   </div>
   <div class='ocr_carea' id='block_1_35' title="bbox 1848 1553 3455 1626">
    <p class='ocr_par' dir='ltr' id='par_1_35' title="bbox 1848 1553 3455 1626">
     <span class='ocr_line' id='line_1_35' title="bbox 1848 1553 3455 1626; baseline 0.003 -19"><span class='ocrx_word' id='word_1_243' title='bbox 1848 1557 2118 1608; x_wconf 90' lang='lat' dir='ltr'>omnibus</span> <span class='ocrx_word' id='word_1_244' title='bbox 2147 1571 2279 1622; x_wconf 70' lang='lat' dir='ltr'>quae</span> <span class='ocrx_word' id='word_1_245' title='bbox 2304 1560 2512 1626; x_wconf 90' lang='lat' dir='ltr'>abipso</span> <span class='ocrx_word' id='word_1_246' title='bbox 2531 1566 2798 1612; x_wconf 82' lang='lat' dir='ltr'>creantur</span> <span class='ocrx_word' id='word_1_247' title='bbox 2810 1573 2881 1612; x_wconf 84' lang='lat' dir='ltr'>ex</span> <span class='ocrx_word' id='word_1_248' title='bbox 2904 1553 3455 1625; x_wconf 15' lang='lat' dir='ltr'>suppositafmateria</span> 
     </span>
    </p>
   </div>
   <div class='ocr_carea' id='block_1_36' title="bbox 1848 1629 3454 1696">
    <p class='ocr_par' dir='ltr' id='par_1_36' title="bbox 1848 1629 3454 1696">
     <span class='ocr_line' id='line_1_36' title="bbox 1848 1629 3454 1696; baseline 0.001 -18"><span class='ocrx_word' id='word_1_249' title='bbox 1848 1629 2556 1693; x_wconf 89' lang='lat' dir='ltr'>corporibus,solutionem</span> <span class='ocrx_word' id='word_1_250' title='bbox 2570 1631 2842 1684; x_wconf 62' lang='lat' dir='ltr'>humanas</span> <span class='ocrx_word' id='word_1_251' title='bbox 2860 1633 3297 1696; x_wconf 87' lang='lat' dir='ltr'>compositionis</span> <span class='ocrx_word' id='word_1_252' title='bbox 3313 1648 3454 1682; x_wconf 85' lang='lat' dir='ltr'>enar-</span> 
     </span>
    </p>
   </div>
   <div class='ocr_carea' id='block_1_37' title="bbox 1847 1701 3448 1768">
    <p class='ocr_par' dir='ltr' id='par_1_37' title="bbox 1847 1701 3448 1768">
     <span class='ocr_line' id='line_1_37' title="bbox 1847 1701 3448 1768; baseline 0.001 -18"><span class='ocrx_word' id='word_1_253' title='bbox 1847 1711 2000 1761; x_wconf 88' lang='lat' dir='ltr'>rans,</span> <span class='ocrx_word' id='word_1_254' title='bbox 2025 1713 2156 1752; x_wconf 91' lang='lat' dir='ltr'>cum</span> <span class='ocrx_word' id='word_1_255' title='bbox 2181 1701 2336 1764; x_wconf 85' lang='lat' dir='ltr'>dicit,</span> <span class='ocrx_word' id='word_1_256' title='bbox 2365 1703 2772 1752; x_wconf 85' lang='lat' dir='ltr'>Etconvertctur</span> <span class='ocrx_word' id='word_1_257' title='bbox 2785 1703 2963 1768; x_wconf 78' lang='lat' dir='ltr'>pulvis</span> <span class='ocrx_word' id='word_1_258' title='bbox 2980 1705 3041 1752; x_wconf 86' lang='lat' dir='ltr'>in</span> <span class='ocrx_word' id='word_1_259' title='bbox 3059 1709 3258 1753; x_wconf 85' lang='lat' dir='ltr'>terram</span> <span class='ocrx_word' id='word_1_260' title='bbox 3271 1719 3448 1766; x_wconf 87' lang='lat' dir='ltr'>suam,</span> 
     </span>
    </p>
   </div>
   <div class='ocr_carea' id='block_1_38' title="bbox 1847 1772 3447 1839">
    <p class='ocr_par' dir='ltr' id='par_1_38' title="bbox 1847 1772 3447 1839">
     <span class='ocr_line' id='line_1_38' title="bbox 1847 1772 3447 1839; baseline 0.003 -19"><span class='ocrx_word' id='word_1_261' title='bbox 1847 1775 1892 1820; x_wconf 86' lang='lat' dir='ltr'>et</span> <span class='ocrx_word' id='word_1_262' title='bbox 1924 1777 2210 1820; x_wconf 77' lang='lat' dir='ltr'>revertetur</span> <span class='ocrx_word' id='word_1_263' title='bbox 2230 1773 2454 1838; x_wconf 75' lang='lat' dir='ltr'>spiritus</span> <span class='ocrx_word' id='word_1_264' title='bbox 2478 1775 2550 1822; x_wconf 89' lang='lat' dir='ltr'>ad</span> <span class='ocrx_word' id='word_1_265' title='bbox 2571 1775 2743 1823; x_wconf 88' lang='lat' dir='ltr'>Deum</span> <span class='ocrx_word' id='word_1_266' title='bbox 2767 1775 2863 1838; x_wconf 87' lang='lat' dir='ltr'>qui</span> <span class='ocrx_word' id='word_1_267' title='bbox 2889 1775 3031 1824; x_wconf 88' lang='lat' dir='ltr'>dedit</span> <span class='ocrx_word' id='word_1_268' title='bbox 3053 1772 3447 1839; x_wconf 70' lang='lat' dir='ltr'>eum(Eccl.12.</span> 
     </span>
    </p>
   </div>
   <div class='ocr_carea' id='block_1_39' title="bbox 1850 1840 3453 1909">
    <p class='ocr_par' dir='ltr' id='par_1_39' title="bbox 1850 1840 3453 1909">
     <span class='ocr_line' id='line_1_39' title="bbox 1850 1840 3453 1909; baseline 0.001 -15"><span class='ocrx_word' id='word_1_269' title='bbox 1850 1840 1941 1904; x_wconf 86' lang='grc'>7.).</span> <span class='ocrx_word' id='word_1_270' title='bbox 1973 1844 2116 1894; x_wconf 87' lang='lat' dir='ltr'>Cum</span> <span class='ocrx_word' id='word_1_271' title='bbox 2136 1843 2246 1895; x_wconf 91' lang='lat' dir='ltr'>hoc</span> <span class='ocrx_word' id='word_1_272' title='bbox 2281 1845 2548 1896; x_wconf 81' lang='lat' dir='ltr'>Salamon</span> <span class='ocrx_word' id='word_1_273' title='bbox 2573 1844 2836 1902; x_wconf 82' lang='lat' dir='ltr'>dixisset,</span> <span class='ocrx_word' id='word_1_274' title='bbox 2862 1851 3057 1909; x_wconf 83' lang='lat' dir='ltr'>aperte</span> <span class='ocrx_word' id='word_1_275' title='bbox 3081 1846 3278 1898; x_wconf 90' lang='lat' dir='ltr'>docuit</span> <span class='ocrx_word' id='word_1_276' title='bbox 3295 1845 3453 1909; x_wconf 90' lang='lat' dir='ltr'>quod</span> 
     </span>
    </p>
   </div>
   <div class='ocr_carea' id='block_1_40' title="bbox 1851 1915 3454 1979">
    <p class='ocr_par' dir='ltr' id='par_1_40' title="bbox 1851 1915 3454 1979">
     <span class='ocr_line' id='line_1_40' title="bbox 1851 1915 3454 1979; baseline 0.002 -16"><span class='ocrx_word' id='word_1_277' title='bbox 1851 1915 2008 1964; x_wconf 88' lang='lat' dir='ltr'>Deus</span> <span class='ocrx_word' id='word_1_278' title='bbox 2021 1915 2264 1979; x_wconf 84' lang='lat' dir='ltr'>pulveri,</span> <span class='ocrx_word' id='word_1_279' title='bbox 2285 1928 2460 1978; x_wconf 88' lang='lat' dir='ltr'>quem</span> <span class='ocrx_word' id='word_1_280' title='bbox 2479 1915 2552 1966; x_wconf 87' lang='lat' dir='ltr'>ad</span> <span class='ocrx_word' id='word_1_281' title='bbox 2573 1916 2886 1967; x_wconf 88' lang='lat' dir='ltr'>creandum</span> <span class='ocrx_word' id='word_1_282' title='bbox 2901 1917 3199 1968; x_wconf 87' lang='lat' dir='ltr'>hominem</span> <span class='ocrx_word' id='word_1_283' title='bbox 3217 1916 3288 1968; x_wconf 91' lang='lat' dir='ltr'>de</span> <span class='ocrx_word' id='word_1_284' title='bbox 3303 1918 3454 1968; x_wconf 89' lang='lat' dir='ltr'>terra</span> 
     </span>
    </p>
   </div>
   <div class='ocr_carea' id='block_1_41' title="bbox 141 1983 3452 2076">
    <p class='ocr_par' dir='ltr' id='par_1_41' title="bbox 141 1983 3452 2076">
     <span class='ocr_line' id='line_1_41' title="bbox 141 1983 3452 2076; baseline 0.002 -44"><span class='ocrx_word' id='word_1_285' title='bbox 141 1994 310 2076; x_wconf 56' lang='lat' dir='ltr'>mare</span> <span class='ocrx_word' id='word_1_286' title='bbox 325 1983 879 2076; x_wconf 65' lang='lat' dir='ltr'>ﬁgmentuinmeque</span> <span class='ocrx_word' id='word_1_287' title='bbox 895 1987 1183 2076; x_wconf 66' lang='lat' dir='ltr'>propriam</span> <span class='ocrx_word' id='word_1_288' title='bbox 1197 1989 1465 2076; x_wconf 75' lang='lat' dir='ltr'>roborare</span> <span class='ocrx_word' id='word_1_289' title='bbox 1478 1992 1748 2076; x_wconf 57' lang='lat' dir='ltr'>fallaciam:</span> <span class='ocrx_word' id='word_1_290' title='bbox 1780 2002 1834 2076; x_wconf 84' lang='lat' dir='ltr'><strong>B</strong></span> <span class='ocrx_word' id='word_1_291' title='bbox 1854 1985 2076 2076; x_wconf 71' lang='lat' dir='ltr'>tulerat,</span> <span class='ocrx_word' id='word_1_292' title='bbox 2111 1986 2374 2076; x_wconf 71' lang='lat' dir='ltr'>spiritum</span> <span class='ocrx_word' id='word_1_293' title='bbox 2398 1986 2667 2076; x_wconf 53' lang='lat' dir='ltr'>praestitit</span> <span class='ocrx_word' id='word_1_294' title='bbox 2689 1999 2806 2037; x_wconf 91' lang='lat' dir='ltr'>non</span> <span class='ocrx_word' id='word_1_295' title='bbox 2826 1986 3085 2076; x_wconf 55' lang='lat' dir='ltr'>habenti.</span> <span class='ocrx_word' id='word_1_296' title='bbox 3110 1987 3243 2076; x_wconf 66' lang='lat' dir='ltr'>ideo</span> <span class='ocrx_word' id='word_1_297' title='bbox 3259 1991 3452 2070; x_wconf 80' lang='lat' dir='ltr'>autem</span> 
     </span>
    </p>
   </div>
   <div class='ocr_carea' id='block_1_42' title="bbox 141 2053 1752 2124">
    <p class='ocr_par' dir='ltr' id='par_1_42' title="bbox 141 2053 1752 2124">
     <span class='ocr_line' id='line_1_42' title="bbox 141 2053 1752 2124; baseline 0.007 -21"><span class='ocrx_word' id='word_1_298' title='bbox 141 2053 252 2104; x_wconf 89' lang='lat' dir='ltr'>sed</span> <span class='ocrx_word' id='word_1_299' title='bbox 269 2055 438 2118; x_wconf 86' lang='lat' dir='ltr'>quasi</span> <span class='ocrx_word' id='word_1_300' title='bbox 462 2055 685 2108; x_wconf 89' lang='lat' dir='ltr'>illorum</span> <span class='ocrx_word' id='word_1_301' title='bbox 705 2071 838 2120; x_wconf 66' lang='lat' dir='ltr'>quas</span> <span class='ocrx_word' id='word_1_302' title='bbox 861 2064 994 2110; x_wconf 89' lang='lat' dir='ltr'>ante</span> <span class='ocrx_word' id='word_1_303' title='bbox 1005 2059 1278 2110; x_wconf 75' lang='lat' dir='ltr'>docuerat</span> <span class='ocrx_word' id='word_1_304' title='bbox 1293 2061 1526 2124; x_wconf 88' lang='lat' dir='ltr'>penitus</span> <span class='ocrx_word' id='word_1_305' title='bbox 1545 2061 1752 2115; x_wconf 85' lang='lat' dir='ltr'>fuisset</span> 
     </span>
    </p>
   </div>
   <div class='ocr_carea' id='block_1_43' title="bbox 141 2124 1756 2194">
    <p class='ocr_par' dir='ltr' id='par_1_43' title="bbox 141 2124 1756 2194">
     <span class='ocr_line' id='line_1_43' title="bbox 141 2124 1756 2194; baseline 0.006 -18"><span class='ocrx_word' id='word_1_306' title='bbox 141 2124 386 2186; x_wconf 89' lang='lat' dir='ltr'>oblitus,</span> <span class='ocrx_word' id='word_1_307' title='bbox 429 2127 651 2179; x_wconf 88' lang='lat' dir='ltr'>invitus</span> <span class='ocrx_word' id='word_1_308' title='bbox 673 2129 882 2182; x_wconf 82' lang='lat' dir='ltr'>fatetur</span> <span class='ocrx_word' id='word_1_309' title='bbox 906 2131 1131 2182; x_wconf 90' lang='lat' dir='ltr'>animas</span> <span class='ocrx_word' id='word_1_310' title='bbox 1154 2137 1378 2183; x_wconf 87' lang='lat' dir='ltr'>creatas</span> <span class='ocrx_word' id='word_1_311' title='bbox 1401 2145 1550 2194; x_wconf 90' lang='lat' dir='ltr'>esse,</span> <span class='ocrx_word' id='word_1_312' title='bbox 1578 2138 1636 2184; x_wconf 87' lang='lat' dir='ltr'>et</span> <span class='ocrx_word' id='word_1_313' title='bbox 1657 2145 1756 2186; x_wconf 89' lang='lat' dir='ltr'>eas</span> 
     </span>
    </p>
   </div>
   <div class='ocr_carea' id='block_1_44' title="bbox 138 2196 1755 2268">
    <p class='ocr_par' dir='ltr' id='par_1_44' title="bbox 138 2196 1755 2268">
     <span class='ocr_line' id='line_1_44' title="bbox 138 2196 1755 2268; baseline 0.007 -23"><span class='ocrx_word' id='word_1_314' title='bbox 138 2196 358 2268; x_wconf 82' lang='lat' dir='ltr'>iterum</span> <span class='ocrx_word' id='word_1_315' title='bbox 391 2197 771 2264; x_wconf 76' lang='lat' dir='ltr'>incorporeas.</span> <span class='ocrx_word' id='word_1_316' title='bbox 816 2202 1221 2266; x_wconf 83' lang='lat' dir='ltr'>Respondeant</span> <span class='ocrx_word' id='word_1_317' title='bbox 1262 2203 1438 2266; x_wconf 82' lang='lat' dir='ltr'>igitur</span> <span class='ocrx_word' id='word_1_318' title='bbox 1465 2205 1630 2255; x_wconf 91' lang='lat' dir='ltr'>nobis</span> <span class='ocrx_word' id='word_1_319' title='bbox 1657 2206 1755 2268; x_wconf 88' lang='lat' dir='ltr'>qui</span> 
     </span>
    </p>
   </div>
   <div class='ocr_carea' id='block_1_45' title="bbox 139 2266 1756 2336">
    <p class='ocr_par' dir='ltr' id='par_1_45' title="bbox 139 2266 1756 2336">
     <span class='ocr_line' id='line_1_45' title="bbox 139 2266 1756 2336; baseline 0.006 -19"><span class='ocrx_word' id='word_1_320' title='bbox 139 2266 456 2320; x_wconf 84' lang='lat' dir='ltr'>nefandam</span> <span class='ocrx_word' id='word_1_321' title='bbox 481 2269 743 2333; x_wconf 80' lang='lat' dir='ltr'>Origenis</span> <span class='ocrx_word' id='word_1_322' title='bbox 763 2272 1028 2324; x_wconf 69' lang='lat' dir='ltr'>haeresim</span> <span class='ocrx_word' id='word_1_323' title='bbox 1046 2279 1396 2326; x_wconf 86' lang='lat' dir='ltr'>venerantur</span> <span class='ocrx_word' id='word_1_324' title='bbox 1411 2280 1466 2326; x_wconf 91' lang='lat' dir='ltr'>et</span> <span class='ocrx_word' id='word_1_325' title='bbox 1483 2266 1756 2336; x_wconf 69' lang='lat' dir='ltr'>colunt,et</span> 
     </span>
    </p>
   </div>
   <div class='ocr_carea' id='block_1_46' title="bbox 137 2339 1756 2410">
    <p class='ocr_par' dir='ltr' id='par_1_46' title="bbox 137 2339 1756 2410">
     <span class='ocr_line' id='line_1_46' title="bbox 137 2339 1756 2410; baseline 0.005 -20"><span class='ocrx_word' id='word_1_326' title='bbox 137 2339 276 2403; x_wconf 88' lang='lat' dir='ltr'>ejus</span> <span class='ocrx_word' id='word_1_327' title='bbox 299 2341 692 2404; x_wconf 84' lang='lat' dir='ltr'>expositiones</span> <span class='ocrx_word' id='word_1_328' title='bbox 719 2343 788 2394; x_wconf 90' lang='lat' dir='ltr'>de</span> <span class='ocrx_word' id='word_1_329' title='bbox 812 2344 1010 2396; x_wconf 88' lang='lat' dir='ltr'>divina</span> <span class='ocrx_word' id='word_1_330' title='bbox 1033 2345 1324 2410; x_wconf 88' lang='lat' dir='ltr'>Scriptura</span> <span class='ocrx_word' id='word_1_331' title='bbox 1347 2346 1419 2396; x_wconf 88' lang='lat' dir='ltr'>ad</span> <span class='ocrx_word' id='word_1_332' title='bbox 1439 2347 1756 2398; x_wconf 74' lang='lat' dir='ltr'>caalumus-</span> 
     </span>
    </p>
   </div>
   <div class='ocr_carea' id='block_1_47' title="bbox 137 2413 1753 2480">
    <p class='ocr_par' dir='ltr' id='par_1_47' title="bbox 137 2413 1753 2480">
     <span class='ocr_line' id='line_1_47' title="bbox 137 2413 1753 2480; baseline 0.005 -19"><span class='ocrx_word' id='word_1_333' title='bbox 137 2421 260 2474; x_wconf 88' lang='lat' dir='ltr'>que</span> <span class='ocrx_word' id='word_1_334' title='bbox 287 2413 532 2464; x_wconf 89' lang='lat' dir='ltr'>summis</span> <span class='ocrx_word' id='word_1_335' title='bbox 555 2415 859 2478; x_wconf 63' lang='lat' dir='ltr'>praeconiis</span> <span class='ocrx_word' id='word_1_336' title='bbox 883 2415 1080 2468; x_wconf 90' lang='lat' dir='ltr'>tollere</span> <span class='ocrx_word' id='word_1_337' title='bbox 1105 2416 1448 2479; x_wconf 91' lang='lat' dir='ltr'>moliuntur,</span> <span class='ocrx_word' id='word_1_338' title='bbox 1465 2419 1753 2480; x_wconf 91' lang='lat' dir='ltr'>quomodo</span> 
     </span>
    </p>
   </div>
   <div class='ocr_carea' id='block_1_48' title="bbox 134 2481 1754 2554">
    <p class='ocr_par' dir='ltr' id='par_1_48' title="bbox 134 2481 1754 2554">
     <span class='ocr_line' id='line_1_48' title="bbox 134 2481 1754 2554; baseline 0.006 -22"><span class='ocrx_word' id='word_1_339' title='bbox 134 2481 360 2534; x_wconf 56' lang='lat' dir='ltr'>animae.</span> <span class='ocrx_word' id='word_1_340' title='bbox 371 2483 498 2536; x_wconf 89' lang='lat' dir='ltr'>sine</span> <span class='ocrx_word' id='word_1_341' title='bbox 511 2485 848 2549; x_wconf 88' lang='lat' dir='ltr'>corporibus</span> <span class='ocrx_word' id='word_1_342' title='bbox 862 2487 1090 2551; x_wconf 88' lang='lat' dir='ltr'>possint</span> <span class='ocrx_word' id='word_1_343' title='bbox 1101 2487 1362 2551; x_wconf 81' lang='lat' dir='ltr'>intelligi,</span> <span class='ocrx_word' id='word_1_344' title='bbox 1379 2501 1512 2539; x_wconf 91' lang='lat' dir='ltr'>cum</span> <span class='ocrx_word' id='word_1_345' title='bbox 1528 2491 1754 2554; x_wconf 82' lang='lat' dir='ltr'>Moyses</span> 
     </span>
    </p>
   </div>
   <div class='ocr_carea' id='block_1_49' title="bbox 135 2553 1754 2624">
    <p class='ocr_par' dir='ltr' id='par_1_49' title="bbox 135 2553 1754 2624">
     <span class='ocr_line' id='line_1_49' title="bbox 135 2553 1754 2624; baseline 0.004 -21"><span class='ocrx_word' id='word_1_346' title='bbox 135 2565 254 2604; x_wconf 89' lang='lat' dir='ltr'>nos</span> <span class='ocrx_word' id='word_1_347' title='bbox 280 2553 485 2607; x_wconf 83' lang='lat' dir='ltr'>doceat</span> <span class='ocrx_word' id='word_1_348' title='bbox 505 2556 725 2618; x_wconf 90' lang='lat' dir='ltr'>dicens,</span> <span class='ocrx_word' id='word_1_349' title='bbox 756 2557 822 2606; x_wconf 84' lang='lat' dir='ltr'>Et</span> <span class='ocrx_word' id='word_1_350' title='bbox 844 2557 967 2620; x_wconf 86' lang='lat' dir='ltr'>fecit</span> <span class='ocrx_word' id='word_1_351' title='bbox 990 2558 1130 2606; x_wconf 85' lang='lat' dir='ltr'>Deus</span> <span class='ocrx_word' id='word_1_352' title='bbox 1156 2559 1434 2608; x_wconf 84' lang='lat' dir='ltr'>hominem</span> <span class='ocrx_word' id='word_1_353' title='bbox 1456 2561 1530 2608; x_wconf 89' lang='lat' dir='ltr'>ad</span> <span class='ocrx_word' id='word_1_354' title='bbox 1550 2553 1754 2624; x_wconf 85' lang='lat' dir='ltr'>imagi-</span> 
     </span>
    </p>
   </div>
   <div class='ocr_carea' id='block_1_50' title="bbox 135 2625 1753 2694">
    <p class='ocr_par' dir='ltr' id='par_1_50' title="bbox 135 2625 1753 2694">
     <span class='ocr_line' id='line_1_50' title="bbox 135 2625 1753 2694; baseline 0.006 -21"><span class='ocrx_word' id='word_1_355' title='bbox 135 2639 268 2673; x_wconf 88' lang='lat' dir='ltr'>nem</span> <span class='ocrx_word' id='word_1_356' title='bbox 311 2625 408 2675; x_wconf 84' lang='lat' dir='ltr'>Dei</span> <span class='ocrx_word' id='word_1_357' title='bbox 451 2627 576 2690; x_wconf 86' lang='lat' dir='ltr'>fecit</span> <span class='ocrx_word' id='word_1_358' title='bbox 619 2643 760 2691; x_wconf 85' lang='lat' dir='ltr'>cum,</span> <span class='ocrx_word' id='word_1_359' title='bbox 801 2629 1104 2678; x_wconf 82' lang='lat' dir='ltr'>masculum</span> <span class='ocrx_word' id='word_1_360' title='bbox 1137 2633 1182 2680; x_wconf 89' lang='lat' dir='ltr'>et</span> <span class='ocrx_word' id='word_1_361' title='bbox 1215 2629 1486 2693; x_wconf 75' lang='lat' dir='ltr'>feminam</span> <span class='ocrx_word' id='word_1_362' title='bbox 1515 2631 1640 2694; x_wconf 83' lang='lat' dir='ltr'>fecit</span> <span class='ocrx_word' id='word_1_363' title='bbox 1671 2647 1753 2682; x_wconf 89' lang='lat' dir='ltr'>eos</span> 
     </span>
    </p>
   </div>
   <div class='ocr_carea' id='block_1_51' title="bbox 134 2694 1750 2769">
    <p class='ocr_par' dir='ltr' id='par_1_51' title="bbox 134 2694 1750 2769">
     <span class='ocr_line' id='line_1_51' title="bbox 134 2694 1750 2769; baseline 0.007 -25"><span class='ocrx_word' id='word_1_364' title='bbox 134 2694 298 2769; x_wconf 81' lang='lat' dir='ltr'>(Gen.</span> <span class='ocrx_word' id='word_1_365' title='bbox 345 2696 396 2751; x_wconf 86' lang='grc'>1.</span> <span class='ocrx_word' id='word_1_366' title='bbox 437 2696 566 2764; x_wconf 74' lang='grc'>27.).</span> <span class='ocrx_word' id='word_1_367' title='bbox 603 2702 750 2752; x_wconf 87' lang='lat' dir='ltr'>Nam</span> <span class='ocrx_word' id='word_1_368' title='bbox 785 2699 897 2752; x_wconf 89' lang='lat' dir='ltr'>hoc</span> <span class='ocrx_word' id='word_1_369' title='bbox 919 2701 1188 2752; x_wconf 89' lang='lat' dir='ltr'>omnibus</span> <span class='ocrx_word' id='word_1_370' title='bbox 1217 2702 1370 2754; x_wconf 87' lang='lat' dir='ltr'>clare</span> <span class='ocrx_word' id='word_1_371' title='bbox 1395 2707 1552 2766; x_wconf 90' lang='lat' dir='ltr'>patet</span> <span class='ocrx_word' id='word_1_372' title='bbox 1577 2703 1750 2769; x_wconf 91' lang='lat' dir='ltr'>quod,</span> 
     </span>
    </p>
   </div>
   <div class='ocr_carea' id='block_1_52' title="bbox 132 2767 1753 2836">
    <p class='ocr_par' dir='ltr' id='par_1_52' title="bbox 132 2767 1753 2836">
     <span class='ocr_line' id='line_1_52' title="bbox 132 2767 1753 2836; baseline 0.004 -17"><span class='ocrx_word' id='word_1_373' title='bbox 132 2767 358 2822; x_wconf 67' lang='lat' dir='ltr'>animm</span> <span class='ocrx_word' id='word_1_374' title='bbox 371 2782 549 2822; x_wconf 84' lang='lat' dir='ltr'>sexus</span> <span class='ocrx_word' id='word_1_375' title='bbox 567 2773 868 2836; x_wconf 89' lang='lat' dir='ltr'>utriusque</span> <span class='ocrx_word' id='word_1_376' title='bbox 883 2786 1122 2836; x_wconf 88' lang='lat' dir='ltr'>capaces</span> <span class='ocrx_word' id='word_1_377' title='bbox 1139 2785 1269 2825; x_wconf 90' lang='lat' dir='ltr'>esse</span> <span class='ocrx_word' id='word_1_378' title='bbox 1293 2789 1393 2823; x_wconf 91' lang='lat' dir='ltr'>non</span> <span class='ocrx_word' id='word_1_379' title='bbox 1413 2767 1627 2836; x_wconf 77' lang='lat' dir='ltr'>possunt</span> <span class='ocrx_word' id='word_1_380' title='bbox 1651 2767 1753 2825; x_wconf 83' lang='lat' dir='ltr'>nisi</span> 
     </span>
    </p>
   </div>
   <div class='ocr_carea' id='block_1_53' title="bbox 134 2837 1756 2908">
    <p class='ocr_par' dir='ltr' id='par_1_53' title="bbox 134 2837 1756 2908">
     <span class='ocr_line' id='line_1_53' title="bbox 134 2837 1756 2908; baseline 0.006 -18"><span class='ocrx_word' id='word_1_381' title='bbox 134 2837 270 2892; x_wconf 85' lang='lat' dir='ltr'>sola</span> <span class='ocrx_word' id='word_1_382' title='bbox 285 2853 541 2905; x_wconf 89' lang='lat' dir='ltr'>corpora,</span> <span class='ocrx_word' id='word_1_383' title='bbox 559 2857 689 2908; x_wconf 62' lang='lat' dir='ltr'>quae</span> <span class='ocrx_word' id='word_1_384' title='bbox 711 2845 973 2907; x_wconf 81' lang='lat' dir='ltr'>graviora</span> <span class='ocrx_word' id='word_1_385' title='bbox 991 2849 1327 2897; x_wconf 89' lang='lat' dir='ltr'>noscuntur.</span> <span class='ocrx_word' id='word_1_386' title='bbox 1349 2846 1644 2906; x_wconf 91' lang='lat' dir='ltr'>Quomodo</span> <span class='ocrx_word' id='word_1_387' title='bbox 1659 2848 1756 2899; x_wconf 83' lang='lat' dir='ltr'>ite.</span> 
     </span>
    </p>
   </div>
   <div class='ocr_carea' id='block_1_54' title="bbox 132 2911 1754 2980">
    <p class='ocr_par' dir='ltr' id='par_1_54' title="bbox 132 2911 1754 2980">
     <span class='ocr_line' id='line_1_54' title="bbox 132 2911 1754 2980; baseline 0.005 -18"><span class='ocrx_word' id='word_1_388' title='bbox 132 2923 273 2963; x_wconf 85' lang='lat' dir='ltr'>rum</span> <span class='ocrx_word' id='word_1_389' title='bbox 297 2911 512 2966; x_wconf 91' lang='lat' dir='ltr'>etillud</span> <span class='ocrx_word' id='word_1_390' title='bbox 537 2914 757 2967; x_wconf 90' lang='lat' dir='ltr'>dictum</span> <span class='ocrx_word' id='word_1_391' title='bbox 779 2915 981 2968; x_wconf 88' lang='lat' dir='ltr'>audire</span> <span class='ocrx_word' id='word_1_392' title='bbox 1001 2925 1016 2944; x_wconf 89' lang='grc'>·</span> <span class='ocrx_word' id='word_1_393' title='bbox 1045 2921 1315 2980; x_wconf 91' lang='lat' dir='ltr'>poterunt</span> <span class='ocrx_word' id='word_1_394' title='bbox 1332 2917 1472 2969; x_wconf 80' lang='lat' dir='ltr'>solae</span> <span class='ocrx_word' id='word_1_395' title='bbox 1495 2918 1618 2969; x_wconf 90' lang='lat' dir='ltr'>sine</span> <span class='ocrx_word' id='word_1_396' title='bbox 1634 2931 1754 2972; x_wconf 89' lang='lat' dir='ltr'>cor-</span> 
     </span>
    </p>
   </div>
   <div class='ocr_carea' id='block_1_55' title="bbox 131 2983 1750 3055">
    <p class='ocr_par' dir='ltr' id='par_1_55' title="bbox 131 2983 1750 3055">
     <span class='ocr_line' id='line_1_55' title="bbox 131 2983 1750 3055; baseline 0.002 -19"><span class='ocrx_word' id='word_1_397' title='bbox 131 2983 380 3055; x_wconf 76' lang='lat' dir='ltr'>poribus</span> <span class='ocrx_word' id='word_1_398' title='bbox 393 2985 621 3038; x_wconf 65' lang='lat' dir='ltr'>animae.</span> <span class='ocrx_word' id='word_1_399' title='bbox 643 2986 862 3038; x_wconf 86' lang='lat' dir='ltr'>Crescite</span> <span class='ocrx_word' id='word_1_400' title='bbox 877 2993 922 3036; x_wconf 87' lang='lat' dir='ltr'>et</span> <span class='ocrx_word' id='word_1_401' title='bbox 941 2987 1394 3052; x_wconf 81' lang='lat' dir='ltr'>multiplicamini</span> <span class='ocrx_word' id='word_1_402' title='bbox 1409 2989 1592 3051; x_wconf 63' lang='lat' dir='ltr'>(Gend</span> <span class='ocrx_word' id='word_1_403' title='bbox 1604 2987 1750 3055; x_wconf 66' lang='lat'><strong>.28.).</strong></span> 
     </span>
    </p>
   </div>
   <div class='ocr_carea' id='block_1_56' title="bbox 133 3054 1754 3125">
    <p class='ocr_par' dir='ltr' id='par_1_56' title="bbox 133 3054 1754 3125">
     <span class='ocr_line' id='line_1_56' title="bbox 133 3054 1754 3125; baseline 0.006 -20"><span class='ocrx_word' id='word_1_404' title='bbox 133 3054 462 3120; x_wconf 87' lang='lat' dir='ltr'>Siquidem,</span> <span class='ocrx_word' id='word_1_405' title='bbox 493 3057 665 3109; x_wconf 90' lang='lat' dir='ltr'>etiam</span> <span class='ocrx_word' id='word_1_406' title='bbox 693 3059 1012 3110; x_wconf 89' lang='lat' dir='ltr'>secundum</span> <span class='ocrx_word' id='word_1_407' title='bbox 1034 3058 1224 3124; x_wconf 90' lang='lat' dir='ltr'>ipsum</span> <span class='ocrx_word' id='word_1_408' title='bbox 1241 3059 1554 3125; x_wconf 85' lang='lat' dir='ltr'>Originem,</span> <span class='ocrx_word' id='word_1_409' title='bbox 1575 3054 1754 3114; x_wconf 86' lang='lat' dir='ltr'>incor-</span> 
     </span>
    </p>
   </div>
   <div class='ocr_carea' id='block_1_57' title="bbox 135 3125 1750 3196">
    <p class='ocr_par' dir='ltr' id='par_1_57' title="bbox 135 3125 1750 3196">
     <span class='ocr_line' id='line_1_57' title="bbox 135 3125 1750 3196; baseline 0.004 -19"><span class='ocrx_word' id='word_1_410' title='bbox 135 3125 429 3192; x_wconf 90' lang='lat' dir='ltr'>poralium</span> <span class='ocrx_word' id='word_1_411' title='bbox 459 3133 668 3181; x_wconf 89' lang='lat' dir='ltr'>natura</span> <span class='ocrx_word' id='word_1_412' title='bbox 699 3142 890 3194; x_wconf 89' lang='lat' dir='ltr'>neque</span> <span class='ocrx_word' id='word_1_413' title='bbox 919 3129 1288 3195; x_wconf 91' lang='lat' dir='ltr'>multiplicari</span> <span class='ocrx_word' id='word_1_414' title='bbox 1327 3135 1540 3196; x_wconf 88' lang='lat' dir='ltr'>potest,</span> <span class='ocrx_word' id='word_1_415' title='bbox 1564 3144 1750 3196; x_wconf 91' lang='lat' dir='ltr'>neque</span> 
     </span>
    </p>
   </div>
   <div class='ocr_carea' id='block_1_58' title="bbox 133 3201 1750 3266">
    <p class='ocr_par' dir='ltr' id='par_1_58' title="bbox 133 3201 1750 3266">
     <span class='ocr_line' id='line_1_58' title="bbox 133 3201 1750 3266; baseline 0.005 -17"><span class='ocrx_word' id='word_1_416' title='bbox 133 3210 422 3251; x_wconf 89' lang='lat' dir='ltr'>crescere.</span> <span class='ocrx_word' id='word_1_417' title='bbox 491 3201 597 3252; x_wconf 89' lang='lat' dir='ltr'>Vel</span> <span class='ocrx_word' id='word_1_418' title='bbox 649 3201 938 3264; x_wconf 89' lang='lat' dir='ltr'>quomodo</span> <span class='ocrx_word' id='word_1_419' title='bbox 985 3201 1108 3254; x_wconf 89' lang='lat' dir='ltr'>sine</span> <span class='ocrx_word' id='word_1_420' title='bbox 1155 3202 1490 3266; x_wconf 90' lang='lat' dir='ltr'>corporibus</span> <span class='ocrx_word' id='word_1_421' title='bbox 1536 3203 1750 3257; x_wconf 63' lang='lat' dir='ltr'>animas</span> 
     </span>
    </p>
   </div>
   <div class='ocr_carea' id='block_1_59' title="bbox 137 3271 1748 3338">
    <p class='ocr_par' dir='ltr' id='par_1_59' title="bbox 137 3271 1748 3338">
     <span class='ocr_line' id='line_1_59' title="bbox 137 3271 1748 3338; baseline 0.002 -16"><span class='ocrx_word' id='word_1_422' title='bbox 137 3273 357 3322; x_wconf 55' lang='lat' dir='ltr'>creatae.</span> <span class='ocrx_word' id='word_1_423' title='bbox 379 3271 436 3322; x_wconf 92' lang='lat' dir='ltr'>in</span> <span class='ocrx_word' id='word_1_424' title='bbox 465 3273 620 3324; x_wconf 76' lang='lat' dir='ltr'>caelis</span> <span class='ocrx_word' id='word_1_425' title='bbox 635 3273 768 3323; x_wconf 90' lang='lat' dir='ltr'>habi</span> <span class='ocrx_word' id='word_1_426' title='bbox 778 3277 892 3324; x_wconf 90' lang='lat' dir='ltr'>lare</span> <span class='ocrx_word' id='word_1_427' title='bbox 903 3275 1186 3338; x_wconf 87' lang='lat' dir='ltr'>poterant,</span> <span class='ocrx_word' id='word_1_428' title='bbox 1202 3285 1335 3324; x_wconf 92' lang='lat' dir='ltr'>cum</span> <span class='ocrx_word' id='word_1_429' title='bbox 1347 3275 1500 3326; x_wconf 89' lang='lat' dir='ltr'>Deus</span> <span class='ocrx_word' id='word_1_430' title='bbox 1514 3275 1748 3327; x_wconf 90' lang='lat' dir='ltr'>benedi-</span> 
     </span>
    </p>
   </div>
   <div class='ocr_carea' id='block_1_60' title="bbox 133 3340 1746 3408">
    <p class='ocr_par' dir='ltr' id='par_1_60' title="bbox 133 3340 1746 3408">
     <span class='ocr_line' id='line_1_60' title="bbox 133 3340 1746 3408; baseline 0.003 -14"><span class='ocrx_word' id='word_1_431' title='bbox 133 3354 284 3394; x_wconf 90' lang='lat' dir='ltr'>cens</span> <span class='ocrx_word' id='word_1_432' title='bbox 315 3340 446 3404; x_wconf 87' lang='lat' dir='ltr'>illis,</span> <span class='ocrx_word' id='word_1_433' title='bbox 479 3356 626 3408; x_wconf 89' lang='lat' dir='ltr'>quos</span> <span class='ocrx_word' id='word_1_434' title='bbox 663 3344 873 3396; x_wconf 89' lang='lat' dir='ltr'>fecerat</span> <span class='ocrx_word' id='word_1_435' title='bbox 906 3344 1230 3397; x_wconf 88' lang='lat' dir='ltr'>masculum</span> <span class='ocrx_word' id='word_1_436' title='bbox 1253 3349 1309 3398; x_wconf 91' lang='lat' dir='ltr'>et</span> <span class='ocrx_word' id='word_1_437' title='bbox 1342 3345 1635 3408; x_wconf 75' lang='lat' dir='ltr'>feminam,</span> <span class='ocrx_word' id='word_1_438' title='bbox 1663 3348 1746 3400; x_wconf 90' lang='lat' dir='ltr'>sic</span> 
     </span>
    </p>
   </div>
   <div class='ocr_carea' id='block_1_61' title="bbox 135 3413 1750 3482">
    <p class='ocr_par' dir='ltr' id='par_1_61' title="bbox 135 3413 1750 3482">
     <span class='ocr_line' id='line_1_61' title="bbox 135 3413 1750 3482; baseline 0.003 -18"><span class='ocrx_word' id='word_1_439' title='bbox 135 3413 374 3477; x_wconf 84' lang='lat' dir='ltr'>dixerit,</span> <span class='ocrx_word' id='word_1_440' title='bbox 425 3413 643 3464; x_wconf 80' lang='lat' dir='ltr'>Crescite</span> <span class='ocrx_word' id='word_1_441' title='bbox 679 3421 726 3465; x_wconf 91' lang='lat' dir='ltr'>et</span> <span class='ocrx_word' id='word_1_442' title='bbox 752 3417 1200 3482; x_wconf 78' lang='lat' dir='ltr'>multiplicamini</span> <span class='ocrx_word' id='word_1_443' title='bbox 1231 3421 1279 3466; x_wconf 90' lang='lat' dir='ltr'>et</span> <span class='ocrx_word' id='word_1_444' title='bbox 1313 3417 1523 3482; x_wconf 83' lang='lat' dir='ltr'>implete</span> <span class='ocrx_word' id='word_1_445' title='bbox 1545 3423 1750 3469; x_wconf 86' lang='lat' dir='ltr'>terram</span> 
     </span>
    </p>
   </div>
   <div class='ocr_carea' id='block_1_62' title="bbox 141 3484 1749 3552">
    <p class='ocr_par' dir='ltr' id='par_1_62' title="bbox 141 3484 1749 3552">
     <span class='ocr_line' id='line_1_62' title="bbox 141 3484 1749 3552; baseline 0.004 -16"><span class='ocrx_word' id='word_1_446' title='bbox 141 3484 351 3550; x_wconf 85' lang='lat' dir='ltr'>(Ibid.).</span> <span class='ocrx_word' id='word_1_447' title='bbox 392 3487 504 3538; x_wconf 92' lang='lat' dir='ltr'>Sed</span> <span class='ocrx_word' id='word_1_448' title='bbox 547 3487 818 3552; x_wconf 81' lang='lat' dir='ltr'>Origenes</span> <span class='ocrx_word' id='word_1_449' title='bbox 851 3488 1061 3540; x_wconf 91' lang='lat' dir='ltr'>iterum</span> <span class='ocrx_word' id='word_1_450' title='bbox 1098 3489 1342 3552; x_wconf 88' lang='lat' dir='ltr'>ejusque</span> <span class='ocrx_word' id='word_1_451' title='bbox 1387 3491 1526 3542; x_wconf 89' lang='lat' dir='ltr'>socii</span> <span class='ocrx_word' id='word_1_452' title='bbox 1555 3489 1749 3542; x_wconf 89' lang='lat' dir='ltr'>dimit-</span> 
     </span>
    </p>
   </div>
   <div class='ocr_carea' id='block_1_63' title="bbox 142 3561 370 3610">
    <p class='ocr_par' dir='ltr' id='par_1_63' title="bbox 142 3561 370 3610">
     <span class='ocr_line' id='line_1_63' title="bbox 142 3561 370 3610; baseline 0 0"><span class='ocrx_word' id='word_1_453' title='bbox 142 3561 370 3610; x_wconf 88' lang='lat' dir='ltr'>tantur.</span> 
     </span>
    </p>
   </div>
   <div class='ocr_carea' id='block_1_64' title="bbox 203 3629 1749 3696">
    <p class='ocr_par' dir='ltr' id='par_1_64' title="bbox 203 3629 1749 3696">
     <span class='ocr_line' id='line_1_64' title="bbox 203 3629 1749 3696; baseline 0.004 -16"><span class='ocrx_word' id='word_1_454' title='bbox 203 3629 468 3681; x_wconf 83' lang='lat' dir='ltr'>XXVIII.</span> <span class='ocrx_word' id='word_1_455' title='bbox 500 3630 645 3694; x_wconf 87' lang='lat' dir='ltr'>Quia</span> <span class='ocrx_word' id='word_1_456' title='bbox 667 3631 844 3696; x_wconf 83' lang='lat' dir='ltr'>igitur</span> <span class='ocrx_word' id='word_1_457' title='bbox 862 3630 1123 3683; x_wconf 89' lang='lat' dir='ltr'>nonnulli</span> <span class='ocrx_word' id='word_1_458' title='bbox 1150 3633 1305 3696; x_wconf 86' lang='lat' dir='ltr'>sunt,</span> <span class='ocrx_word' id='word_1_459' title='bbox 1333 3632 1430 3696; x_wconf 93' lang='lat' dir='ltr'>qui</span> <span class='ocrx_word' id='word_1_460' title='bbox 1457 3633 1749 3686; x_wconf 86' lang='lat' dir='ltr'>dementia</span> 
     </span>
    </p>
   </div>
   <div class='ocr_carea' id='block_1_65' title="bbox 134 3701 1746 3769">
    <p class='ocr_par' dir='ltr' id='par_1_65' title="bbox 134 3701 1746 3769">
     <span class='ocr_line' id='line_1_65' title="bbox 134 3701 1746 3769; baseline 0.003 -15"><span class='ocrx_word' id='word_1_461' title='bbox 134 3701 298 3768; x_wconf 87' lang='lat' dir='ltr'>capti</span> <span class='ocrx_word' id='word_1_462' title='bbox 331 3701 550 3768; x_wconf 90' lang='lat' dir='ltr'>dicunt,</span> <span class='ocrx_word' id='word_1_463' title='bbox 589 3704 745 3767; x_wconf 91' lang='lat' dir='ltr'>quod</span> <span class='ocrx_word' id='word_1_464' title='bbox 771 3713 788 3733; x_wconf 84' lang='grc'><strong>·</strong></span> <span class='ocrx_word' id='word_1_465' title='bbox 811 3717 884 3756; x_wconf 86' lang='lat' dir='ltr'>ex</span> <span class='ocrx_word' id='word_1_466' title='bbox 920 3717 1039 3755; x_wconf 89' lang='lat' dir='ltr'>una</span> <span class='ocrx_word' id='word_1_467' title='bbox 1071 3705 1264 3756; x_wconf 86' lang='lat' dir='ltr'>anima</span> <span class='ocrx_word' id='word_1_468' title='bbox 1295 3705 1464 3769; x_wconf 88' lang='lat' dir='ltr'>primi</span> <span class='ocrx_word' id='word_1_469' title='bbox 1494 3704 1746 3760; x_wconf 87' lang='lat' dir='ltr'>hominis</span> 
     </span>
    </p>
   </div>
   <div class='ocr_carea' id='block_1_66' title="bbox 134 3772 1746 3840">
    <p class='ocr_par' dir='ltr' id='par_1_66' title="bbox 134 3772 1746 3840">
     <span class='ocr_line' id='line_1_66' title="bbox 134 3772 1746 3840; baseline 0.004 -17"><span class='ocrx_word' id='word_1_470' title='bbox 134 3772 331 3824; x_wconf 76' lang='lat' dir='ltr'>Adam</span> <span class='ocrx_word' id='word_1_471' title='bbox 361 3774 555 3826; x_wconf 87' lang='lat' dir='ltr'>anima</span> <span class='ocrx_word' id='word_1_472' title='bbox 577 3776 716 3828; x_wconf 68' lang='lat' dir='ltr'>Evaa</span> <span class='ocrx_word' id='word_1_473' title='bbox 749 3775 1007 3827; x_wconf 90' lang='lat' dir='ltr'>mulieris</span> <span class='ocrx_word' id='word_1_474' title='bbox 1045 3778 1345 3840; x_wconf 87' lang='lat' dir='ltr'>assumpta</span> <span class='ocrx_word' id='word_1_475' title='bbox 1368 3777 1460 3838; x_wconf 89' lang='lat' dir='ltr'>sit,</span> <span class='ocrx_word' id='word_1_476' title='bbox 1486 3778 1746 3829; x_wconf 90' lang='lat' dir='ltr'>nonnulli</span> 
     </span>
    </p>
   </div>
   <div class='ocr_carea' id='block_1_67' title="bbox 133 3845 1746 3910">
    <p class='ocr_par' dir='ltr' id='par_1_67' title="bbox 133 3845 1746 3910">
     <span class='ocr_line' id='line_1_67' title="bbox 133 3845 1746 3910; baseline 0.001 -12"><span class='ocrx_word' id='word_1_477' title='bbox 133 3845 322 3898; x_wconf 88' lang='lat' dir='ltr'>etiam</span> <span class='ocrx_word' id='word_1_478' title='bbox 333 3846 487 3910; x_wconf 91' lang='lat' dir='ltr'>quod</span> <span class='ocrx_word' id='word_1_479' title='bbox 508 3859 582 3898; x_wconf 80' lang='lat' dir='ltr'>ex</span> <span class='ocrx_word' id='word_1_480' title='bbox 593 3847 915 3908; x_wconf 75' lang='lat' dir='ltr'>solo‘Adam</span> <span class='ocrx_word' id='word_1_481' title='bbox 927 3859 1059 3898; x_wconf 90' lang='lat' dir='ltr'>cum</span> <span class='ocrx_word' id='word_1_482' title='bbox 1073 3848 1312 3899; x_wconf 90' lang='lat' dir='ltr'>seminis</span> <span class='ocrx_word' id='word_1_483' title='bbox 1323 3849 1483 3910; x_wconf 88' lang='lat' dir='ltr'>jactu</span> <span class='ocrx_word' id='word_1_484' title='bbox 1500 3849 1560 3899; x_wconf 91' lang='lat' dir='ltr'>in</span> <span class='ocrx_word' id='word_1_485' title='bbox 1571 3864 1746 3899; x_wconf 87' lang='lat' dir='ltr'>omnes</span> 
     </span>
    </p>
   </div>
   <div class='ocr_carea' id='block_1_68' title="bbox 135 3915 1746 3983">
    <p class='ocr_par' dir='ltr' id='par_1_68' title="bbox 135 3915 1746 3983">
     <span class='ocr_line' id='line_1_68' title="bbox 135 3915 1746 3983; baseline 0.002 -15"><span class='ocrx_word' id='word_1_486' title='bbox 135 3915 246 3982; x_wconf 89' lang='lat' dir='ltr'>qui</span> <span class='ocrx_word' id='word_1_487' title='bbox 268 3929 343 3969; x_wconf 85' lang='lat' dir='ltr'>ex</span> <span class='ocrx_word' id='word_1_488' title='bbox 357 3930 424 3970; x_wconf 93' lang='lat' dir='ltr'>eo</span> <span class='ocrx_word' id='word_1_489' title='bbox 442 3918 547 3970; x_wconf 91' lang='lat' dir='ltr'>niti</span> <span class='ocrx_word' id='word_1_490' title='bbox 577 3918 812 3971; x_wconf 86' lang='lat' dir='ltr'>fuerunt</span> <span class='ocrx_word' id='word_1_491' title='bbox 832 3919 1040 3971; x_wconf 68' lang='lat' dir='ltr'>animae</span> <span class='ocrx_word' id='word_1_492' title='bbox 1057 3919 1420 3972; x_wconf 82' lang='lat' dir='ltr'>transmissae</span> <span class='ocrx_word' id='word_1_493' title='bbox 1432 3919 1566 3983; x_wconf 91' lang='lat' dir='ltr'>sint,</span> <span class='ocrx_word' id='word_1_494' title='bbox 1581 3922 1637 3970; x_wconf 88' lang='lat' dir='ltr'>et</span> <span class='ocrx_word' id='word_1_495' title='bbox 1651 3920 1746 3971; x_wconf 88' lang='lat' dir='ltr'>alii</span> 
     </span>
    </p>
   </div>
   <div class='ocr_carea' id='block_1_69' title="bbox 135 3987 1748 4054">
    <p class='ocr_par' dir='ltr' id='par_1_69' title="bbox 135 3987 1748 4054">
     <span class='ocr_line' id='line_1_69' title="bbox 135 3987 1748 4054; baseline 0.001 -14"><span class='ocrx_word' id='word_1_496' title='bbox 135 3987 303 4052; x_wconf 88' lang='lat' dir='ltr'>quod</span> <span class='ocrx_word' id='word_1_497' title='bbox 333 4001 405 4041; x_wconf 78' lang='lat' dir='ltr'>ex</span> <span class='ocrx_word' id='word_1_498' title='bbox 428 3989 547 4041; x_wconf 89' lang='lat' dir='ltr'>Eva</span> <span class='ocrx_word' id='word_1_499' title='bbox 572 3989 694 4042; x_wconf 89' lang='lat' dir='ltr'>sola</span> <span class='ocrx_word' id='word_1_500' title='bbox 711 3991 897 4054; x_wconf 87' lang='lat' dir='ltr'>magis</span> <span class='ocrx_word' id='word_1_501' title='bbox 921 3989 1128 4042; x_wconf 70' lang='lat' dir='ltr'>animae</span> <span class='ocrx_word' id='word_1_502' title='bbox 1151 3989 1310 4040; x_wconf 90' lang='lat' dir='ltr'>fuere</span> <span class='ocrx_word' id='word_1_503' title='bbox 1337 3989 1649 4054; x_wconf 67' lang='lat' dir='ltr'>translatas,</span> <span class='ocrx_word' id='word_1_504' title='bbox 1689 3995 1748 4042; x_wconf 91' lang='lat' dir='ltr'>et</span> 
     </span>
    </p>
   </div>
   <div class='ocr_carea' id='block_1_70' title="bbox 137 4059 1742 4123">
    <p class='ocr_par' dir='ltr' id='par_1_70' title="bbox 137 4059 1742 4123">
     <span class='ocr_line' id='line_1_70' title="bbox 137 4059 1742 4123; baseline 0.001 -13"><span class='ocrx_word' id='word_1_505' title='bbox 137 4059 231 4110; x_wconf 90' lang='lat' dir='ltr'>sic</span> <span class='ocrx_word' id='word_1_506' title='bbox 252 4068 271 4089; x_wconf 73' lang='grc' dir='ltr'><strong>ο</strong></span> <span class='ocrx_word' id='word_1_507' title='bbox 295 4059 354 4110; x_wconf 92' lang='lat' dir='ltr'>in</span> <span class='ocrx_word' id='word_1_508' title='bbox 381 4061 714 4123; x_wconf 88' lang='lat' dir='ltr'>parentibus</span> <span class='ocrx_word' id='word_1_509' title='bbox 751 4061 821 4111; x_wconf 84' lang='lat' dir='ltr'>ad</span> <span class='ocrx_word' id='word_1_510' title='bbox 858 4073 1056 4112; x_wconf 90' lang='lat' dir='ltr'>eorum</span> <span class='ocrx_word' id='word_1_511' title='bbox 1088 4061 1296 4112; x_wconf 88' lang='lat' dir='ltr'>liberos</span> <span class='ocrx_word' id='word_1_512' title='bbox 1321 4059 1586 4113; x_wconf 59' lang='lat' dir='ltr'>deducta</span> <span class='ocrx_word' id='word_1_513' title='bbox 1611 4061 1742 4122; x_wconf 90' lang='lat' dir='ltr'>sint,</span> 
     </span>
    </p>
   </div>
   <div class='ocr_carea' id='block_1_71' title="bbox 134 4131 1746 4197">
    <p class='ocr_par' dir='ltr' id='par_1_71' title="bbox 134 4131 1746 4197">
     <span class='ocr_line' id='line_1_71' title="bbox 134 4131 1746 4197; baseline 0 -13"><span class='ocrx_word' id='word_1_514' title='bbox 134 4131 614 4196; x_wconf 86' lang='lat' dir='ltr'>respondendum</span> <span class='ocrx_word' id='word_1_515' title='bbox 635 4135 722 4184; x_wconf 89' lang='lat' dir='ltr'>est</span> <span class='ocrx_word' id='word_1_516' title='bbox 752 4133 844 4184; x_wconf 89' lang='lat' dir='ltr'>hic</span> <span class='ocrx_word' id='word_1_517' title='bbox 881 4133 991 4186; x_wconf 92' lang='lat' dir='ltr'>hoc</span> <span class='ocrx_word' id='word_1_518' title='bbox 1011 4133 1216 4184; x_wconf 89' lang='lat' dir='ltr'>modo:</span> <span class='ocrx_word' id='word_1_519' title='bbox 1244 4133 1357 4184; x_wconf 86' lang='lat' dir='ltr'>Cur</span> <span class='ocrx_word' id='word_1_520' title='bbox 1379 4145 1514 4197; x_wconf 90' lang='lat' dir='ltr'>ergo</span> <span class='ocrx_word' id='word_1_521' title='bbox 1539 4133 1746 4197; x_wconf 85' lang='lat' dir='ltr'>Adam,</span> 
     </span>
    </p>
   </div>
   <div class='ocr_carea' id='block_1_72' title="bbox 139 4203 1748 4269">
    <p class='ocr_par' dir='ltr' id='par_1_72' title="bbox 139 4203 1748 4269">
     <span class='ocr_line' id='line_1_72' title="bbox 139 4203 1748 4269; baseline -0.001 -13"><span class='ocrx_word' id='word_1_522' title='bbox 139 4204 248 4268; x_wconf 89' lang='lat' dir='ltr'>qui</span> <span class='ocrx_word' id='word_1_523' title='bbox 266 4203 486 4268; x_wconf 90' lang='lat' dir='ltr'>primus</span> <span class='ocrx_word' id='word_1_524' title='bbox 507 4205 577 4257; x_wconf 89' lang='lat' dir='ltr'>de</span> <span class='ocrx_word' id='word_1_525' title='bbox 593 4210 742 4258; x_wconf 89' lang='lat' dir='ltr'>terra</span> <span class='ocrx_word' id='word_1_526' title='bbox 757 4211 980 4258; x_wconf 85' lang='lat' dir='ltr'>creatus</span> <span class='ocrx_word' id='word_1_527' title='bbox 998 4210 1105 4269; x_wconf 86' lang='lat' dir='ltr'>est,</span> <span class='ocrx_word' id='word_1_528' title='bbox 1125 4204 1447 4256; x_wconf 91' lang='lat' dir='ltr'>secundum</span> <span class='ocrx_word' id='word_1_529' title='bbox 1463 4220 1662 4254; x_wconf 83' lang='lat' dir='ltr'>carnem</span> <span class='ocrx_word' id='word_1_530' title='bbox 1687 4208 1748 4255; x_wconf 86' lang='lat' dir='ltr'>de</span> 
     </span>
    </p>
   </div>
   <div class='ocr_carea' id='block_1_73' title="bbox 137 4276 1748 4342">
    <p class='ocr_par' dir='ltr' id='par_1_73' title="bbox 137 4276 1748 4342">
     <span class='ocr_line' id='line_1_73' title="bbox 137 4276 1748 4342; baseline 0.001 -14"><span class='ocrx_word' id='word_1_531' title='bbox 137 4280 313 4328; x_wconf 76' lang='lat' dir='ltr'>costa</span> <span class='ocrx_word' id='word_1_532' title='bbox 340 4288 474 4340; x_wconf 68' lang='lat' dir='ltr'>qum</span> <span class='ocrx_word' id='word_1_533' title='bbox 496 4290 568 4328; x_wconf 81' lang='lat' dir='ltr'>ex</span> <span class='ocrx_word' id='word_1_534' title='bbox 590 4277 717 4342; x_wconf 90' lang='lat' dir='ltr'>ipso</span> <span class='ocrx_word' id='word_1_535' title='bbox 743 4277 926 4328; x_wconf 86' lang='lat' dir='ltr'>fuerat</span> <span class='ocrx_word' id='word_1_536' title='bbox 941 4277 1187 4340; x_wconf 88' lang='lat' dir='ltr'>sublata,</span> <span class='ocrx_word' id='word_1_537' title='bbox 1208 4277 1266 4328; x_wconf 91' lang='lat' dir='ltr'>in</span> <span class='ocrx_word' id='word_1_538' title='bbox 1286 4276 1488 4341; x_wconf 90' lang='lat' dir='ltr'>spiritu</span> <span class='ocrx_word' id='word_1_539' title='bbox 1509 4278 1606 4329; x_wconf 89' lang='lat' dir='ltr'>Dei</span> <span class='ocrx_word' id='word_1_540' title='bbox 1617 4289 1748 4341; x_wconf 91' lang='lat' dir='ltr'>pro-</span> 
     </span>
    </p>
   </div>
   <div class='ocr_carea' id='block_1_74' title="bbox 139 4347 1746 4413">
    <p class='ocr_par' dir='ltr' id='par_1_74' title="bbox 139 4347 1746 4413">
     <span class='ocr_line' id='line_1_74' title="bbox 139 4347 1746 4413; baseline -0.001 -13"><span class='ocrx_word' id='word_1_541' title='bbox 139 4347 440 4413; x_wconf 83' lang='lat' dir='ltr'>phetando</span> <span class='ocrx_word' id='word_1_542' title='bbox 464 4347 706 4413; x_wconf 81' lang='lat' dir='ltr'>dicebat,</span> <span class='ocrx_word' id='word_1_543' title='bbox 735 4349 844 4398; x_wconf 85' lang='lat' dir='ltr'>[Ioc</span> <span class='ocrx_word' id='word_1_544' title='bbox 867 4363 1014 4398; x_wconf 87' lang='lat' dir='ltr'>nunc</span> <span class='ocrx_word' id='word_1_545' title='bbox 1037 4363 1094 4397; x_wconf 90' lang='lat' dir='ltr'>os</span> <span class='ocrx_word' id='word_1_546' title='bbox 1117 4363 1184 4397; x_wconf 72' lang='lat' dir='ltr'>ea:</span> <span class='ocrx_word' id='word_1_547' title='bbox 1199 4347 1401 4398; x_wconf 85' lang='lat' dir='ltr'>ossibus</span> <span class='ocrx_word' id='word_1_548' title='bbox 1418 4349 1546 4397; x_wconf 84' lang='lat' dir='ltr'>meis</span> <span class='ocrx_word' id='word_1_549' title='bbox 1560 4353 1605 4398; x_wconf 89' lang='lat' dir='ltr'>et</span> <span class='ocrx_word' id='word_1_550' title='bbox 1621 4364 1746 4399; x_wconf 88' lang='lat' dir='ltr'>caro</span> 
     </span>
    </p>
   </div>
   <div class='ocr_carea' id='block_1_75' title="bbox 142 4419 1747 4484">
    <p class='ocr_par' dir='ltr' id='par_1_75' title="bbox 142 4419 1747 4484">
     <span class='ocr_line' id='line_1_75' title="bbox 142 4419 1747 4484; baseline 0 -14"><span class='ocrx_word' id='word_1_551' title='bbox 142 4420 387 4470; x_wconf 85' lang='lat' dir='ltr'>decarne</span> <span class='ocrx_word' id='word_1_552' title='bbox 415 4435 560 4469; x_wconf 86' lang='lat' dir='ltr'>mea:</span> <span class='ocrx_word' id='word_1_553' title='bbox 588 4421 694 4470; x_wconf 68' lang='lat' dir='ltr'>haec</span> <span class='ocrx_word' id='word_1_554' title='bbox 724 4419 1000 4470; x_wconf 80' lang='lat' dir='ltr'>vocabitur</span> <span class='ocrx_word' id='word_1_555' title='bbox 1031 4419 1247 4480; x_wconf 80' lang='lat' dir='ltr'>mulier,</span> <span class='ocrx_word' id='word_1_556' title='bbox 1274 4423 1405 4484; x_wconf 86' lang='lat' dir='ltr'>quia</span> <span class='ocrx_word' id='word_1_557' title='bbox 1423 4434 1490 4469; x_wconf 77' lang='lat' dir='ltr'>ea:</span> <span class='ocrx_word' id='word_1_558' title='bbox 1510 4420 1628 4468; x_wconf 88' lang='lat' dir='ltr'>viro</span> <span class='ocrx_word' id='word_1_559' title='bbox 1650 4435 1747 4470; x_wconf 89' lang='lat' dir='ltr'>suo</span> 
     </span>
    </p>
   </div>
   <div class='ocr_carea' id='block_1_76' title="bbox 139 4491 1749 4557">
    <p class='ocr_par' dir='ltr' id='par_1_76' title="bbox 139 4491 1749 4557">
     <span class='ocr_line' id='line_1_76' title="bbox 139 4491 1749 4557; baseline 0.001 -15"><span class='ocrx_word' id='word_1_560' title='bbox 139 4497 370 4557; x_wconf 80' lang='lat' dir='ltr'>sumpta</span> <span class='ocrx_word' id='word_1_561' title='bbox 393 4497 462 4541; x_wconf 85' lang='lat' dir='ltr'>est</span> <span class='ocrx_word' id='word_1_562' title='bbox 487 4491 632 4557; x_wconf 83' lang='lat' dir='ltr'>(Gen.</span> <span class='ocrx_word' id='word_1_563' title='bbox 661 4491 712 4546; x_wconf 75' lang='lat'>2.</span> <span class='ocrx_word' id='word_1_564' title='bbox 740 4491 868 4554; x_wconf 78' lang='lat'>‘23.),</span> <span class='ocrx_word' id='word_1_565' title='bbox 896 4503 1186 4554; x_wconf 89' lang='lat' dir='ltr'>nusquam</span> <span class='ocrx_word' id='word_1_566' title='bbox 1213 4491 1346 4542; x_wconf 91' lang='lat' dir='ltr'>fecit</span> <span class='ocrx_word' id='word_1_567' title='bbox 1360 4491 1570 4543; x_wconf 63' lang='lat' dir='ltr'>animae</span> <span class='ocrx_word' id='word_1_568' title='bbox 1585 4504 1749 4544; x_wconf 92' lang='lat' dir='ltr'>men-</span> 
     </span>
    </p>
   </div>
   <div class='ocr_carea' id='block_1_77' title="bbox 143 4563 1747 4627">
    <p class='ocr_par' dir='ltr' id='par_1_77' title="bbox 143 4563 1747 4627">
     <span class='ocr_line' id='line_1_77' title="bbox 143 4563 1747 4627; baseline -0.004 -9"><span class='ocrx_word' id='word_1_569' title='bbox 143 4565 365 4618; x_wconf 88' lang='lat' dir='ltr'>tionem</span> <span class='ocrx_word' id='word_1_570' title='bbox 383 4567 406 4614; x_wconf 83' lang='lat'><strong><em>?</em></strong></span> <span class='ocrx_word' id='word_1_571' title='bbox 421 4565 567 4616; x_wconf 88' lang='lat' dir='ltr'>Nam</span> <span class='ocrx_word' id='word_1_572' title='bbox 581 4563 630 4614; x_wconf 90' lang='lat' dir='ltr'>si</span> <span class='ocrx_word' id='word_1_573' title='bbox 647 4564 838 4616; x_wconf 90' lang='lat' dir='ltr'>anima</span> <span class='ocrx_word' id='word_1_574' title='bbox 854 4576 1082 4627; x_wconf 90' lang='lat' dir='ltr'>quoque</span> <span class='ocrx_word' id='word_1_575' title='bbox 1097 4567 1253 4615; x_wconf 89' lang='lat' dir='ltr'>esset</span> <span class='ocrx_word' id='word_1_576' title='bbox 1267 4575 1339 4614; x_wconf 80' lang='lat' dir='ltr'>ex</span> <span class='ocrx_word' id='word_1_577' title='bbox 1354 4563 1548 4614; x_wconf 90' lang='lat' dir='ltr'>anima</span> <span class='ocrx_word' id='word_1_578' title='bbox 1563 4577 1747 4612; x_wconf 87' lang='lat' dir='ltr'>secun-</span> 
     </span>
    </p>
   </div>
   <div class='ocr_carea' id='block_1_78' title="bbox 140 4633 1746 4700">
    <p class='ocr_par' dir='ltr' id='par_1_78' title="bbox 140 4633 1746 4700">
     <span class='ocr_line' id='line_1_78' title="bbox 140 4633 1746 4700; baseline -0.002 -12"><span class='ocrx_word' id='word_1_579' title='bbox 140 4637 290 4688; x_wconf 90' lang='lat' dir='ltr'>dum</span> <span class='ocrx_word' id='word_1_580' title='bbox 303 4634 531 4687; x_wconf 91' lang='lat' dir='ltr'>illorum</span> <span class='ocrx_word' id='word_1_581' title='bbox 543 4647 724 4687; x_wconf 87' lang='lat' dir='ltr'>vanas</span> <span class='ocrx_word' id='word_1_582' title='bbox 736 4635 1054 4700; x_wconf 90' lang='lat' dir='ltr'>opiniones,</span> <span class='ocrx_word' id='word_1_583' title='bbox 1071 4646 1373 4698; x_wconf 88' lang='lat' dir='ltr'>nunquam</span> <span class='ocrx_word' id='word_1_584' title='bbox 1387 4633 1636 4699; x_wconf 88' lang='lat' dir='ltr'>profecto</span> <span class='ocrx_word' id='word_1_585' title='bbox 1651 4637 1746 4684; x_wconf 91' lang='lat' dir='ltr'>hoc</span> 
     </span>
    </p>
   </div>
   <div class='ocr_carea' id='block_1_79' title="bbox 1772 3369 1822 3446">
    <p class='ocr_par' dir='ltr' id='par_1_79' title="bbox 1772 3369 1822 3446">
     <span class='ocr_line' id='line_1_79' title="bbox 1772 3369 1822 3446; baseline 0 0"><span class='ocrx_word' id='word_1_586' title='bbox 1772 3369 1822 3446; x_wconf 88' lang='lat' dir='ltr'>C</span> 
     </span>
    </p>
   </div>
   <div class='ocr_carea' id='block_1_80' title="bbox 1857 2057 3457 2121">
    <p class='ocr_par' dir='ltr' id='par_1_80' title="bbox 1857 2057 3457 2121">
     <span class='ocr_line' id='line_1_80' title="bbox 1857 2057 3457 2121; baseline 0 -15"><span class='ocrx_word' id='word_1_587' title='bbox 1857 2059 2081 2107; x_wconf 89' lang='lat' dir='ltr'>tantum</span> <span class='ocrx_word' id='word_1_588' title='bbox 2093 2057 2354 2120; x_wconf 89' lang='lat' dir='ltr'>spiritum</span> <span class='ocrx_word' id='word_1_589' title='bbox 2369 2057 2440 2108; x_wconf 90' lang='lat' dir='ltr'>ad</span> <span class='ocrx_word' id='word_1_590' title='bbox 2462 2059 2646 2109; x_wconf 87' lang='lat' dir='ltr'>Deum</span> <span class='ocrx_word' id='word_1_591' title='bbox 2661 2057 2866 2109; x_wconf 90' lang='lat' dir='ltr'>reverti</span> <span class='ocrx_word' id='word_1_592' title='bbox 2879 2057 3102 2121; x_wconf 91' lang='lat' dir='ltr'>dicitur,</span> <span class='ocrx_word' id='word_1_593' title='bbox 3117 2057 3246 2110; x_wconf 89' lang='lat' dir='ltr'>licet</span> <span class='ocrx_word' id='word_1_594' title='bbox 3263 2061 3457 2106; x_wconf 84' lang='lat' dir='ltr'>utrius-</span> 
     </span>
    </p>
   </div>
   <div class='ocr_carea' id='block_1_81' title="bbox 1855 2129 3452 2196">
    <p class='ocr_par' dir='ltr' id='par_1_81' title="bbox 1855 2129 3452 2196">
     <span class='ocr_line' id='line_1_81' title="bbox 1855 2129 3452 2196; baseline 0.003 -18"><span class='ocrx_word' id='word_1_595' title='bbox 1855 2140 1968 2192; x_wconf 86' lang='lat' dir='ltr'>que</span> <span class='ocrx_word' id='word_1_596' title='bbox 1992 2129 2067 2180; x_wconf 86' lang='lat' dir='ltr'>sit</span> <span class='ocrx_word' id='word_1_597' title='bbox 2089 2135 2311 2181; x_wconf 89' lang='lat' dir='ltr'>creator</span> <span class='ocrx_word' id='word_1_598' title='bbox 2336 2130 2636 2190; x_wconf 87' lang='lat' dir='ltr'>Dominus,</span> <span class='ocrx_word' id='word_1_599' title='bbox 2659 2133 2776 2182; x_wconf 84' lang='lat' dir='ltr'>tam</span> <span class='ocrx_word' id='word_1_600' title='bbox 2802 2131 2990 2182; x_wconf 87' lang='lat' dir='ltr'>carnis</span> <span class='ocrx_word' id='word_1_601' title='bbox 3001 2143 3178 2194; x_wconf 87' lang='lat' dir='ltr'>quam</span> <span class='ocrx_word' id='word_1_602' title='bbox 3195 2131 3452 2196; x_wconf 89' lang='lat' dir='ltr'>spiritus,</span> 
     </span>
    </p>
   </div>
   <div class='ocr_carea' id='block_1_82' title="bbox 1855 2199 3450 2264">
    <p class='ocr_par' dir='ltr' id='par_1_82' title="bbox 1855 2199 3450 2264">
     <span class='ocr_line' id='line_1_82' title="bbox 1855 2199 3450 2264; baseline -0.001 -15"><span class='ocrx_word' id='word_1_603' title='bbox 1855 2199 2125 2262; x_wconf 90' lang='lat' dir='ltr'>quoniam</span> <span class='ocrx_word' id='word_1_604' title='bbox 2151 2212 2270 2251; x_wconf 92' lang='lat' dir='ltr'>non</span> <span class='ocrx_word' id='word_1_605' title='bbox 2291 2213 2363 2252; x_wconf 87' lang='lat' dir='ltr'>ex</span> <span class='ocrx_word' id='word_1_606' title='bbox 2405 2201 2704 2264; x_wconf 87' lang='lat' dir='ltr'>supposita</span> <span class='ocrx_word' id='word_1_607' title='bbox 2735 2201 2972 2252; x_wconf 84' lang='lat' dir='ltr'>materia</span> <span class='ocrx_word' id='word_1_608' title='bbox 2986 2205 3450 2263; x_wconf 84' lang='lat' dir='ltr'>etspiritumcreat,</span> 
     </span>
    </p>
   </div>
   <div class='ocr_carea' id='block_1_83' title="bbox 1855 2270 3453 2335">
    <p class='ocr_par' dir='ltr' id='par_1_83' title="bbox 1855 2270 3453 2335">
     <span class='ocr_line' id='line_1_83' title="bbox 1855 2270 3453 2335; baseline 0.003 -16"><span class='ocrx_word' id='word_1_609' title='bbox 1855 2270 2005 2321; x_wconf 90' lang='lat' dir='ltr'>sicut</span> <span class='ocrx_word' id='word_1_610' title='bbox 2025 2275 2082 2322; x_wconf 92' lang='lat' dir='ltr'>et</span> <span class='ocrx_word' id='word_1_611' title='bbox 2104 2283 2309 2335; x_wconf 88' lang='lat' dir='ltr'>corpus</span> <span class='ocrx_word' id='word_1_612' title='bbox 2336 2286 2348 2322; x_wconf 88' lang='lat'><strong>:</strong></span> <span class='ocrx_word' id='word_1_613' title='bbox 2377 2271 2845 2335; x_wconf 88' lang='lat' dir='ltr'>etiterum,quod</span> <span class='ocrx_word' id='word_1_614' title='bbox 2869 2283 2980 2323; x_wconf 90' lang='lat' dir='ltr'>una</span> <span class='ocrx_word' id='word_1_615' title='bbox 2991 2285 3125 2324; x_wconf 91' lang='lat' dir='ltr'>cum</span> <span class='ocrx_word' id='word_1_616' title='bbox 3141 2275 3260 2325; x_wconf 93' lang='lat' dir='ltr'>Deo</span> <span class='ocrx_word' id='word_1_617' title='bbox 3280 2273 3453 2324; x_wconf 91' lang='lat' dir='ltr'>homo</span> 
     </span>
    </p>
   </div>
   <div class='ocr_carea' id='block_1_84' title="bbox 1852 2340 3452 2408">
    <p class='ocr_par' dir='ltr' id='par_1_84' title="bbox 1852 2340 3452 2408">
     <span class='ocr_line' id='line_1_84' title="bbox 1852 2340 3452 2408; baseline 0.002 -17"><span class='ocrx_word' id='word_1_618' title='bbox 1852 2340 2077 2393; x_wconf 88' lang='lat' dir='ltr'>videtur</span> <span class='ocrx_word' id='word_1_619' title='bbox 2097 2342 2316 2406; x_wconf 85' lang='lat' dir='ltr'>operari</span> <span class='ocrx_word' id='word_1_620' title='bbox 2339 2341 2410 2393; x_wconf 88' lang='lat' dir='ltr'>ad</span> <span class='ocrx_word' id='word_1_621' title='bbox 2435 2343 2796 2394; x_wconf 81' lang='lat' dir='ltr'>nativitatem</span> <span class='ocrx_word' id='word_1_622' title='bbox 2823 2343 3072 2408; x_wconf 87' lang='lat' dir='ltr'>corporis</span> <span class='ocrx_word' id='word_1_623' title='bbox 3100 2343 3452 2408; x_wconf 85' lang='lat' dir='ltr'>procreandi,</span> 
     </span>
    </p>
   </div>
   <div class='ocr_carea' id='block_1_85' title="bbox 1853 2412 3454 2478">
    <p class='ocr_par' dir='ltr' id='par_1_85' title="bbox 1853 2412 3454 2478">
     <span class='ocr_line' id='line_1_85' title="bbox 1853 2412 3454 2478; baseline 0.001 -16"><span class='ocrx_word' id='word_1_624' title='bbox 1853 2412 2118 2476; x_wconf 88' lang='lat' dir='ltr'>spiritum</span> <span class='ocrx_word' id='word_1_625' title='bbox 2141 2417 2329 2465; x_wconf 89' lang='lat' dir='ltr'>autem</span> <span class='ocrx_word' id='word_1_626' title='bbox 2347 2413 2506 2465; x_wconf 90' lang='lat' dir='ltr'>solus</span> <span class='ocrx_word' id='word_1_627' title='bbox 2519 2416 2778 2478; x_wconf 86' lang='lat' dir='ltr'>procreat</span> <span class='ocrx_word' id='word_1_628' title='bbox 2796 2415 2964 2466; x_wconf 87' lang='lat' dir='ltr'>Deus.</span> <span class='ocrx_word' id='word_1_629' title='bbox 2980 2415 3190 2478; x_wconf 90' lang='lat' dir='ltr'>quippe</span> <span class='ocrx_word' id='word_1_630' title='bbox 3201 2427 3334 2466; x_wconf 91' lang='lat' dir='ltr'>cum</span> <span class='ocrx_word' id='word_1_631' title='bbox 3355 2413 3454 2465; x_wconf 83' lang='lat' dir='ltr'>ho-</span> 
     </span>
    </p>
   </div>
   <div class='ocr_carea' id='block_1_86' title="bbox 1851 2483 3450 2548">
    <p class='ocr_par' dir='ltr' id='par_1_86' title="bbox 1851 2483 3450 2548">
     <span class='ocr_line' id='line_1_86' title="bbox 1851 2483 3450 2548; baseline 0 -15"><span class='ocrx_word' id='word_1_632' title='bbox 1851 2483 2073 2535; x_wconf 90' lang='lat' dir='ltr'>minum</span> <span class='ocrx_word' id='word_1_633' title='bbox 2091 2484 2321 2548; x_wconf 86' lang='lat' dir='ltr'>quidem</span> <span class='ocrx_word' id='word_1_634' title='bbox 2337 2486 2413 2536; x_wconf 89' lang='lat' dir='ltr'>sit</span> <span class='ocrx_word' id='word_1_635' title='bbox 2427 2485 2870 2537; x_wconf 87' lang='lat' dir='ltr'>subministrare</span> <span class='ocrx_word' id='word_1_636' title='bbox 2884 2485 3172 2544; x_wconf 87' lang='lat' dir='ltr'>materias,</span> <span class='ocrx_word' id='word_1_637' title='bbox 3188 2488 3271 2534; x_wconf 85' lang='lat' dir='ltr'>Dei</span> <span class='ocrx_word' id='word_1_638' title='bbox 3284 2491 3450 2534; x_wconf 85' lang='lat' dir='ltr'>autem</span> 
     </span>
    </p>
   </div>
   <div class='ocr_carea' id='block_1_87' title="bbox 1853 2555 3454 2620">
    <p class='ocr_par' dir='ltr' id='par_1_87' title="bbox 1853 2555 3454 2620">
     <span class='ocr_line' id='line_1_87' title="bbox 1853 2555 3454 2620; baseline 0.001 -13"><span class='ocrx_word' id='word_1_639' title='bbox 1853 2567 2043 2608; x_wconf 90' lang='lat' dir='ltr'>creare</span> <span class='ocrx_word' id='word_1_640' title='bbox 2058 2555 2371 2609; x_wconf 89' lang='lat' dir='ltr'>hominem.</span> <span class='ocrx_word' id='word_1_641' title='bbox 2389 2557 2550 2618; x_wconf 89' lang='lat' dir='ltr'>Quod</span> <span class='ocrx_word' id='word_1_642' title='bbox 2566 2561 2763 2608; x_wconf 89' lang='lat' dir='ltr'>autem</span> <span class='ocrx_word' id='word_1_643' title='bbox 2778 2559 2928 2609; x_wconf 89' lang='lat' dir='ltr'>Deus</span> <span class='ocrx_word' id='word_1_644' title='bbox 2944 2557 3146 2620; x_wconf 87' lang='lat' dir='ltr'>estqui</span> <span class='ocrx_word' id='word_1_645' title='bbox 3161 2555 3371 2608; x_wconf 88' lang='lat' dir='ltr'>format</span> <span class='ocrx_word' id='word_1_646' title='bbox 3386 2569 3454 2608; x_wconf 88' lang='lat' dir='ltr'>ea</span> 
     </span>
    </p>
   </div>
   <div class='ocr_carea' id='block_1_88' title="bbox 1852 2627 3454 2692">
    <p class='ocr_par' dir='ltr' id='par_1_88' title="bbox 1852 2627 3454 2692">
     <span class='ocr_line' id='line_1_88' title="bbox 1852 2627 3454 2692; baseline 0 -14"><span class='ocrx_word' id='word_1_647' title='bbox 1852 2638 1984 2690; x_wconf 79' lang='lat' dir='ltr'>quae</span> <span class='ocrx_word' id='word_1_648' title='bbox 2006 2627 2066 2678; x_wconf 90' lang='lat' dir='ltr'>in</span> <span class='ocrx_word' id='word_1_649' title='bbox 2089 2633 2320 2679; x_wconf 88' lang='lat' dir='ltr'>uterum</span> <span class='ocrx_word' id='word_1_650' title='bbox 2341 2629 2562 2680; x_wconf 88' lang='lat' dir='ltr'>semina</span> <span class='ocrx_word' id='word_1_651' title='bbox 2577 2629 2890 2692; x_wconf 90' lang='lat' dir='ltr'>jaciuntur,</span> <span class='ocrx_word' id='word_1_652' title='bbox 2917 2627 3067 2680; x_wconf 85' lang='lat' dir='ltr'>sicut</span> <span class='ocrx_word' id='word_1_653' title='bbox 3083 2627 3258 2679; x_wconf 89' lang='lat' dir='ltr'>etiam</span> <span class='ocrx_word' id='word_1_654' title='bbox 3268 2631 3454 2678; x_wconf 87' lang='lat' dir='ltr'>cetera</span> 
     </span>
    </p>
   </div>
   <div class='ocr_carea' id='block_1_89' title="bbox 1852 2697 3450 2764">
    <p class='ocr_par' dir='ltr' id='par_1_89' title="bbox 1852 2697 3450 2764">
     <span class='ocr_line' id='line_1_89' title="bbox 1852 2697 3450 2764; baseline -0.001 -16"><span class='ocrx_word' id='word_1_655' title='bbox 1852 2697 2080 2750; x_wconf 90' lang='lat' dir='ltr'>diversa</span> <span class='ocrx_word' id='word_1_656' title='bbox 2103 2699 2370 2762; x_wconf 82' lang='lat' dir='ltr'>vivificat,</span> <span class='ocrx_word' id='word_1_657' title='bbox 2386 2712 2516 2763; x_wconf 59' lang='lat' dir='ltr'>quae</span> <span class='ocrx_word' id='word_1_658' title='bbox 2532 2701 2605 2751; x_wconf 92' lang='lat' dir='ltr'>ab</span> <span class='ocrx_word' id='word_1_659' title='bbox 2617 2699 2882 2764; x_wconf 84' lang='lat' dir='ltr'>agricolis</span> <span class='ocrx_word' id='word_1_660' title='bbox 2895 2701 3164 2751; x_wconf 87' lang='lat' dir='ltr'>seruntur</span> <span class='ocrx_word' id='word_1_661' title='bbox 3175 2699 3234 2750; x_wconf 91' lang='lat' dir='ltr'>in</span> <span class='ocrx_word' id='word_1_662' title='bbox 3251 2705 3450 2760; x_wconf 82' lang='lat' dir='ltr'>terram,</span> 
     </span>
    </p>
   </div>
   <div class='ocr_carea' id='block_1_90' title="bbox 1854 2769 3455 2832">
    <p class='ocr_par' dir='ltr' id='par_1_90' title="bbox 1854 2769 3455 2832">
     <span class='ocr_line' id='line_1_90' title="bbox 1854 2769 3455 2832; baseline -0.001 -13"><span class='ocrx_word' id='word_1_663' title='bbox 1854 2769 2018 2820; x_wconf 88' lang='lat' dir='ltr'>testis</span> <span class='ocrx_word' id='word_1_664' title='bbox 2041 2774 2132 2822; x_wconf 89' lang='lat' dir='ltr'>est</span> <span class='ocrx_word' id='word_1_665' title='bbox 2155 2771 2359 2822; x_wconf 89' lang='lat' dir='ltr'>beatus</span> <span class='ocrx_word' id='word_1_666' title='bbox 2374 2772 2482 2824; x_wconf 91' lang='lat' dir='ltr'>Job</span> <span class='ocrx_word' id='word_1_667' title='bbox 2513 2784 2646 2823; x_wconf 90' lang='lat' dir='ltr'>cum</span> <span class='ocrx_word' id='word_1_668' title='bbox 2669 2771 2810 2822; x_wconf 89' lang='lat' dir='ltr'>dicit</span> <span class='ocrx_word' id='word_1_669' title='bbox 2835 2771 2907 2822; x_wconf 89' lang='lat' dir='ltr'>ad</span> <span class='ocrx_word' id='word_1_670' title='bbox 2930 2770 3338 2832; x_wconf 84' lang='lat' dir='ltr'>Deum,Manus</span> <span class='ocrx_word' id='word_1_671' title='bbox 3354 2775 3455 2818; x_wconf 75' lang='lat' dir='ltr'>tuae</span> 
     </span>
    </p>
   </div>
   <div class='ocr_carea' id='block_1_91' title="bbox 1851 2840 3454 2907">
    <p class='ocr_par' dir='ltr' id='par_1_91' title="bbox 1851 2840 3454 2907">
     <span class='ocr_line' id='line_1_91' title="bbox 1851 2840 3454 2907; baseline 0.003 -19"><span class='ocrx_word' id='word_1_672' title='bbox 1851 2841 2090 2903; x_wconf 82' lang='lat' dir='ltr'>fecerunt</span> <span class='ocrx_word' id='word_1_673' title='bbox 2110 2855 2213 2896; x_wconf 85' lang='lat' dir='ltr'>me.</span> <span class='ocrx_word' id='word_1_674' title='bbox 2247 2847 2294 2890; x_wconf 84' lang='lat' dir='ltr'>et</span> <span class='ocrx_word' id='word_1_675' title='bbox 2314 2843 2722 2907; x_wconf 84' lang='lat' dir='ltr'>plas-maverunt</span> <span class='ocrx_word' id='word_1_676' title='bbox 2744 2856 2827 2890; x_wconf 88' lang='lat' dir='ltr'>me</span> <span class='ocrx_word' id='word_1_677' title='bbox 2849 2841 2982 2906; x_wconf 84' lang='lat' dir='ltr'>(Job.</span> <span class='ocrx_word' id='word_1_678' title='bbox 3011 2841 3096 2896; x_wconf 88' lang='grc'>10.</span> <span class='ocrx_word' id='word_1_679' title='bbox 3123 2841 3214 2905; x_wconf 88' lang='grc'>8.).</span> <span class='ocrx_word' id='word_1_680' title='bbox 3240 2840 3454 2893; x_wconf 88' lang='lat' dir='ltr'>Eadem</span> 
     </span>
    </p>
   </div>
   <div class='ocr_carea' id='block_1_92' title="bbox 1851 2911 3452 2978">
    <p class='ocr_par' dir='ltr' id='par_1_92' title="bbox 1851 2911 3452 2978">
     <span class='ocr_line' id='line_1_92' title="bbox 1851 2911 3452 2978; baseline 0 -16"><span class='ocrx_word' id='word_1_681' title='bbox 1851 2911 2027 2963; x_wconf 87' lang='lat' dir='ltr'>etiam</span> <span class='ocrx_word' id='word_1_682' title='bbox 2057 2912 2235 2965; x_wconf 88' lang='lat' dir='ltr'>David</span> <span class='ocrx_word' id='word_1_683' title='bbox 2260 2913 2535 2978; x_wconf 87' lang='lat' dir='ltr'>propheta</span> <span class='ocrx_word' id='word_1_684' title='bbox 2558 2913 2710 2965; x_wconf 87' lang='lat' dir='ltr'>dicit.</span> <span class='ocrx_word' id='word_1_685' title='bbox 2730 2914 2954 2964; x_wconf 85' lang='lat' dir='ltr'>Rursus</span> <span class='ocrx_word' id='word_1_686' title='bbox 2969 2913 3141 2964; x_wconf 87' lang='lat' dir='ltr'>etiam</span> <span class='ocrx_word' id='word_1_687' title='bbox 3155 2914 3310 2964; x_wconf 90' lang='lat' dir='ltr'>Deus</span> <span class='ocrx_word' id='word_1_688' title='bbox 3322 2913 3452 2963; x_wconf 91' lang='lat' dir='ltr'>Hie-</span> 
     </span>
    </p>
   </div>
   <div class='ocr_carea' id='block_1_93' title="bbox 1853 2983 3452 3049">
    <p class='ocr_par' dir='ltr' id='par_1_93' title="bbox 1853 2983 3452 3049">
     <span class='ocr_line' id='line_1_93' title="bbox 1853 2983 3452 3049; baseline -0.001 -17"><span class='ocrx_word' id='word_1_689' title='bbox 1853 2983 2050 3036; x_wconf 65' lang='lat' dir='ltr'>remim</span> <span class='ocrx_word' id='word_1_690' title='bbox 2082 2985 2380 3049; x_wconf 60' lang='lat' dir='ltr'>Propheta</span> <span class='ocrx_word' id='word_1_691' title='bbox 2405 2985 2487 3036; x_wconf 89' lang='lat' dir='ltr'>sic</span> <span class='ocrx_word' id='word_1_692' title='bbox 2523 2983 2676 3045; x_wconf 86' lang='lat' dir='ltr'>dicit,</span> <span class='ocrx_word' id='word_1_693' title='bbox 2704 2984 3041 3046; x_wconf 80' lang='lat' dir='ltr'>Priusquam</span> <span class='ocrx_word' id='word_1_694' title='bbox 3067 2986 3111 3032; x_wconf 86' lang='lat' dir='ltr'>te</span> <span class='ocrx_word' id='word_1_695' title='bbox 3131 2983 3452 3046; x_wconf 81' lang='lat' dir='ltr'>formarem,</span> 
     </span>
    </p>
   </div>
   <div class='ocr_carea' id='block_1_94' title="bbox 1852 3053 3452 3120">
    <p class='ocr_par' dir='ltr' id='par_1_94' title="bbox 1852 3053 3452 3120">
     <span class='ocr_line' id='line_1_94' title="bbox 1852 3053 3452 3120; baseline 0.002 -19"><span class='ocrx_word' id='word_1_696' title='bbox 1852 3053 1913 3102; x_wconf 88' lang='lat' dir='ltr'>in</span> <span class='ocrx_word' id='word_1_697' title='bbox 1935 3061 2084 3103; x_wconf 87' lang='lat' dir='ltr'>utero</span> <span class='ocrx_word' id='word_1_698' title='bbox 2108 3055 2329 3120; x_wconf 82' lang='lat' dir='ltr'>cognovi</span> <span class='ocrx_word' id='word_1_699' title='bbox 2353 3060 2397 3104; x_wconf 88' lang='lat' dir='ltr'>te</span> <span class='ocrx_word' id='word_1_700' title='bbox 2412 3056 2538 3117; x_wconf 85' lang='lat' dir='ltr'>(Jer.</span> <span class='ocrx_word' id='word_1_701' title='bbox 2565 3055 2616 3109; x_wconf 88' lang='grc'>1.</span> <span class='ocrx_word' id='word_1_702' title='bbox 2641 3053 2730 3117; x_wconf 85' lang='grc'>5.).</span> <span class='ocrx_word' id='word_1_703' title='bbox 2768 3053 3034 3105; x_wconf 82' lang='lat' dir='ltr'>Similiter</span> <span class='ocrx_word' id='word_1_704' title='bbox 3055 3057 3253 3104; x_wconf 89' lang='lat' dir='ltr'>autem</span> <span class='ocrx_word' id='word_1_705' title='bbox 3271 3053 3452 3104; x_wconf 82' lang='lat' dir='ltr'>Isaias</span> 
     </span>
    </p>
   </div>
   <div class='ocr_carea' id='block_1_95' title="bbox 1850 3125 3446 3192">
    <p class='ocr_par' dir='ltr' id='par_1_95' title="bbox 1850 3125 3446 3192">
     <span class='ocr_line' id='line_1_95' title="bbox 1850 3125 3446 3192; baseline 0 -16"><span class='ocrx_word' id='word_1_706' title='bbox 1850 3125 2130 3192; x_wconf 81' lang='lat' dir='ltr'>Propheta</span> <span class='ocrx_word' id='word_1_707' title='bbox 2173 3126 2245 3179; x_wconf 92' lang='lat' dir='ltr'>de</span> <span class='ocrx_word' id='word_1_708' title='bbox 2281 3127 2512 3192; x_wconf 85' lang='lat' dir='ltr'>p0pulo,</span> <span class='ocrx_word' id='word_1_709' title='bbox 2535 3127 2634 3191; x_wconf 90' lang='lat' dir='ltr'>qui</span> <span class='ocrx_word' id='word_1_710' title='bbox 2652 3126 2830 3178; x_wconf 88' lang='lat' dir='ltr'>Jacob</span> <span class='ocrx_word' id='word_1_711' title='bbox 2853 3125 3088 3178; x_wconf 85' lang='lat' dir='ltr'>nomine</span> <span class='ocrx_word' id='word_1_712' title='bbox 3111 3125 3446 3188; x_wconf 89' lang='lat' dir='ltr'>vocabatur,</span> 
     </span>
    </p>
   </div>
   <div class='ocr_carea' id='block_1_96' title="bbox 1847 3191 3452 3261">
    <p class='ocr_par' dir='ltr' id='par_1_96' title="bbox 1847 3191 3452 3261">
     <span class='ocr_line' id='line_1_96' title="bbox 1847 3191 3452 3261; baseline -0.002 -13"><span class='ocrx_word' id='word_1_713' title='bbox 1847 3191 1996 3250; x_wconf 87' lang='lat' dir='ltr'>inter</span> <span class='ocrx_word' id='word_1_714' title='bbox 2019 3203 2208 3250; x_wconf 89' lang='lat' dir='ltr'>cetera</span> <span class='ocrx_word' id='word_1_715' title='bbox 2230 3191 2400 3250; x_wconf 81' lang='lat' dir='ltr'>etiam</span> <span class='ocrx_word' id='word_1_716' title='bbox 2426 3199 2508 3251; x_wconf 88' lang='lat' dir='ltr'>sic</span> <span class='ocrx_word' id='word_1_717' title='bbox 2528 3197 2667 3251; x_wconf 88' lang='lat' dir='ltr'>dicit</span> <span class='ocrx_word' id='word_1_718' title='bbox 2691 3215 2702 3246; x_wconf 90' lang='lat'><strong>:</strong></span> <span class='ocrx_word' id='word_1_719' title='bbox 2727 3197 2997 3247; x_wconf 84' lang='lat' dir='ltr'>Dominus</span> <span class='ocrx_word' id='word_1_720' title='bbox 3019 3197 3117 3261; x_wconf 90' lang='lat' dir='ltr'>qui</span> <span class='ocrx_word' id='word_1_721' title='bbox 3139 3196 3364 3247; x_wconf 86' lang='lat' dir='ltr'>redemit</span> <span class='ocrx_word' id='word_1_722' title='bbox 3387 3201 3452 3260; x_wconf 82' lang='lat' dir='ltr'>te,</span> 
     </span>
    </p>
   </div>
   <div class='ocr_carea' id='block_1_97' title="bbox 1843 3267 3449 3334">
    <p class='ocr_par' dir='ltr' id='par_1_97' title="bbox 1843 3267 3449 3334">
     <span class='ocr_line' id='line_1_97' title="bbox 1843 3267 3449 3334; baseline 0 -16"><span class='ocrx_word' id='word_1_723' title='bbox 1843 3273 1892 3318; x_wconf 90' lang='lat' dir='ltr'>et</span> <span class='ocrx_word' id='word_1_724' title='bbox 1913 3269 2010 3334; x_wconf 88' lang='lat' dir='ltr'>qui</span> <span class='ocrx_word' id='word_1_725' title='bbox 2035 3269 2294 3333; x_wconf 76' lang='lat' dir='ltr'>formavit</span> <span class='ocrx_word' id='word_1_726' title='bbox 2317 3277 2362 3320; x_wconf 89' lang='lat' dir='ltr'>te</span> <span class='ocrx_word' id='word_1_727' title='bbox 2397 3286 2464 3320; x_wconf 71' lang='lat' dir='ltr'>ex</span> <span class='ocrx_word' id='word_1_728' title='bbox 2498 3275 2649 3319; x_wconf 88' lang='lat' dir='ltr'>utero</span> <span class='ocrx_word' id='word_1_729' title='bbox 2694 3269 2840 3330; x_wconf 84' lang='lat' dir='ltr'>(Esa,</span> <span class='ocrx_word' id='word_1_730' title='bbox 2881 3267 2968 3324; x_wconf 74' lang='grc'>44.</span> <span class='ocrx_word' id='word_1_731' title='bbox 3013 3267 3143 3332; x_wconf 69' lang='lat'><strong>2.4).</strong></span> <span class='ocrx_word' id='word_1_732' title='bbox 3175 3267 3449 3332; x_wconf 86' lang='lat' dir='ltr'>Apertius</span> 
     </span>
    </p>
   </div>
   <div class='ocr_carea' id='block_1_98' title="bbox 1848 3338 3449 3394">
    <p class='ocr_par' dir='ltr' id='par_1_98' title="bbox 1848 3338 3449 3394">
     <span class='ocr_line' id='line_1_98' title="bbox 1848 3338 3449 3394; baseline -0.001 -2"><span class='ocrx_word' id='word_1_733' title='bbox 1848 3345 2044 3393; x_wconf 90' lang='lat' dir='ltr'>autem</span> <span class='ocrx_word' id='word_1_734' title='bbox 2057 3341 2453 3394; x_wconf 80' lang='lat' dir='ltr'>etiam&#39;beatus</span> <span class='ocrx_word' id='word_1_735' title='bbox 2468 3341 2680 3393; x_wconf 89' lang='lat' dir='ltr'>Paulus</span> <span class='ocrx_word' id='word_1_736' title='bbox 2690 3340 2764 3392; x_wconf 84' lang='lat' dir='ltr'>ad</span> <span class='ocrx_word' id='word_1_737' title='bbox 2779 3341 3058 3392; x_wconf 65' lang='lat' dir='ltr'>Hebrmos</span> <span class='ocrx_word' id='word_1_738' title='bbox 3075 3339 3333 3392; x_wconf 89' lang='lat' dir='ltr'>scribens</span> <span class='ocrx_word' id='word_1_739' title='bbox 3344 3338 3449 3390; x_wconf 92' lang='lat' dir='ltr'>do-</span> 
     </span>
    </p>
   </div>
   <div class='ocr_carea' id='block_1_99' title="bbox 1849 3410 3449 3478">
    <p class='ocr_par' dir='ltr' id='par_1_99' title="bbox 1849 3410 3449 3478">
     <span class='ocr_line' id='line_1_99' title="bbox 1849 3410 3449 3478; baseline -0.002 -14"><span class='ocrx_word' id='word_1_740' title='bbox 1849 3417 1958 3478; x_wconf 91' lang='lat' dir='ltr'>cet,</span> <span class='ocrx_word' id='word_1_741' title='bbox 1979 3413 2135 3477; x_wconf 90' lang='lat' dir='ltr'>quod</span> <span class='ocrx_word' id='word_1_742' title='bbox 2161 3426 2280 3465; x_wconf 92' lang='lat' dir='ltr'>non</span> <span class='ocrx_word' id='word_1_743' title='bbox 2297 3413 2466 3466; x_wconf 87' lang='lat' dir='ltr'>sicuti</span> <span class='ocrx_word' id='word_1_744' title='bbox 2486 3424 2725 3478; x_wconf 89' lang='lat' dir='ltr'>corpora</span> <span class='ocrx_word' id='word_1_745' title='bbox 2734 3425 2806 3464; x_wconf 82' lang='lat' dir='ltr'>ex</span> <span class='ocrx_word' id='word_1_746' title='bbox 2823 3411 3194 3464; x_wconf 88' lang='lat' dir='ltr'>successione</span> <span class='ocrx_word' id='word_1_747' title='bbox 3209 3410 3449 3462; x_wconf 88' lang='lat' dir='ltr'>descen-</span> 
     </span>
    </p>
   </div>
   <div class='ocr_carea' id='block_1_100' title="bbox 1847 3481 3452 3550">
    <p class='ocr_par' dir='ltr' id='par_1_100' title="bbox 1847 3481 3452 3550">
     <span class='ocr_line' id='line_1_100' title="bbox 1847 3481 3452 3550; baseline -0.002 -15"><span class='ocrx_word' id='word_1_748' title='bbox 1847 3484 2010 3548; x_wconf 89' lang='lat' dir='ltr'>dunt,</span> <span class='ocrx_word' id='word_1_749' title='bbox 2036 3485 2117 3535; x_wconf 89' lang='lat' dir='ltr'>sic</span> <span class='ocrx_word' id='word_1_750' title='bbox 2131 3485 2303 3536; x_wconf 88' lang='lat' dir='ltr'>etiam</span> <span class='ocrx_word' id='word_1_751' title='bbox 2321 3485 2578 3550; x_wconf 88' lang='lat' dir='ltr'>spiritus,</span> <span class='ocrx_word' id='word_1_752' title='bbox 2599 3481 2710 3535; x_wconf 91' lang='lat' dir='ltr'>hoc</span> <span class='ocrx_word' id='word_1_753' title='bbox 2725 3487 2832 3546; x_wconf 90' lang='lat' dir='ltr'>est,</span> <span class='ocrx_word' id='word_1_754' title='bbox 2845 3487 3063 3534; x_wconf 72' lang='lat' dir='ltr'>nostrae</span> <span class='ocrx_word' id='word_1_755' title='bbox 3072 3482 3303 3544; x_wconf 66' lang='lat' dir='ltr'>animm,</span> <span class='ocrx_word' id='word_1_756' title='bbox 3317 3493 3452 3532; x_wconf 91' lang='lat' dir='ltr'>cum</span> 
     </span>
    </p>
   </div>
   <div class='ocr_carea' id='block_1_101' title="bbox 1843 3551 3452 3620">
    <p class='ocr_par' dir='ltr' id='par_1_101' title="bbox 1843 3551 3452 3620">
     <span class='ocr_line' id='line_1_101' title="bbox 1843 3551 3452 3620; baseline -0.003 -13"><span class='ocrx_word' id='word_1_757' title='bbox 1843 3555 2012 3607; x_wconf 88' lang='lat' dir='ltr'>dicit:</span> <span class='ocrx_word' id='word_1_758' title='bbox 2033 3557 2220 3606; x_wconf 84' lang='lat' dir='ltr'>Patres</span> <span class='ocrx_word' id='word_1_759' title='bbox 2234 3557 2452 3620; x_wconf 86' lang='lat' dir='ltr'>quidem</span> <span class='ocrx_word' id='word_1_760' title='bbox 2477 3556 2660 3605; x_wconf 89' lang='lat' dir='ltr'>carnis</span> <span class='ocrx_word' id='word_1_761' title='bbox 2681 3559 2873 3604; x_wconf 72' lang='lat' dir='ltr'>nostrae</span> <span class='ocrx_word' id='word_1_762' title='bbox 2897 3553 3188 3604; x_wconf 80' lang='lat' dir='ltr'>habuimus</span> <span class='ocrx_word' id='word_1_763' title='bbox 3207 3551 3452 3602; x_wconf 84' lang='lat' dir='ltr'>erudito-</span> 
     </span>
    </p>
   </div>
   <div class='ocr_carea' id='block_1_102' title="bbox 1841 3622 3454 3689">
    <p class='ocr_par' dir='ltr' id='par_1_102' title="bbox 1841 3622 3454 3689">
     <span class='ocr_line' id='line_1_102' title="bbox 1841 3622 3454 3689; baseline -0.002 -14"><span class='ocrx_word' id='word_1_764' title='bbox 1841 3641 1946 3686; x_wconf 87' lang='lat' dir='ltr'>res,</span> <span class='ocrx_word' id='word_1_765' title='bbox 1963 3631 2009 3676; x_wconf 91' lang='lat' dir='ltr'>et</span> <span class='ocrx_word' id='word_1_766' title='bbox 2031 3627 2424 3688; x_wconf 88' lang='lat' dir='ltr'>reverebamur,</span> <span class='ocrx_word' id='word_1_767' title='bbox 2451 3641 2565 3676; x_wconf 85' lang='lat' dir='ltr'>non</span> <span class='ocrx_word' id='word_1_768' title='bbox 2587 3625 2758 3676; x_wconf 87' lang='lat' dir='ltr'>multo</span> <span class='ocrx_word' id='word_1_769' title='bbox 2773 3625 2950 3689; x_wconf 86' lang='lat' dir='ltr'>magis</span> <span class='ocrx_word' id='word_1_770' title='bbox 2977 3622 3454 3688; x_wconf 86' lang='lat' dir='ltr'>obtemperabimus</span> 
     </span>
    </p>
   </div>
   <div class='ocr_carea' id='block_1_103' title="bbox 1839 3694 3454 3762">
    <p class='ocr_par' dir='ltr' id='par_1_103' title="bbox 1839 3694 3454 3762">
     <span class='ocr_line' id='line_1_103' title="bbox 1839 3694 3454 3762; baseline 0 -16"><span class='ocrx_word' id='word_1_771' title='bbox 1839 3698 1992 3762; x_wconf 86' lang='lat' dir='ltr'>patri</span> <span class='ocrx_word' id='word_1_772' title='bbox 2034 3699 2348 3762; x_wconf 85' lang='lat' dir='ltr'>spirituum,</span> <span class='ocrx_word' id='word_1_773' title='bbox 2374 3704 2423 3749; x_wconf 90' lang='lat' dir='ltr'>et</span> <span class='ocrx_word' id='word_1_774' title='bbox 2444 3699 2686 3748; x_wconf 86' lang='lat' dir='ltr'>vivemus</span> <span class='ocrx_word' id='word_1_775' title='bbox 2715 3696 2889 3761; x_wconf 87' lang='lat' dir='ltr'>(Hebr.</span> <span class='ocrx_word' id='word_1_776' title='bbox 2913 3694 2998 3750; x_wconf 75' lang='lat'>1‘2.</span> <span class='ocrx_word' id='word_1_777' title='bbox 3027 3695 3138 3760; x_wconf 83' lang='lat'><strong>6.)?</strong></span> <span class='ocrx_word' id='word_1_778' title='bbox 3175 3695 3454 3758; x_wconf 85' lang='lat' dir='ltr'>Quoniam</span> 
     </span>
    </p>
   </div>
   <div class='ocr_carea' id='block_1_104' title="bbox 1842 3766 3454 3832">
    <p class='ocr_par' dir='ltr' id='par_1_104' title="bbox 1842 3766 3454 3832">
     <span class='ocr_line' id='line_1_104' title="bbox 1842 3766 3454 3832; baseline -0.001 -13"><span class='ocrx_word' id='word_1_779' title='bbox 1842 3770 2000 3820; x_wconf 90' lang='lat' dir='ltr'>Deus</span> <span class='ocrx_word' id='word_1_780' title='bbox 2041 3781 2176 3820; x_wconf 92' lang='lat' dir='ltr'>cum</span> <span class='ocrx_word' id='word_1_781' title='bbox 2201 3769 2562 3820; x_wconf 89' lang='lat' dir='ltr'>benediceret</span> <span class='ocrx_word' id='word_1_782' title='bbox 2613 3767 2814 3832; x_wconf 88' lang='lat' dir='ltr'>primis</span> <span class='ocrx_word' id='word_1_783' title='bbox 2841 3766 3194 3829; x_wconf 85' lang='lat' dir='ltr'>hominibus,</span> <span class='ocrx_word' id='word_1_784' title='bbox 3225 3766 3337 3818; x_wconf 90' lang='lat' dir='ltr'>hoc</span> <span class='ocrx_word' id='word_1_785' title='bbox 3366 3769 3454 3818; x_wconf 90' lang='lat' dir='ltr'>est</span> 
     </span>
    </p>
   </div>
   <div class='ocr_carea' id='block_1_105' title="bbox 1845 3837 3456 3904">
    <p class='ocr_par' dir='ltr' id='par_1_105' title="bbox 1845 3837 3456 3904">
     <span class='ocr_line' id='line_1_105' title="bbox 1845 3837 3456 3904; baseline -0.002 -14"><span class='ocrx_word' id='word_1_786' title='bbox 1845 3839 2033 3890; x_wconf 86' lang='lat' dir='ltr'>Adam</span> <span class='ocrx_word' id='word_1_787' title='bbox 2055 3845 2114 3891; x_wconf 91' lang='lat' dir='ltr'>et</span> <span class='ocrx_word' id='word_1_788' title='bbox 2138 3842 2286 3904; x_wconf 71' lang='lat' dir='ltr'>EWB,</span> <span class='ocrx_word' id='word_1_789' title='bbox 2303 3839 2468 3900; x_wconf 81' lang='lat' dir='ltr'>dixit,</span> <span class='ocrx_word' id='word_1_790' title='bbox 2491 3839 2722 3888; x_wconf 84' lang='lat' dir='ltr'>Crescite</span> <span class='ocrx_word' id='word_1_791' title='bbox 2739 3843 2784 3886; x_wconf 90' lang='lat' dir='ltr'>et</span> <span class='ocrx_word' id='word_1_792' title='bbox 2799 3837 3266 3902; x_wconf 80' lang='lat' dir='ltr'>multiplicamini,</span> <span class='ocrx_word' id='word_1_793' title='bbox 3291 3841 3338 3885; x_wconf 88' lang='lat' dir='ltr'>et</span> <span class='ocrx_word' id='word_1_794' title='bbox 3357 3837 3456 3886; x_wconf 87' lang='lat' dir='ltr'>im-</span> 
     </span>
    </p>
   </div>
   <div class='ocr_carea' id='block_1_106' title="bbox 1841 3907 3455 3975">
    <p class='ocr_par' dir='ltr' id='par_1_106' title="bbox 1841 3907 3455 3975">
     <span class='ocr_line' id='line_1_106' title="bbox 1841 3907 3455 3975; baseline 0 -17"><span class='ocrx_word' id='word_1_795' title='bbox 1841 3910 1972 3975; x_wconf 86' lang='lat' dir='ltr'>pletc</span> <span class='ocrx_word' id='word_1_796' title='bbox 2017 3914 2218 3959; x_wconf 86' lang='lat' dir='ltr'>terram</span> <span class='ocrx_word' id='word_1_797' title='bbox 2265 3911 2416 3974; x_wconf 85' lang='lat' dir='ltr'>(Gen.</span> <span class='ocrx_word' id='word_1_798' title='bbox 2453 3909 2504 3964; x_wconf 72' lang='lat'>£2.</span> <span class='ocrx_word' id='word_1_799' title='bbox 2547 3907 2658 3972; x_wconf 63' lang='lat'>98.)</span> <span class='ocrx_word' id='word_1_800' title='bbox 2687 3923 2700 3958; x_wconf 87' lang='lat'><strong>:</strong></span> <span class='ocrx_word' id='word_1_801' title='bbox 2726 3908 2836 3960; x_wconf 90' lang='lat' dir='ltr'>hac</span> <span class='ocrx_word' id='word_1_802' title='bbox 2861 3907 2932 3959; x_wconf 88' lang='lat' dir='ltr'>de</span> <span class='ocrx_word' id='word_1_803' title='bbox 2955 3919 3167 3959; x_wconf 87' lang='lat' dir='ltr'>caussa</span> <span class='ocrx_word' id='word_1_804' title='bbox 3189 3911 3455 3972; x_wconf 87' lang='lat' dir='ltr'>parentes</span> 
     </span>
    </p>
   </div>
   <div class='ocr_carea' id='block_1_107' title="bbox 1844 3978 3456 4046">
    <p class='ocr_par' dir='ltr' id='par_1_107' title="bbox 1844 3978 3456 4046">
     <span class='ocr_line' id='line_1_107' title="bbox 1844 3978 3456 4046; baseline -0.002 -14"><span class='ocrx_word' id='word_1_805' title='bbox 1844 3985 2032 4046; x_wconf 83' lang='lat' dir='ltr'>patres</span> <span class='ocrx_word' id='word_1_806' title='bbox 2055 3983 2242 4032; x_wconf 86' lang='lat' dir='ltr'>carnis</span> <span class='ocrx_word' id='word_1_807' title='bbox 2275 3980 2595 4046; x_wconf 80' lang='lat' dir='ltr'>Apostolus</span> <span class='ocrx_word' id='word_1_808' title='bbox 2619 3978 2958 4038; x_wconf 86' lang='lat' dir='ltr'>nominavit,</span> <span class='ocrx_word' id='word_1_809' title='bbox 2981 3978 3318 4042; x_wconf 89' lang='lat' dir='ltr'>etquoniam</span> <span class='ocrx_word' id='word_1_810' title='bbox 3335 3989 3456 4029; x_wconf 91' lang='lat' dir='ltr'>non</span> 
     </span>
    </p>
   </div>
   <div class='ocr_carea' id='block_1_108' title="bbox 1843 4049 3454 4117">
    <p class='ocr_par' dir='ltr' id='par_1_108' title="bbox 1843 4049 3454 4117">
     <span class='ocr_line' id='line_1_108' title="bbox 1843 4049 3454 4117; baseline -0.006 -12"><span class='ocrx_word' id='word_1_811' title='bbox 1843 4064 1917 4105; x_wconf 84' lang='lat' dir='ltr'>ex</span> <span class='ocrx_word' id='word_1_812' title='bbox 1933 4053 2228 4117; x_wconf 89' lang='lat' dir='ltr'>supposita</span> <span class='ocrx_word' id='word_1_813' title='bbox 2245 4057 2436 4104; x_wconf 85' lang='lat' dir='ltr'>mater</span> <span class='ocrx_word' id='word_1_814' title='bbox 2452 4065 2485 4104; x_wconf 86' lang='lat' dir='ltr'>a</span> <span class='ocrx_word' id='word_1_815' title='bbox 2509 4054 2745 4104; x_wconf 89' lang='lat' dir='ltr'>creatas</span> <span class='ocrx_word' id='word_1_816' title='bbox 2764 4063 2796 4102; x_wconf 90' lang='lat' dir='ltr'>a</span> <span class='ocrx_word' id='word_1_817' title='bbox 2817 4052 2936 4102; x_wconf 92' lang='lat' dir='ltr'>Deo</span> <span class='ocrx_word' id='word_1_818' title='bbox 2951 4049 3176 4101; x_wconf 89' lang='lat' dir='ltr'>animas</span> <span class='ocrx_word' id='word_1_819' title='bbox 3193 4051 3454 4114; x_wconf 79' lang='lat' dir='ltr'>habemus,</span> 
     </span>
    </p>
   </div>
   <div class='ocr_carea' id='block_1_109' title="bbox 1845 4119 3459 4188">
    <p class='ocr_par' dir='ltr' id='par_1_109' title="bbox 1845 4119 3459 4188">
     <span class='ocr_line' id='line_1_109' title="bbox 1845 4119 3459 4188; baseline -0.003 -13"><span class='ocrx_word' id='word_1_820' title='bbox 1845 4119 1974 4188; x_wconf 78' lang='lat' dir='ltr'>ideo</span> <span class='ocrx_word' id='word_1_821' title='bbox 1986 4125 2172 4175; x_wconf 92' lang='lat' dir='ltr'>Deum</span> <span class='ocrx_word' id='word_1_822' title='bbox 2190 4128 2405 4188; x_wconf 88' lang='lat' dir='ltr'>patrem</span> <span class='ocrx_word' id='word_1_823' title='bbox 2432 4123 2453 4153; x_wconf 67' lang='grc' dir='ltr'>τι</span> <span class='ocrx_word' id='word_1_824' title='bbox 2479 4123 2618 4188; x_wconf 87' lang='lat' dir='ltr'>spiri</span> <span class='ocrx_word' id='word_1_825' title='bbox 2630 4127 2754 4174; x_wconf 91' lang='lat' dir='ltr'>tum</span> <span class='ocrx_word' id='word_1_826' title='bbox 2771 4121 3096 4186; x_wconf 90' lang='lat' dir='ltr'>appellavit.</span> <span class='ocrx_word' id='word_1_827' title='bbox 3115 4121 3335 4171; x_wconf 87' lang='lat' dir='ltr'>Cuncta</span> <span class='ocrx_word' id='word_1_828' title='bbox 3349 4119 3459 4182; x_wconf 91' lang='lat' dir='ltr'>igi-</span> 
     </span>
    </p>
   </div>
   <div class='ocr_carea' id='block_1_110' title="bbox 1839 4187 3458 4260">
    <p class='ocr_par' dir='ltr' id='par_1_110' title="bbox 1839 4187 3458 4260">
     <span class='ocr_line' id='line_1_110' title="bbox 1839 4187 3458 4260; baseline -0.003 -13"><span class='ocrx_word' id='word_1_829' title='bbox 1839 4187 1939 4247; x_wconf 69' lang='lat' dir='ltr'>tur</span> <span class='ocrx_word' id='word_1_830' title='bbox 1981 4197 2132 4248; x_wconf 90' lang='lat' dir='ltr'>sicut</span> <span class='ocrx_word' id='word_1_831' title='bbox 2171 4187 2443 4260; x_wconf 89' lang='lat' dir='ltr'>primitus</span> <span class='ocrx_word' id='word_1_832' title='bbox 2480 4187 2673 4256; x_wconf 82' lang='lat' dir='ltr'>creata</span> <span class='ocrx_word' id='word_1_833' title='bbox 2707 4197 2860 4256; x_wconf 90' lang='lat' dir='ltr'>sunt,</span> <span class='ocrx_word' id='word_1_834' title='bbox 2897 4193 2980 4244; x_wconf 89' lang='lat' dir='ltr'>sic</span> <span class='ocrx_word' id='word_1_835' title='bbox 3003 4192 3177 4244; x_wconf 89' lang='lat' dir='ltr'>etiam</span> <span class='ocrx_word' id='word_1_836' title='bbox 3206 4204 3306 4256; x_wconf 90' lang='lat' dir='ltr'>per</span> <span class='ocrx_word' id='word_1_837' title='bbox 3333 4191 3458 4242; x_wconf 87' lang='lat' dir='ltr'>dies</span> 
     </span>
    </p>
   </div>
   <div class='ocr_carea' id='block_1_111' title="bbox 1845 4263 3461 4332">
    <p class='ocr_par' dir='ltr' id='par_1_111' title="bbox 1845 4263 3461 4332">
     <span class='ocr_line' id='line_1_111' title="bbox 1845 4263 3461 4332; baseline -0.003 -14"><span class='ocrx_word' id='word_1_838' title='bbox 1845 4267 2105 4332; x_wconf 83' lang='lat' dir='ltr'>singulos</span> <span class='ocrx_word' id='word_1_839' title='bbox 2131 4273 2526 4332; x_wconf 88' lang='lat' dir='ltr'>procreantur,</span> <span class='ocrx_word' id='word_1_840' title='bbox 2544 4266 2655 4318; x_wconf 91' lang='lat' dir='ltr'>alia</span> <span class='ocrx_word' id='word_1_841' title='bbox 2676 4265 2906 4330; x_wconf 89' lang='lat' dir='ltr'>quidem</span> <span class='ocrx_word' id='word_1_842' title='bbox 2919 4276 2992 4316; x_wconf 79' lang='lat' dir='ltr'>ex</span> <span class='ocrx_word' id='word_1_843' title='bbox 3018 4263 3316 4328; x_wconf 87' lang='lat' dir='ltr'>supposita</span> <span class='ocrx_word' id='word_1_844' title='bbox 3336 4274 3461 4314; x_wconf 90' lang='lat' dir='ltr'>ma-</span> 
     </span>
    </p>
   </div>
   <div class='ocr_carea' id='block_1_112' title="bbox 1839 4333 3462 4399">
    <p class='ocr_par' dir='ltr' id='par_1_112' title="bbox 1839 4333 3462 4399">
     <span class='ocr_line' id='line_1_112' title="bbox 1839 4333 3462 4399; baseline -0.004 -7"><span class='ocrx_word' id='word_1_845' title='bbox 1839 4340 1997 4398; x_wconf 89' lang='lat' dir='ltr'>teria,</span> <span class='ocrx_word' id='word_1_846' title='bbox 2044 4339 2193 4391; x_wconf 87' lang='lat' dir='ltr'>sicut</span> <span class='ocrx_word' id='word_1_847' title='bbox 2237 4337 2590 4391; x_wconf 87' lang='lat' dir='ltr'>animalium</span> <span class='ocrx_word' id='word_1_848' title='bbox 2631 4337 3050 4390; x_wconf 88' lang='lat' dir='ltr'>irrationalium</span> <span class='ocrx_word' id='word_1_849' title='bbox 3084 4335 3311 4396; x_wconf 78' lang='lat' dir='ltr'>animae,</span> <span class='ocrx_word' id='word_1_850' title='bbox 3340 4333 3462 4399; x_wconf 60' lang='lat' dir='ltr'>,alia</span> 
     </span>
    </p>
   </div>
   <div class='ocr_carea' id='block_1_113' title="bbox 1843 4405 3458 4474">
    <p class='ocr_par' dir='ltr' id='par_1_113' title="bbox 1843 4405 3458 4474">
     <span class='ocr_line' id='line_1_113' title="bbox 1843 4405 3458 4474; baseline -0.003 -11"><span class='ocrx_word' id='word_1_851' title='bbox 1843 4415 2038 4464; x_wconf 85' lang='lat' dir='ltr'>autem</span> <span class='ocrx_word' id='word_1_852' title='bbox 2073 4424 2195 4462; x_wconf 91' lang='lat' dir='ltr'>non</span> <span class='ocrx_word' id='word_1_853' title='bbox 2232 4425 2305 4462; x_wconf 82' lang='lat' dir='ltr'>ex</span> <span class='ocrx_word' id='word_1_854' title='bbox 2360 4409 2679 4474; x_wconf 89' lang='lat' dir='ltr'>supposita,</span> <span class='ocrx_word' id='word_1_855' title='bbox 2719 4409 2869 4460; x_wconf 86' lang='lat' dir='ltr'>sicut</span> <span class='ocrx_word' id='word_1_856' title='bbox 2903 4408 3209 4460; x_wconf 91' lang='lat' dir='ltr'>hominum</span> <span class='ocrx_word' id='word_1_857' title='bbox 3229 4405 3458 4459; x_wconf 65' lang='lat' dir='ltr'>animus.</span> 
     </span>
    </p>
   </div>
   <div class='ocr_carea' id='block_1_114' title="bbox 1843 4478 3210 4534">
    <p class='ocr_par' dir='ltr' id='par_1_114' title="bbox 1843 4478 3210 4534">
     <span class='ocr_line' id='line_1_114' title="bbox 1843 4478 3210 4534; baseline -0.004 0"><span class='ocrx_word' id='word_1_858' title='bbox 1843 4481 1953 4534; x_wconf 91' lang='lat' dir='ltr'>Sed</span> <span class='ocrx_word' id='word_1_859' title='bbox 1981 4487 2040 4534; x_wconf 92' lang='lat' dir='ltr'>et</span> <span class='ocrx_word' id='word_1_860' title='bbox 2061 4482 2132 4534; x_wconf 93' lang='lat' dir='ltr'>de</span> <span class='ocrx_word' id='word_1_861' title='bbox 2166 4482 2361 4534; x_wconf 88' lang='lat' dir='ltr'>anima</span> <span class='ocrx_word' id='word_1_862' title='bbox 2397 4483 2566 4533; x_wconf 88' lang='lat' dir='ltr'>nobis</span> <span class='ocrx_word' id='word_1_863' title='bbox 2593 4479 2945 4532; x_wconf 86' lang='lat' dir='ltr'>sufﬁcienter</span> <span class='ocrx_word' id='word_1_864' title='bbox 2973 4478 3210 4530; x_wconf 90' lang='lat' dir='ltr'>dictum.</span> 
     </span>
    </p>
   </div>
   <div class='ocr_carea' id='block_1_115' title="bbox 1905 4546 3452 4618">
    <p class='ocr_par' dir='ltr' id='par_1_115' title="bbox 1905 4546 3452 4618">
     <span class='ocr_line' id='line_1_115' title="bbox 1905 4546 3452 4618; baseline -0.003 -14"><span class='ocrx_word' id='word_1_865' title='bbox 1905 4554 2113 4606; x_wconf 85' lang='lat' dir='ltr'><strong>XXIX.</strong></span> <span class='ocrx_word' id='word_1_866' title='bbox 2140 4553 2274 4606; x_wconf 92' lang='lat' dir='ltr'>Illos</span> <span class='ocrx_word' id='word_1_867' title='bbox 2298 4553 2486 4618; x_wconf 89' lang='lat' dir='ltr'>igitur</span> <span class='ocrx_word' id='word_1_868' title='bbox 2511 4552 2724 4616; x_wconf 90' lang='lat' dir='ltr'>primos</span> <span class='ocrx_word' id='word_1_869' title='bbox 2740 4551 3023 4612; x_wconf 89' lang='lat' dir='ltr'>homines,</span> <span class='ocrx_word' id='word_1_870' title='bbox 3043 4549 3229 4602; x_wconf 86' lang='lat' dir='ltr'>Adam</span> <span class='ocrx_word' id='word_1_871' title='bbox 3250 4546 3378 4600; x_wconf 87' lang='lat' dir='ltr'>dico</span> <span class='ocrx_word' id='word_1_872' title='bbox 3394 4551 3452 4600; x_wconf 87' lang='lat' dir='ltr'>et</span> 
     </span>
    </p>
   </div>
   <div class='ocr_carea' id='block_1_116' title="bbox 1845 4621 3448 4691">
    <p class='ocr_par' dir='ltr' id='par_1_116' title="bbox 1845 4621 3448 4691">
     <span class='ocr_line' id='line_1_116' title="bbox 1845 4621 3448 4691; baseline -0.004 -13"><span class='ocrx_word' id='word_1_873' title='bbox 1845 4627 2044 4691; x_wconf 86' lang='lat' dir='ltr'>Evam,</span> <span class='ocrx_word' id='word_1_874' title='bbox 2067 4625 2202 4678; x_wconf 88' lang='lat' dir='ltr'>licet</span> <span class='ocrx_word' id='word_1_875' title='bbox 2219 4633 2238 4654; x_wconf 85' lang='lat'><strong>°</strong></span> <span class='ocrx_word' id='word_1_876' title='bbox 2252 4623 2603 4677; x_wconf 89' lang='lat' dir='ltr'>immortales</span> <span class='ocrx_word' id='word_1_877' title='bbox 2617 4622 2940 4676; x_wconf 89' lang='lat' dir='ltr'>secundum</span> <span class='ocrx_word' id='word_1_878' title='bbox 2953 4621 3210 4674; x_wconf 88' lang='lat' dir='ltr'>animam</span> <span class='ocrx_word' id='word_1_879' title='bbox 3221 4622 3448 4672; x_wconf 87' lang='lat' dir='ltr'>creatos</span> 
     </span>
    </p>
   </div>
   <div class='ocr_carea' id='block_1_117' title="bbox 144 4814 1749 4900">
    <p class='ocr_par' dir='ltr' id='par_1_117' title="bbox 144 4830 1745 4900">
     <span class='ocr_line' id='line_1_117' title="bbox 144 4830 1745 4900; baseline -0.001 -14"><span class='ocrx_word' id='word_1_880' title='bbox 144 4837 338 4900; x_wconf 81' lang='grc' dir='ltr'>μᾶλλον</span> <span class='ocrx_word' id='word_1_881' title='bbox 377 4830 436 4884; x_wconf 81' lang='grc' dir='ltr'>ἂν</span> <span class='ocrx_word' id='word_1_882' title='bbox 467 4831 664 4889; x_wconf 76' lang='grc' dir='ltr'>διααίως</span> <span class='ocrx_word' id='word_1_883' title='bbox 695 4831 906 4898; x_wconf 79' lang='grc' dir='ltr'>λεχθείη.</span> <span class='ocrx_word' id='word_1_884' title='bbox 950 4831 1078 4881; x_wconf 84' lang='grc' dir='ltr'>Νοη</span> <span class='ocrx_word' id='word_1_885' title='bbox 1116 4845 1184 4882; x_wconf 82' lang='lat' dir='ltr'>eae</span> <span class='ocrx_word' id='word_1_886' title='bbox 1211 4831 1452 4896; x_wconf 85' lang='lat' dir='ltr'>peccatis,</span> <span class='ocrx_word' id='word_1_887' title='bbox 1484 4847 1650 4896; x_wconf 88' lang='lat' dir='ltr'>neque</span> <span class='ocrx_word' id='word_1_888' title='bbox 1679 4849 1745 4884; x_wconf 67' lang='lat' dir='ltr'>ea;</span> 
     </span>
    </p>
   </div>
   <div class='ocr_carea' id='block_1_118' title="bbox 1858 4814 3454 4900">
    <p class='ocr_par' dir='ltr' id='par_1_118' title="bbox 1858 4817 3454 4900">
     <span class='ocr_line' id='line_1_118' title="bbox 1858 4817 3454 4900; baseline -0.006 -26"><span class='ocrx_word' id='word_1_889' title='bbox 1858 4823 2046 4900; x_wconf 67' lang='lat' dir='ltr'>multa,</span> <span class='ocrx_word' id='word_1_890' title='bbox 2069 4826 2114 4873; x_wconf 88' lang='lat' dir='ltr'>et</span> <span class='ocrx_word' id='word_1_891' title='bbox 2137 4822 2408 4900; x_wconf 76' lang='lat' dir='ltr'>benedicat</span> <span class='ocrx_word' id='word_1_892' title='bbox 2422 4820 2584 4900; x_wconf 75' lang='lat' dir='ltr'>vobis,</span> <span class='ocrx_word' id='word_1_893' title='bbox 2607 4820 2746 4900; x_wconf 57' lang='lat' dir='ltr'>sicut</span> <span class='ocrx_word' id='word_1_894' title='bbox 2770 4817 2913 4870; x_wconf 87' lang='lat' dir='ltr'>vobis</span> <span class='ocrx_word' id='word_1_895' title='bbox 2934 4818 3140 4900; x_wconf 78' lang='lat' dir='ltr'>locutus</span> <span class='ocrx_word' id='word_1_896' title='bbox 3164 4817 3454 4880; x_wconf 86' lang='lat' dir='ltr'>cst.Neque</span> 
     </span>
    </p>
   </div>
   <div class='ocr_carea' id='block_1_119' title="bbox 143 4902 1760 4968">
    <p class='ocr_par' dir='ltr' id='par_1_119' title="bbox 143 4902 1760 4968">
     <span class='ocr_line' id='line_1_119' title="bbox 143 4902 1760 4968; baseline -0.001 -12"><span class='ocrx_word' id='word_1_897' title='bbox 143 4904 575 4968; x_wconf 82' lang='lat' dir='ltr'>transgressione</span> <span class='ocrx_word' id='word_1_898' title='bbox 597 4902 1010 4966; x_wconf 78' lang='lat' dir='ltr'>multiplicatur,</span> <span class='ocrx_word' id='word_1_899' title='bbox 1037 4903 1176 4952; x_wconf 88' lang='lat' dir='ltr'>sicut</span> <span class='ocrx_word' id='word_1_900' title='bbox 1202 4903 1401 4953; x_wconf 88' lang='lat' dir='ltr'>horum</span> <span class='ocrx_word' id='word_1_901' title='bbox 1431 4905 1634 4968; x_wconf 88' lang='lat' dir='ltr'>scripta</span> <span class='ocrx_word' id='word_1_902' title='bbox 1659 4905 1760 4954; x_wconf 90' lang='lat' dir='ltr'>do-</span> 
     </span>
    </p>
   </div>
   <div class='ocr_carea' id='block_1_120' title="bbox 140 4973 1758 5039">
    <p class='ocr_par' dir='ltr' id='par_1_120' title="bbox 140 4973 1758 5039">
     <span class='ocr_line' id='line_1_120' title="bbox 140 4973 1758 5039; baseline -0.001 -11"><span class='ocrx_word' id='word_1_903' title='bbox 140 4981 284 5038; x_wconf 85' lang='lat' dir='ltr'>cent,</span> <span class='ocrx_word' id='word_1_904' title='bbox 336 4976 427 5026; x_wconf 88' lang='lat' dir='ltr'>sed</span> <span class='ocrx_word' id='word_1_905' title='bbox 453 4991 520 5026; x_wconf 66' lang='lat' dir='ltr'>ea:</span> <span class='ocrx_word' id='word_1_906' title='bbox 556 4976 654 5026; x_wconf 88' lang='lat' dir='ltr'>Dei</span> <span class='ocrx_word' id='word_1_907' title='bbox 681 4973 1056 5038; x_wconf 81' lang='lat' dir='ltr'>benedictione,</span> <span class='ocrx_word' id='word_1_908' title='bbox 1075 4975 1213 5024; x_wconf 83' lang='lat' dir='ltr'>sicut</span> <span class='ocrx_word' id='word_1_909' title='bbox 1238 4975 1516 5039; x_wconf 81' lang='lat' dir='ltr'>Propheta</span> <span class='ocrx_word' id='word_1_910' title='bbox 1541 4981 1758 5026; x_wconf 78' lang='lat' dir='ltr'>testatus</span> 
     </span>
    </p>
   </div>
   <div class='ocr_carea' id='block_1_121' title="bbox 141 5047 1760 5110">
    <p class='ocr_par' dir='ltr' id='par_1_121' title="bbox 141 5047 1760 5110">
     <span class='ocr_line' id='line_1_121' title="bbox 141 5047 1760 5110; baseline -0.002 -8"><span class='ocrx_word' id='word_1_911' title='bbox 141 5053 236 5102; x_wconf 83' lang='lat' dir='ltr'>est.</span> <span class='ocrx_word' id='word_1_912' title='bbox 277 5048 430 5100; x_wconf 87' lang='lat' dir='ltr'>Nam</span> <span class='ocrx_word' id='word_1_913' title='bbox 471 5049 519 5098; x_wconf 87' lang='lat' dir='ltr'>si</span> <span class='ocrx_word' id='word_1_914' title='bbox 565 5063 632 5098; x_wconf 73' lang='lat' dir='ltr'>ex</span> <span class='ocrx_word' id='word_1_915' title='bbox 675 5047 1137 5110; x_wconf 82' lang='lat' dir='ltr'>transgressione,</span> <span class='ocrx_word' id='word_1_916' title='bbox 1194 5047 1429 5110; x_wconf 85' lang='lat' dir='ltr'>rectique</span> <span class='ocrx_word' id='word_1_917' title='bbox 1472 5048 1760 5098; x_wconf 87' lang='lat' dir='ltr'>desertione</span> 
     </span>
    </p>
   </div>
   <div class='ocr_carea' id='block_1_122' title="bbox 141 5117 1764 5186">
    <p class='ocr_par' dir='ltr' id='par_1_122' title="bbox 141 5117 1764 5186">
     <span class='ocr_line' id='line_1_122' title="bbox 141 5117 1764 5186; baseline -0.002 -14"><span class='ocrx_word' id='word_1_918' title='bbox 141 5121 552 5186; x_wconf 85' lang='lat' dir='ltr'>multiplicatur</span> <span class='ocrx_word' id='word_1_919' title='bbox 577 5119 871 5170; x_wconf 85' lang='lat' dir='ltr'>hominum</span> <span class='ocrx_word' id='word_1_920' title='bbox 892 5132 1077 5182; x_wconf 86' lang='lat' dir='ltr'>genus,</span> <span class='ocrx_word' id='word_1_921' title='bbox 1096 5132 1208 5168; x_wconf 89' lang='lat' dir='ltr'>non</span> <span class='ocrx_word' id='word_1_922' title='bbox 1233 5117 1634 5184; x_wconf 87' lang='lat' dir='ltr'>benedictio,sed</span> <span class='ocrx_word' id='word_1_923' title='bbox 1648 5135 1764 5169; x_wconf 87' lang='lat' dir='ltr'>ma-</span> 
     </span>
    </p>
   </div>
   <div class='ocr_carea' id='block_1_123' title="bbox 142 5189 1762 5258">
    <p class='ocr_par' dir='ltr' id='par_1_123' title="bbox 142 5189 1762 5258">
     <span class='ocr_line' id='line_1_123' title="bbox 142 5189 1762 5258; baseline 0 -14"><span class='ocrx_word' id='word_1_924' title='bbox 142 5192 361 5244; x_wconf 79' lang='lat' dir='ltr'>ledictio</span> <span class='ocrx_word' id='word_1_925' title='bbox 399 5194 578 5258; x_wconf 83' lang='lat' dir='ltr'>potius</span> <span class='ocrx_word' id='word_1_926' title='bbox 619 5191 808 5240; x_wconf 89' lang='lat' dir='ltr'>merito</span> <span class='ocrx_word' id='word_1_927' title='bbox 857 5189 1134 5240; x_wconf 86' lang='lat' dir='ltr'>diceretur.</span> <span class='ocrx_word' id='word_1_928' title='bbox 1171 5189 1332 5252; x_wconf 88' lang='lat' dir='ltr'>Quod</span> <span class='ocrx_word' id='word_1_929' title='bbox 1357 5189 1553 5255; x_wconf 88' lang='lat' dir='ltr'>ipsum</span> <span class='ocrx_word' id='word_1_930' title='bbox 1575 5191 1762 5245; x_wconf 91' lang='lat' dir='ltr'>Theo-</span> 
     </span>
    </p>
   </div>
   <div class='ocr_carea' id='block_1_124' title="bbox 138 5261 1762 5331">
    <p class='ocr_par' dir='ltr' id='par_1_124' title="bbox 138 5261 1762 5331">
     <span class='ocr_line' id='line_1_124' title="bbox 138 5261 1762 5331; baseline -0.003 -14"><span class='ocrx_word' id='word_1_931' title='bbox 138 5264 294 5331; x_wconf 89' lang='lat' dir='ltr'>phili</span> <span class='ocrx_word' id='word_1_932' title='bbox 321 5275 553 5328; x_wconf 90' lang='lat' dir='ltr'>quoque</span> <span class='ocrx_word' id='word_1_933' title='bbox 573 5261 950 5314; x_wconf 82' lang='lat' dir='ltr'>Alexandrini</span> <span class='ocrx_word' id='word_1_934' title='bbox 968 5261 1074 5312; x_wconf 83' lang='lat' dir='ltr'>fuit</span> <span class='ocrx_word' id='word_1_935' title='bbox 1087 5267 1496 5331; x_wconf 86' lang='lat' dir='ltr'>argumentum</span> <span class='ocrx_word' id='word_1_936' title='bbox 1511 5265 1692 5312; x_wconf 81' lang='lat' dir='ltr'>Catena</span> <span class='ocrx_word' id='word_1_937' title='bbox 1707 5266 1762 5312; x_wconf 90' lang='lat' dir='ltr'>in</span> 
     </span>
    </p>
   </div>
   <div class='ocr_carea' id='block_1_125' title="bbox 146 5329 1766 5401">
    <p class='ocr_par' dir='ltr' id='par_1_125' title="bbox 146 5329 1766 5401">
     <span class='ocr_line' id='line_1_125' title="bbox 146 5329 1766 5401; baseline -0.002 -12"><span class='ocrx_word' id='word_1_938' title='bbox 146 5329 450 5400; x_wconf 78' lang='lat' dir='ltr'>Genesim,</span> <span class='ocrx_word' id='word_1_939' title='bbox 489 5335 691 5386; x_wconf 87' lang='lat' dir='ltr'>Codice</span> <span class='ocrx_word' id='word_1_940' title='bbox 725 5333 880 5397; x_wconf 87' lang='lat' dir='ltr'>regio</span> <span class='ocrx_word' id='word_1_941' title='bbox 917 5331 1034 5388; x_wconf 83' lang='grc'>810.</span> <span class='ocrx_word' id='word_1_942' title='bbox 1066 5331 1175 5386; x_wconf 74' lang='grc' dir='ltr'>’Ότι</span> <span class='ocrx_word' id='word_1_943' title='bbox 1206 5329 1262 5384; x_wconf 75' lang='grc' dir='ltr'>οὗ</span> <span class='ocrx_word' id='word_1_944' title='bbox 1301 5333 1364 5384; x_wconf 89' lang='grc' dir='ltr'>δι’</span> <span class='ocrx_word' id='word_1_945' title='bbox 1405 5334 1662 5401; x_wconf 81' lang='grc' dir='ltr'>ἁμαρτίας,</span> <span class='ocrx_word' id='word_1_946' title='bbox 1703 5333 1766 5392; x_wconf 84' lang='grc' dir='ltr'>ὡς</span> 
     </span>
    </p>
   </div>
   <div class='ocr_carea' id='block_1_126' title="bbox 138 5404 1764 5476">
    <p class='ocr_par' dir='ltr' id='par_1_126' title="bbox 138 5404 1764 5476">
     <span class='ocr_line' id='line_1_126' title="bbox 138 5404 1764 5476; baseline -0.003 -15"><span class='ocrx_word' id='word_1_947' title='bbox 138 5409 396 5476; x_wconf 82' lang='grc' dir='ltr'>Ὠριγὲνει</span> <span class='ocrx_word' id='word_1_948' title='bbox 433 5409 590 5476; x_wconf 76' lang='grc' dir='ltr'>ἕδρξε,</span> <span class='ocrx_word' id='word_1_949' title='bbox 621 5405 1053 5466; x_wconf 71' lang='grc' dir='ltr'>καταϐεϐλημέναι</span> <span class='ocrx_word' id='word_1_950' title='bbox 1090 5404 1140 5456; x_wconf 76' lang='grc' dir='ltr'>αἱ</span> <span class='ocrx_word' id='word_1_951' title='bbox 1177 5407 1338 5476; x_wconf 61' lang='grc' dir='ltr'>ψρχαὶ</span> <span class='ocrx_word' id='word_1_952' title='bbox 1381 5407 1577 5470; x_wconf 85' lang='grc' dir='ltr'>σώμασι</span> <span class='ocrx_word' id='word_1_953' title='bbox 1617 5426 1764 5460; x_wconf 81' lang='grc' dir='ltr'>συνε-</span> 
     </span>
    </p>
   </div>
   <div class='ocr_carea' id='block_1_127' title="bbox 144 5472 1770 5546">
    <p class='ocr_par' dir='ltr' id='par_1_127' title="bbox 144 5472 1770 5546">
     <span class='ocr_line' id='line_1_127' title="bbox 144 5472 1770 5546; baseline -0.001 -14"><span class='ocrx_word' id='word_1_954' title='bbox 144 5472 450 5541; x_wconf 58' lang='grc' dir='ltr'>πλᾶκζησαν,</span> <span class='ocrx_word' id='word_1_955' title='bbox 485 5475 802 5546; x_wconf 78' lang='grc' dir='ltr'>ἐχρησάμεθα</span> <span class='ocrx_word' id='word_1_956' title='bbox 839 5480 905 5542; x_wconf 82' lang='grc' dir='ltr'>τῷ</span> <span class='ocrx_word' id='word_1_957' title='bbox 946 5476 1168 5532; x_wconf 82' lang='grc' dir='ltr'>Μωσέως</span> <span class='ocrx_word' id='word_1_958' title='bbox 1204 5472 1384 5542; x_wconf 80' lang='grc' dir='ltr'>ῥήματι</span> <span class='ocrx_word' id='word_1_959' title='bbox 1421 5478 1646 5542; x_wconf 80' lang='grc' dir='ltr'>λέγοντος</span> <span class='ocrx_word' id='word_1_960' title='bbox 1673 5487 1770 5536; x_wconf 85' lang='grc' dir='ltr'>τοῖς</span> 
     </span>
    </p>
   </div>
   <div class='ocr_carea' id='block_1_128' title="bbox 143 5547 1768 5617">
    <p class='ocr_par' dir='ltr' id='par_1_128' title="bbox 143 5547 1768 5617">
     <span class='ocr_line' id='line_1_128' title="bbox 143 5547 1768 5617; baseline -0.002 -13"><span class='ocrx_word' id='word_1_961' title='bbox 143 5553 275 5610; x_wconf 69' lang='lat' dir='ltr'>viai;</span> <span class='ocrx_word' id='word_1_962' title='bbox 308 5547 538 5617; x_wconf 74' lang='grc' dir='ltr'>Ἰσραὴλ,</span> <span class='ocrx_word' id='word_1_963' title='bbox 571 5550 744 5615; x_wconf 78' lang='grc' dir='ltr'>Κύριος</span> <span class='ocrx_word' id='word_1_964' title='bbox 767 5551 792 5600; x_wconf 78' lang='grc' dir='ltr'><strong>ὁ</strong></span> <span class='ocrx_word' id='word_1_965' title='bbox 828 5551 950 5605; x_wconf 80' lang='grc' dir='ltr'>Θεὸς</span> <span class='ocrx_word' id='word_1_966' title='bbox 985 5556 1079 5598; x_wconf 81' lang='grc' dir='ltr'>τῶν</span> <span class='ocrx_word' id='word_1_967' title='bbox 1113 5547 1336 5613; x_wconf 74' lang='grc' dir='ltr'>πατέρων</span> <span class='ocrx_word' id='word_1_968' title='bbox 1365 5549 1500 5617; x_wconf 61' lang='grc' dir='ltr'>ὑμῶν</span> <span class='ocrx_word' id='word_1_969' title='bbox 1532 5551 1768 5616; x_wconf 76' lang='grc' dir='ltr'>προσθείη</span> 
     </span>
    </p>
   </div>
   <div class='ocr_carea' id='block_1_129' title="bbox 147 5615 1772 5689">
    <p class='ocr_par' dir='ltr' id='par_1_129' title="bbox 147 5615 1772 5689">
     <span class='ocr_line' id='line_1_129' title="bbox 147 5615 1772 5689; baseline -0.002 -13"><span class='ocrx_word' id='word_1_970' title='bbox 147 5626 270 5689; x_wconf 72' lang='grc' dir='ltr'>ὑμῖν</span> <span class='ocrx_word' id='word_1_971' title='bbox 313 5615 524 5689; x_wconf 57' lang='grc' dir='ltr'>σήμερον</span> <span class='ocrx_word' id='word_1_972' title='bbox 555 5621 618 5679; x_wconf 80' lang='grc' dir='ltr'>ὡς</span> <span class='ocrx_word' id='word_1_973' title='bbox 653 5617 765 5673; x_wconf 81' lang='grc' dir='ltr'><strong>ἐστὲ</strong></span> <span class='ocrx_word' id='word_1_974' title='bbox 802 5619 1178 5689; x_wconf 37' lang='grc' dir='ltr'>χιλιοπλα-σίως,</span> <span class='ocrx_word' id='word_1_975' title='bbox 1217 5621 1302 5670; x_wconf 75' lang='grc' dir='ltr'>καὶ</span> <span class='ocrx_word' id='word_1_976' title='bbox 1343 5615 1606 5686; x_wconf 65' lang='grc' dir='ltr'>εὐλογήσω</span> <span class='ocrx_word' id='word_1_977' title='bbox 1645 5623 1772 5689; x_wconf 65' lang='grc' dir='ltr'>ὑμᾶς</span> 
     </span>
    </p>
   </div>
   <div class='ocr_carea' id='block_1_130' title="bbox 149 5686 1771 5757">
    <p class='ocr_par' dir='ltr' id='par_1_130' title="bbox 149 5686 1771 5757">
     <span class='ocr_line' id='line_1_130' title="bbox 149 5686 1771 5757; baseline -0.003 -9"><span class='ocrx_word' id='word_1_978' title='bbox 149 5686 330 5757; x_wconf 49' lang='lat' dir='ltr'>aedibs:</span> <span class='ocrx_word' id='word_1_979' title='bbox 356 5686 594 5756; x_wconf 59' lang='grc' dir='ltr'>ἐλάλησεν</span> <span class='ocrx_word' id='word_1_980' title='bbox 619 5695 732 5757; x_wconf 69' lang='grc' dir='ltr'>ὑμῖν</span> <span class='ocrx_word' id='word_1_981' title='bbox 762 5712 772 5722; x_wconf 93' lang='grc'><strong>·</strong></span> <span class='ocrx_word' id='word_1_982' title='bbox 799 5689 854 5743; x_wconf 70' lang='grc' dir='ltr'>οὗ</span> <span class='ocrx_word' id='word_1_983' title='bbox 880 5694 970 5757; x_wconf 83' lang='grc' dir='ltr'>γὰρ</span> <span class='ocrx_word' id='word_1_984' title='bbox 995 5686 1190 5754; x_wconf 69' lang='grc' dir='ltr'>εὐλογία</span> <span class='ocrx_word' id='word_1_985' title='bbox 1219 5693 1350 5741; x_wconf 74' lang='grc' dir='ltr'>κατὰ</span> <span class='ocrx_word' id='word_1_986' title='bbox 1370 5693 1620 5757; x_wconf 78' lang='grc' dir='ltr'>Ὠριγένην</span> <span class='ocrx_word' id='word_1_987' title='bbox 1639 5688 1771 5744; x_wconf 80' lang='grc' dir='ltr'>ἐστὶν</span> 
     </span>
    </p>
   </div>
   <div class='ocr_carea' id='block_1_131' title="bbox 149 5754 1772 5831">
    <p class='ocr_par' dir='ltr' id='par_1_131' title="bbox 149 5754 1772 5831">
     <span class='ocr_line' id='line_1_131' title="bbox 149 5754 1772 5831; baseline -0.001 -13"><span class='ocrx_word' id='word_1_988' title='bbox 149 5754 185 5822; x_wconf 79' lang='grc' dir='ltr'>ἧ</span> <span class='ocrx_word' id='word_1_989' title='bbox 230 5778 328 5820; x_wconf 86' lang='grc' dir='ltr'>τῶν</span> <span class='ocrx_word' id='word_1_990' title='bbox 377 5754 617 5831; x_wconf 65' lang='grc' dir='ltr'>σωμάτων</span> <span class='ocrx_word' id='word_1_991' title='bbox 657 5754 1042 5825; x_wconf 32' lang='lat' dir='ltr'>uolnera-503.6:</span> <span class='ocrx_word' id='word_1_992' title='bbox 1071 5761 1263 5827; x_wconf 78' lang='grc' dir='ltr'>κατάρα</span> <span class='ocrx_word' id='word_1_993' title='bbox 1297 5754 1636 5826; x_wconf 66' lang='grc' dir='ltr'>πλανὼμέναις</span> <span class='ocrx_word' id='word_1_994' title='bbox 1681 5767 1772 5829; x_wconf 80' lang='grc' dir='ltr'>ψυ-</span> 
     </span>
    </p>
   </div>
   <div class='ocr_carea' id='block_1_132' title="bbox 149 5832 1772 5907">
    <p class='ocr_par' dir='ltr' id='par_1_132' title="bbox 149 5832 1772 5907">
     <span class='ocr_line' id='line_1_132' title="bbox 149 5832 1772 5907; baseline -0.001 -21"><span class='ocrx_word' id='word_1_995' title='bbox 149 5851 284 5907; x_wconf 80' lang='grc' dir='ltr'>χαῖς,</span> <span class='ocrx_word' id='word_1_996' title='bbox 325 5839 478 5898; x_wconf 84' lang='lat' dir='ltr'>Quod</span> <span class='ocrx_word' id='word_1_997' title='bbox 524 5853 632 5885; x_wconf 87' lang='lat' dir='ltr'>non</span> <span class='ocrx_word' id='word_1_998' title='bbox 681 5836 742 5883; x_wconf 84' lang='lat' dir='ltr'>ob</span> <span class='ocrx_word' id='word_1_999' title='bbox 777 5837 1072 5897; x_wconf 84' lang='lat' dir='ltr'>peccatum,</span> <span class='ocrx_word' id='word_1_1000' title='bbox 1108 5838 1166 5881; x_wconf 86' lang='lat' dir='ltr'>ut</span> <span class='ocrx_word' id='word_1_1001' title='bbox 1205 5832 1426 5896; x_wconf 84' lang='lat' dir='ltr'>Origcni</span> <span class='ocrx_word' id='word_1_1002' title='bbox 1464 5834 1638 5883; x_wconf 87' lang='lat' dir='ltr'>visum</span> <span class='ocrx_word' id='word_1_1003' title='bbox 1683 5841 1772 5896; x_wconf 83' lang='lat' dir='ltr'>est,</span> 
     </span>
    </p>
   </div>
   <div class='ocr_carea' id='block_1_133' title="bbox 151 5897 1777 5974">
    <p class='ocr_par' dir='ltr' id='par_1_133' title="bbox 151 5897 1777 5974">
     <span class='ocr_line' id='line_1_133' title="bbox 151 5897 1777 5974; baseline -0.004 -13"><span class='ocrx_word' id='word_1_1004' title='bbox 151 5897 364 5974; x_wconf 64' lang='lat' dir='ltr'>ilcjectae</span> <span class='ocrx_word' id='word_1_1005' title='bbox 400 5911 600 5959; x_wconf 71' lang='lat' dir='ltr'>animae</span> <span class='ocrx_word' id='word_1_1006' title='bbox 636 5906 946 5970; x_wconf 82' lang='lat' dir='ltr'>corporibus</span> <span class='ocrx_word' id='word_1_1007' title='bbox 993 5904 1266 5969; x_wconf 73' lang='lat' dir='ltr'>implicita:</span> <span class='ocrx_word' id='word_1_1008' title='bbox 1299 5905 1424 5963; x_wconf 85' lang='lat' dir='ltr'>sint,</span> <span class='ocrx_word' id='word_1_1009' title='bbox 1461 5921 1528 5954; x_wconf 75' lang='lat' dir='ltr'>ea:</span> <span class='ocrx_word' id='word_1_1010' title='bbox 1573 5906 1777 5969; x_wconf 83' lang='lat' dir='ltr'>Moysis</span> 
     </span>
    </p>
   </div>
   <div class='ocr_carea' id='block_1_134' title="bbox 151 5976 1777 6043">
    <p class='ocr_par' dir='ltr' id='par_1_134' title="bbox 151 5976 1777 6043">
     <span class='ocr_line' id='line_1_134' title="bbox 151 5976 1777 6043; baseline -0.006 -8"><span class='ocrx_word' id='word_1_1011' title='bbox 151 5983 332 6036; x_wconf 83' lang='lat' dir='ltr'>verbis</span> <span class='ocrx_word' id='word_1_1012' title='bbox 375 5982 689 6041; x_wconf 83' lang='lat' dir='ltr'>didicimus,</span> <span class='ocrx_word' id='word_1_1013' title='bbox 731 5978 862 6043; x_wconf 79' lang='lat' dir='ltr'>ﬁliis</span> <span class='ocrx_word' id='word_1_1014' title='bbox 889 5977 1051 6027; x_wconf 86' lang='lat' dir='ltr'>Israel</span> <span class='ocrx_word' id='word_1_1015' title='bbox 1074 5976 1318 6037; x_wconf 85' lang='lat' dir='ltr'>dicentis,</span> <span class='ocrx_word' id='word_1_1016' title='bbox 1342 5977 1610 6026; x_wconf 86' lang='lat' dir='ltr'>Dominus</span> <span class='ocrx_word' id='word_1_1017' title='bbox 1637 5977 1777 6026; x_wconf 86' lang='lat' dir='ltr'>Deus</span> 
     </span>
    </p>
   </div>
   <div class='ocr_carea' id='block_1_135' title="bbox 156 6049 1770 6123">
    <p class='ocr_par' dir='ltr' id='par_1_135' title="bbox 156 6049 1770 6123">
     <span class='ocr_line' id='line_1_135' title="bbox 156 6049 1770 6123; baseline -0.006 -15"><span class='ocrx_word' id='word_1_1018' title='bbox 156 6063 390 6123; x_wconf 82' lang='lat' dir='ltr'>patrum</span> <span class='ocrx_word' id='word_1_1019' title='bbox 425 6059 722 6105; x_wconf 87' lang='lat' dir='ltr'>vestrorum</span> <span class='ocrx_word' id='word_1_1020' title='bbox 756 6049 924 6101; x_wconf 86' lang='lat' dir='ltr'>addat</span> <span class='ocrx_word' id='word_1_1021' title='bbox 970 6049 1045 6099; x_wconf 86' lang='lat' dir='ltr'>ad</span> <span class='ocrx_word' id='word_1_1022' title='bbox 1077 6049 1224 6099; x_wconf 87' lang='lat' dir='ltr'>hunc</span> <span class='ocrx_word' id='word_1_1023' title='bbox 1259 6063 1554 6099; x_wconf 86' lang='lat' dir='ltr'>numerum</span> <span class='ocrx_word' id='word_1_1024' title='bbox 1584 6049 1770 6099; x_wconf 86' lang='lat' dir='ltr'>millia</span> 
     </span>
    </p>
   </div>
   <div class='ocr_carea' id='block_1_136' title="bbox 1859 4892 3454 4955">
    <p class='ocr_par' dir='ltr' id='par_1_136' title="bbox 1859 4892 3454 4955">
     <span class='ocr_line' id='line_1_136' title="bbox 1859 4892 3454 4955; baseline -0.004 -10"><span class='ocrx_word' id='word_1_1025' title='bbox 1859 4897 2006 4946; x_wconf 84' lang='lat' dir='ltr'>enim</span> <span class='ocrx_word' id='word_1_1026' title='bbox 2021 4895 2310 4946; x_wconf 85' lang='lat' dir='ltr'>benedictio</span> <span class='ocrx_word' id='word_1_1027' title='bbox 2325 4894 2619 4943; x_wconf 86' lang='lat' dir='ltr'>secundum</span> <span class='ocrx_word' id='word_1_1028' title='bbox 2634 4892 2932 4955; x_wconf 85' lang='lat' dir='ltr'>Origenem,</span> <span class='ocrx_word' id='word_1_1029' title='bbox 2945 4896 3018 4939; x_wconf 88' lang='lat' dir='ltr'>est</span> <span class='ocrx_word' id='word_1_1030' title='bbox 3031 4903 3322 4954; x_wconf 87' lang='lat' dir='ltr'>corporum</span> <span class='ocrx_word' id='word_1_1031' title='bbox 3329 4902 3454 4952; x_wconf 85' lang='lat' dir='ltr'>pro-</span> 
     </span>
    </p>
   </div>
   <div class='ocr_carea' id='block_1_137' title="bbox 1861 4961 3174 5030">
    <p class='ocr_par' dir='ltr' id='par_1_137' title="bbox 1861 4961 3174 5030">
     <span class='ocr_line' id='line_1_137' title="bbox 1861 4961 3174 5030; baseline -0.005 -14"><span class='ocrx_word' id='word_1_1032' title='bbox 1861 4967 2059 5030; x_wconf 84' lang='lat' dir='ltr'>ductio,</span> <span class='ocrx_word' id='word_1_1033' title='bbox 2080 4967 2167 5016; x_wconf 86' lang='lat' dir='ltr'>sed</span> <span class='ocrx_word' id='word_1_1034' title='bbox 2189 4965 2491 5015; x_wconf 84' lang='lat' dir='ltr'>maledictio</span> <span class='ocrx_word' id='word_1_1035' title='bbox 2513 4963 2818 5014; x_wconf 81' lang='lat' dir='ltr'>errantibus</span> <span class='ocrx_word' id='word_1_1036' title='bbox 2854 4962 3048 5012; x_wconf 86' lang='lat' dir='ltr'>anima</span> <span class='ocrx_word' id='word_1_1037' title='bbox 3063 4961 3174 5010; x_wconf 85' lang='lat' dir='ltr'>bus.</span> 
     </span>
    </p>
   </div>
   <div class='ocr_carea' id='block_1_138' title="bbox 1925 5031 3227 5101">
    <p class='ocr_par' dir='ltr' id='par_1_138' title="bbox 1925 5031 3227 5101">
     <span class='ocr_line' id='line_1_138' title="bbox 1925 5031 3227 5101; baseline -0.01 -10"><span class='ocrx_word' id='word_1_1038' title='bbox 1925 5047 1944 5067; x_wconf 86' lang='grc'><strong>⁸</strong></span> <span class='ocrx_word' id='word_1_1039' title='bbox 1966 5039 2095 5101; x_wconf 87' lang='lat' dir='ltr'>Ms.,</span> <span class='ocrx_word' id='word_1_1040' title='bbox 2119 5039 2371 5086; x_wconf 85' lang='lat' dir='ltr'>Poterant</span> <span class='ocrx_word' id='word_1_1041' title='bbox 2394 5037 2516 5085; x_wconf 75' lang='lat' dir='ltr'>solae</span> <span class='ocrx_word' id='word_1_1042' title='bbox 2537 5036 2652 5085; x_wconf 87' lang='lat' dir='ltr'>sine</span> <span class='ocrx_word' id='word_1_1043' title='bbox 2673 5035 2990 5099; x_wconf 81' lang='lat' dir='ltr'>carparibus</span> <span class='ocrx_word' id='word_1_1044' title='bbox 3009 5031 3227 5101; x_wconf 61' lang='lat' dir='ltr'>animae.</span> 
     </span>
    </p>
   </div>
   <div class='ocr_carea' id='block_1_139' title="bbox 1924 5099 3450 5171">
    <p class='ocr_par' dir='ltr' id='par_1_139' title="bbox 1924 5099 3450 5171">
     <span class='ocr_line' id='line_1_139' title="bbox 1924 5099 3450 5171; baseline -0.006 -14"><span class='ocrx_word' id='word_1_1045' title='bbox 1924 5110 1947 5138; x_wconf 81' lang='grc'>¹’</span> <span class='ocrx_word' id='word_1_1046' title='bbox 1986 5099 2091 5157; x_wconf 74' lang='lat' dir='ltr'>Eae</span> <span class='ocrx_word' id='word_1_1047' title='bbox 2111 5123 2229 5156; x_wconf 88' lang='lat' dir='ltr'>una</span> <span class='ocrx_word' id='word_1_1048' title='bbox 2265 5108 2460 5156; x_wconf 85' lang='lat' dir='ltr'>anima</span> <span class='ocrx_word' id='word_1_1049' title='bbox 2481 5106 2652 5171; x_wconf 89' lang='lat' dir='ltr'>primi</span> <span class='ocrx_word' id='word_1_1050' title='bbox 2677 5103 2957 5166; x_wconf 72' lang='lat' dir='ltr'>hominis.)</span> <span class='ocrx_word' id='word_1_1051' title='bbox 2984 5101 3174 5153; x_wconf 90' lang='lat' dir='ltr'>Tertio</span> <span class='ocrx_word' id='word_1_1052' title='bbox 3201 5099 3334 5171; x_wconf 13' lang='lat' dir='ltr'>loco,</span> <span class='ocrx_word' id='word_1_1053' title='bbox 3350 5109 3450 5150; x_wconf 92' lang='lat' dir='ltr'>eos</span> 
     </span>
    </p>
   </div>
   <div class='ocr_carea' id='block_1_140' title="bbox 1865 5169 3446 5244">
    <p class='ocr_par' dir='ltr' id='par_1_140' title="bbox 1865 5169 3446 5244">
     <span class='ocr_line' id='line_1_140' title="bbox 1865 5169 3446 5244; baseline -0.008 -12"><span class='ocrx_word' id='word_1_1054' title='bbox 1865 5179 2076 5244; x_wconf 89' lang='lat' dir='ltr'>pariter</span> <span class='ocrx_word' id='word_1_1055' title='bbox 2091 5178 2307 5240; x_wconf 86' lang='lat' dir='ltr'>refellit,</span> <span class='ocrx_word' id='word_1_1056' title='bbox 2323 5178 2420 5242; x_wconf 91' lang='lat' dir='ltr'>qui</span> <span class='ocrx_word' id='word_1_1057' title='bbox 2443 5169 2668 5230; x_wconf 83' lang='lat' dir='ltr'>animas</span> <span class='ocrx_word' id='word_1_1058' title='bbox 2689 5188 2761 5228; x_wconf 86' lang='lat' dir='ltr'>ex</span> <span class='ocrx_word' id='word_1_1059' title='bbox 2786 5173 3021 5226; x_wconf 87' lang='lat' dir='ltr'>traduce</span> <span class='ocrx_word' id='word_1_1060' title='bbox 3045 5169 3340 5244; x_wconf 76' lang='lat' dir='ltr'>propagari</span> <span class='ocrx_word' id='word_1_1061' title='bbox 3350 5181 3446 5220; x_wconf 88' lang='lat' dir='ltr'>au-</span> 
     </span>
    </p>
   </div>
   <div class='ocr_carea' id='block_1_141' title="bbox 1865 5243 3456 5314">
    <p class='ocr_par' dir='ltr' id='par_1_141' title="bbox 1865 5243 3456 5314">
     <span class='ocr_line' id='line_1_141' title="bbox 1865 5243 3456 5314; baseline -0.008 -12"><span class='ocrx_word' id='word_1_1062' title='bbox 1865 5243 2186 5314; x_wconf 84' lang='lat' dir='ltr'>tumabant,</span> <span class='ocrx_word' id='word_1_1063' title='bbox 2233 5249 2344 5300; x_wconf 93' lang='lat' dir='ltr'>hoc</span> <span class='ocrx_word' id='word_1_1064' title='bbox 2386 5254 2493 5310; x_wconf 87' lang='lat' dir='ltr'>est,</span> <span class='ocrx_word' id='word_1_1065' title='bbox 2532 5248 2837 5311; x_wconf 86' lang='lat' dir='ltr'>interprete</span> <span class='ocrx_word' id='word_1_1066' title='bbox 2857 5247 3058 5295; x_wconf 89' lang='lat' dir='ltr'>sancto</span> <span class='ocrx_word' id='word_1_1067' title='bbox 3090 5243 3456 5314; x_wconf 84' lang='lat' dir='ltr'>Hieronymo.</span> 
     </span>
    </p>
   </div>
   <div class='ocr_carea' id='block_1_142' title="bbox 1868 5309 3464 5386">
    <p class='ocr_par' dir='ltr' id='par_1_142' title="bbox 1868 5309 3464 5386">
     <span class='ocr_line' id='line_1_142' title="bbox 1868 5309 3464 5386; baseline -0.011 -12"><span class='ocrx_word' id='word_1_1068' title='bbox 1868 5321 2048 5386; x_wconf 87' lang='lat' dir='ltr'>Epist.</span> <span class='ocrx_word' id='word_1_1069' title='bbox 2092 5309 2356 5386; x_wconf 79' lang='lat' dir='ltr'><strong>XXXIII,</strong></span> <span class='ocrx_word' id='word_1_1070' title='bbox 2403 5320 2466 5369; x_wconf 89' lang='lat' dir='ltr'>Ut</span> <span class='ocrx_word' id='word_1_1071' title='bbox 2497 5309 2765 5384; x_wconf 78' lang='lat' dir='ltr'>quomodo</span> <span class='ocrx_word' id='word_1_1072' title='bbox 2804 5329 2997 5386; x_wconf 84' lang='lat' dir='ltr'>corpus</span> <span class='ocrx_word' id='word_1_1073' title='bbox 3037 5325 3363 5386; x_wconf 68' lang='lat' dir='ltr'>excerpere,</span> <span class='ocrx_word' id='word_1_1074' title='bbox 3389 5309 3464 5386; x_wconf 81' lang='lat' dir='ltr'>sic</span> 
     </span>
    </p>
   </div>
   <div class='ocr_carea' id='block_1_143' title="bbox 1869 5379 3465 5446">
    <p class='ocr_par' dir='ltr' id='par_1_143' title="bbox 1869 5379 3465 5446">
     <span class='ocr_line' id='line_1_143' title="bbox 1869 5379 3465 5446; baseline -0.009 -4"><span class='ocrx_word' id='word_1_1075' title='bbox 1869 5379 2063 5442; x_wconf 72' lang='lat' dir='ltr'>anima</span> <span class='ocrx_word' id='word_1_1076' title='bbox 2107 5379 2366 5440; x_wconf 80' lang='lat' dir='ltr'>nascatur</span> <span class='ocrx_word' id='word_1_1077' title='bbox 2401 5405 2467 5439; x_wconf 81' lang='lat' dir='ltr'>cac</span> <span class='ocrx_word' id='word_1_1078' title='bbox 2505 5379 2720 5446; x_wconf 70' lang='lat' dir='ltr'>anima,</span> <span class='ocrx_word' id='word_1_1079' title='bbox 2745 5391 2790 5434; x_wconf 89' lang='lat' dir='ltr'>et</span> <span class='ocrx_word' id='word_1_1080' title='bbox 2813 5385 2983 5433; x_wconf 86' lang='lat' dir='ltr'>simili</span> <span class='ocrx_word' id='word_1_1081' title='bbox 3006 5397 3130 5432; x_wconf 88' lang='lat' dir='ltr'>eum</span> <span class='ocrx_word' id='word_1_1082' title='bbox 3153 5380 3322 5430; x_wconf 85' lang='lat' dir='ltr'>brutis</span> <span class='ocrx_word' id='word_1_1083' title='bbox 3340 5379 3465 5430; x_wconf 85' lang='lat' dir='ltr'>ani-</span> 
     </span>
    </p>
   </div>
   <div class='ocr_carea' id='block_1_144' title="bbox 1868 5450 3468 5518">
    <p class='ocr_par' dir='ltr' id='par_1_144' title="bbox 1868 5450 3468 5518">
     <span class='ocr_line' id='line_1_144' title="bbox 1868 5450 3468 5518; baseline -0.008 -4"><span class='ocrx_word' id='word_1_1084' title='bbox 1868 5462 2142 5514; x_wconf 86' lang='lat' dir='ltr'>mantibus</span> <span class='ocrx_word' id='word_1_1085' title='bbox 2175 5462 2480 5512; x_wconf 87' lang='lat' dir='ltr'>conditione</span> <span class='ocrx_word' id='word_1_1086' title='bbox 2515 5459 2772 5509; x_wconf 85' lang='lat' dir='ltr'>substitat.</span> <span class='ocrx_word' id='word_1_1087' title='bbox 2814 5458 2936 5518; x_wconf 89' lang='lat' dir='ltr'>Qua</span> <span class='ocrx_word' id='word_1_1088' title='bbox 2960 5455 3031 5506; x_wconf 83' lang='lat' dir='ltr'>de</span> <span class='ocrx_word' id='word_1_1089' title='bbox 3060 5467 3118 5506; x_wconf 91' lang='lat' dir='ltr'>re</span> <span class='ocrx_word' id='word_1_1090' title='bbox 3143 5465 3274 5505; x_wconf 90' lang='lat' dir='ltr'>cum</span> <span class='ocrx_word' id='word_1_1091' title='bbox 3305 5450 3468 5504; x_wconf 88' lang='lat' dir='ltr'>anci-</span> 
     </span>
    </p>
   </div>
   <div class='ocr_carea' id='block_1_145' title="bbox 1871 5522 3463 5603">
    <p class='ocr_par' dir='ltr' id='par_1_145' title="bbox 1871 5522 3463 5603">
     <span class='ocr_line' id='line_1_145' title="bbox 1871 5522 3463 5603; baseline -0.009 -14"><span class='ocrx_word' id='word_1_1092' title='bbox 1871 5537 2020 5603; x_wconf 90' lang='lat' dir='ltr'>pites</span> <span class='ocrx_word' id='word_1_1093' title='bbox 2064 5534 2371 5599; x_wconf 89' lang='lat' dir='ltr'>aliquando</span> <span class='ocrx_word' id='word_1_1094' title='bbox 2401 5532 2612 5583; x_wconf 88' lang='lat' dir='ltr'>fuerint</span> <span class='ocrx_word' id='word_1_1095' title='bbox 2651 5530 2732 5603; x_wconf 87' lang='lat' dir='ltr'>in_</span> <span class='ocrx_word' id='word_1_1096' title='bbox 2756 5527 3009 5580; x_wconf 89' lang='lat' dir='ltr'>Ecclesia</span> <span class='ocrx_word' id='word_1_1097' title='bbox 3053 5524 3378 5603; x_wconf 63' lang='lat' dir='ltr'>sententiae,</span> <span class='ocrx_word' id='word_1_1098' title='bbox 3403 5522 3463 5574; x_wconf 91' lang='lat' dir='ltr'>in</span> 
     </span>
    </p>
   </div>
   <div class='ocr_carea' id='block_1_146' title="bbox 1875 5595 3463 5662">
    <p class='ocr_par' dir='ltr' id='par_1_146' title="bbox 1875 5595 3463 5662">
     <span class='ocr_line' id='line_1_146' title="bbox 1875 5595 3463 5662; baseline -0.011 0"><span class='ocrx_word' id='word_1_1099' title='bbox 1875 5595 2002 5662; x_wconf 77' lang='lat' dir='ltr'>eam</span> <span class='ocrx_word' id='word_1_1100' title='bbox 2037 5595 2193 5660; x_wconf 74' lang='lat' dir='ltr'>nunc</span> <span class='ocrx_word' id='word_1_1101' title='bbox 2238 5618 2442 5657; x_wconf 89' lang='lat' dir='ltr'>omnes</span> <span class='ocrx_word' id='word_1_1102' title='bbox 2476 5601 2864 5658; x_wconf 91' lang='lat' dir='ltr'>consentiunt,</span> <span class='ocrx_word' id='word_1_1103' title='bbox 2903 5611 3088 5661; x_wconf 50' lang='lat' dir='ltr'>,quam</span> <span class='ocrx_word' id='word_1_1104' title='bbox 3121 5601 3319 5648; x_wconf 89' lang='lat' dir='ltr'>noster</span> <span class='ocrx_word' id='word_1_1105' title='bbox 3355 5595 3463 5646; x_wconf 89' lang='lat' dir='ltr'>hoc</span> 
     </span>
    </p>
   </div>
   <div class='ocr_carea' id='block_1_147' title="bbox 1874 5667 3465 5739">
    <p class='ocr_par' dir='ltr' id='par_1_147' title="bbox 1874 5667 3465 5739">
     <span class='ocr_line' id='line_1_147' title="bbox 1874 5667 3465 5739; baseline -0.009 -7"><span class='ocrx_word' id='word_1_1106' title='bbox 1874 5682 2000 5734; x_wconf 90' lang='lat' dir='ltr'>loco</span> <span class='ocrx_word' id='word_1_1107' title='bbox 2023 5681 2288 5739; x_wconf 83' lang='lat' dir='ltr'>adstruit,</span> <span class='ocrx_word' id='word_1_1108' title='bbox 2312 5679 2535 5728; x_wconf 79' lang='lat' dir='ltr'>animas</span> <span class='ocrx_word' id='word_1_1109' title='bbox 2561 5687 2595 5726; x_wconf 91' lang='lat' dir='ltr'>a</span> <span class='ocrx_word' id='word_1_1110' title='bbox 2620 5677 2736 5726; x_wconf 92' lang='lat' dir='ltr'>Deo</span> <span class='ocrx_word' id='word_1_1111' title='bbox 2763 5671 3020 5736; x_wconf 87' lang='lat' dir='ltr'>singulas</span> <span class='ocrx_word' id='word_1_1112' title='bbox 3039 5669 3236 5732; x_wconf 86' lang='lat' dir='ltr'>creari,</span> <span class='ocrx_word' id='word_1_1113' title='bbox 3273 5669 3329 5720; x_wconf 90' lang='lat' dir='ltr'>et</span> <span class='ocrx_word' id='word_1_1114' title='bbox 3351 5667 3465 5719; x_wconf 84' lang='lat' dir='ltr'>for-</span> 
     </span>
    </p>
   </div>
   <div class='ocr_carea' id='block_1_148' title="bbox 1875 5747 2676 5815">
    <p class='ocr_par' dir='ltr' id='par_1_148' title="bbox 1875 5747 2676 5815">
     <span class='ocr_line' id='line_1_148' title="bbox 1875 5747 2676 5815; baseline -0.011 -9"><span class='ocrx_word' id='word_1_1115' title='bbox 1875 5755 2049 5806; x_wconf 89' lang='lat' dir='ltr'>matis</span> <span class='ocrx_word' id='word_1_1116' title='bbox 2074 5752 2406 5815; x_wconf 85' lang='lat' dir='ltr'>corporibus</span> <span class='ocrx_word' id='word_1_1117' title='bbox 2431 5747 2676 5800; x_wconf 87' lang='lat' dir='ltr'>infundi.</span> 
     </span>
    </p>
   </div>
   <div class='ocr_carea' id='block_1_149' title="bbox 1943 5813 3470 5887">
    <p class='ocr_par' dir='ltr' id='par_1_149' title="bbox 1943 5813 3470 5887">
     <span class='ocr_line' id='line_1_149' title="bbox 1943 5813 3470 5887; baseline -0.009 -12"><span class='ocrx_word' id='word_1_1118' title='bbox 1943 5835 1960 5855; x_wconf 88' lang='lat'><strong>°</strong></span> <span class='ocrx_word' id='word_1_1119' title='bbox 1994 5827 2100 5875; x_wconf 85' lang='lat' dir='ltr'>Ms.</span> <span class='ocrx_word' id='word_1_1120' title='bbox 2117 5813 2205 5874; x_wconf 79' lang='lat' dir='ltr'>Sic</span> <span class='ocrx_word' id='word_1_1121' title='bbox 2227 5840 2260 5871; x_wconf 78' lang='grc' dir='ltr'>α</span> <span class='ocrx_word' id='word_1_1122' title='bbox 2276 5821 2586 5887; x_wconf 79' lang='lat' dir='ltr'>parentibus</span> <span class='ocrx_word' id='word_1_1123' title='bbox 2605 5819 2677 5868; x_wconf 83' lang='lat' dir='ltr'>ad</span> <span class='ocrx_word' id='word_1_1124' title='bbox 2699 5832 2883 5868; x_wconf 85' lang='lat' dir='ltr'>eorum</span> <span class='ocrx_word' id='word_1_1125' title='bbox 2899 5814 3086 5865; x_wconf 82' lang='lat' dir='ltr'>liberos</span> <span class='ocrx_word' id='word_1_1126' title='bbox 3103 5813 3328 5864; x_wconf 82' lang='lat' dir='ltr'>deducta</span> <span class='ocrx_word' id='word_1_1127' title='bbox 3341 5813 3470 5862; x_wconf 86' lang='lat' dir='ltr'>sint.</span> 
     </span>
    </p>
   </div>
   <div class='ocr_carea' id='block_1_150' title="bbox 1939 5891 2730 5954">
    <p class='ocr_par' dir='ltr' id='par_1_150' title="bbox 1939 5891 2730 5954">
     <span class='ocr_line' id='line_1_150' title="bbox 1939 5891 2730 5954; baseline -0.006 -9"><span class='ocrx_word' id='word_1_1128' title='bbox 1939 5894 1960 5924; x_wconf 68' lang='grc' dir='ltr'><em>δ</em></span> <span class='ocrx_word' id='word_1_1129' title='bbox 1986 5897 2092 5945; x_wconf 82' lang='lat' dir='ltr'>Ms.</span> <span class='ocrx_word' id='word_1_1130' title='bbox 2115 5895 2384 5954; x_wconf 76' lang='lat' dir='ltr'>Spiritum</span> <span class='ocrx_word' id='word_1_1131' title='bbox 2421 5891 2730 5954; x_wconf 60' lang='lat' dir='ltr'>appellavit.</span> 
     </span>
    </p>
   </div>
   <div class='ocr_carea' id='block_1_151' title="bbox 1941 5954 3476 6025">
    <p class='ocr_par' dir='ltr' id='par_1_151' title="bbox 1941 5954 3476 6025">
     <span class='ocr_line' id='line_1_151' title="bbox 1941 5954 3476 6025; baseline -0.008 -11"><span class='ocrx_word' id='word_1_1132' title='bbox 1941 5977 1960 5999; x_wconf 73' lang='grc' dir='ltr'><strong><em>ο</em></strong></span> <span class='ocrx_word' id='word_1_1133' title='bbox 1981 5963 2318 6014; x_wconf 79' lang='lat' dir='ltr'>[mmortales</span> <span class='ocrx_word' id='word_1_1134' title='bbox 2334 5961 2622 6025; x_wconf 88' lang='lat' dir='ltr'>mortales.]</span> <span class='ocrx_word' id='word_1_1135' title='bbox 2646 5960 2792 6012; x_wconf 90' lang='lat' dir='ltr'>Hinc</span> <span class='ocrx_word' id='word_1_1136' title='bbox 2808 5955 3158 6022; x_wconf 80' lang='lat' dir='ltr'>Theophilus</span> <span class='ocrx_word' id='word_1_1137' title='bbox 3179 5954 3476 6005; x_wconf 76' lang='lat' dir='ltr'>Alexandri-</span> 
     </span>
    </p>
   </div>
   <div class='ocr_carea' id='block_1_152' title="bbox 1947 6036 3478 6108">
    <p class='ocr_par' dir='ltr' id='par_1_152' title="bbox 1947 6036 3478 6108">
     <span class='ocr_line' id='line_1_152' title="bbox 1947 6036 3478 6108; baseline -0.007 -12"><span class='ocrx_word' id='word_1_1138' title='bbox 1947 6047 1964 6082; x_wconf 78' lang='grc' dir='ltr'><strong><em>ι</em></strong></span> <span class='ocrx_word' id='word_1_1139' title='bbox 1994 6047 2134 6098; x_wconf 88' lang='lat' dir='ltr'>Puto</span> <span class='ocrx_word' id='word_1_1140' title='bbox 2146 6043 2376 6107; x_wconf 89' lang='lat' dir='ltr'>librum,</span> <span class='ocrx_word' id='word_1_1141' title='bbox 2391 6043 2490 6108; x_wconf 92' lang='lat' dir='ltr'>qui</span> <span class='ocrx_word' id='word_1_1142' title='bbox 2501 6041 2867 6107; x_wconf 70' lang='lat' dir='ltr'>dejprincipiis</span> <span class='ocrx_word' id='word_1_1143' title='bbox 2880 6039 3226 6103; x_wconf 89' lang='lat' dir='ltr'>inscribitur,</span> <span class='ocrx_word' id='word_1_1144' title='bbox 3243 6036 3478 6091; x_wconf 68' lang='lat' dir='ltr'>indicati.</span> 
     </span>
    </p>
   </div>
  </div>
