3894 6420
510 457 650 513 1139

1814 452 2059 503 RUFINI
2102 451 2495 504 PALESTINI

3673 443 3798 500 1140

511 592 639 632 esse
662 578 925 639 dixerim,
942 575 1209 627 mortales
1225 587 1359 626 vero
1371 573 1691 625 secundum
1705 588 1906 636 corpus,
1930 569 2103 640 597
2133 568 2194 639 Α
2214 585 2391 636 gnum
2411 576 2605 625 autem
2620 574 2720 624 Dei
2735 572 3063 624 mortalium
3079 576 3317 633 nonest,
3329 573 3416 620 sed
3428 568 3799 640 immortalium.

511 664 815 713 nunquam
832 654 1017 699 tamen
1036 652 1278 697 mortem
1297 649 1685 709 gustassent,‘
1698 648 1947 706 siquidem
1965 661 2107 693 man-

514 723 716 774 datum
757 720 859 771 Dei
895 731 1118 770 scrvare
1153 718 1488 780 voluissent,
1514 719 1664 769 sicut
1689 718 1892 768 beatus
1915 716 2113 767 Enoch

512 794 736 845 meruit.
758 792 862 841 Hic
878 803 1127 853 namque
1144 789 1277 840 licet
1288 790 1546 839 mortalis
1564 794 1737 851 esset,
1752 793 1942 839 tamen
1957 796 2115 836 trans-

512 866 664 917 latus
688 867 794 924 est,
824 867 886 913 ut
910 868 1153 912 mortem
1179 861 1409 925 penitus
1433 874 1548 912 non
1579 862 1816 911 videret.
1836 860 1998 922 Quod
2011 874 2115 909 au-

512 941 630 987 tem
661 934 930 985 mortales
960 932 1279 984 secundum
1297 946 1504 996 corpus
1522 936 1691 983 creati
1711 938 1850 983 sunt
1863 932 2041 982 Adam
2061 935 2117 981 et

513 1010 645 1068 Eva,
676 1011 736 1056 ut
759 1006 895 1065 dixi,
929 1006 1092 1056 testis
1127 1009 1215 1056 est
1240 1006 1469 1067 Moyses
1486 1017 1617 1054 cum
1636 1005 1788 1067 dicit,
1807 1005 1874 1052 Et
1895 1003 2117 1067 planta-

512 1078 587 1128 vit
612 1078 752 1125 Deus
770 1077 1098 1140 paradisum
1123 1077 1183 1123 in
1211 1076 1361 1124 Eden
1383 1077 1456 1125 ad
1477 1078 1757 1133 orientem,
1783 1081 1829 1123 et
1852 1075 2025 1136 posuit
2047 1072 2121 1120 ibi

517 1150 793 1199 hominem
821 1163 979 1212 quem
1003 1147 1312 1211 plasmauit,
1338 1154 1385 1196 et
1404 1149 1671 1213 produxit
1692 1148 1873 1196 adhuc
1896 1148 1956 1194 de
1980 1150 2121 1193 terra

516 1234 672 1268 omne
697 1219 914 1283 lignum
940 1218 1239 1283 pulchrum
1259 1220 1332 1268 ad
1356 1220 1554 1281 visum,
1584 1224 1627 1267 et
1653 1219 1853 1267 bonum
1876 1217 1949 1265 ad
1976 1216 2127 1265 eden-

517 1292 669 1354 dum,
694 1297 741 1339 et
766 1292 979 1354 lignum
1003 1291 1119 1338 vitae
1149 1291 1207 1338 in
1237 1291 1413 1339 medio
1442 1290 1710 1353 paradisi,
1737 1294 1783 1337 et
1816 1289 2028 1350 lignum
2053 1286 2127 1335 ad

514 1364 943 1426 cognoscendum
960 1362 1165 1411 bonum
1177 1368 1219 1410 et
1244 1362 1455 1410 malum
1474 1362 1618 1424 (Gen.
1635 1360 1685 1413 9.
1705 1359 1796 1423 8).
1816 1362 2127 1422 Nunquam

517 1446 658 1486 vero
673 1436 825 1486 Deus
849 1436 1071 1499 lignum
1099 1434 1235 1485 vita:
1251 1434 1308 1483 in
1327 1434 1590 1497 paradiso
1605 1434 1794 1495 planta
1804 1435 1939 1494 sset,
1956 1430 2001 1480 si
2019 1430 2130 1489 qui-

518 1506 651 1556 dem
669 1507 851 1558 Adam
869 1506 1207 1557 immortalis
1223 1505 1546 1556 secundum
1559 1517 1790 1555 carnem
1802 1510 1993 1551 creatus
2007 1503 2130 1548 fuis-

522 1584 629 1630 set.
656 1581 880 1629 Rursus
898 1583 1092 1629 autem
1113 1578 1162 1627 si
1184 1577 1367 1627 Adam
1387 1581 1445 1627 et
1472 1579 1585 1626 Eva
1600 1573 1953 1627 immortales
1965 1566 2129 1621 essent

522 1649 844 1701 secundum
868 1661 1097 1700 carnem
1123 1649 1316 1708 creati,
1338 1660 1637 1711 nunquam
1655 1647 1955 1697 audissent
1970 1645 2131 1695 aDeo

523 1722 743 1773 Crescite
779 1727 824 1769 et
876 1720 1349 1784 multiplicamini,
1386 1725 1432 1768 et
1454 1720 1665 1784 implete
1688 1726 1889 1767 terram
1918 1715 2127 1779 (Gemi.

530 1794 630 1855 ιϐ.)
671 1795 817 1844 Nam
854 1793 953 1855 qui
984 1792 1352 1853 manducare,
1384 1796 1438 1841 et
1464 1792 1676 1853 bibere,
1700 1792 1755 1840 et
1775 1790 1944 1849 coire,
1981 1800 2125 1838 cres-

524 1877 671 1922 cere,
702 1868 761 1914 et
778 1868 983 1914 terram
998 1862 1391 1926 implerejussi
1408 1867 1560 1923 sunt,
1576 1862 1632 1911 hi
1650 1861 1878 1925 penitus
1896 1861 2128 1909 immor—

527 1938 668 1985 tales
692 1946 818 1985 esse
843 1946 959 1984 non
978 1936 1258 1996 poterant,
1284 1933 1435 1983 sicut
1449 1934 1619 1983 etiam
1633 1931 1915 1982 Dominus
1932 1934 2127 1980 noster

2216 646 2365 695 sicut
2407 646 2579 695 etiam
2604 645 2886 696 Dominus
2911 650 3108 695 noster
3130 646 3303 694 Jesus
3333 641 3597 694 Christus
3622 636 3801 688 docuit

2214 713 2388 784 598
2421 717 2639 779 dicens,
2658 717 2762 775 Qui
2782 722 2960 764 autem
2987 717 3142 779 digni
3168 708 3799 784 habebuntursmculoitle

2212 780 2255 836 et
2270 780 2648 837 i'esurrectione
2659 804 2725 836 ω)
2739 790 2985 849 mortuis,
3006 803 3175 852 neque
3187 787 3414 841 nubunt,
3429 797 3605 849 neque
3616 780 3801 830 ducunt

2214 874 2428 923 uxores,
2454 875 2623 922 neque
2642 861 2787 908 enim
2806 862 2958 908 ultra
2973 860 3115 907 mori
3137 862 3402 922 poterunt,
3426 854 3654 918 aequales
3676 852 3801 901 enim

2213 922 2430 993 Angelis
2459 937 2584 978 sunt
2623 932 2763 994 (Luc.
2814 930 2901 985 ‘20.
2935 930 3061 992 35.).
3103 931 3281 980 Adam
3324 928 3499 990 igitur
3521 931 3578 976 et
3606 926 3741 983 Eva,
3764 922 3805 970 Si

2217 1002 2449 1065 quidem
2468 1002 2801 1053 mandatum
2816 1003 2910 1053 Dei
2929 1006 3585 1062 servassent,nunquam
3601 998 3800 1057 profecto

2217 1075 2559 1136 gustassent
2581 1080 2841 1125 mortem.
2857 1074 3126 1125 Mandato
3142 1078 3334 1124 autem
3351 1072 3594 1121 minime
3610 1071 3805 1121 servato,

2219 1157 2335 1195 non
2361 1157 2431 1193 ex
2457 1144 2878 1196 immortalibus
2917 1146 3183 1195 morttles
3209 1143 3337 1194 facti
3362 1146 3521 1202 sunt,
3554 1138 3655 1190 sed
3681 1148 3799 1187 cum

2222 1216 2491 1267 mortales
2515 1222 2726 1279 essent,
2750 1218 3041 1280 promissa
3059 1216 3169 1267 sibi
3192 1228 3225 1266 a
3254 1218 3372 1266 Deo
3389 1209 3802 1264 immortalitate

2224 1288 2563 1350 semetipsos
2613 1289 2950 1339 alienarunt.
2985 1287 3145 1340 Unde
3175 1287 3355 1337 Adam
3384 1283 3602 1336 audivit
3631 1294 3663 1332 a
3684 1281 3804 1341 Deo,

2230 1360 2390 1407 Terra
2417 1374 2485 1421 cs,
2510 1364 2554 1408 et
2578 1361 2638 1408 in
2663 1366 2863 1409 terram
2882 1360 2983 1408 ibis
3007 1361 3150 1421 (Gen.
3179 1357 3234 1412 3.
3259 1357 3384 1421 13.).
3414 1357 3469 1406 id
3483 1360 3591 1418 est,
3615 1366 3807 1410 corrup—

2225 1429 2402 1481 tibilis
2425 1442 2507 1493 es,
2533 1436 2590 1481 et
2613 1432 2674 1482 in
2696 1432 3077 1495 corruptelam
3100 1431 3226 1492 ibis,
3249 1443 3381 1480 cum
3401 1440 3521 1492 3am
3546 1424 3807 1487 indignus

2227 1508 2381 1553 esset
2405 1504 2474 1553 de
2499 1504 2654 1566 ligno
2681 1504 2817 1555 vitae
2839 1504 3204 1564 manducare,
3235 1507 3292 1552 et
3317 1505 3591 1564 perpetuo
3608 1498 3804 1546 vivere.

2229 1576 2300 1625 Ut
2328 1580 2519 1625 autem
2549 1589 2748 1625 rursus
2767 1575 2955 1626 dicam
2973 1574 3127 1637 quod
3145 1574 3328 1626 Adam
3340 1578 3396 1623 et
3419 1573 3556 1630 Eva,
3577 1569 3625 1619 si
3640 1569 3697 1619 in
3715 1583 3809 1613 ser-

2228 1646 2419 1697 vando
2438 1645 2706 1697 mandato
2722 1647 2819 1697 Dei
2844 1649 3323 1709 perseverassent,
3342 1656 3459 1693 non
3482 1640 3805 1691 habuissent

2228 1717 2631 1768 discretionem
2648 1717 3026 1769 manducandi
3051 1717 3121 1768 de
3144 1716 3296 1780 ligno
3315 1715 3461 1771 vitm,
3476 1724 3660 1774 usque
3683 1713 3741 1757 ad
3762 1712 3792 1755 il

2228 1788 2329 1839 lud
2357 1788 2616 1840 videlicet
2638 1794 2888 1852 tempus,
2915 1802 3029 1851 quo
3041 1787 3346 1851 Deusipsis
3360 1787 3669 1834 revelaturus
3691 1789 3807 1830 erat:

2229 1874 2341 1923 qua
2362 1879 2372 1905 ε
2394 1874 2432 1910 x
2457 1874 2659 1911 caussa
2687 1862 2858 1912 etiam
2876 1873 2910 1911 a
2923 1859 3309 1923 ceterislignis
3326 1858 3509 1908 fuerat
3523 1860 3805 1914 separatum.

2231 1946 2362 1983 cum
2390 1933 2448 1982 in
2473 1932 2661 1983 medio
2687 1938 2841 1983 esset
2865 1932 3113 1995 paradisi
3135 1931 3405 1995 positum,
3431 1927 3529 1978 ubi
3567 1926 3732 1976 etiam
3750 1924 3809 1995 li-

524 1979 2006 2066 iussisiussis;‘suasisse}eam,"nu
2030 2015 2124 2048 εκ-
2152 1979 2205 2053 Β
2230 1979 2805 2066 semianimi“
2824 1979 3121 2054 statim;
3137 1979 3404 2053 tatem
3417 1997 3549 2049 boni
3577 2003 3633 2047 et
3664 1994 3807 2045 mali.

527 2077 640 2125 culi
661 2075 1107 2140 hujusnubuntet
1132 2076 1433 2123 traduntur
1448 2075 1522 2124 ad
1533 2091 1567 2122 n
1578 2075 1773 2138 uptia-s.
1794 2073 1876 2121 Illi
1893 2087 2009 2120 vero
2028 2070 2125 2135 qui

526 2148 679 2209 digni
711 2146 1049 2196 habebuntur
1069 2146 1255 2196 saeculo
1277 2147 1366 2195 illo
1404 2152 1448 2195 et
1482 2145 1867 2195 resurrectione
1888 2159 1954 2193 ea:
1980 2158 2128 2191 mor-

524 2219 632 2268 tuis
659 2234 830 2282 neque
866 2218 1082 2275 nubent,
1117 2233 1287 2281 neque
1311 2218 1503 2266 duce-nt
1529 2232 1740 2266 uacores.
1767 2214 1949 2278 Neque
1982 2214 2127 2263 enim

524 2290 672 2339 ultra
695 2290 838 2340 mori
863 2295 1113 2355 poterunt
1147 2307 1157 2338 :
1181 2290 1410 2353 aequales
1430 2290 1575 2339 enim
1595 2287 1812 2352 Angelis
1836 2292 1960 2335 sunt
1982 2287 2123 2351 (Luc.

589 2434 772 2485 XXX.
801 2433 1111 2484 Probatum
1132 2436 1223 2483 est
1244 2431 1689 2494 sufﬂcienter,ut
1710 2444 1855 2491 reor,
1873 2431 2127 2478 hominem

526 2505 852 2556 secundum
883 2517 1113 2555 carnem
1149 2509 1407 2555 creatum
1431 2517 1557 2554 esse
1590 2502 1909 2566 mortalem,
1935 2506 2128 2565 aperte

524 2578 770 2628 Domino
817 2577 1077 2638 docente,
1108 2576 1379 2628 mortales
1418 2589 1545 2626 esse
1585 2589 1683 2626 eos
1717 2576 1815 2638 qui
1852 2574 2005 2625 coitu
2030 2572 2128 2623 tali

526 2649 862 2712 nuptiisque
904 2650 1191 2700 laetantur.
1226 2648 1388 2700 Unde
1413 2648 1607 2699 Enoch
1629 2647 1727 2710 qui
1751 2645 1964 2710 placuit
1992 2647 2125 2705 Deo,

526 2725 831 2784 postquam
857 2719 1105 2770 diversis
1130 2732 1198 2770 ex
1225 2720 1501 2770 uxoribus
1526 2720 1734 2769 liberos
1781 2716 2126 2781 procreavit,

528 2790 845 2841 translatus
870 2792 1057 2853 est,'ut
1072 2794 1314 2840 mortem
1340 2790 1570 2853 penitus
1592 2802 1711 2839 non
1723 2789 1960 2849 videret,
1980 2788 2130 2838 sicut

525 2862 700 2913 etiam
748 2864 950 2912 beatus
993 2860 1205 2912 Paulus
1245 2862 1503 2913 Hebraeis
1534 2861 1790 2912 scribens
1813 2860 1966 2923 dicit,
2002 2859 2127 2907 Fide

526 2933 716 2982 Enoch
742 2932 1039 2981 translatus
1062 2938 1152 2995 est,
1180 2948 1246 2981 ne
1270 2934 1469 2981 videret
1493 2938 1716 2980 mortem
1743 2930 1885 2994 (ch.
1914 2930 1994 2983 11.
2018 2928 2087 2991 5.)
2112 2946 2121 2977 :

523 3017 658 3056 nam
684 3009 819 3056 ante
846 3004 1283 3056 translationem
1322 3006 1437 3055 Deo
1470 3004 1754 3068 placuisse
1776 3003 2121 3068 perhibetur.

524 3076 614 3126 Sic
638 3075 813 3139 igitur
844 3089 1158 3139 possumus
1183 3076 1369 3127 dicere
1394 3076 1565 3127 etiam
1594 3075 1665 3127 de
1691 3076 1875 3126 Adam
1904 3080 1962 3125 et
1990 3076 2123 3133 Eva,

524 3147 677 3210 quod
704 3149 752 3197 si
780 3152 1138 3212 praeceptum
1166 3148 1262 3199 Dei
1287 3148 1745 3210 mandatumque
1771 3148 2122 3207 servassent,

528 3219 699 3268 etiam
727 3223 858 3282 post
882 3219 1188 3270 liberorum
1217 3219 1683 3282 procreationem,
1714 3224 1945 3281 gustato
1969 3216 2124 3279 ligno

527 3290 684 3352 vitae,
713 3290 1067 3342 immortales
1084 3291 1915 3355 jugiterpermansissent,non
1927 3295 2126 3349 egentes

529 3359 587 3410 in
613 3364 907 3424 posterum
934 3363 1140 3425 victus,
1171 3366 1227 3412 et
1249 3362 1586 3413 incrementi
1605 3363 2124 3423 velnupliarum.Sin
2150 3355 2199 3430 ρ

529 3444 665 3482 vero
689 3432 924 3494 quidam
949 3433 1234 3496 imperitia
1258 3434 1407 3496 capti
1430 3434 1489 3483 in
1512 3433 1711 3484 eadem
1738 3435 2124 3496 perseverant,

527 3502 787 3554 dicentes
810 3503 964 3566 quod
987 3504 1173 3555 Adam
1196 3508 1253 3555 et
1274 3506 1413 3561 Eva,
1432 3505 1610 3555 semel
1634 3510 1868 3567 accepta
1898 3503 2128 3554 licentia

529 3574 868 3624 comedendi
883 3576 956 3624 ab
974 3576 1130 3625 omni
1145 3575 1301 3637 ligno
1319 3575 1473 3637 quod
1485 3580 1607 3626 erat
1622 3576 1680 3625 in
1694 3576 1976 3639 paradiso,
1996 3589 2127 3635 pra!-

528 3647 614 3694 ter
636 3658 820 3695 unum
841 3649 1069 3695 tantum
1087 3645 1242 3707 quod
1257 3658 1291 3696 a
1306 3647 1421 3697 Deo
1448 3645 1634 3697 fuerat
1649 3649 1989 3705 interdictum,
2012 3660 2125 3693 cum

527 3714 676 3765 inter
698 3716 891 3765 omnia
907 3715 1077 3765 etiam
1099 3715 1480 3779 delignovitm
1493 3718 1898 3779 comedissent,
1917 3721 2128 3767 immor-

532 3787 806 3837 talitatem
830 3791 1337 3851 consequerentur,
1351 3788 1739 3852 discantquod
1754 3803 1850 3853 qui
1867 3792 2121 3839 immorta-

525 3857 597 3908 lis
622 3858 808 3908 factus
839 3864 945 3921 est,
973 3859 1100 3909 cibo
1126 3859 1356 3923 penitus
1379 3872 1497 3910 non
1517 3865 1666 3924 eget.
1684 3862 2048 3926 Adamigitur
2069 3868 2126 3914 et

527 3931 646 3980 Eva
680 3930 968 3992 siquidem
998 3932 1347 3982 immortales
1374 3934 1711 3983 naturaliter
1743 3939 1958 3997 essent,
1978 3948 2126 3985 nun-

525 4014 702 4063 quam
726 4001 797 4052 de
825 4000 982 4065 ligno
1007 4007 1361 4065 gustassent,
1396 4003 1550 4066 quod
1575 4017 1609 4055 a
1630 4006 1750 4055 Deo
1777 4005 2125 4067 prohibitum

524 4072 729 4133 fuerat,
754 4073 965 4137 quippe
991 4087 1124 4125 cum
1149 4074 1501 4125 immortales
1524 4074 1871 4127 desiderium
1886 4092 2011 4125 esca:
2028 4092 2125 4125 non

523 4143 957 4208 habeant,sicut
968 4145 1142 4196 etiam
1157 4147 1358 4197 beatus
1370 4148 1580 4197 Paulus
1600 4150 1843 4198 testatur
1854 4152 1945 4196 hoc
1958 4150 2125 4213 modo,

523 4218 645 4264 Non
667 4220 737 4265 est
762 4230 992 4279 regnum
1014 4217 1110 4265 Dei
1132 4216 1276 4266 cibus
1300 4220 1351 4267 et
1372 4224 1530 4282 potus
1559 4219 1725 4282 (Rom.
1746 4218 1830 4273 14.
1858 4218 1984 4284 17.).
2013 4220 2124 4272 Re-

524 4369 637 4408 nus
657 4358 719 4409 in
738 4358 939 4430 Codice
964 4371 1135 4422 quem
1161 4359 1416 4410 diximus
1439 4360 1559 4416 810.
1586 4362 1749 4419 Μέσος
1779 4362 1863 4414 οὖν
1888 4365 1913 4414 ὁ
1938 4364 2125 4430 ἅνθρω-

525 4448 614 4485 πος
650 4440 743 4480 τῶν
779 4425 867 4481 δὺο
897 4426 1088 4496 ἐγένετο
1121 4450 1131 4461 ⁸
1175 4433 1285 4482 οὔτε
1327 4434 1495 4493 ΘΑητὸς
1536 4430 1821 4500 ὁλοσχερὴς,
1853 4437 1964 4486 οὔτε
2002 4425 2126 4488 ἇθά-

524 4520 667 4559 νατος
708 4502 939 4563 καθόλου,
992 4505 1205 4560 δεκτικὸς
1246 4503 1298 4554 δὲ
1342 4506 1591 4571 ἑκατέρου.
1639 4507 1863 4566 Medius,
1912 4507 2122 4572 inquit,

524 4573 666 4621 inter
697 4575 831 4623 duos
866 4576 1024 4624 homo
1048 4574 1222 4637 factus
1249 4577 1458 4639 fuerat;
1479 4593 1573 4627 nec
1603 4580 1847 4629 mortalis
1870 4581 2023 4629 omni
2057 4596 2124 4629 ea:

524 4651 694 4706 parte,
720 4662 813 4695 nec
834 4653 969 4695 totus
994 4647 1340 4710 immortalis,
1378 4650 1467 4697 sed
1501 4666 1678 4713 capax
1707 4652 1999 4714 utriusque.
2019 4654 2128 4703 Co-

523 4715 684 4778 piose
707 4721 897 4767 autem
923 4722 980 4769 et
1002 4719 1292 4782 eleganter
1315 4721 1513 4771 eadem
1545 4721 1930 4773 edisseruerat
1950 4723 2122 4774 Theo-

524 4786 717 4849 philus
765 4787 925 4851 alter,
972 4789 1116 4857 libro
1154 4792 1221 4842 Il.
1256 4792 1326 4841 ad
1362 4793 1730 4857 Autolycum,
1766 4795 1856 4845 his
1886 4795 2117 4845 verbis:

523 4859 651 4910 Οὔτε
690 4858 829 4931 φήσει
866 4862 1034 4931 fimi-oc
1073 4856 1280 4931 ἐγένετο,
1322 4865 1432 4915 οὔτε
1468 4856 1723 4921 ἆθάνατοςν
1749 4885 1759 4895 ·
1800 4861 1838 4916 εἷ
1878 4868 1968 4931 γὰρ
2000 4863 2123 4918 ἀθά-

521 4949 668 4981 νατον
694 4926 843 4982 αὐτὸν
876 4928 959 4982 ἀπ’
990 4929 1144 4998 ἀρχῆς
1175 4929 1468 4997 ἐπεποιήκει,
1500 4937 1605 4987 Θεὸν
1642 4932 1789 4988 αὐτὸν
1818 4926 2120 4998 ἐπέπόίηκεν

520 5003 669 5054 πάλιν
697 4998 736 5053 εἰ
765 5005 936 5064 Θνητὸν
978 5001 1124 5056 αὐτὸν
1158 5006 1448 5068 επεποιήκει,
1482 5003 1639 5058 ἐδόκει
1672 5006 1730 5057 ἂν
1761 5010 1788 5058 ὁ
1826 5010 1945 5065 Θεὸς
1978 5010 2122 5066 αἴτιος

522 5073 642 5124 εἶναι
707 5081 788 5124 τοῦ
850 5076 1061 5127 θανάτου
1122 5073 1284 5130 αὐτοῦ.
1344 5080 1471 5131 Οὔτε
1534 5077 1618 5128 οὖν
1667 5074 1907 5130 ἀθάνατον
1972 5077 2119 5131 αὐτὸν

523 5140 771 5216 ἐποίησεν,
819 5148 930 5197 οὔτε
985 5150 1176 5216 θνητὸν,
1230 5146 1356 5200 ἀλλὰ
1414 5151 1630 5199 δεκτικὸν
1693 5146 1996 5216 ἀμφοτέρων,
2043 5151 2120 5203 ἵνα

521 5213 647 5289 ῥὲψῃ
688 5211 768 5267 ἐπὶ
805 5221 864 5267 τὰ
906 5224 988 5279 τῆς
1017 5215 1307 5279 ἀθανασίας,
1338 5223 1424 5289 καῇ
1454 5211 1782 5289 τηρήσας
1815 5211 2013 5283 ἐντολὴν
2039 5230 2120 5273 τοῧ

519 5287 665 5352 Θεοῦ,
712 5292 880 5357 μισθὸν
920 5291 1184 5353 κομίσηται
1212 5296 1323 5357 παρ’
1362 5287 1513 5341 αὐτοῦ
1542 5288 1628 5352 τὴν
1661 5288 1953 5354 ἀθανασίαν,
1991 5291 2029 5345 εἷ
2066 5296 2121 5346 δὲ

520 5358 578 5410 ἂν
605 5366 764 5436 τραπῇ
802 5355 882 5436 ἐπεὶ
911 5363 971 5410 τὰ
1012 5370 1093 5412 τοῦ
1131 5363 1362 5419 Θανάτου,
1402 5359 1545 5418 αὐτὸς
1584 5365 1757 5413 ἑαυτοῦ
1803 5362 2003 5436 αἱίπιοςῇ
2038 5375 2118 5416 τοῦ

517 5426 752 5481 θανάτου’
784 5427 1094 5501 ἠἐλεύθερον
1150 5436 1241 5497 γὰρ
1291 5435 1378 5484 καὶ
1427 5430 1730 5491 αὐτεξούσιον
1798 5426 2028 5498 ἐποίησεν
2092 5442 2119 5489 ὸ

516 5504 619 5559 Θεὸς
639 5504 722 5553 τὸν
748 5503 1021 5569 ἄνθρωπον.
1052 5503 1160 5552 Nec
1198 5510 1403 5552 natura
1433 5508 1676 5555 mortalis
1694 5508 1869 5567 factus
1901 5515 1988 5567 est,
2025 5526 2119 5559 nec

516 5572 860 5624 immortalis.
918 5576 1292 5624 Immortalem
1352 5579 1547 5641 quippe
1590 5578 1636 5627 si
1677 5580 1900 5641 fecisset,
1950 5581 2118 5629 Deum

514 5643 671 5693 illum
690 5646 888 5708 fecisset
915 5664 927 5696 :
960 5647 1007 5694 si
1028 5648 1308 5696 mortalem
1334 5665 1524 5697 rursus
1549 5650 1703 5699 illum
1726 5652 1942 5714 fecisset,
1969 5668 2117 5701 mor-

513 5715 580 5762 tis
627 5732 739 5779 ejus
777 5722 967 5765 auctor
1011 5723 1057 5766 et
1095 5733 1287 5768 caussa
1314 5720 1594 5777 videretur,
1623 5722 1727 5770 Nec
1760 5724 2118 5772 immortalem

514 5786 684 5847 igitur
694 5789 851 5837 illum
862 5789 1003 5851 fecit,
1019 5806 1108 5838 nec
1124 5792 1425 5855 mortalem,
1446 5794 1534 5840 sed
1549 5793 1832 5841 amborum
1849 5810 2114 5857 capacem:

512 5862 569 5904 ut
626 5859 698 5906 ad
752 5860 1227 5911 immortalitatem
1278 5871 1524 5924 vergeret,
1578 5870 1742 5927 utque
1792 5867 2113 5915 mandatum

510 5929 790 5987 servando,
838 5932 1122 5980 mercedem
1163 5933 1228 5981 ab
1262 5948 1318 5982 eo
1347 5935 1603 5997 acciperet
1631 5936 2113 5988 immortalitatem.

513 5998 666 6055 Quod
688 5999 735 6047 si
757 6000 831 6050 ad
842 6006 1067 6052 mortem
1084 6010 1489 6065 converteretur,
1504 6007 1711 6059 sibimet
1726 6011 1912 6060 mortis
1920 6016 2112 6061 auctor

2233 2076 2417 2125 fuerat
2441 2075 2838 2136 constitutum,
2864 2080 2927 2125 ut
2948 2074 3313 2125 interdictum
3339 2071 3562 2134 lignum
3587 2073 3809 2129 tangere

2234 2150 2553 2198 metuentes
2579 2148 2748 2197 etiam
2776 2160 2811 2198 a
2838 2146 2989 2198 licito
3015 2149 3279 2196 caverent
3300 2140 3806 2194 manducare.l\'am

2232 2218 2340 2269 hoc
2364 2220 2533 2269 etiam
2561 2221 2713 2269 Deus
2736 2223 2928 2282 aperte
2953 2218 3165 2278 docuit,
3191 2217 3386 2267 dicens
3418 2229 3430 2264 :
3480 2213 3608 2261 Ecce
3643 2210 3807 2259 Adon.

2231 2291 2340 2354 fact
2349 2307 2406 2339 us
2418 2298 2487 2339 est
2505 2292 2664 2354 quasi
2688 2306 2833 2339 unus
2855 2306 2921 2339 ea:
2942 2290 3093 2338 nobis
3103 2290 3173 2338 ad
3190 2286 3608 2351 cognoscendum
3626 2282 3811 2354 bonum

2231 2353 2277 2410 ct
2301 2353 2528 2411 malum.
2555 2363 2622 2411 Et
2646 2378 2793 2411 nunc
2821 2377 2885 2410 ne
2906 2362 3042 2424 forte
3067 2360 3245 2409 tendat
3270 2360 3577 2416 manum,et
3603 2353 3747 2403 tollat
3762 2353 3815 2424 de

2234 2432 2380 2496 ligno
2428 2434 2561 2495 vitaz,
2600 2438 2646 2481 et
2690 2422 2947 2493 comedat,
2973 2439 3017 2480 et
3044 2432 3186 2479 vivat
3214 2431 3273 2478 in
3303 2436 3561 2477 aeternum
3591 2426 3715 2487 (Gen
3744 2422 3813 2496 A3,

2233 2494 2356 2569 2i).
2384 2506 2449 2555 In
2473 2494 2585 2568 quo
2603 2505 2751 2556 dixit
2773 2507 2948 2568 Deus,
2975 2504 3103 2553 Ecce
3123 2503 3297 2564 factus
3314 2506 3384 2549 est
3406 2512 3715 2563 cognoscens
3738 2494 3817 2543 bo-

2234 2592 2368 2625 num
2405 2582 2450 2625 et
2473 2577 2678 2625 malum
2706 2593 2721 2636 ;
2746 2581 2803 2628 et,
2840 2592 2984 2625 nunc
3007 2591 3073 2623 ne
3094 2575 3229 2636 forte
3252 2574 3429 2621 tendat
3454 2584 3702 2630 manum,
3729 2580 3816 2617 os-

2234 2647 2417 2699 tendit
2435 2650 2587 2711 quod
2613 2656 2922 2709 antequam
2951 2646 3305 2710 experiretur
3334 2642 3468 2694 muli
3509 2640 3815 2711 scientiam.

2232 2733 2351 2770 non
2383 2709 2602 2783 poterat
2645 2731 2711 2770 ex
2745 2709 3054 2781 semetipso
3078 2717 3404 2779 intelligens
3439 2719 3733 2777 acceptum
3755 2709 3816 2759 de

2230 2789 2384 2853 ligno
2404 2791 2537 2842 vitie
2561 2803 2801 2841 sumere.
2823 2793 2890 2840 Et
2913 2803 3030 2841 non
3044 2790 3273 2849 mirum,
3301 2801 3431 2837 cum
3459 2783 3814 2836 etiainAdam

2232 2862 2457 2923 dixerit,
2504 2875 2637 2912 cum
2660 2862 2731 2912 de
2758 2875 2937 2912 uxore
2964 2860 3325 2925 prophetaret
3346 2859 3452 2909 hoc
3482 2854 3670 2915 modo,
3706 2854 3815 2901 [12c

2230 2933 2504 2982 vocabitur
2526 2934 2739 2993 mulier,
2766 2934 2897 2997 quia
2915 2948 2978 2981 ea:
3002 2933 3117 2981 viro
3140 2947 3235 2980 suo
3259 2936 3437 2979 sumta
3453 2935 3539 2985 est,
3552 2933 3597 2975 et
3610 2931 3817 2991 propter

2232 3006 2328 3053 hoc
2350 3005 2677 3069 derclinquet
2717 3007 2876 3054 homo
2910 3011 3113 3066 putrem
3135 3009 3178 3051 et
3204 3009 3449 3057 matrem,
3472 3005 3517 3049 et
3538 2998 3815 3069 adhaerebit

2232 3076 2413 3138 umori,
2438 3082 2483 3123 et
2514 3068 2674 3125 erunt
2699 3076 2856 3125 ambo
2882 3076 2939 3123 in
2967 3090 3130 3124 carne
3156 3090 3266 3121 uno
3297 3074 3493 3136 (Gcncs.
3513 3075 3559 3121 2.
3585 3068 3713 3129 25.),

2294 3148 2499 3198 XXXI.
2527 3149 2652 3198 Non
2677 3148 2863 3198 solum
2901 3147 3024 3207 hoc,
3052 3146 3151 3197 sed
3175 3146 3341 3196 etiam
3367 3157 3494 3194 cum
3520 3141 3808 3193 audissent

2228 3220 2408 3270 Deum
2447 3219 2555 3269 sibi
2589 3219 2873 3271 dicentem
2896 3218 3077 3269 Adam
3101 3222 3158 3268 et
3184 3216 3537 3275 Eva,Crescilc
3558 3220 3604 3261 et
3633 3211 3810 3259 multi-

2226 3290 2529 3355 plicamini,
2558 3296 2600 3338 et
2620 3290 2827 3353 implete
2852 3298 3076 3351 terram;
3092 3284 3675 3340 anteinobedieutiam
3692 3276 3810 3343 Quid

2230 3367 2384 3414 esset
2400 3361 2703 3412 liberorum
2720 3361 3094 3412 creandorum
3114 3360 3413 3423 cupiditas,
3430 3356 3659 3422 penitus
3672 3357 3813 3414 igno-

2228 3436 2449 3486 rabant.
2476 3434 2625 3485 Dicit
2648 3434 2804 3484 enim
2829 3435 3076 3497 Moyses,
3100 3433 3272 3481 Erant
3294 3436 3470 3480 autem
3493 3427 3648 3476 ambo
3660 3425 3810 3485 nudi,

2229 3510 2347 3556 tun
2399 3505 2600 3567 Adam,
2634 3518 2809 3567 quam
2859 3518 3004 3555 uxor
3050 3506 3196 3568 ejus,
3233 3509 3278 3551 et
3321 3518 3429 3550 non
3456 3498 3811 3549 erubescebant

2232 3578 2375 3641 (Gen.
2416 3574 2464 3630 ‘2.
2513 3576 2639 3639 “25.).
2684 3578 2807 3627 Non
2854 3578 3079 3640 Moyses
3115 3577 3221 3627 hoc
3244 3575 3406 3632 dixit,
3439 3571 3604 3635 quasi
3628 3570 3707 3621 illi
3735 3569 3814 3619 in-

2228 3648 2601 3699 continentiae
2634 3648 2890 3699 ca'citate
2924 3648 3163 3711 decepti,
3189 3646 3463 3710 pudorem
3488 3644 3813 3707 spernerent

2228 3720 2507 3770 nuditatis
2535 3737 2545 3767 :
2575 3719 2676 3770 sed
2707 3720 2961 3771 ostendit
2983 3733 3083 3770 eos
3110 3724 3381 3782 tanquam
3409 3716 3657 3767 infantes
3680 3724 3813 3763 nec-

2229 3791 2263 3842 d
2274 3806 2367 3842 um
2381 3791 2749 3856 cupiditatem
2769 3792 3015 3843 coeundi
3029 3793 3253 3844 habere.
3273 3790 3433 3842 Unde
3445 3793 3577 3853 post
3588 3786 3813 3848 pracvari-

2229 3865 2511 3915 sationem
2535 3865 3046 3929 nuditate,perspec
3058 3870 3130 3927 ta,
3154 3877 3264 3915 non
3282 3864 3457 3914 totius
3480 3861 3606 3911 dico
3632 3870 3816 3921 corpo-

2228 3937 2326 3999 ris,
2375 3936 2477 3988 sed
2527 3935 2684 3987 illius
2719 3937 2913 4000 partis,
2949 3949 3124 3999 quam
3153 3937 3323 3988 etiam
3349 3935 3523 3985 Cham
3552 3934 3670 3983 Noe
3692 3930 3815 3981 dor-

2230 4008 2443 4058 inlente
2459 4007 2697 4071 viderat,
2714 4012 2851 4059 tunc
2868 4008 3099 4058 demum
3121 4006 3493 4059 creandorum
3511 4006 3813 4055 liberorum

2229 4080 2600 4143 cupiditatem
2622 4079 2831 4144 adepti,
2851 4084 2908 4131 et
2924 4079 3307 4142 intelligentes
3318 4077 3640 4129 nuditatem
3657 4086 3815 4127 suam

2229 4152 2469 4202 ﬁcorum
2494 4151 2641 4202 foliis
2666 4151 2919 4203 verenda
2945 4156 3229 4203 texerunt.

2291 4224 2525 4274 XXXII.
2552 4222 2572 4251 ι’
2596 4226 2746 4275 Deus
2772 4224 2947 4289 igitur
2979 4223 3291 4275 consulens
3312 4220 3670 4283 hominibus,
3690 4230 3815 4270 cum

2226 4366 2379 4429 foret,
2414 4366 2639 4416 liberum
2682 4367 2950 4432 siquidem
2984 4373 3029 4418 et
3071 4368 3160 4417 sui
3184 4367 3332 4433 juris
3375 4365 3653 4416 hominem
3687 4364 3819 4415 Deus

2227 4439 2442 4489 creavit.

2292 4518 2308 4537 ⁵
2332 4510 2392 4560 Si
2417 4510 2741 4560 mandatum
2783 4511 2880 4561 Dei
2914 4525 3123 4561 servare
3144 4509 3421 4574 voluisset.]
3465 4512 3538 4560 At.
3562 4508 3821 4572 Pelagius

2229 4580 2413 4631 Adam
2437 4580 2681 4645 dicebat,
2716 4582 2838 4633 sive
2873 4586 3187 4647 peccasset,
3222 4583 3344 4635 sive
3365 4594 3483 4633 non
3508 4586 3821 4645 peccasset,

2229 4653 2571 4704 moriturum
2610 4653 2809 4705 fuisse.
2835 4656 2962 4706 Non
2987 4656 3171 4719 potuit
3204 4655 3393 4718 igitur,
3423 4653 3576 4718 quod
3599 4653 3822 4718 praefati

2234 4736 2457 4785 sumus,
2506 4725 2660 4775 Libri
2694 4726 2871 4790 hujus
2905 4729 3105 4777 auctor
3126 4726 3338 4790 haberi,
3364 4725 3517 4790 quod
3548 4724 3821 4790 suspicati

2232 4801 2369 4848 sunt
2388 4796 2450 4847 in
2472 4810 2719 4849 censura
2752 4811 2857 4849 sua
2881 4799 3266 4849 Corbteienses.

2284 4868 2305 4896 ι’
2330 4868 2469 4917 Deus
2492 4870 2773 4918 consulens
2805 4869 3155 4932 hominibus.]
3190 4872 3271 4921 De
3296 4870 3444 4921 bono
3467 4870 3674 4920 mortis
3697 4876 3822 4918 extat

2227 4938 2369 4989 liber
2403 4940 2593 4990 Sancti
2613 4942 3024 5004 Ambrosii,qui
3044 4946 3100 4992 et
3121 4942 3181 4992 in
3197 4941 3319 4992 aliis
3336 4942 3549 5005 passim
3569 4944 3821 5001 plurimus

2222 5015 2312 5061 est
2334 5009 2395 5061 in
2420 5011 2530 5062 hoc
2565 5017 2926 5074 argumento.
2954 5012 3289 5063 Remedium
3316 5012 3463 5063 hanc
3479 5012 3682 5077 videri,
3706 5025 3819 5064 non

2220 5093 2471 5144 poenam,
2518 5084 2774 5134 ostendit
2813 5083 2904 5135 lib.
2947 5082 2997 5137 2.
3039 5084 3108 5136 de
3153 5084 3294 5135 Abel
3327 5088 3385 5135 et
3413 5085 3545 5135 Cain
3580 5097 3709 5149 cap.
3737 5084 3816 5137 10.

2220 5152 2367 5201 Nam
2402 5153 2448 5202 si
2473 5153 2800 5217 innocentes,
2832 5156 3036 5219 inquit,
3062 5156 3377 5205 moriuntur
3404 5156 3499 5220 qui
3521 5158 3763 5219 gradum
3786 5170 3817 5201 α

2217 5224 2444 5286 peccatis
2464 5240 2712 5275 revocare
2736 5227 3045 5291 noluerunt,
3070 5227 3149 5276 vel
3167 5228 3326 5276 inviti
3335 5233 3507 5276 tamen
3525 5228 3693 5289 ﬁnem
3713 5242 3813 5275 non

2218 5302 2449 5359 naturae,
2481 5297 2570 5346 sed
2594 5298 2760 5363 culpae
2787 5300 3187 5363 adipiscuntur,
3207 5315 3272 5348 ne
3292 5299 3453 5364 plura
3478 5299 3615 5348 delin
3626 5306 3813 5363 quam,

2220 5366 2412 5431 quibus
2436 5369 2544 5417 vita
2574 5370 2752 5433 [mnus
2776 5380 2847 5419 est
2873 5371 3200 5422 delictorum.
3255 5372 3313 5420 Si
3336 5376 3509 5420 autem
3535 5371 3687 5421 bonae
3709 5372 3814 5436 spei

2219 5445 2481 5503 compotes
2510 5446 2653 5503 sunt,
2680 5443 2921 5506 migrare
2944 5444 3118 5505 magis
3140 5458 3307 5505 quam
3330 5443 3538 5505 (lc/icere
3567 5443 3813 5492 credendi

2217 5514 2360 5558 sunt.
2386 5513 2455 5562 Et
2480 5512 2549 5562 de
2570 5514 2727 5564 Bono
2744 5514 2947 5566 mortis
2972 5527 3092 5579 cap.
3121 5514 3180 5568 7:
3207 5516 3438 5564 Gravius
3461 5522 3529 5564 est
3545 5515 3618 5563 ad
3635 5531 3811 5580 pecca-

2220 5586 2334 5629 tum
2366 5580 2556 5645 vivere,
2576 5600 2742 5647 quam
2767 5586 2827 5633 in
2841 5592 3051 5650 peccato
3070 5586 3230 5646 mori,
3249 5587 3377 5649 quia
3404 5587 3602 5649 impius
3619 5601 3785 5650 quam
3802 5613 3807 5617 -

2218 5652 2315 5701 diu
2346 5653 2492 5713 vivit,
2518 5662 2791 5718 pcccutum
2816 5663 2969 5720 auget
2994 5658 3297 5706 :morialur
3316 5664 3585 5722 peccatum
3602 5658 3807 5706 deserit.

2218 5723 2467 5789 Plerique
2520 5728 2819 5777 criminum
2873 5744 3098 5779 suo-rum
3166 5730 3487 5779 absolutione
3534 5729 3803 5777 laitantur.

2219 5796 2580 5848 Emenduturi
2604 5805 2747 5861 sunt,
2777 5806 2912 5850 recte
2934 5802 3007 5850 :si
3030 5802 3417 5864 perseveraturi
3442 5802 3497 5849 in
3522 5803 3612 5860 eis,
3640 5801 3807 5849 stultr.

2217 5868 2351 5931 quia
2368 5868 2519 5932 longe
2553 5872 2659 5921 illis
2678 5873 2799 5937 plus
2828 5874 3109 5921 damnatio
3131 5874 3431 5937 profuisset,
3450 5874 3812 5923 ncincremeil-

2172 5944 2177 5959 '
2217 5944 2274 5988 ta
2296 5939 2531 6002 facerent
2552 5950 2906 6007 peccatorum.
