3894 6416
169 395 318 452 1141

1551 407 1758 458 LIBER
1792 407 1885 458 DE
1922 409 2104 460 FIDE.

3337 421 3476 476 1142

166 518 349 605 scir‘ct
367 531 463 605 eos
488 519 560 600 ad
585 520 860 603 malitiam
886 535 1112 586 pronos,
1141 529 1196 575 et
1221 521 1778 605 599‘voluptatum
1809 523 1857 591 A
1885 530 1985 605 riis
2011 521 2303 605 terraqui
2326 533 2706 594 gloriabantur
2727 536 2784 584 in.
2810 536 3268 600 gladiis,autcum
3280 543 3482 605 princi-

162 602 237 640 ac
264 591 675 642 desideriorum
704 595 893 643 carnis
915 601 1216 659 amatores,
1243 591 1576 648 et’velletad
1599 602 1772 647 hones.

164 665 291 711 tam
315 663 503 725 potius
518 677 779 716 revocare
801 666 1084 727 virtutem,
1111 679 1126 696 ·
1147 669 1282 718 sinit
1298 682 1478 731 usque
1497 673 1555 717 ad
1580 678 1773 729 tempus

161 733 403 795 aliquod
425 735 797 786 dominationi
823 740 1236 791 mortisaddici.
1258 742 1616 804 Quippecum
1640 745 1769 790 nihil

158 805 326 855 aliud
352 814 553 858 nosset
579 813 691 860 tam
712 811 1143 862 facilehomines
1161 826 1415 863 coercere
1437 827 1601 876 posse
1616 830 1769 875 quam

160 884 437 942 mortem,
463 882 661 930 mortis
688 884 837 931 enim
867 888 1024 932 metu
1053 884 1386 947 plerumque
1407 885 1610 935 inultia
1633 889 1771 933 muli-

166 949 252 999 tia
278 952 1153 1013 penitusabstinerc-noscuntur.
1173 957 1330 1007 Unde
1347 960 1618 1005 mundana}
1641 961 1771 1016 leges

162 1034 289 1071 non
321 1022 482 1074 aliter
509 1029 749 1086 possunt.
771 1027 1035 1089 pleraque
1062 1027 1358 1078 hominum
1378 1029 1515 1078 vitia
1533 1045 1767 1089 resecare,

161 1093 284 1142 nisi
332 1095 788 1148 intern'iinatione
834 1099 1033 1149 mortis
1072 1105 1126 1148 et
1155 1102 1587 1161 pmnee.0mnes
1615 1101 1768 1151 enim

157 1164 202 1214 h
215 1167 268 1228 uj
282 1180 417 1217 usce
438 1169 568 1218 vita},
586 1172 909 1220 communis
923 1183 1113 1221 amore
1127 1172 1358 1233 detenti,
1375 1178 1767 1232 Citvcntlmrca-

159 1241 354 1288 torum
383 1247 655 1302 praistare
681 1255 936 1301 caussas,
966 1256 1035 1292 ne
1061 1256 1249 1294 carere
1276 1257 1343 1294 ea
1366 1245 1765 1307 delinquentes

155 1312 394 1373 prepria
418 1312 712 1364 voluntate
737 1316 1060 1365 credantur.
1091 1317 1212 1364 Non
1238 1315 1413 1375 igitur
1437 1317 1766 1367 hominibus

155 1386 410 1432 mortem
437 1384 627 1434 datam
656 1399 752 1448 pro
775 1387 1054 1436 malorum
1091 1388 1212 1438 vice
1244 1388 1502 1448 dicimus,
1521 1390 1768 1440 sicutra-

157 1453 768 1518 tiocinanturindocti,
803 1459 900 1508 sed
927 1459 996 1508 ad
1023 1459 1042 1486 ι’
1066 1459 1368 1509 delendam
1407 1462 1606 1512 mortis
1641 1475 1766 1523 pra-

154 1526 423 1577 vitatem.
465 1531 605 1578 Nam
649 1533 693 1579 si
742 1531 942 1580 victuri
968 1537 1238 1593 perpetuo
1263 1533 1526 1583 homines
1550 1539 1764 1594 essent,

151 1611 469 1660 nunquam
496 1601 743 1661 profecto
769 1615 964 1651 eorum
995 1603 1212 1651 malitia
1237 1602 1508 1654 finiretur.
1540 1608 1765 1654 Rursus

155 1670 339 1720 etiam
368 1684 468 1720 cur
493 1685 587 1734 pro
607 1673 882 1722 malorum
902 1673 1295 1723 vicissitudine
1310 1681 1551 1726 mortem
1572 1677 1764 1726 datam

155 1754 294 1791 esse
322 1743 570 1805 credam,
598 1757 728 1793 cum
756 1745 800 1794 si
830 1746 959 1807 quis
992 1750 1223 1795 centum
1249 1746 1510 1798 homines
1539 1748 1649 1798 fere
1673 1749 1757 1798 vel

153 1813 414 1876 amplius
441 1816 725 1872 occiderit,
763 1819 843 1865 tot
873 1820 927 1866 et
943 1817 1114 1866 tantis
1144 1818 1464 1869 homicidiis
1493 1832 1564 1870 ex
1600 1832 1756 1870 εχξιδ-

156 1898 343 1947 quare
369 1886 583 1937 nullam
612 1887 798 1938 valeat
823 1888 1100 1939 ultionem
1117 1892 1141 1938 σε

229 1985 488 2035 XXXIII.
506 1988 630 2036 Non
649 1986 818 2046 igitur
835 1987 1103 2046 malignis
1124 1991 1341 2036 tantum
1356 1988 1687 2040 hominibus
1705 1993 1766 2038 ad

155 2054 463 2106 delendam
487 2071 682 2106 eorum
708 2058 1059 2120 pravitatem,
1082 2060 1230 2108 bona
1246 2072 1400 2108 mors
1415 2073 1542 2109 esse
1560 2063 1763 2121 dicitur,

158 2126 265 2176 sed
295 2129 464 2177 etiam
486 2129 661 2189 justis
687 2130 859 2179 utilis.
878 2131 1200 2180 Sicuteuim
1223 2131 1407 2180 malus
1428 2145 1661 2194 peccare
1679 2133 1765 2182 de-

150 2199 301 2249 sinit
325 2200 429 2249 hac
455 2201 578 2250 lure
607 2203 884 2263 privatus,
909 2202 988 2251 sic
1003 2204 1377 2263 etiamjustus
1391 2204 1678 2253 dormiens
1692 2221 1763 2251 as-

149 2271 342 2321 siduis
369 2282 385 2300 α
405 2271 954 2335 impugnationibus,
988 2275 1413 2331 a‘il‘tlietionibus,
1438 2280 1494 2324 et
1520 2276 1759 2325 miseriis

145 2343 334 2392 animi
379 2343 666 2394 liberatur.
708 2344 901 2395 Soluto
925 2345 1079 2394 enim
1111 2346 1332 2408 proprio
1360 2359 1592 2408 corpore
1615 2347 1756 2408 justi

141 2413 348 2462 anima
375 2415 522 2465 ultra
563 2416 734 2466 nullis
761 2421 958 2478 postea
986 2423 1276 2480 premetur
1309 2418 1614 2475 angustiis.
1641 2431 1756 2468 non

139 2486 395 2536 miseriis
420 2487 596 2536 animi
620 2489 952 2546 Stibjtlct‘blb.
980 2501 1093 2536 non
1119 2489 1496 2538 neceSsitates
1513 2488 1751 2548 videbit,

139 2570 269 2607 non
297 2560 720 2620 persecutiones
747 2560 1070 2617 sustinebit,
1089 2572 1203 2608 non
1223 2560 1368 2609 ultra
1394 2559 1753 2619 insurgentia

139 2629 258 2679 sibi
295 2632 483 2679 carnis
511 2632 651 2681 vitia
678 2633 943 2694 patietur,
971 2645 1083 2680 non
1110 2630 1259 2680 ultra
1290 2632 1516 2693 urgebit
1542 2633 1599 2682 in
1630 2633 1751 2683 dies

138 2700 626 2759 singulosaumen
652 2705 1090 2765 suggestionum
1113 2702 1411 2764 malarum,
1432 2715 1539 2752 nou
1556 2704 1626 2754 ad
1647 2707 1750 2752 luc-

137 2777 267 2822 tam
292 2773 617 2824 nudabitur.
637 2774 785 2824 Nihil
805 2787 998 2824 secum
1028 2774 1256 2824 trahens
1275 2775 1748 2825 saaculariumsol-

130 2843 526 2906 licitudinum,
542 2859 652 2895 non
671 2847 858 2896 carnis
879 2851 1198 2896 maceratur
1213 2847 1748 2896 abstinentiacaussa

135 2916 546 2975 certaminum,
574 2930 688 2967 non
716 2917 861 2967 ultra
889 2921 1085 2978 certat,
1119 2930 1234 2967 non
1259 2931 1431 2968 cursu
1454 2919 1747 2970 contendit

137 2992 250 3038 aut
276 2994 478 3048 caestu,
517 3002 628 3039 non
666 2991 778 3046 iam
813 2990 1063 3039 luctatur
1089 3002 1216 3038 cum
1247 2991 1654 3052 principatibus
1679 3003 1744 3041 ac

137 3061 552 3123 potestatibus,
575 3061 982 3124 spiritibusque
1002 3061 1295 3123 nequitiae,
1314 3061 1412 3110 sed
1428 3062 1675 3112 stadium
1695 3063 1744 3112 ei

144 3131 409 3182 solutum
440 3137 547 3192 est,
574 3139 861 3183 certamen
876 3133 1108 3184 destitit.
1129 3137 1182 3182 et
1206 3132 1408 3195 adepta
1426 3135 1653 3184 victoria
1669 3134 1741 3184 ad

137 3203 573 3267 percipiendam
599 3217 868 3254 coronam
889 3204 1126 3267 justitize
1161 3205 1423 3267 protinus
1462 3209 1739 3268 properat,

137 3277 375 3325 beatam
401 3277 454 3325 in
476 3276 631 3326 czelis
659 3281 714 3326 et
735 3275 754 3303 τι
781 3280 1051 3325 internum
1077 3281 1288 3325 metam
1315 3277 1605 3339 consequi,
1627 3293 1740 3324 cum

136 3347 424 3408 receperit
447 3348 521 3396 im
533 3348 824 3397 mortalem
842 3361 1071 3398 carnem
1086 3359 1266 3397 suam.
1283 3361 1300 3380 ο
1312 3348 1467 3397 Idem
1480 3353 1672 3397 autem
1693 3353 1749 3398 et

137 3420 350 3468 beatus
379 3418 586 3469 Paulus
621 3419 752 3470 talia
777 3419 920 3469 bella
948 3418 1282 3480 perpiciens,
1313 3431 1442 3479 quae
1468 3420 1752 3469 abinvisi-

135 3488 359 3540 bilibus
374 3489 740 3553 inimicisjus!
755 3491 803 3540 is
822 3489 1148 3540 hominibus
1164 3489 1513 3552 indicuntur,
1528 3498 1751 3538 metuens

134 3574 216 3611 ne
244 3561 607 3621 quorundam
634 3561 775 3611 forte
797 3561 1155 3623 prudentiam
1182 3560 1511 3611 autmalitia
1527 3576 1752 3610 commu-

138 3636 314 3690 taret,
341 3637 440 3681 aut
462 3632 626 3682 dolus
656 3645 854 3682 sanam
880 3632 1099 3682 falleret
1122 3635 1390 3692 mentem,
1422 3637 1752 3692 provocandi?)

133 3703 375 3755 virtutis
399 3705 596 3765 gratia,
623 3705 901 3754 suadebat
923 3709 987 3754 ut
1006 3717 1206 3754 omnes
1230 3704 1376 3754 hanc
1409 3705 1584 3755 vitam
1600 3719 1750 3769 sper-

137 3779 353 3826 nerent
382 3775 770 3838 temporalem,
798 3777 997 3838 utique
1023 3776 1104 3824 sic
1129 3776 1343 3832 dicens,
1363 3777 1628 3823 Audentes
1646 3778 1752 3838 igi-

139 3852 240 3894 tur
269 3861 491 3909 semper,
507 3855 550 3896 ct
567 3848 798 3908 scientes,
827 3848 1092 3910 quoniam
1106 3847 1233 3894 dum
1258 3863 1319 3894 su
1329 3847 1514 3894 mus-in
1534 3861 1751 3910 COrporc

131 3919 568 3984 peregrinantur
591 3937 622 3966 α
653 3921 880 3967 Domino
899 3917 946 3982 (ἓ
968 3919 1086 3968 Cor.
1116 3918 1165 3970 4.
1195 3917 1286 3973 6.).
1315 3919 1478 3970 Unde
1507 3919 1750 3982 peregri-

139 3991 273 4042 nari
297 3991 492 4041 volens
519 4004 550 4040 a
579 4004 830 4054 corpore,
858 3996 914 4040 et
940 3992 1106 4039 tinem
1133 3990 1422 4053 imponere
1441 4003 1749 4053 properans

139 4062 445 4112 certamini
471 4076 594 4120 suo,
622 4067 677 4111 et
695 4063 751 4112 in
773 4061 1208 4122 praesentiarum
1224 4075 1348 4110 esse
1367 4061 1749 4123 cupiensupud

137 4137 353 4195 Deum,
383 4134 946 4184 vociferatur~dicens
974 4149 984 4182 :
1035 4134 1146 4194 Ego
1168 4133 1312 4179 enim
1328 4132 1448 4195 jam
1476 4133 1690 4193 delibor,
1706 4139 1751 4181 et

140 4213 357 4268 tempus
389 4205 730 4253 resolutionis
753 4221 878 4253 meae
909 4207 1089 4253 instat.
1122 4205 1400 4254 Certamen
1425 4203 1624 4251 bonum
1646 4221 1751 4253 cer-

137 4278 278 4334 tavi,
305 4293 523 4326 cursum
541 4278 930 4335 consummavi,
946 4277 1106 4337 ﬁdem
1130 4278 1352 4333 servavi,
1381 4276 1438 4323 in
1456 4275 1586 4337 reliq
1598 4291 1661 4324 uo
1679 4291 1754 4324 rc-

139 4350 324 4414 posita
349 4358 418 4399 est
444 4351 585 4398 mihi
603 4350 826 4412 justitiw
851 4364 1068 4406 corona,
1094 4363 1256 4411 quam
1293 4348 1467 4395 reddet
1493 4347 1633 4395 mihi
1657 4349 1754 4396 Do-

139 4424 336 4472 minus
360 4425 417 4469 in.
449 4422 542 4471 illa
565 4423 647 4470 dic
678 4422 843 4477 iustus
866 4421 1056 4483 judar,
1089 4436 1198 4468 non
1225 4421 1396 4467 Solum
1421 4425 1596 4468 autem
1613 4421 1751 4468 mihi

134 4495 235 4544 sed
279 4501 322 4542 ct
361 4494 609 4543 omnibus
837 4493 932 4556 qui
957 4491 1193 4554 diligunt
1219 4492 1506 4538 adi.'cnttmt
1541 4492 1654 4553 ejus

145 4567 294 4615 Tim.
318 4565 364 4618 4.
392 4565 481 4626 6.).
505 4565 657 4616 Solet
681 4566 854 4616 etiam
884 4566 1084 4615 beatus
1104 4563 1501 4613 Jobmalorum
1519 4567 1747 4610 omnium

140 4638 495 4689 solutionem
511 4641 751 4688 mortem
768 4637 982 4699 smpius
1000 4635 1298 4699 appellare,
1318 4651 1430 4682 cum
1445 4637 1539 4681 diri
1552 4635 1751 4695 t,'Mo-rs

137 4724 271 4759 vero
294 4710 502 4772 requies
528 4724 540 4759 :
567 4708 820 4756 conclusit
845 4709 990 4756 enim
1015 4709 1150 4756 Deus
1174 4712 1363 4755 contra
1387 4706 1584 4769 ipsum.

206 4817 476 4867 XXXIV.
502 4816 597 4866 Sin
614 4819 807 4865 autem
825 4815 1083 4866 nonnulli
1105 4815 1290 4865 dicere
1305 4812 1606 4876 voluerint,
1623 4816 1750 4868 Quo-

137 4888 320 4954 modo
350 4888 471 4938 ﬁeri
509 4892 694 4950 potest
726 4892 790 4937 ut
823 4900 978 4937 mors
1008 4887 1221 4937 homini
1248 4886 1472 4948 requies
1498 4886 1588 4948 sit,
1616 4898 1746 4935 cum

136 4963 355 5013 beatus
398 4960 578 5010 David
635 4959 878 5020 dixerit,
943 4960 1086 5007 Mers
1137 4963 1469 5020 peccatorum
1519 4959 1749 5021 pessima

142 5031 313 5095 (Psal.
359 5030 445 5084 33.
488 5029 630 5085 2‘2)?
673 5030 899 5080 discant
928 5043 1040 5080 non
1081 5030 1207 5081 ideo
1246 5030 1327 5080 sic
1352 5029 1571 5080 dictum
1601 5042 1745 5092 esse,

141 5117 306 5156 mors
347 5107 711 5166 peccatorum
754 5102 1024 5164 pessima,
1053 5103 1218 5163 quasi
1247 5112 1263 5139 κ
1295 5101 1541 5164 peccatis
1578 5101 1748 5152 etiam

139 5175 435 5227 terminus
452 5175 525 5223 im
538 5179 776 5236 ponatur
801 5188 864 5223 ac
888 5173 1034 5232 finis,
1065 5173 1163 5224 sed
1189 5173 1342 5235 quod
1364 5177 1489 5234 post
1507 5178 1747 5223 mortem

137 5247 486 5299 delictorum
513 5259 748 5295 suorum
767 5258 972 5296 caussa
986 5245 1750 5308 gravissimasipsisubeunt

137 5318 416 5370 ultiones.
444 5316 711 5367 Similiter
736 5322 926 5366 autem
957 5317 1280 5366 beatusJob
1307 5316 1454 5366 sicut
1477 5318 1748 5381 requiem,

137 5391 224 5442 sic
244 5389 414 5438 etiam
436 5401 702 5438 somnum
727 5393 964 5437 mortem
990 5389 1283 5437 nominare
1301 5390 1748 5445 consuevit,cnm

137 5461 286 5513 dicit
307 5475 318 5509 :
347 5461 523 5518 Quare
552 5459 712 5508 ubera
733 5460 899 5508 sumi?
924 5475 1068 5506 nunc
1089 5459 1270 5521 utique
1295 5459 1566 5508 dormiens
1583 5461 1751 5524 quies-

136 5547 336 5593 cerem,
354 5536 397 5580 ct
415 5532 594 5580 somni
615 5531 785 5579 securi
791 5535 890 5578 tate
912 5530 1124 5592 fruerer
1135 5545 1257 5579 cum
1269 5530 1479 5593 regibus
1491 5547 1548 5581 co
1557 5533 1638 5580 nsi
1647 5533 1752 5581 lfa-

208 5695 226 5714 ο
260 5685 390 5743 Ms,
428 5683 564 5731 Sivit
602 5697 769 5746 usque
792 5683 864 5730 act
903 5687 1106 5746 tempus
1131 5681 1356 5745 aliquod
1384 5683 1750 5734 dominationi

140 5755 336 5805 martis
363 5755 563 5802 addici.

208 5827 230 5855 δ
268 5827 394 5886 Ms,
424 5826 710 5874 Delon/lum
735 5826 944 5887 penitus
967 5830 1303 5888 pravitatem.

209 5908 228 5927 °
255 5899 384 5959 δίδη
412 5897 896 5959 [mpii-quatientem
921 5895 1378 5958 alﬂictalionibus.

214 5969 237 5997 ἀ
261 5970 390 6030 Ms,
422 5969 708 6018 xEter-nam
731 5969 899 6018 vitam
921 5968 1190 6030 consequi.

1884 603 2058 676 pitius,
2085 603 2275 666 quibus
2298 607 2528 654 multum
2552 607 2658 667 fuit
2679 623 2880 657 aurum
2909 610 3038 673 (Job.
3068 611 3116 664 3.
3157 611 3222 666 1‘2
3246 603 3291 676 )._
3312 616 3479 665 Porro

1874 675 2071 725 Esaias
2107 676 2403 738 Propheta,
2438 692 2568 728 cum
2588 681 2792 737 jussus
2818 694 2851 731 a
2875 682 3116 733 Domino
3159 675 3348 744 regem
3374 689 3480 737 Ba-

1873 746 2095 808 bylonis
2123 755 2406 798 mortuum
2437 750 2862 811 lamentaretur,
2884 766 3253 806 communem
3268 757 3479 809 haheat

1877 820 2243 891 temporalem
2286 828 2528 872 mortem
2569 836 2838 872 somnum
2873 826 3210 890 nominavit,
3253 829 3470 891 dicens,

1876 889 2062 937 Omnis
2094 897 2234 939 terra
2261 893 2456 942 clamat
2482 910 2604 942 cum
2632 895 2830 956 la’titia,
2852 902 2895 943 et
2923 897 3070 959 ligna
3100 889 3472 963 Libanisupra

1871 967 1914 1008 lc
1958 963 2232 1022 {trututata
2266 971 2408 1023 sunt,
2445 971 2489 1012 et
2521 967 2663 1013 cerlri
2710 966 2902 1014 Libani
2938 969 3127 1029 (licvnl,
3175 972 3260 1017 Εέε
3284 988 3389 1035 quo
3416 978 3470 1020 tu

1871 1033 2137 1092 (lormisti,
2189 1051 2297 1082 non
2332 1037 2567 1084 ascendit
2601 1038 2694 1099 qui
2728 1039 2966 1086 succidat
2991 1057 3102 1090 nos.
3128 1033 3383 1104 Infernus
3407 1045 3472 1092 ab

1871 1104 1994 1149 imis
2020 1107 2390 1154 amaritudine
2415 1114 2599 1169 raptus
2613 1114 2681 1155 est
2705 1125 2984 1156 occurrens
3005 1111 3098 1159 tibi
3126 1114 3266 1175 (Esa.
3288 1114 3354 1167 14
3380 1115 3469 1178 7.).

1872 1175 2082 1225 Pariter
2116 1178 2287 1227 etiam
2334 1179 2531 1229 Daniel
2565 1180 2838 1243 Prophet't
2867 1180 3020 1234 dicit.
3062 1184 3127 1231 Et
3161 1185 3319 1233 multi
3345 1175 3472 1233 dor-

1869 1247 2156 1294 mira/ium
2181 1248 2235 1295 in
2268 1256 2409 1297 terra
2443 1265 2466 1297 α
2485 1251 2694 1313 pulvere
2715 1260 2950 1314 surgent,
2967 1254 3052 1301 isti
3071 1255 3124 1301 in
3145 1257 3308 1304 vitam
3331 1263 3468 1306 aeter-

1870 1332 2000 1364 nam
2026 1325 2068 1365 et
2091 1319 2179 1367 isti
2211 1320 2283 1367 ml
2298 1321 2649 1382 opprobrimn
2675 1328 2719 1370 ct
2742 1325 2814 1371 ad
2829 1326 3195 1386 confusionem
3212 1334 3466 1378 aeternam

1871 1389 2026 1450 (Dan.
2057 1389 2140 1442 12.
2179 1390 2269 1452 2.).
2304 1393 2458 1442 Idem
2496 1398 2689 1442 autem
2712 1396 2882 1446 etiam
2917 1398 3119 1446 beatus
3137 1399 3340 1449 Paulus
3366 1401 3468 1450 do-

1869 1467 1959 1512 cet
1989 1476 2119 1513 cum
2145 1464 2299 1524 dicit,
2330 1465 2596 1513 Nolumus
2623 1473 2803 1514 autem
2855 1469 3111 1529 ignorare
3146 1486 3252 1529 vos,
3275 1471 3472 1531 fratres

1868 1533 1928 1581 de
1959 1536 2110 1582 «term
2128 1536 2368 1596 ientibus,
2407 1543 2459 1583 ut
2493 1553 2604 1584 non
2628 1541 3046 1587 rtmstristcmini
3069 1541 3203 1589 sicut
3227 1548 3270 1589 ct
3296 1544 3469 1590 caueri

1869 1607 1962 1667 qui
1999 1622 2142 1666 spem
2189 1623 2296 1654 non
2335 1608 2546 1658 habent.
2578 1610 2635 1658 Si
2668 1610 2812 1658 enim
2846 1612 3112 1659 credimus
3137 1615 3280 1674 quod
3312 1614 3464 1661 Jcsus

1866 1682 2109 1726 mortuus
2132 1685 2219 1735 est,
2247 1687 2289 1726 ct
2311 1682 2623 1738 resurrexit,
2652 1682 2726 1729 ita
2751 1687 2792 1728 et
2813 1683 2950 1730 Deus
2977 1698 3058 1731 cos
3097 1685 3192 1745 qui
3236 1685 3465 1732 dormie-

1866 1755 1995 1796 runt
2019 1767 2113 1812 per
2127 1751 2309 1799 Jcsum
2333 1752 2556 1799 att/lucet
2582 1768 2704 1799 cum
2733 1768 2806 1800 co.
2837 1754 2876 1815 (Ι
2948 1755 3115 1803 Thess.
3148 1755 3236 1814 4.).
3277 1755 3465 1805 Multis

1862 1821 2031 1882 igitur
2049 1823 2336 1872 testibuse
2365 1825 2510 1881 lecti,
2531 1824 2680 1886 quod
2703 1838 2858 1874 mors
2881 1826 2989 1874 ista
3003 1827 3328 1876 communis
3345 1839 3465 1876 ma-

1786 1888 1836 1960 B
1868 1891 1919 1942 la
1962 1906 2077 1942 non
2119 1895 2208 1956 sit,
2245 1895 2364 1955 jam
2403 1895 2570 1958 longe
2599 1896 2785 1946 valere
2812 1896 3070 1946 dicamus
3095 1897 3192 1959 qui
3220 1903 3462 1948 mortem

1872 1965 2015 2013 mala
2028 1979 2080 2012 m
2107 1966 2410 2027 appellant.

1935 2037 2168 2086 XXXV.
2199 2038 2450 2087 Dicimus
2463 2042 2656 2088 autem
2672 2038 2822 2100 quod
2846 2038 2902 2088 in
2931 2039 3144 2089 bonum
3167 2040 3317 2090 Deus
3336 2056 3465 2101 prae-

1870 2107 2016 2157 stitit
2043 2109 2223 2171 primo
2245 2109 2460 2159 ho'uinl
2487 2110 2664 2158 Adam
2687 2110 2926 2160 sudores
2944 2112 3151 2173 pariter
3169 2125 3235 2161 ac
3252 2115 3463 2176 labores,

1866 2191 2011 2240 quos
2039 2179 2108 2228 de
2136 2184 2283 2229 terra
2308 2183 2612 2242 pateretur,
2631 2181 2839 2242 quippe
2862 2194 2993 2230 cum
3019 2195 3135 2232 non
3148 2181 3310 2232 aliter
3331 2185 3463 2230 invi-

1865 2249 2058 2298 sibiles
2107 2250 2382 2308 inimicos,
2419 2257 2615 2300 contra
2655 2265 2799 2313 quos
2826 2252 3104 2302 habemus
3130 2255 3460 2304 continuam

1862 2320 2252 2381 luctationem,
2274 2322 2597 2372 veneranda
2616 2322 2727 2372 fide
2753 2335 3018 2385 superare
3036 2325 3343 2386 possimus,
3365 2328 3460 2373 nisi

1861 2392 2110 2454 corporis
2145 2393 2430 2442 laboribus
2461 2393 2695 2453 fatigati.
2744 2395 2842 2443 llis
2877 2395 3029 2445 enim
3066 2395 3340 2447 docemur
3364 2410 3463 2460 per

1859 2463 2108 2512 divinam
2151 2465 2497 2526 Scripturam
2543 2466 2928 2528 nosmetipsos
2966 2467 3216 2517 hostium
3242 2468 3462 2518 fallacia

1857 2533 2116 2594 liberare,
2133 2541 2188 2585 et
2208 2537 2307 2584 aut
2332 2537 2553 2585 salvam
2573 2536 2862 2586 custodire
2883 2537 3168 2597 virtutem,
3189 2544 3289 2589 aut
3305 2543 3462 2586 amis—

1856 2616 1973 2654 sam
2006 2606 2236 2667 perinde
2265 2606 2283 2634 ¹¹
2301 2619 2595 2657 renovare.
2623 2609 2710 2657 Sic
2737 2608 2890 2656 enim
2919 2609 3120 2659 beatus
3145 2611 3329 2662 David
3349 2612 3458 2661 vir-

1855 2678 2033 2726 tutem
2061 2690 2232 2740 quam
2256 2678 2580 2740 perdiderat
2603 2692 2940 2740 recuperare
2974 2680 3272 2744 festinans,
3295 2683 3460 2733 docet

1851 2749 2069 2806 dicens,
2113 2749 2454 2809 Sacri/icium
2504 2751 2607 2798 Deo
2644 2751 2868 2813 spiritus
2918 2752 3325 2811 contribulatus,
3371 2769 3461 2802 cor

1849 2834 1940 2868 con
1953 2821 2137 2868 tritum
2155 2827 2197 2868 et
2214 2821 2567 2869 tunniliatum
2582 2822 2718 2870 Deus
2735 2839 2844 2870 non
2857 2830 3064 2886 spernet
3077 2825 3236 2884 (Psal.
3258 2824 3454 2888 50.39).

1846 2892 1916 2959 Et
1938 2891 2162 2950 iterum,
2191 2892 2456 2940 Laboruvi
2481 2894 2538 2940 in
2571 2895 2772 2955 gemitu
2805 2894 3135 2950 meo,lavabo
3155 2897 3456 2959 persinqu-

1844 2953 1924 3010 lus
1941 2969 2111 3012 noctes
2125 2964 2311 3012 lectum
2328 2979 2522 3022 meum,
2539 2953 2594 3012 in
2611 2965 2762 3027 lacry
2773 2966 2876 3014 mis
2889 2967 3018 3014 meis
3029 2953 3260 3015 stratum
3275 2953 3455 3016 meum

1843 3034 2026 3095 rigabo
2060 3035 2218 3098 (Psal.
2255 3035 2304 3088 7.
2338 3035 2427 3096 7.).
2457 3039 2523 3085 Et
2549 3038 2780 3096 iterum,
2819 3037 3004 3086 Genua
3032 3052 3146 3086 mea
3170 3039 3455 3098 inﬁrmata

1843 3111 1968 3152 sunt
1991 3106 2532 3168 przchjtmio,etcaro
2564 3122 2678 3155 mea
2707 3113 2926 3156 mutata
2952 3113 3024 3156 est
3045 3110 3454 3171 proptcroleum

1844 3176 2001 3239 (Psal.
2035 3176 2149 3229 108.
2177 3176 2302 3237 ‘24.).
2331 3180 2555 3229 Docens
2573 3180 2742 3229 etiarn
2775 3180 3262 3242 quemadmodum
3283 3182 3452 3232 virtu-

1853 3253 1967 3298 tem
2007 3261 2234 3299 servare
2260 3249 2589 3306 debeamus,
2617 3251 2773 3304 dicit.
2808 3252 2922 3312 Ego
2946 3257 3126 3300 autem
3151 3267 3276 3300 cum
3307 3253 3449 3302 mihi

1775 3310 1823 3382 C
1851 3320 2053 3368 molesti
2077 3327 2255 3378 essent,
2282 3320 2575 3370 induebant
2606 3337 2684 3370 me
2711 3310 2906 3386 cilicio,
2930 3329 2974 3372 ct
3001 3323 3363 3373 humiliabam
3389 3326 3446 3372 in

1843 3392 2055 3455 jejunio
2081 3393 2328 3440 animam
2341 3407 2516 3441 meam
2546 3394 2706 3454 (Psal.
2727 3392 2814 3446 34.
2853 3393 2920 3448 ’13
2944 3394 2976 3457 ).
3004 3395 3270 3446 Similiter
3285 3401 3447 3444 autem

1851 3465 2130 3514 Dominus
2155 3470 2349 3514 noster
2371 3464 2543 3514 Jesus
2563 3465 2825 3516 Christus
2838 3465 3150 3529 discipulos
3173 3470 3450 3516 sunsdoce—

1853 3537 1950 3586 bat
1973 3548 2086 3585 non
2121 3536 2282 3586 aliter
2305 3540 2403 3586 aut
2430 3535 2673 3599 salvam,
2700 3541 2765 3587 ut
2789 3538 2925 3600 dixi,
2954 3538 3189 3595 servari,
3212 3543 3449 3602 autper—

1853 3607 2028 3658 ditam
2055 3608 2304 3657 revocari
2333 3604 2480 3673 60|
2509 3621 2677 3670 posse
2698 3609 2991 3671 virtutem,
3017 3609 3128 3661 nisi
3143 3612 3448 3674 perlaberes

1852 3679 2103 3740 corporis
2121 3684 2175 3729 et
2193 3678 2436 3729 dolores.
2458 3679 2545 3729 Sic
2565 3680 2718 3730 enim
2734 3680 2831 3730 ait.
2863 3681 2919 3728 In
2928 3681 3220 3742 grcdimini
3235 3697 3447 3744 peran-

1850 3757 2062 3813 gustam
2088 3758 2318 3813 portam,
2333 3750 2465 3811 quia
2487 3751 2598 3798 lata
2616 3759 2774 3812 porta
2801 3757 2846 3799 et
2862 3753 3098 3814 speciosa.
3111 3753 3200 3800 via
3223 3768 3338 3814 qua:
3354 3753 3447 3800 du-

1850 3823 1918 3870 cit
1943 3822 2014 3869 ad
2039 3821 2508 3880 interitum,multi
2531 3827 2657 3868 sunt
2685 3823 2785 3883 qui
2802 3823 3293 3886 ingreztiimturper
3307 3838 3442 3871 eam:

1851 3898 1977 3955 quia
2003 3898 2232 3954 angusta
2259 3897 2411 3954 porta
2457 3896 2500 3938 et
2533 3897 2684 3939 arcta
2715 3893 2806 3939 via
2839 3908 2955 3954 quas
2995 3893 3140 3941 ducit
3163 3895 3236 3941 ad
3258 3894 3444 3954 vitam,

1849 3970 1894 4012 et
1917 3966 2223 4028 paucisunt
2247 3965 2342 4025 qui
2372 3963 2658 4010 inveniunt
2687 3978 2806 4011 eam
2831 3964 3037 4026 (Matth.
3074 3963 3123 4016 7.
3161 3963 3282 4026 13.).
3312 3964 3444 4015 Ideo

1851 4039 1904 4086 et
1926 4037 2128 4085 beatus
2163 4033 2369 4085 Paulus
2395 4047 2526 4084 cum
2554 4039 2778 4096 rogaret
2803 4035 3208 4096 Dominum,ut
3232 4036 3445 4100 abipso

1850 4107 2074 4171 penitus
2101 4107 2191 4157 ille
2217 4107 2658 4168 disc~deret,qui
2685 4106 2982 4158 stimulum
3009 4108 3445 4171 carnisinﬁgere

1851 4180 2183 4240 conabatur,
2207 4191 2322 4229 non
2346 4179 2691 4240 impetravit,
2721 4178 2823 4229 sed
2851 4179 3030 4238 magis
3051 4179 3274 4230 audivit
3295 4183 3447 4230 aDo-

1850 4251 2024 4313 mino,
2041 4250 2252 4313 Sufﬁcit
2267 4251 2360 4298 tibi
2373 4251 2555 4312 gratia
2572 4251 2886 4308 mea,virtus
2897 4251 3043 4299 enim
3057 4251 3116 4298 in
3131 4252 3448 4310 inﬁrmitate

1848 4323 2125 4386 perficitur
2148 4321 2220 4384 (ι.
2246 4323 2363 4372 Cor.
2394 4321 2476 4374 12.
2494 4320 2582 4384 9.).
2599 4322 2759 4373 Unde
2783 4321 2953 4373 lietus
2979 4327 3178 4385 postea
3201 4322 3445 4384 dicebat,

1850 4394 2089 4442 Libenter
2118 4409 2238 4455 ergo
2265 4393 2533 4456 gloriabor
2552 4391 2612 4440 iit
2627 4395 2680 4440 in
2688 4393 3036 4456 ﬁrmitatibus
3052 4395 3200 4457 meis,
3221 4396 3450 4443 utinha-

1852 4466 1970 4514 bitct
1996 4467 2053 4513 in
2080 4481 2161 4513 me
2185 4467 2352 4512 virtus
2377 4465 2595 4514 Chr-isti.
2624 4466 2849 4527 Propter
2863 4465 3006 4527 quod
3027 4466 3208 4528 placeo
3232 4467 3374 4514 mihi
3386 4467 3445 4514 in

1851 4539 1906 4587 in
1915 4537 2259 4601 ﬁrmitatibus
2282 4537 2430 4596 meis,
2457 4537 2518 4584 in
2542 4537 2894 4595 contumeliis,
2913 4537 2972 4585 in.
2998 4537 3359 4598 necessatibus,
3386 4538 3446 4586 in

1849 4609 2316 4674 persecutionibus,
2362 4613 2406 4656 et
2454 4609 2719 4669 angustiis
2759 4623 2856 4672 pro
2884 4609 3114 4658 Christo.
3145 4610 3279 4659 Cum
3300 4609 3444 4657 enim

1850 4681 2122 4744 inﬁrmor,
2149 4686 2274 4729 tunc
2294 4686 2478 4743 potens
2501 4694 2640 4730 sum.
2669 4679 2801 4730 Ideo
2827 4680 3444 4744 autem,docens,dicit,

1853 4755 2077 4817 Propter
2106 4753 2251 4817 quod
2277 4767 2386 4800 non
2429 4751 2720 4814 deﬁcimus.
2755 4751 2858 4800 Sed
2889 4751 3000 4799 licet
3030 4753 3075 4800 is
3099 4754 3196 4816 qui
3219 4753 3354 4814 foris
3378 4760 3449 4801 est

1845 4829 2022 4873 noster
2041 4825 2199 4873 homo
2224 4828 2642 4886 corrumpatur:
2661 4827 2842 4870 tamen
2865 4822 2912 4870 is
2936 4824 3034 4885 qui
3058 4824 3448 4873 intusestreno-

1851 4901 2006 4943 vatur
2029 4896 2089 4944 dc
2113 4895 2197 4944 die
2214 4896 2271 4942 in
2291 4895 2449 4944 diem.
2464 4894 2609 4943 Nam
2627 4893 2771 4957 quod
2786 4895 2845 4941 in
2858 4900 3109 4958 p‘rwsenti
3123 4901 3192 4944 est
3210 4910 3449 4944 momen-

1848 4973 2066 5016 tancum
2098 4973 2141 5014 et
2168 4967 2268 5016 lc-vc
2294 4966 2659 5014 tribulationis
2701 4971 2909 5027 nostrae,
2937 4980 3108 5030 supra
3141 4966 3361 5014 modum
3385 4966 3444 5014 in

1846 5039 2171 5089 sublimitate
2194 5045 2450 5088 :ctcrnum
2476 5038 2658 5102 glorim
2679 5039 2894 5102 pondus
2917 5042 3172 5101 operatur
3190 5037 3252 5085 in
3276 5036 3447 5100 nobis,

1848 5128 1953 5160 non
1990 5111 2467 5172 contemplantibus
2497 5109 2646 5158 nobis
2675 5125 2790 5173 quae
2813 5109 3080 5165 videntur,
3105 5108 3322 5171 sedquaa
3335 5123 3446 5157 non

1846 5183 2116 5232 videntur.
2167 5185 2290 5241 Qua:
2333 5184 2477 5230 enim
2518 5182 2771 5230 videntur
2797 5179 3120 5241 temporalia
3140 5185 3264 5227 sunt
3288 5194 3299 5228 :
3328 5195 3446 5242 qua

1849 5261 2029 5304 autem
2066 5271 2179 5303 non
2215 5255 2464 5302 videntur
2488 5259 2686 5302 aeterna-
2719 5256 2840 5300 sunt
2874 5250 2940 5315 (1.
2973 5251 3093 5301 Cor.
3121 5251 3170 5304 4.
3198 5250 3323 5312 16.).
3356 5251 3444 5302 Sic

1848 5327 2021 5390 igitur
2065 5327 2311 5377 dicimus
2337 5327 2549 5388 primos
2575 5323 2855 5377 homines.
2887 5323 3071 5373 Adam
3095 5327 3153 5373 et
3180 5323 3371 5386 Evam,
3412 5335 3446 5374 a

1851 5401 2082 5462 peccato
2118 5410 2222 5446 suo
2255 5397 2433 5447 fuisse
2475 5394 2720 5444 salvatos
2747 5406 2842 5455 per
2865 5393 3090 5443 labores
3115 5393 3366 5455 corporis
3390 5398 3446 5444 et

1849 5468 2093 5526 dolores,
2129 5481 2271 5529 quos
2297 5468 2380 5516 eis
2406 5465 3080 5538 Dominusprsestiterat,
3109 5476 3210 5528 pro
3233 5464 3449 5538 benetif

1848 5541 1934 5592 cio
1974 5540 2187 5591 scilicet
2213 5539 2551 5588 animarum.
2585 5535 2747 5588 Unde
2771 5539 2972 5600 postea
2994 5547 3286 5598 nusquam
3311 5535 3446 5587 facit

1912 5691 1929 5712 °
1952 5683 2078 5733 MS..
2113 5681 2229 5729 Ideo
2265 5685 2458 5728 autem.

1913 5754 1926 5783 '
1953 5755 2076 5811 MS.,
2102 5754 2244 5800 Mors
2270 5752 2383 5797 viro
2408 5749 2634 5814 requies,

1911 5835 1928 5863 ε
1950 5826 2078 5884 Ms.,
2111 5823 2337 5872 Pcccatis
2362 5837 2545 5871 eorum
2570 5819 2848 5870 terminus.

1911 5895 1933 5924 "
1957 5895 2084 5957 MS.,
2112 5895 2387 5944 Revocare.
