3894 6404
499 396 646 454 1143

501 523 701 564 eorum
725 510 921 564 divina
939 509 1244 576 Scriptura,
1272 508 1437 574 quasi
1459 505 1841 598 peccaverint,
1857 503 2096 557 mentio-
2117 506 2180 580 Α

502 595 636 634 nem
646 621 658 632 .

566 654 827 704 XXXVI.
857 652 1016 714 Quod
1049 657 1243 703 autem
1280 652 1438 702 Deus
1479 648 1757 700 dimiserit
1791 649 1873 700 eis
1896 660 2098 713 pecca-

503 729 647 782 tum,
667 725 816 776 sicut
829 725 1002 776 etiam
1019 725 1157 776 Cain
1181 723 1279 786 qui
1300 723 1548 788 primum
1567 726 1902 785 peccaverat
1926 722 2096 768 indul-

504 796 592 856 sit,
619 809 750 846 cum
773 795 1018 846 dixisset
1049 795 1122 846 ad
1145 807 1299 855 eum,
1331 794 1560 844 Peccasli
1583 793 1787 856 quiesce
1814 806 1826 842 :
1853 793 1926 840 ad
1947 797 1991 840 te
2016 806 2100 839 re-

503 869 668 916 versio
710 867 841 929 ejus,
885 867 992 918 hoc
1033 871 1124 918 est
1169 865 1405 930 peccati,
1451 870 1496 913 et
1548 870 1605 913 tu
1649 863 2014 912 domi-naberis
2050 863 2098 910 ei

505 939 652 1003 (Gen.
681 937 730 991 4.
759 938 1058 1001 7.),aperte
1084 939 1310 1000 Moyses
1329 935 1586 987 ostendit
1609 949 1710 999 per
1735 937 2097 983 humanitatem

504 1023 606 1062 seu
622 1009 1090 1068 misericordiam,
1110 1021 1282 1072 quam
1303 1009 1454 1058 Deus
1479 1007 1618 1070 ipsis
1646 1012 1845 1070 postea
1859 1005 2100 1057 libenter

502 1080 756 1132 indulsit.
786 1081 930 1142 Quid
957 1080 1110 1131 enim
1139 1080 1278 1130 dicit
1300 1081 1524 1142 Moyses
1545 1082 1572 1128 ?
1598 1079 1665 1127 Et
1687 1078 1807 1140 fecit
1834 1077 2099 1125 Dominus

503 1152 644 1200 Deus
667 1151 848 1201 Adam
873 1158 920 1200 et
947 1151 1136 1200 uxoris
1161 1151 1274 1214 ejus
1299 1151 1511 1199 tunicas
1537 1149 1800 1214 pelliceas,
1827 1155 1873 1198 et
1899 1149 2100 1197 vestivit

503 1237 587 1272 eos
611 1224 627 1286 (
653 1223 781 1272 Gen.
818 1222 868 1276 3.
906 1221 990 1276 19.
1017 1223 1052 1286 ).
1081 1225 1224 1272 Nam
1251 1223 1298 1272 si
1322 1222 1602 1273 Dominus
1635 1221 1777 1284 ipsis
1802 1225 2100 1284 peccatum

503 1307 620 1346 non
644 1293 982 1356 dimisisset,
1004 1306 1302 1356 nunquam
1327 1293 1578 1356 profecto
1604 1305 1702 1356 per
1725 1292 2101 1356 semetipsum

504 1365 748 1416 vestiret
763 1378 863 1416 eos
881 1365 1108 1424 tunicis,
1141 1375 1158 1394 ι
1183 1365 1395 1428 quibus
1414 1363 1526 1414 illis
1546 1365 1667 1428 ipse
1687 1363 2014 1426 perfecerat.
2033 1367 2100 1411 Ne

505 1436 636 1499 quis
661 1437 836 1500 igitur
852 1436 1082 1486 easdem
1102 1434 1365 1498 pelliceas
1385 1436 1610 1485 tunicas
1629 1447 1772 1496 quas
1800 1437 2100 1495 habuerunt,

502 1506 826 1557 humanum
844 1519 1051 1570 corpus
1067 1507 1378 1568 existimet,
1398 1505 1418 1533 ¹³
1441 1506 1591 1556 sicut
1605 1506 1680 1554 im
1691 1505 1815 1568 pius
1827 1504 2102 1566 Origenes

503 1578 791 1640 exposuit.
828 1579 969 1628 Nam
993 1583 1126 1628 ante
1150 1578 1291 1628 istas
1309 1590 1454 1640 quas
1477 1577 1598 1626 dixi
1616 1577 1882 1640 pelliceas
1909 1578 2103 1624 tunicas

501 1649 625 1713 ipse
664 1650 848 1700 Adam
885 1662 1114 1700 carnem
1161 1649 1368 1700 habere
1399 1662 1460 1700 se
1506 1650 1701 1700 docuit
1742 1649 1954 1708 dicens,
1993 1649 2103 1698 Hoc

501 1735 650 1768 nunc
673 1735 729 1768 os
750 1735 816 1768 ex
836 1719 1040 1768 ossibus
1063 1721 1212 1776 meis,
1239 1725 1285 1768 et
1308 1735 1434 1769 caro
1452 1721 1512 1768 de
1536 1735 1701 1768 carne
1723 1735 1842 1768 mea
1864 1721 2013 1784 (Gen.
2047 1719 2100 1772 2.

501 1789 627 1854 23.).
667 1791 935 1842 Pelliceas
957 1791 1128 1854 igitur
1142 1792 1368 1842 tunicas
1392 1791 1559 1842 datas
1583 1805 1614 1841 a
1638 1793 1757 1844 Deo
1773 1791 1956 1843 fuisse
1972 1791 2104 1842 dici-

503 1873 638 1912 mus
653 1865 882 1926 propter
897 1863 1263 1924 asperitatem
1279 1863 1436 1924 vitm,
1456 1863 1548 1912 vel
1565 1863 1719 1925 quod
1748 1867 2019 1926 tanquam
2046 1877 2098 1911 se

503 1933 910 1984 exercentibus
935 1932 1006 1983 ad
1025 1933 1293 1983 virtutem
1320 1930 1494 2000 602
1524 1946 1622 1984 eas
1641 1934 1815 1984 dabat
1831 1947 1964 1997 qum
1987 1949 2097 1982 con-

503 2015 666 2067 gruae
687 2001 1050 2066 videbantur,
1073 2008 1138 2054 ut
1161 2004 1451 2055 discerent
1468 2018 1583 2055 non
1611 2005 1771 2054 aliter
1793 2017 1964 2068 posse
1982 2005 2101 2056 vin-

503 2087 632 2125 cere
665 2073 989 2125 invisibiles
1023 2074 1313 2134 inimicos,
1349 2075 1460 2124 nisi
1499 2074 1791 2126 laboribus
1826 2076 2095 2139 corporis.

504 2147 572 2196 Et
589 2144 743 2208 quod
757 2147 888 2209 post
903 2147 1456 2209 praevaricationem,
1475 2157 1648 2208 quam
1667 2147 1720 2196 in
1741 2147 2001 2209 paradiso
2017 2150 2102 2194 ad-

501 2215 754 2275 miserat,
794 2216 1188 2279 perseveravit
1220 2217 1342 2280 jam
1388 2217 1768 2280 in'posterum
1813 2231 2000 2280 usque
2025 2218 2098 2270 ad

500 2287 676 2338 ﬁnem
700 2287 836 2341 vitm
871 2299 994 2339 sum
1031 2289 1436 2351 obtemperans
1460 2291 1600 2350 Deo,
1637 2289 1798 2339 testis
1830 2295 1920 2340 est
1951 2289 2101 2342 Salo«

499 2369 805 2420 mon,cum
831 2357 901 2409 de
933 2357 1214 2422 sapientia
1237 2360 1383 2423 'ejus,
1418 2372 1550 2422 quae
1582 2360 1774 2424 ipsum
1807 2360 1866 2410 in
1899 2361 2098 2413 timore

500 2428 604 2480 Dei
629 2429 898 2490 servavit,
927 2429 1114 2481 dicere
1137 2430 1244 2481 hoc
1268 2431 1461 2490 modo,
1493 2431 1610 2481 Haec
1633 2432 1881 2495 primum
1912 2433 2097 2493 ﬁctum

497 2505 708 2564 patrem
738 2499 880 2548 orbis
913 2505 1206 2561 terrarum,
1233 2517 1357 2550 cum
1378 2503 1521 2550 solus
1540 2508 1746 2552 creatus
1767 2508 1906 2564 esset,
1933 2510 2100 2554 custo-

499 2571 652 2632 divit,
677 2576 723 2620 et
758 2569 1002 2622 liberavit
1026 2588 1062 2622 a
1092 2573 1296 2636 delicto,
1322 2583 1341 2602 °
1365 2573 1508 2622 dedit
1545 2579 1723 2624 autem
1747 2579 1793 2623 et
1823 2575 2098 2636 fortitudi-

499 2656 623 2691 nem
644 2642 974 2692 dominandi
989 2643 1239 2692 omnibus
1256 2643 1410 2708 (Sap.
1428 2644 1513 2699 10.
1535 2645 1625 2707 1.).
1651 2645 2096 2697 Similiterautem

499 2711 675 2764 etiam
698 2712 770 2764 de
795 2713 978 2765 salute
995 2715 1133 2766 Evm
1153 2715 1356 2765 beatus
1374 2714 1583 2767 Paulus
1606 2715 1820 2768 docens
1837 2718 1920 2769 ita
1935 2718 2091 2780 dicit,

497 2783 680 2832 Adam
697 2783 841 2832 enim
859 2784 1076 2848 primus
1095 2785 1364 2846 formatus
1387 2791 1474 2846 est,
1494 2787 1684 2836 deinde
1698 2788 1831 2848 Eva,
1847 2795 1892 2838 et
1915 2789 2094 2839 Adam

498 2867 612 2902 non
636 2859 708 2903 est
730 2855 992 2915 seductus,
1020 2855 1220 2905 mulier
1239 2862 1416 2906 autem
1438 2858 1652 2907 seducta
1678 2859 1738 2908 in
1767 2861 2094 2923 praevarica-

498 2925 641 2974 tione
652 2923 778 2986 fuit.
794 2925 1109 2976 Saluabitur
1122 2934 1302 2977 autem
1313 2944 1408 2992 per
1415 2929 1658 2992 ﬁliorum
1673 2931 2091 2996 generationem,

497 2996 544 3044 si
568 2997 966 3059 permanserint
982 2998 1160 3061 inﬁde
1181 3005 1226 3048 et
1247 2998 1594 3050 “discretio-ne
1614 3003 2093 3066 etsanctiﬁcatione

497 3081 620 3116 cum
641 3068 916 3118 sobrietate
950 3068 1018 3132 (1.
1048 3070 1180 3119 Tim.
1209 3069 1260 3124 9.
1293 3070 1419 3135 13.).

561 3139 850 3211 XXXVII.
877 3140 1040 3203 Quod
1083 3140 1250 3203 dixit,
1284 3157 1381 3206 per
1403 3142 1646 3205 ﬁliorum
1679 3146 2098 3211 generationem,

499 3222 634 3260 cum
677 3209 931 3263 ﬁliorum
969 3213 1338 3277 generatione
1367 3215 1728 3279 significavit.
1761 3216 1914 3269 Solet
1945 3209 2098 3269 enim

497 3281 694 3370 divina.
723 3283 1013 3370 Scriptura
1041 3285 1478 3370 praeppsitiones
1497 3286 1834 3370 plerumque
1855 3293 2096 3370 mutare.
2126 3294 2175 3370 ρ

499 3353 688 3404 Testis
711 3358 802 3406 est
839 3355 1159 3408 Patriarcha
1188 3358 1404 3420 Joseph
1447 3357 1516 3408 de
1545 3361 1767 3412 somnio
1803 3359 1876 3410 ad
1900 3363 2094 3413 Eunu-

498 3423 675 3495 chum
700 3424 918 3490 dicens,
948 3426 1074 3476 Non
1091 3443 1190 3492 per
1222 3427 1393 3477 Deum
1429 3430 1744 3493 explanatio
1777 3432 1890 3495 ejus
1916 3434 1942 3495 (
1967 3433 2094 3484 Gen.

497 3492 584 3548 40.
624 3493 716 3558 8.),
757 3495 814 3546 id
847 3501 954 3556 est,
990 3509 1109 3548 non
1145 3510 1180 3548 a
1213 3500 1351 3550 Deo.
1386 3492 1657 3552 Similiter
1697 3492 1892 3554 autem
1917 3492 2098 3554 etiam

497 3564 704 3616 beatus
723 3567 934 3618 Paulus
955 3580 1088 3620 cum
1111 3568 1184 3620 ad
1201 3569 1484 3622 Hebrmos
1502 3572 1792 3637 scriberet,
1817 3573 1973 3637 dicit,
1997 3575 2100 3624 Per

499 3649 660 3698 quem
695 3637 860 3685 etiam
896 3638 1017 3700 fecit
1049 3639 1244 3688 saecula
1281 3639 1457 3702 (Hebr.
1485 3641 1536 3696 1.
1575 3641 1667 3705 (2.),
1702 3657 1802 3708 pro
1839 3656 1907 3696 eo
1939 3645 2096 3708 quod

498 3710 606 3778 est,
631 3718 762 3758 cum
777 3719 890 3770 quo
907 3709 1078 3760 etiam
1098 3709 1229 3762 fecit
1251 3711 1481 3763 saecula.
1509 3715 1706 3778 Neque
1721 3715 1874 3768 enim
1900 3719 2099 3767 submi-

499 3777 870 3853 nistratorem
889 3781 1134 3853 dicimus
1151 3782 1331 3834 Patris
1348 3796 1474 3836 esse
1491 3777 1719 3850 Filium,
1738 3793 1967 3853 propter
1989 3789 2098 3841 hoc

499 3847 717 3926 dictum
753 3850 908 3914 quod
946 3855 1052 3914 est,
1090 3868 1187 3926 per
1223 3869 1383 3918 quem
1415 3857 1574 3906 etiam
1607 3847 1968 3922 fecit-saecula,
1995 3861 2097 3912 sed

497 3921 682 3995 magis
702 3921 1152 3995 cooperatorem.
1179 3926 1306 3977 Non
1323 3939 1459 3992 ergo
1489 3930 1608 3980 Eva
1633 3935 1861 3995 propter
1887 3921 2098 3984 liberos

498 3991 812 4045 salvabitur
836 4007 994 4058 suos,
1023 4008 1214 4060 neque
1248 3998 1375 4061 ejus
1399 3991 1860 4054 "soboles‘ma'tris
1893 4016 2100 4056 caussa

560 4145 579 4165 ⁸
610 4135 812 4196 Quibus
827 4137 940 4188 illis
964 4140 1073 4204 ipse
1091 4140 1400 4204 perfecerat.
1426 4143 1440 4206 ]
1461 4144 1646 4196 Latini
1669 4146 1950 4198 sermonis
1975 4152 2098 4199 ratio

501 4208 850 4278 postulabat,
875 4212 941 4262 ut
974 4226 1112 4274 quas
1136 4211 1368 4265 diceret.
1399 4216 1600 4278 Itaque
1637 4217 1977 4272 manifestus
2009 4226 2100 4273 est

496 4277 907 4351 Hellenismus,
951 4282 1159 4334 unicus
1206 4283 1448 4336 fortasse
1484 4277 1544 4336 in
1581 4286 1690 4338 hoc
1725 4301 1952 4351 genere,
1997 4292 2097 4343 sed

494 4350 739 4401 aliorum
755 4364 1030 4415 generum
1045 4355 1158 4406 alia
1173 4360 1312 4406 sunt
1327 4357 1589 4422 plurima,
1606 4350 2096 4422 quaitranslatum

497 4436 570 4475 ex
595 4424 810 4476 Gracis
844 4424 1056 4477 librum
1079 4427 1406 4480 ostendant.

559 4495 582 4524 ¹³
605 4495 755 4570 Sicut
778 4495 982 4560 impius
997 4497 1246 4563 Origenes
1266 4501 1530 4564 exposuit.
1559 4501 1573 4566 J
1603 4503 1685 4554 De
1708 4502 1816 4556 hac
1832 4504 2095 4570 Origenis

494 4567 858 4629 expositione
877 4570 1074 4621 scribit
1100 4571 1454 4635 Epiphanius
1469 4574 1542 4624 ad
1564 4576 1845 4628 Joannem
1865 4567 2096 4631 Jeroso-

493 4635 839 4714 lymitanum
865 4641 1117 4714 Epistola
1146 4643 1263 4714 LX.
1291 4643 1470 4706 (Nunc
1501 4646 1602 4708 LI.)
1635 4647 1788 4710 apud
1812 4650 2094 4714 Hierony-

493 4720 676 4786 mum.
708 4709 964 4786 Praetereo
988 4713 1246 4775 frivolam
1270 4715 1384 4779 ejus
1412 4709 1797 4781 expositionem
1819 4736 1983 4786 super
2006 4709 2090 4771 tu-

495 4778 634 4828 nicis
654 4778 901 4858 pelliceis,
921 4790 1128 4858 quanto
1151 4778 1368 4846 conatu,
1396 4778 1717 4854 quantisque
1741 4778 1902 4857 egerit
1925 4810 2092 4858 argu-

495 4851 708 4910 mentis,
728 4856 787 4900 ut
808 4853 1023 4928 tunicas
1033 4856 1278 4928 pelliceas
1301 4851 1550 4910 humana
1565 4851 1667 4910 esse
1682 4851 1906 4928 corpora
1927 4851 2096 4916 crEde-

492 4937 710 4998 remus:
739 4924 838 4988 qui
871 4925 1015 4974 inter
1053 4927 1226 4986 multa
1265 4931 1358 4990 ait,
1395 4931 1684 4998 Numquid
1708 4924 1978 4986 coriarius
2002 4943 2097 4988 aut

489 4995 878 5047 scordiscarius
894 5001 1010 5047 erat
1021 4998 1181 5072 Deus,
1202 5005 1262 5049 ut
1282 4995 1728 5070 conﬁceretvpelles
1739 5008 2092 5072 animalium,

490 5071 844 5140 etconsueret
893 5084 964 5119 ex
995 5070 1070 5120 eis
1108 5073 1321 5122 tunicas
1349 5075 1595 5140 pclliceas
1633 5079 1814 5129 Adam
1845 5087 1891 5130 et
1926 5070 2096 5134 Evasi?

493 5138 846 5216 Manifestum
881 5147 1120 5216 estiergo,
1152 5138 1364 5211 inquit,
1397 5150 1544 5212 quod
1574 5151 1636 5198 de
1658 5151 1968 5216 corporibus
1993 5167 2092 5203 no-

490 5210 616 5286 stris
637 5211 912 5286 loquatur.
935 5215 1001 5264 Et
1025 5217 1074 5265 si
1099 5218 1198 5267 hoc
1220 5219 1298 5267 ita
1321 5210 1699 5282 esu—quomodo
1723 5210 1948 5286 legimus
1971 5229 2094 5274 ante

490 5281 732 5359 pelliceas
757 5285 1033 5359 tunicaset
1064 5295 1186 5338 ante
1210 5281 1649 5352 inobedientiam,
1677 5298 1722 5341 et
1747 5281 1808 5342 de
1829 5297 2094 5359 paradiso

488 5353 738 5430 ruinam,
764 5355 945 5430 Adam
969 5358 1288 5424 loquentem,
1301 5376 1412 5409 non
1434 5363 1732 5412 secundum
1755 5353 2090 5430 allegoriam,

487 5423 578 5472 sed
601 5440 734 5487 vere,
766 5428 879 5478 Hoc
907 5444 1056 5479 nunc
1071 5444 1129 5480 os
1150 5431 1212 5480 de
1234 5423 1438 5481 ossibus
1451 5433 1600 5496 meis,
1627 5441 1672 5484 et
1697 5451 1822 5486 caro
1847 5423 1908 5488 de
1931 5423 2094 5489 carne

490 5507 610 5576 mea
631 5499 656 5559 (
677 5498 806 5576 Gen.
832 5499 1000 5576 23.
1025 5503 1040 5562 )
1067 5503 1183 5576 {Et
1209 5503 1375 5576 paulo
1405 5508 1550 5571 post,
1577 5507 1685 5557 Aut
1721 5525 1838 5574 quae
1861 5527 2092 5576 corpora

487 5568 787 5644 contegebat
808 5571 992 5644 fidam
1022 5577 1067 5622 et
1090 5573 1214 5624 Evte
1232 5575 1381 5638 foliis
1401 5568 1546 5640 ﬁcus
1551 5568 1840 5644 postquam
1865 5568 2094 5634 comede-

488 5644 618 5688 runt
644 5641 708 5689 de
732 5641 925 5692 arbore
949 5645 1108 5694 vetita
1129 5648 1156 5696 ‘t

551 5718 569 5782 ξ
595 5711 720 5782 Ms,
746 5713 902 5763 Dedit
932 5721 1111 5766 autem
1135 5718 1184 5766 ei
1219 5719 1618 5782 fortitudinem.

549 5777 570 5807 ¹¹
594 5781 720 5854 his,
738 5784 1034 5854 Dilectione
1057 5793 1103 5837 et
1125 5777 1554 5854 sanctiﬁcatione
1581 5809 1704 5843 cum
1727 5795 2020 5846 sobrietate.

551 5852 748 5935 'Jquod
763 5854 916 5905 liberi
927 5873 1050 5935 non
1069 5876 1170 5935 pro
1185 5852 1500 5926 parentibus
1511 5867 1839 5930 puniantur.
1861 5869 1876 5934 ]
1909 5871 2089 5935 Aper-

489 5920 544 5971 te
567 5919 833 5988 deinceps
859 5919 1134 5992 originale
1156 5919 1457 5998 peccatum
1472 5919 1530 5990 ei.
1549 5919 2082 6008 parvulorumlia'p-

1804 391 2050 445 RUFINI
2089 389 2489 444 PALESTINI

3665 385 3812 442 1144

2201 501 2585 565 damnabitur,
2616 505 2718 554 aut
2739 501 2918 567 patris
2940 499 3146 564 Adam,
3171 499 3322 552 sicut
3343 498 3808 566 imprudentium

2201 575 2453 628 aestimat
2468 574 2740 638 opinatio.
2770 575 2915 624 Nam
2931 572 3337 636 unusquisque
3365 575 3638 622 hominum
3663 578 3808 636 quasi

2197 645 2358 697 liberi
2374 645 2592 696 arbitrii
2617 646 2710 709 sit,
2735 658 2806 696 ex
2829 657 3068 696 suorum
3082 643 3356 707 qualitate
3379 649 3710 708 gestorum,
3725 653 3810 692 aut

2197 717 2524 769 laudandus
2540 718 2732 779 nimis,
2746 721 2847 768 aut
2859 715 3274 780 vituperandus
3288 715 3618 766 habebitur.
3638 718 3804 765 Simili

2198 789 2371 840 modo
2394 790 2568 840 etiam
2587 789 2644 839 in
2661 789 2751 839 die
2759 788 2978 852 judicii,
3003 792 3104 839 aut
3115 787 3530 850 justiﬁcandus
3551 787 3681 844 erit.
3709 795 3809 838 aut

2201 860 2478 926 supplicio
2497 861 2624 923 subj
2634 862 2920 924 ugandus,
2939 859 3091 910 sicut
3105 862 3163 909 et
3179 863 3352 908 beatus
3369 861 3555 907 Paulus
3569 861 3719 908 docet
3739 860 3804 906 ita

2199 933 2417 994 dicens,
2445 933 2636 982 Omnes
2660 932 2805 980 enim
2831 947 2928 980 nos
2953 931 3297 993 manifestgri
3319 935 3520 995 Oportet
3549 938 3677 979 ante
3704 931 3804 978 tri-

2199 1004 2368 1053 bunal
2393 1003 2614 1063 Christi,
2633 1008 2690 1051 ut
2709 1003 2903 1064 referat
2924 1005 3294 1066 unusquisque
3306 1002 3540 1066 propria
3560 1003 3804 1066 corporis

2199 1081 2359 1141 prout
2389 1077 2569 1138 gessit,
2601 1075 2708 1122 sive
2733 1073 2932 1123 bonum
2966 1075 3073 1123 sive
3095 1075 3304 1123 malum
3338 1072 3404 1134 (9.
3443 1073 3563 1124 Cor.
3592 1073 3645 1128 4.
3672 1073 3798 1134 10.).

2262 1149 2576 1198 XXXVIII.
2601 1155 2620 1176 °
2637 1147 2801 1209 Quod
2820 1152 3012 1197 autem
3031 1147 3192 1198 liberi
3209 1159 3324 1196 non
3339 1158 3440 1210 pro
3464 1145 3800 1210 parentibus

2199 1218 2532 1282 puniantur,
2550 1231 2738 1280 neque
2757 1223 3026 1282 parentes
3042 1230 3140 1281 pro
3157 1217 3370 1278 liberis,
3386 1223 3582 1280 aperte
3597 1228 3800 1266 rursus

2201 1290 2429 1342 edocuit
2451 1292 2628 1350 Deus,
2653 1302 2787 1341 cum
2820 1289 2893 1341 ad
2928 1291 3165 1354 Moysen
3191 1287 3524 1352 prophetam
3565 1287 3796 1348 diceret,

2199 1361 2324 1411 Non
2361 1361 2668 1410 morientur
2688 1367 2865 1426 patres
2882 1376 2982 1426 pro
2998 1361 3144 1422 ﬁliis,
3164 1376 3332 1424 neque
3353 1360 3458 1424 ﬁlii
3477 1375 3579 1424 pro
3606 1375 3802 1422 paren-

2203 1433 2340 1482 tibus
2363 1448 2378 1482 :
2405 1433 2781 1497 unusquisque
2809 1434 2866 1481 in
2885 1438 3095 1497 peccato
3111 1447 3206 1481 suo
3223 1431 3486 1498 morietur
3510 1431 3688 1494 (Deut.
3711 1428 3798 1484 24.

2203 1503 2328 1569 16.).
2359 1506 2526 1555 Porro
2539 1509 2732 1556 autem
2752 1517 3002 1567 arguens
3019 1506 3173 1556 Deus
3189 1503 3634 1568 imprudentiam
3656 1502 3798 1554 tilio-

2201 1589 2330 1627 rum
2359 1575 2552 1638 Israel,
2580 1588 2648 1627 eo
2676 1578 2928 1639 tempore
2958 1589 3072 1640 quo
3089 1575 3241 1639 apud
3269 1573 3566 1625 Chaldaeos
3591 1586 3798 1626 secun-

2203 1647 2342 1698 dum
2369 1647 2583 1697 scelera
2607 1658 2714 1697 sua
2737 1646 2947 1710 captivi
2971 1652 3149 1704 erant,
3185 1652 3242 1697 et
3269 1645 3656 1698 causabantur
3677 1657 3798 1695 non

2203 1717 2274 1769 de
2301 1730 2363 1768 se
2386 1717 2636 1780 penitus,
2663 1717 2764 1767 sed
2799 1717 2870 1769 de
2898 1717 3228 1779 parentibus
3260 1715 3400 1778 suis,
3426 1715 3589 1777 quasi
3611 1713 3691 1765 illi
3718 1719 3796 1764 to-

2205 1789 2322 1840 tius
2348 1801 2546 1840 eorum
2580 1785 2755 1856 603
2792 1787 3022 1840 nefandi
3047 1787 3276 1840 sceleris
3305 1787 3553 1838 fuissent
3568 1796 3793 1836 caussa,

2203 1863 2388 1912 Deum
2405 1860 2476 1912 de
2493 1861 2822 1924 captivitate
2837 1873 2942 1911 sua
2957 1859 3402 1911 criminabantur
3413 1859 3644 1922 injuste,
3662 1868 3792 1907 cum

2201 1932 2475 1995 dicerent,
2500 1932 2607 1982 Via
2631 1931 2860 1982 Domini
2889 1944 3007 1982 non
3030 1935 3121 1982 est
3145 1934 3316 1988 recta,
3343 1929 3606 1991 quoniam
3633 1937 3793 1988 patres

2199 2004 2383 2055 nostri
2407 2003 2780 2055 comederunt
2797 2016 2970 2054 uvam
2988 2003 3269 2061 acerbam,
3289 2006 3347 2052 et
3360 2000 3604 2052 ﬁliorum
3623 2003 3792 2047 dentes

2199 2076 2638 2139 obstupuerunt,
2662 2074 2802 2126 dicit
2819 2073 2892 2124 ad
2917 2087 3016 2126 eos
3043 2087 3140 2138 per
3157 2072 3412 2125 Ezechiel
3434 2070 3791 2134 Prophetam,

2209 2147 2335 2197 Vivo
2369 2162 2479 2210 ego,
2513 2146 2638 2195 dicit
2661 2146 2949 2211 Dominus,
2973 2146 3021 2194 si
3045 2145 3190 2194 ultra
3212 2145 3376 2209 fuerit
3387 2143 3512 2208 jam
3537 2143 3677 2192 dicta
3699 2158 3794 2206 pa»

2196 2233 2259 2265 ra
2268 2215 2384 2266 bola
2409 2219 2509 2265 ista
2529 2217 2585 2264 in
2608 2215 2790 2278 Israel,
2816 2232 2846 2280 q
2857 2217 3081 2265 ueniam
3094 2231 3276 2264 omnes
3291 2213 3488 2264 animae
3503 2228 3627 2262 meae
3644 2217 3789 2273 sunt,

2197 2289 2333 2337 sicut
2357 2288 2551 2337 anima
2574 2288 2762 2352 patris,
2782 2289 2856 2336 sic
2878 2293 2923 2336 et
2939 2288 3132 2336 anima
3155 2287 3260 2351 ﬁlii
3278 2301 3404 2336 mem
3420 2291 3574 2336 sunt:
3596 2284 3792 2333 anima

2199 2374 2314 2422 quae
2354 2365 2552 2424 peccat,
2597 2360 2718 2424 ipsa
2743 2359 3008 2408 morietur
3042 2359 3250 2422 (Ezech.
3292 2357 3380 2412 18.
3428 2355 3521 2418 3.).
3570 2358 3635 2408 Et
3679 2355 3790 2406 ite-

2198 2443 2346 2490 rum,
2395 2430 2585 2491 Filius,
2628 2430 2833 2494 inquit,
2876 2446 2990 2480 non
3027 2430 3249 2495 accipiet
3300 2429 3648 2493 iniquitatem
3679 2443 3788 2492 pa-

2199 2501 2314 2557 tris.
2343 2515 2514 2565 neque
2546 2507 2700 2566 pater
2731 2502 2954 2566 accipiet
2987 2501 3333 2564 iniquitatem
3355 2500 3460 2562 ﬁlii
3473 2499 3672 2563 (Bacch.
3701 2495 3785 2552 18.

2197 2571 2320 2636 20.).
2367 2575 2437 2624 Et
2471 2574 2699 2634 iterum,
2750 2573 3197 2636 Unumquemque
3234 2576 3464 2621 vestrum
3493 2569 3789 2620 secundum

2196 2645 2345 2695 viam
2368 2659 2527 2695 suam
2558 2643 2815 2709 judicabo
2853 2660 2962 2709 vos,
2996 2645 3188 2694 domus
3229 2643 3410 2704 Israel,
3446 2643 3570 2692 dicit
3600 2641 3788 2691 Domi-

2197 2731 2301 2766 nus
2327 2717 2464 2780 (Ibid
2487 2753 2502 2777 ,
2525 2715 2651 2780 30.).
2678 2718 2821 2768 Cum
2850 2715 3098 2768 dixisset
3119 2717 3294 2778 Deus,
3342 2714 3468 2765 Vivo
3493 2729 3601 2779 ego,
3636 2713 3684 2762 si
3705 2713 3766 2762 ul

2195 2792 2280 2837 tra
2300 2788 2466 2852 fuerit
2495 2788 2640 2838 dicta
2666 2787 2934 2853 parabola
2949 2787 3052 2838 ista
3076 2787 3137 2836 in
3168 2786 3333 2837 Israel
3356 2785 3560 2851 (Ezech.
3587 2784 3673 2839 18.
3697 2784 3786 2846 3.),

2193 2864 2389 2924 aperte
2419 2859 2611 2912 docuit
2630 2872 2747 2911 non
2771 2872 2868 2912 cos
2892 2859 2952 2910 in
2975 2858 3177 2912 eadem
3201 2856 3579 2924 imprudentia
3599 2871 3788 2919 permn-

2193 2943 2343 2984 DCI‘C‘.

2255 3001 2518 3053 XXXIX.
2546 3002 2682 3052 Post
2702 2999 2830 3054 haec
2851 3001 3026 3064 igitur
3037 3000 3140 3053 Del
3164 2999 3505 3061 testimonia,
3525 3000 3786 3048 insaniunt

2195 3073 2292 3136 qui
2317 3086 2416 3137 per
2436 3086 2613 3124 unum
2637 3072 2932 3124 hominem
2965 3073 3148 3124 Adam
3171 3085 3400 3124 omnem
3423 3071 3618 3124 orbem
3642 3075 3787 3118 terra-

2197 3156 2324 3194 rum
2340 3143 2659 3208 iniquitatis
2670 3144 3128 3208 ﬂagitiorumque
3140 3143 3538 3196 condemnant.
3555 3143 3674 3190 Nam
3698 3143 3782 3201 qui

2198 3215 2324 3267 haec
2337 3215 2554 3275 dicunt,
2572 3219 2673 3266 aut
2688 3215 2765 3281 inj
2776 3219 2969 3268 ustum
2983 3217 3166 3269 Deum
3183 3217 3523 3280 pronuntiant,
3548 3220 3635 3263 aut
3657 3218 3786 3261 certe

2200 3289 2315 3339 Deo
2333 3286 2625 3340 diabolum
2639 3287 3249 3348 zestimantfortiorem,
3275 3300 3342 3340 eo
3367 3286 3515 3352 quod
3539 3289 3784 3342 naturam,

2197 3372 2371 3423 quam
2397 3361 2552 3412 Deus
2575 3359 2791 3412 creavit
2823 3359 3056 3424 bonam,
3081 3373 3207 3412 eam
3231 3358 3492 3412 diabolus
3522 3369 3619 3422 per
3642 3366 3783 3420 prte-

2199 3431 2606 3483 varicationem
2622 3430 2806 3482 Adam
2830 3435 2886 3482 et
2907 3433 3046 3485 Eva:
3071 3431 3279 3483 malam
3304 3430 3555 3496 potuerit
3576 3430 3784 3487 efﬁcere.

2199 3501 2246 3580 si
2268 3501 2513 3580 quidem
2529 3503 3018 3580 praevaricatione
3034 3503 3199 3580 primi
3223 3503 3484 3580 hominis
3497 3501 3701 3580 Adam,
3731 3503 3787 3580 et

2197 3573 2326 3637 ejus
2351 3573 2550 3625 uxoris
2590 3575 2737 3637 Evaa,
2769 3587 2971 3627 omnes
3003 3574 3269 3628 homines
3298 3579 3528 3636 peccato
3557 3573 3784 3624 obnoxii

2199 3650 2354 3704 sunt,
2383 3645 2725 3710 semetipsos
2742 3647 2995 3712 profecto
3019 3647 3231 3700 debent
3249 3657 3556 3712 agnoscere
3575 3658 3684 3694 esse
3697 3656 3782 3691 cu-

2195 3717 2362 3794 pidos
2393 3716 2762 3794 delictorum,
2775 3719 2986 3784 quippe
3003 3731 3136 3794 cum
3166 3719 3282 3770 sint
3305 3719 3413 3783 ipsi
3434 3717 3784 3794 voluptatum

2196 3793 2500 3853 amatores,
2525 3791 2582 3841 et
2609 3789 2820 3854 carnis,
2848 3803 2966 3842 non
2989 3790 3198 3842 debent
3220 3802 3418 3842 eorum
3438 3799 3644 3840 caussa
3663 3785 3783 3837 aliis

2195 3859 2518 3925 adnectere,
2542 3873 2786 3926 quorum
2801 3861 2912 3926 ipsi
2935 3861 3206 3914 videntur
3229 3861 3408 3914 fuisse
3421 3866 3663 3911 auctores.
3688 3861 3780 3907 Aut

2197 3934 2348 3983 certe
2385 3931 2581 3985 dicant
2612 3933 2778 3986 nobis
2803 3933 2900 3996 qui
2933 3946 3062 3986 sese
3087 3947 3212 3986 esse
3246 3933 3555 3998 prudentes
3584 3929 3777 3982 existi-

2197 4008 2378 4068 mant,
2401 4016 2588 4068 neque
2617 4017 2681 4057 ea
2707 4017 2842 4069 quae
2864 4005 3065 4058 dicunt
3086 4005 3394 4071 intelligere
3408 4008 3780 4070 possunt.ne-

2197 4147 2366 4199 tisma
2390 4147 2714 4213 impugnat,
2732 4161 2865 4213 quae
2889 4149 3003 4202 duo
3017 4149 3388 4215 postmodum
3407 4148 3645 4202 haeresis
3656 4149 3786 4198 Pela-

2195 4219 2385 4283 gianae
2410 4221 2598 4284 capita
2623 4221 2870 4273 fuerunt.
2896 4223 3081 4284 Quare
3117 4235 3234 4274 non
3266 4221 3548 4275 immerito
3571 4220 3664 4272 hic
3687 4218 3785 4270 ad-

2197 4296 2394 4344 monet
2430 4305 2674 4344 censura
2711 4294 3324 4358 Corbciensis,Sotticite
3356 4295 3479 4360 lege,
3516 4293 3630 4343 vide
3653 4291 3784 4358 quid

2195 4363 2371 4414 lateat.
2393 4364 2555 4425 Quod
2582 4377 2718 4418 vero
2742 4365 2876 4416 hinc
2899 4366 3553 4432 coniiciputant,Ruﬂno
3567 4367 3776 4415 adscribi

2194 4435 2351 4488 hunc
2371 4435 2582 4488 librum
2606 4450 2723 4488 non
2735 4438 3013 4502 potuisse,
3030 4440 3047 4474 ι
3077 4439 3343 4492 frivolum
3361 4440 3482 4502 erit,
3510 4439 3558 4490 si
3581 4448 3776 4489 verum

2195 4508 2448 4572 estquod
2459 4508 2763 4560 Calestius
2786 4509 2847 4562 in
2859 4510 3019 4562 Actis
3029 4511 3776 4578 Carthaginensibusrespon-

2194 4578 2352 4632 disse
2393 4580 2620 4645 dicitur,
2663 4594 2723 4633 se
2759 4593 2794 4633 a
2842 4582 3048 4635 Ruﬁno
3086 4583 3352 4636 didicisse
3385 4583 3536 4648 quod
3565 4583 3774 4648 peccati

2119 4659 2176 4734 D
2196 4651 2542 4734 traduxnon
2564 4652 2656 4734 sit,
2681 4653 3168 4734 quemadmodum
3192 4669 3265 4734 ex
3281 4657 3440 4734 Actis
3455 4656 3596 4734 ipsis
3617 4659 3779 4734 recitat

2194 4724 2581 4789 Augustinus,
2615 4725 2688 4775 De
2727 4732 2936 4789 peccato
2961 4728 3226 4792 originali
3263 4745 3379 4794 cap.
3404 4728 3454 4784 3.
3489 4727 3781 4782 Caelestius

2193 4795 2357 4858 dixit,
2385 4796 2456 4845 De
2477 4797 2694 4846 traduce
2717 4798 2916 4862 peccati
2939 4813 3024 4848 me
3052 4799 3281 4850 dubium
3308 4816 3413 4851 esse
3438 4819 3448 4850 :
3486 4801 3562 4852 ita
3587 4807 3778 4864 tamen,

2194 4871 2253 4916 ut
2275 4867 2364 4916 cui
2387 4867 2611 4916 donavit
2634 4869 2773 4917 Deus
2794 4870 3032 4932 gratiam
3050 4872 3259 4935 peritiae
3281 4873 3625 4934 consentiam,
3651 4873 3776 4936 quia

2194 4939 2407 4988 diversa
2428 4939 2494 4988 ab
2517 4939 2588 4988 iis
2607 4941 2820 5002 audivi,
2839 4941 2937 5005 qui
2963 4943 3147 5006 utique
3170 4944 3232 4993 in
3253 4944 3486 4994 Ecclesia
3511 4943 3774 4996 Catholica

2192 5011 2464 5060 constituti
2495 5016 2623 5061 sunt
2653 5011 2973 5078 Presbyteri.
3015 5015 3285 5065 Paulinus
3310 5017 3579 5067 Diaconus
3621 5015 3774 5080 dixit,

2193 5082 2292 5132 Dic
2313 5081 2466 5132 nobis
2500 5084 2732 5134 nomina
2760 5086 3023 5150 ipsorum.
3063 5087 3328 5139 Caelestius
3361 5089 3517 5151 dixit,
3555 5088 3774 5140 Smctus

2195 5155 2422 5214 Ruﬁnus
2449 5155 2630 5205 Romae
2666 5157 2762 5220 qui
2797 5158 3002 5208 mansit
3041 5173 3166 5208 cum
3205 5166 3387 5210 sancto
3408 5161 3771 5212 Pammachio.

2190 5225 2306 5289 Ego
2335 5227 2525 5275 audivi
2549 5227 2706 5276 illum
2741 5229 3018 5295 dicentem,
3044 5231 3188 5294 quod
3209 5233 3415 5282 tradux
3447 5233 3641 5297 peccati
3667 5248 3770 5282 non

2189 5299 2276 5345 sit.
2303 5299 2412 5350 Sed
2438 5298 2546 5350 hoc
2570 5300 2786 5352 omisso
2813 5300 2924 5351 alia
2943 5314 3056 5353 non
3083 5303 3313 5368 desunt,
3351 5309 3414 5356 ut
3445 5304 3662 5370 praefati
3690 5317 3772 5356 su-

2189 5382 2337 5430 mus,
2365 5383 2466 5422 cur
2489 5383 2634 5436 opus
2669 5371 2776 5424 hoc
2813 5373 3022 5425 Ruﬁno
3045 5375 3137 5427 vel
3161 5375 3384 5442 Pelagio
3409 5376 3638 5429 minime
3651 5388 3772 5428 con-

2191 5441 2406 5492 veniat.

2253 5513 2271 5548 ί
2300 5513 2532 5566 Minime
2565 5527 2697 5567 vero
2725 5531 2737 5578 ;
2769 5528 2959 5581 neque
2983 5517 3138 5570 enim
3165 5520 3234 5572 de
3249 5519 3598 5584 Aquileiensi
3619 5519 3766 5574 Ruﬁo

2189 5597 2283 5645 no,
2318 5585 2416 5637 sed
2447 5586 2518 5638 de
2547 5589 2890 5652 cognomine
2915 5588 3024 5640 alio
3053 5591 3352 5644 Caelestius
3374 5592 3637 5656 loquitur,
3656 5600 3762 5654 puta

2189 5659 2392 5719 Syrum
2415 5657 2783 5724 illum,quem
2808 5666 3000 5714 narrat
3025 5665 3238 5716 Marius
3262 5667 3604 5718 Mercatorin
3629 5669 3763 5716 Com-

2187 5729 2511 5802 monitorio.
2539 5731 2680 5781 hunc
2708 5734 2996 5784 inimicam
3018 5743 3165 5786 recte
3193 5737 3320 5798 ﬁdei
3354 5738 3759 5802 questionemm

2185 5800 2415 5872 Romam
2439 5803 2682 5866 primum
2710 5805 2991 5858 invexisse.
3023 5809 3137 5859 Nec
3179 5800 3509 5872 ignoramus
3538 5821 3661 5870 qua:
3696 5807 3760 5858 de

2183 5869 2310 5936 ipso
2323 5873 2634 5945 disputant
2657 5876 2882 5930 eruditi.
2906 5878 3018 5932 Sed
3031 5869 3416 5945 Aquileiensis
3437 5869 3588 5944 apud
3610 5883 3760 5932 Pam-

2184 5943 2481 5998 machium
2505 5959 2620 6001 non
2649 5948 2834 6001 fuerit.
