3894 6408
105 437 251 494 1145

1465 438 1677 491 LIBER
1717 437 1812 490 DE
1860 437 2043 490 FIDE.

3258 437 3398 495 1146

101 565 234 629 que_
232 552 304 604 de
320 552 532 617 quibus
549 552 848 629 disputant
866 552 1078 629 sentire
1095 557 1433 629 noscuntur,
1449 569 1539 629 cur
1553 556 1707 629 Adam
1732 554 1787 629 Α
1809 566 1901 602 nec
1921 550 2298 629 praevaricatio
2337 550 2508 629 (Rom.
2534 549 2585 605 4.
2612 548 2737 629 15_.).
2761 550 2841 603 Et
2868 551 3096 629 iterum,
3121 552 3401 629 Peccatum

99 629 157 675 et
196 625 332 688 Eva,
362 637 494 675 cum
522 625 701 688 primo
736 624 1061 685 ceciderint,
1088 625 1342 676 secundo
1368 626 1569 678 cadere
1602 626 1711 676 mi-

100 696 262 747 nime
301 701 713 761 apposuerunt,
740 697 788 746 si
812 709 1009 748 eorum
1037 701 1246 747 natura
1276 709 1346 747 ex
1369 697 1710 761 praevarica-

97 767 258 818 tione
298 767 449 819 facta
492 768 781 830 peccatrix
808 779 841 818 a
877 767 1044 818 malis
1078 780 1139 818 se
1162 768 1394 830 penitus
1419 769 1709 820 abstinere

95 851 220 891 non
256 842 496 903 poterat.
534 841 729 903 Neque
761 838 912 890 enim
953 838 1220 890 meminit
1243 851 1487 902 usquam
1514 838 1711 892 divina

96 910 394 973 Scriptura
416 909 582 973 quasi
606 909 714 973 ipsi
740 909 993 961 secundo
1026 910 1405 973 peccaverint,
1444 910 1614 961 sicuti
1638 910 1708 961 de

96 981 258 1044 Cain,
294 980 449 1045 quod
498 981 754 1031 secundo
781 981 1037 1045 peccavit
1059 992 1289 1031 narrare
1318 993 1435 1031 non
1460 980 1704 1033 distulit.

96 1052 323 1115 Quippe
368 1064 499 1102 cum
535 1052 708 1102 etiam
734 1052 803 1102 de
829 1052 991 1115 Abel,
1017 1051 1169 1115 quod
1194 1064 1228 1102 a
1250 1052 1504 1116 peccatis
1541 1052 1710 1104 fuerit

99 1122 351 1187 alienus,
377 1127 571 1187 aperte
595 1122 866 1173 docuerit.
896 1123 1041 1183 Quid
1068 1135 1205 1174 vero
1221 1123 1395 1173 etiam
1421 1122 1490 1173 de
1511 1123 1709 1174 Enoch

99 1197 283 1257 atque
309 1194 428 1245 Elia
451 1194 659 1253 dicent,
676 1195 827 1257 quod
856 1208 987 1245 cum
1014 1196 1160 1246 bene
1188 1194 1547 1258 placuissent
1569 1197 1705 1262 Deo,

94 1264 363 1316 translati
382 1270 541 1328 sunt,
556 1268 623 1316 ut
644 1269 889 1315 mortem
916 1266 1146 1329 penitus
1170 1278 1288 1316 non
1300 1265 1578 1326 viderent,
1591 1279 1707 1317 non

91 1336 171 1386 ab
196 1335 371 1387 Adam
390 1336 865 1399 praevaricatione
878 1336 1148 1399 prohibiti
1159 1348 1490 1400 permanere
1506 1339 1710 1385 immor-

92 1406 263 1464 tales,
305 1419 438 1457 cum
464 1419 563 1471 per
609 1406 851 1458 eosdem
895 1407 1044 1458 clare
1084 1407 1342 1458 docuerit
1366 1407 1705 1471 Unigenitus

89 1479 254 1529 Deus
276 1481 409 1529 ante
422 1478 720 1528 carnalem
734 1478 1049 1529 adventum
1065 1490 1236 1529 suum
1254 1491 1414 1542 spem
1428 1479 1611 1542 ipsam
1624 1492 1705 1530 re-

88 1549 470 1600 surrectionis
487 1552 514 1599 ?
538 1549 692 1610 Quid
718 1550 891 1600 etiam
909 1549 978 1599 de
998 1551 1111 1600 Noe
1125 1549 1337 1612 dicent,
1354 1562 1527 1613 quem
1548 1552 1704 1602 Deus

80 1623 321 1684 justum
345 1634 473 1672 esse
492 1626 736 1672 testatur
750 1625 773 1670 Ρ
792 1633 901 1672 nec
913 1633 1029 1672 non
1042 1621 1215 1672 etiam
1237 1634 1369 1672 cum
1384 1622 1505 1672 suis
1520 1622 1705 1673 omni-

89 1692 210 1743 bus
234 1692 326 1743 hic
350 1693 614 1743 eamdem
641 1691 891 1743 salutem
916 1694 1140 1753 meruit,
1155 1705 1328 1756 quam
1352 1706 1460 1744 nos
1476 1706 1704 1757 quoque

86 1776 198 1828 per
231 1764 519 1828 baptisma
563 1775 976 1826 promeremur,
1016 1764 1164 1816 sicut
1190 1766 1392 1816 beatus
1415 1767 1614 1816 Petrus
1638 1767 1697 1816 in

88 1846 205 1886 sua
250 1835 502 1898 Epistola
538 1834 722 1897 docet,
764 1848 897 1885 cum
921 1834 1076 1899 dicit,
1106 1835 1171 1883 In
1193 1851 1296 1898 quo
1329 1841 1375 1883 et
1401 1836 1487 1883 his
1511 1837 1605 1898 qui
1636 1837 1695 1885 in

1808 630 1987 673 autem
2032 639 2144 673 non
2175 624 2499 687 imputatur,
2528 637 2649 672 cum
2674 622 2759 673 lea:
2775 638 2886 673 non
2911 629 2982 673 est
3004 625 3173 687 (Rom.
3198 624 3247 680 5.
3275 624 3400 687 13.).

1808 697 1874 746 Et
1897 697 2124 757 iterum,
2160 695 2287 745 Sine
2310 694 2414 758 lege
2437 694 2583 743 enim
2607 700 2881 758 peccatum
2903 700 3180 744 mortuum
3195 702 3285 759 est,
3308 712 3400 761 ego

1806 772 1983 816 autem
2013 766 2250 816 vivebam
2290 767 2406 814 sine
2451 765 2557 829 lege
2591 766 2891 829 aliquando
2922 766 3096 830 (Rom.
3119 766 3170 820 7.
3196 765 3288 830 8.).
3316 768 3401 820 Si-

1807 839 2016 889 militer
2041 844 2096 889 et
2120 841 2276 889 Deus
2296 838 2480 900 Moysi
2504 837 2572 887 de
2598 837 2914 901 juvenibus
2931 836 3119 901 legem
3137 838 3395 890 condens

1808 911 1962 971 dicit,
1976 911 2102 960 Vivo
2131 925 2241 973 ego,
2269 914 2317 957 et
2339 908 2468 957 vivit
2488 922 2683 957 nomen
2707 923 2906 967 meum,
2938 914 2983 957 et
3011 909 3250 973 implevit
3278 909 3397 973 glo-

1805 982 1895 1031 ria
1921 981 2144 1030 Domini
2165 995 2377 1029 omnem
2405 984 2625 1043 terram,
2646 981 2779 1044 quia
2791 994 2973 1029 omnes
2984 980 3093 1027 viri
3106 980 3205 1043 qui
3222 980 3400 1028 vident

1806 1053 2042 1115 gloriam
2064 1067 2260 1114 meam,
2286 1056 2333 1099 et
2355 1052 2514 1114 signa
2538 1066 2654 1115 quae
2675 1051 2775 1113 feci
2802 1050 3128 1115 iangypto,
3152 1055 3197 1100 et
3222 1052 3284 1099 in
3309 1051 3397 1099 de-

1806 1130 1941 1173 serto
1965 1126 2084 1187 isto,
2106 1129 2153 1173 et
2176 1123 2197 1153 ’ί
2218 1128 2553 1171 tentaverunt
2577 1137 2661 1171 me
2685 1123 2867 1182 decies,
2893 1128 2937 1171 et
2960 1137 3073 1171 non
3104 1122 3402 1171 audierunt

1805 1210 1977 1245 vocem
2000 1210 2196 1257 meam,
2221 1194 2487 1258 quoniam
2498 1209 2612 1243 non
2636 1194 2886 1243 videbunt
2902 1198 3104 1243 terram
3120 1208 3291 1258 quam
3300 1193 3397 1257 ju-

1806 1267 1947 1315 ravit
1966 1266 2213 1331 patribus
2235 1280 2441 1328 eorum,
2459 1266 2570 1313 nisi
2590 1265 2695 1328 ﬁlii
2711 1280 2897 1315 eorum
2923 1266 3020 1329 qui
3042 1270 3168 1314 sunt
3192 1279 3401 1314 mecum

1808 1340 1896 1388 hic
1921 1340 2095 1402 hodie,
2120 1339 2426 1402 quicunque
2456 1338 2700 1387 nesciunt
2724 1337 2865 1387 bona
2898 1351 2989 1387 nec
3017 1337 3186 1401 mala,
3225 1337 3401 1386 omnis

1797 1410 2015 1473 juvenis
2058 1424 2263 1473 expers,
2302 1410 2387 1459 his
2428 1410 2564 1459 dabo
2590 1414 2791 1459 terram
2822 1410 3009 1471 (Num.
3035 1409 3167 1471 14.).
3190 1408 3403 1461 Pariter

1805 1482 1977 1534 etiam
2024 1481 2305 1533 Dominus
2328 1487 2526 1534 noster
2549 1483 2580 1532 J
2587 1494 2723 1532 esus
2761 1480 3025 1532 Christus
3050 1480 3120 1532 de
3143 1479 3401 1544 parvulis

1805 1553 1988 1613 docet,
2014 1553 2168 1617 quod
2197 1554 2268 1603 ab
2293 1555 2450 1605 omni
2478 1558 2710 1618 peccato
2744 1553 2859 1603 sint
2873 1552 3063 1616 alieni,
3089 1564 3222 1603 cum
3246 1552 3400 1611 dicit,

1803 1624 1974 1672 Amen
2011 1623 2128 1673 dico
2166 1623 2325 1683 vobis,
2352 1624 2460 1671 nisi
2489 1623 2729 1673 conversi
2750 1623 2985 1685 fueritis,
3010 1627 3056 1671 et
3079 1622 3401 1685 efﬁciamini

1800 1696 1935 1743 sicut
1952 1694 2315 1758 parvuliknon
2328 1695 2597 1744 intrabitis
2615 1695 2676 1743 in
2691 1708 2921 1758 regnum
2933 1693 3398 1757 caelorum(Matth.

1803 1766 1889 1819 18.
1941 1749 2033 1830 3.).
2076 1768 2145 1818 Et
2173 1749 2387 1817 iterum
2423 1766 2496 1817 ad
2527 1749 2837 1828 discipulos
2881 1779 3018 1818 suos
3048 1749 3201 1825 dicit,
3230 1765 3403 1815 Sinite

1797 1839 2050 1902 parvulos
2075 1839 2256 1887 venire
2276 1839 2362 1887 'ad
2384 1852 2486 1897 me,
2734 1842 2778 1886 et
2803 1838 2965 1887 nolite
2987 1837 3269 1901 prohibere
3292 1852 3398 1895 eos,

85 1920 303 1955 carcere
331 1910 485 1954 erant
508 1905 787 1969 spirit-ibus
808 1906 1021 1954 veniens
1040 1906 1380 1971 praedicavit,
1396 1908 1493 1971 qui
1518 1908 1692 1957 incre-
1715 1923 1769 1997 B
1797 1910 1990 1958 talium
2012 1910 2158 1959 enim
2178 1914 2247 1958 est
2272 1924 2501 1972 regnum
2527 1905 2817 1959 Dei.Amen
2833 1909 2950 1958 dico
2969 1908 3126 1970 vobis,
3143 1909 3403 1973 quicum-

96 1977 216 1997 ,ιΑΑιέ
260 1976 474 1997 l‘..-.._r_1
528 1976 741 1997 -1.⁹μ--..--
763 1977 817 1997 ,1Δ
897 1978 1189 1997 ------Αι-1.-ι
1229 1979 1314 1997 n__-
1349 1979 1605 1997 --_n,°lr-1,‘,,
1638 1981 1682 1997 Ρη
1814 1996 1821 1997 κ
2133 1996 2139 1997 ,
2196 1995 2249 1997 γη
2281 1983 2311 1997 ἰ
2360 1995 2417 1997 ..μ
2452 1995 2486 1997 κ.
2519 1994 2558 1997 μ-
2602 1979 2687 1997 ΠΛ]
2717 1979 2799 1997 -341
2833 1983 2845 1997 ι
2874 1995 3023 1997 κ,
3055 1978 3130 1997 11.Δ
3188 1994 3288 1997 .--1-
3316 1979 3368 1997 ξ--

86 1977 216 2026 duli
254 1976 474 2038 fuerant
518 1976 838 2039 aliquando,
888 1978 1190 2041 expectabat
1220 1979 1314 2027 Dei
1342 1979 1609 2040 patientia
1630 1981 1691 2028 in

84 2048 278 2097 diebus
318 2048 448 2106 Noe,
492 2063 615 2096 cum
644 2049 1010 2111 fabricaretur
1042 2050 1270 2113 arca,in
1296 2065 1406 2114 qua
1441 2051 1622 2115 pauci,
1649 2051 1708 2099 id

84 2124 188 2177 est,
230 2124 341 2168 octo
394 2119 595 2167 animae
634 2119 790 2167 salvae
831 2120 983 2182 facta:
1022 2126 1148 2169 sunt
1184 2136 1281 2184 per
1312 2137 1536 2186 aquam,
1563 2122 1708 2187 quod

82 2196 134 2240 et
191 2205 280 2239 vos
323 2205 472 2240 nunc
513 2190 685 2239 simili
727 2190 911 2251 forma
957 2192 1131 2241 salvos
1175 2193 1307 2255 facit
1342 2193 1610 2258 baptisma
1634 2195 1704 2256 (1.

88 2262 240 2311 Petr.
264 2259 393 2323 3.5.)
409 2296 421 2310 .

151 2332 278 2383 XL.
313 2331 412 2381 Sin
436 2342 590 2393 vero,
609 2336 675 2383 ut
696 2332 805 2396 ipsi
831 2337 1126 2396 asserunt,
1150 2338 1385 2398 propter
1408 2341 1704 2399 peccatum

83 2403 281 2456 Adam
304 2402 631 2454 moriuntur
652 2403 920 2467 infantes,
958 2404 1154 2455 dicant
1196 2405 1364 2455 nobis
1389 2419 1489 2456 cur
1512 2408 1707 2458 statim

80 2474 366 2540 baptizati
422 2480 666 2527 mortem
718 2480 952 2538 gustare
996 2476 1463 2540 permittuntur?
1526 2474 1703 2545 604

79 2547 313 2611 Quippe
335 2558 469 2597 cum
493 2559 693 2598 omnes
719 2546 817 2611 qui
836 2546 1109 2611 baptizati
1125 2551 1280 2611 sunt,
1299 2552 1356 2597 et
1370 2553 1706 2613 propterhnc

79 2618 195 2670 ﬁlii
224 2618 327 2669 Dei
352 2617 507 2680 facti,
529 2623 829 2681 peccatum
855 2618 1065 2669 habere
1095 2628 1244 2668 non'
1270 2625 1534 2682 possunt.
1562 2622 1631 2671 Et
1654 2614 1703 2671 si

79 2689 331 2754 quidem
352 2693 583 2754 propter
606 2694 905 2752 peccatum
927 2689 1115 2741 Adam
1133 2690 1399 2752 baptizan
1409 2695 1504 2741 tur
1518 2691 1710 2760 infant

77 2768 199 2823 tes,
225 2761 325 2824 qui
350 2774 420 2811 ex
435 2762 773 2824 parentibus
794 2760 1135 2812 Christianis
1157 2761 1280 2811 nati
1297 2766 1453 2823 sunt,
1468 2762 1706 2823 baptizarl

77 2831 329 2884 minime
344 2830 366 2860 ¹³
381 2831 690 2895 debebunt,
715 2836 772 2883 et
795 2831 963 2894 quasi
982 2831 1167 2883 sancti
1194 2832 1428 2895 perinde
1463 2836 1709 2882 haberen-

80 2910 204 2963 tur,
230 2902 368 2967 quia
387 2902 458 2954 de
482 2903 814 2967 parentibus
834 2907 972 2955 sunt
992 2902 1265 2955 fidelibus
1289 2905 1589 2968 procreati,
1607 2906 1709 2957 sic-

76 2981 155 3028 ut
179 2976 384 3026 beatus
417 2974 629 3026 Paulus
653 2974 821 3026 docet
843 2976 953 3025 hoc
976 2974 1148 3025 modo
1194 2974 1412 3035 dicens,
1445 2975 1708 3040 Alioquin

76 3047 198 3111 ﬁlii
241 3046 399 3094 vestri
443 3045 721 3094 immundi
766 3050 912 3108 sunt,
962 3061 1110 3095 nunc
1138 3060 1268 3096 vero
1291 3047 1465 3096 sancti
1486 3053 1613 3096 sunt
1632 3047 1703 3110 (1.

84 3119 219 3169 Cor.
252 3116 303 3169 7.
334 3114 404 3169 24
427 3117 464 3179 ).
498 3115 764 3167 Similiter
796 3121 992 3167 autem
1017 3116 1191 3168 etiam
1217 3116 1428 3168 beatus
1449 3119 1706 3171 Joannes

79 3189 233 3242 dicit
258 3187 329 3239 de
349 3187 715 3251 procreandis
730 3185 880 3251 ﬁliis,
898 3187 1034 3251 quia
1055 3187 1225 3239 simul
1245 3192 1419 3251 atque
1441 3201 1695 3242 nascun-

82 3267 191 3314 tur
230 3259 732 3311 inluminationem
778 3259 1252 3310 sanctlticationis
1288 3260 1361 3310 ab
1384 3261 1693 3324 Unigenito

82 3331 286 3384 Verbo
308 3329 645 3395 percipiunt,
674 3343 804 3381 cum
823 3329 981 3391 dicit,
998 3330 1131 3378 Erat
1154 3330 1251 3379 tua;
1266 3345 1409 3393 vera,
1430 3333 1707 3395 quaeinlu-

80 3403 271 3452 minat
294 3415 507 3450 omnem
531 3401 807 3450 hominem
832 3401 1123 3449 venientem
1149 3402 1212 3449 in
1240 3402 1509 3451 mundum
1528 3403 1704 3468 (Joan.

82 3476 115 3529 1
172 3472 267 3537 9.).
290 3472 587 3535 Baptisma
607 3472 784 3537 igitur
806 3472 1059 3523 infantes
1084 3485 1205 3524 non
1231 3478 1463 3537 propter
1479 3481 1711 3539 peccata

81 3544 434 3611 percipiunt,
463 3543 565 3595 sed
589 3550 655 3596 ut
684 3543 999 3609 spiritalem
1023 3545 1478 3608 procreationem
1495 3547 1709 3600 haben-

85 3623 209 3681 tes,
234 3616 401 3679 quasi
420 3628 519 3678 per
542 3616 829 3680 baptisma
842 3615 901 3666 in
917 3615 1143 3667 Christo
1156 3621 1440 3681 creentur,
1461 3620 1712 3682 etipsius

85 3687 265 3751 regni
290 3685 539 3738 caelestis
557 3686 862 3750 participes
900 3686 1059 3746 ﬂant,
1096 3687 1247 3739 sicut
1268 3688 1474 3740 beatus
1500 3690 1708 3742 Paulus

87 3760 266 3811 docet
298 3757 407 3809 hoc
443 3757 629 3817 modo,
683 3757 743 3806 Si
766 3771 877 3821 qua
922 3757 983 3805 in
1029 3757 1242 3808 Christo
1280 3775 1424 3810 nova
1458 3768 1710 3813 creatura

84 3830 167 3895 (‘2.
199 3830 323 3880 Cor.
348 3828 398 3883 5.
428 3828 554 3893 17.).
581 3831 651 3881 Et
673 3828 901 3880 iterum.
931 3827 1033 3878 Sin
1057 3834 1235 3878 autem
1257 3831 1363 3892 ﬁlii
1389 3837 1433 3880 et
1460 3834 1705 3888 han-edes,

88 3900 327 3952 heredes
367 3901 590 3964 quidem
628 3900 744 3958 Dei,
771 3898 1058 3948 cohaeredes
1097 3908 1276 3949 autem
1309 3902 1512 3952 Christi
1542 3904 1708 3968 (Rom.

86 3974 147 4027 8.
186 3971 316 4034 17.).
344 3971 510 4024 Unde
532 3970 843 4032 Cornelius,
870 3969 967 4033 qui
1008 3972 1336 4024 testimonio
1363 3974 1465 4025 Dei
1485 3975 1712 4038 justitia

85 4044 411 4103 nitebatur,
437 4043 647 4108 quippe
668 4042 957 4107 baptisma
978 4042 1216 4106 spiritus
1242 4043 1390 4095 sicut
1410 4048 1466 4096 et
1484 4050 1707 4107 Apostoli

85 4119 451 4182 perceperat,
474 4119 530 4166 et
555 4115 738 4166 sancti
768 4114 1012 4179 Spiritus
1043 4116 1325 4179 particeps
1349 4122 1486 4181 erat,
1515 4130 1625 4182 quo
1648 4119 1709 4171 in

89 4202 160 4240 se
185 4187 548 4239 inhabitante
574 4191 876 4251 peccatum
894 4186 1126 4250 penitus
1141 4186 1352 4240 habere
1364 4201 1480 4241 non
1498 4196 1706 4255 poterat,

87 4259 428 4312 necessario
455 4263 649 4311 tamen
689 4258 863 4309 etiam
899 4256 995 4308 illo
1030 4259 1394 4325 baptismate,
1428 4261 1581 4324 quod
1608 4275 1708 4326 per

88 4343 314 4396 aquam
358 4330 619 4394 traditur,
658 4329 872 4392 dignus
907 4329 1141 4381 habitus
1166 4334 1274 4395 est,
1300 4336 1365 4383 ut
1386 4332 1706 4385 secundum

88 4406 337 4455 beatum
363 4402 601 4452 Paulum
631 4402 1057 4465 complantatus
1088 4406 1315 4465 propter
1350 4409 1595 4455 mortem
1629 4405 1707 4455 si-

88 4472 446 4525 militudinis
470 4472 701 4535 Christi,
728 4474 903 4524 etiam
938 4472 1126 4536 ipsius
1149 4474 1585 4526 resurrectionis
1609 4488 1706 4527 co-

88 4547 289 4598 heeres
314 4544 614 4597 existeret.

162 4617 309 4668 XLI.
338 4616 481 4678 Quia
502 4615 679 4680 igitur
700 4614 932 4678 quidam
960 4614 1384 4679 Scripturarum
1407 4615 1711 4670 inscientia

92 4687 453 4749 divinarum,
476 4687 537 4738 in
561 4686 837 4738 nefariam
862 4691 920 4737 et
942 4686 1221 4751 injustam
1243 4686 1314 4739 de
1338 4686 1569 4740 Christo
1602 4701 1707 4741 vo-

91 4772 230 4814 cem
254 4758 472 4810 audent
496 4770 813 4822 erumpere,
834 4762 1161 4809 asserentes
1198 4771 1327 4810 eum
1356 4772 1560 4822 pueros
1594 4760 1707 4810 mi-

93 4833 261 4884 nime
295 4830 614 4894 baptizatos
639 4839 657 4859 °
685 4829 886 4880 aeterni
910 4829 1063 4892 ignis
1089 4842 1277 4893 paena)
1300 4829 1593 4895 deputare,
1611 4831 1708 4896 qui

93 4903 320 4954 assolet
342 4901 400 4951 in
416 4900 721 4965 Scripturis
744 4900 1013 4965 gehenna
1036 4902 1321 4953 nominari
1347 4921 1360 4952 :
1387 4901 1615 4954 discant
1634 4916 1708 4954 ex

98 4973 322 5027 divinis
342 4971 834 5037 Scripturis,quod
854 4972 1004 5036 ignis
1027 4973 1228 5025 aeterni
1252 4986 1423 5030 omna
1442 4975 1710 5027 innocen-

96 5046 285 5107 tibus,
298 5055 365 5095 ac
389 5043 620 5107 penitus
639 5048 937 5107 peccatum
955 5044 1376 5108 ignorantibus,
1395 5050 1710 5110 prmparata

95 5130 224 5169 non
250 5116 344 5179 sit,
369 5115 470 5167 sed
496 5117 579 5168 eis
602 5116 699 5179 qui
722 5114 911 5179 legem
926 5115 1027 5166 Dei
1046 5116 1396 5179 praevaricati
1409 5125 1708 5181 noscuntur,

99 5190 261 5241 sicut
277 5188 482 5240 beatus
500 5186 708 5239 Paulus
726 5187 891 5238 docet
903 5187 1010 5239 hoc
1024 5186 1432 5247 m0d0,Scimus
1443 5189 1709 5254 quoniam

99 5274 440 5325 quaecunque
477 5258 563 5308 leo:
587 5258 846 5323 loquitur,
877 5259 963 5308 his
990 5259 1086 5323 qui
1110 5259 1169 5307 in
1195 5258 1303 5324 lege
1320 5265 1447 5310 sunt
1470 5261 1713 5325 loquitur

102 5334 284 5397 (Rom.
334 5330 384 5385 3.
436 5330 560 5395 19).
598 5333 669 5383 Et
710 5331 934 5391 iterum,
981 5332 1084 5380 Per
1122 5330 1284 5395 legem
1307 5333 1453 5381 enim
1476 5334 1709 5397 cognitio

96 5402 313 5468 peccati
354 5401 503 5465 (Ibid.
552 5400 676 5464 20.).
711 5404 783 5455 Et
813 5401 1043 5462 iterum,
1085 5402 1182 5451 Ubi
1205 5403 1352 5452 enim
1368 5418 1480 5453 non
1503 5410 1575 5454 est
1604 5405 1707 5470 leae,

164 5557 186 5576 ⁸
222 5546 353 5608 Ms.,
382 5545 609 5595 Possint.

165 5617 190 5648 ¹’
215 5618 346 5681 MS.,
372 5616 620 5667 Debeant.

167 5698 189 5719 °
220 5688 438 5738 Aiterni
454 5689 598 5751 ignis
616 5686 1091 5753 pwnsedeputarej
1121 5688 1410 5748 Quosnam
1426 5688 1712 5754 praecipue

100 5760 399 5823 designet,
425 5760 709 5811 incertum
736 5762 861 5811 est:
907 5758 1018 5810 hoc
1051 5756 1430 5822 exploratum,
1467 5759 1712 5813 haesisse

98 5831 424 5895 aliquando
468 5831 527 5881 in
571 5831 678 5881 hac
699 5831 921 5882 salebra
944 5832 1000 5882 S.
1024 5829 1411 5893 Augustinum
1439 5845 1450 5881 :
1484 5830 1576 5882 cui
1604 5832 1714 5883 etsi

100 5906 321 5956 dorum
338 5901 397 5954 id
418 5902 738 5963 videbatur,
764 5915 881 5954 non
906 5901 1191 5954 dubitavit
1216 5906 1423 5964 tamen,
1441 5902 1713 5968 parvulos

102 5988 374 6042 quoque,
402 5974 504 6040 qui
534 5974 656 6029 sine
686 5974 973 6040 baptisma
994 5974 1237 6039 exirent,
1260 5974 1319 6028 in
1341 5973 1450 6029 hac
1472 5973 1712 6028 damna-

1801 1996 1902 2043 que
1925 1997 2032 2030 non
2056 1983 2312 2044 acceperit
2339 1994 2567 2042 regnum
2592 1979 2688 2028 Dei
2710 1979 2846 2028 sicut
2867 1978 3151 2042 parvulus,
3184 1994 3295 2028 non
3311 1979 3400 2026 in-

1805 2051 1968 2101 trabit
1990 2054 2051 2100 in
2074 2051 2227 2101 illud.
2255 2050 2523 2102 Similiter
2545 2054 2741 2102 autem
2765 2050 2936 2101 etiam
2962 2052 3168 2103 beatus
3192 2050 3403 2101 Paulus

1804 2123 1969 2187 dixit,
1998 2123 2173 2174 Nolite
2209 2123 2365 2186 pueri
2386 2122 2526 2184 efﬁci
2545 2121 2801 2184 sensibus,
2831 2119 2922 2170 sed
2946 2122 3163 2172 malitia
3183 2121 3405 2185 parvuli

1802 2200 1954 2243 estote
1998 2195 2066 2255 (1.
2106 2194 2227 2243 Cor.
2269 2193 2353 2247 14.
2383 2191 2508 2251 11.).
2546 2193 2614 2243 Et
2635 2193 2848 2243 iterum
2872 2192 2944 2243 de
2974 2193 3121 2245 Esau
3145 2196 3203 2244 et
3224 2193 3402 2243 Jacob

1803 2265 1969 2316 docet
1992 2266 2073 2317 sic
2088 2263 2302 2323 dicens,
2333 2264 2467 2315 Cum
2484 2263 2712 2313 necdum
2735 2263 2856 2312 nati
2877 2269 3060 2325 essent,
3084 2277 3177 2314 nec
3190 2263 3405 2326 aliquid

1800 2337 2043 2400 fecissent
2087 2336 2213 2385 boni
2255 2336 2331 2385 vel
2356 2335 2494 2385 mali
2540 2336 2708 2396 (Rom.
2744 2334 2794 2389 9.
2846 2333 2973 2398 12.).
3011 2335 3172 2386 Pueri
3205 2335 3402 2400 igitur.

1805 2408 1954 2460 sicut
1976 2408 2101 2472 ipsa
2132 2408 2327 2459 divina
2346 2407 2635 2471 Scriptura
2657 2406 2971 2471 perdocuit,
2992 2408 3157 2469 quasi
3172 2408 3402 2471 penitus

1803 2480 2040 2539 innoxii,
2058 2492 2246 2543 neque
2273 2478 2550 2530 malitiam
2577 2491 2810 2543 prorsus
2829 2477 3071 2542 experti,
3089 2477 3402 2542 bonietiam,

1804 2550 1897 2600 vel
1918 2549 2051 2600 mali
2072 2548 2838 2612 discretionemignorantes,
2862 2548 3015 2612 ignis
3026 2547 3228 2599 aeterni
3244 2562 3403 2607 paenae

1804 2621 2036 2672 minime
2050 2621 2466 2684 mancipantur,
2481 2621 2691 2685 quippe
2703 2632 2837 2671 cum
2852 2619 3003 2684 ignis
3020 2626 3261 2668 aeternum
3279 2633 3402 2679 sup-

1801 2692 2036 2757 plicium
2061 2692 2250 2754 impiis
2272 2696 2332 2744 et
2354 2691 2752 2756 peccatoribus
2772 2692 3276 2755 praeparatumest.
3295 2688 3401 2740 Sed

1803 2767 1860 2816 et
1882 2764 1977 2815 isti
2001 2762 2234 2826 quidem
2258 2776 2391 2815 cum
2415 2775 2523 2814 sua
2555 2763 2839 2826 imperitia
2866 2762 3247 2813 dimittantur.

1866 2836 2035 2885 XLII.
2060 2837 2282 2885 Rursus
2305 2838 2500 2886 autem
2524 2834 2989 2898 docentur,‘quod
3006 2833 3064 2884 in
3085 2830 3403 2884 novissimo

1804 2905 2028 2957 dierum
2057 2904 2388 2970 nnigenitus
2411 2906 2568 2956 Deus
2585 2903 3172 2965 Verbum,voluntate
3186 2902 3340 2952 Patris
3359 2908 3406 2950 et

1804 2977 2050 3041 Spiritus
2077 2977 2277 3033 sancti,
2303 2976 2648 3040 complacuit
2665 2976 2837 3027 homo
2870 2974 3007 3026 fieri.
3024 2976 3093 3026 Et
3116 2972 3270 3036 quod
3304 2984 3406 3023 vo-

1802 3048 2026 3100 luntate
2052 3048 2232 3099 Patris
2248 3047 2437 3099 factus
2456 3053 2562 3112 est,
2577 3050 2772 3111 aperte
2791 3046 2989 3099 docuit
3004 3047 3207 3097 beatus
3219 3045 3405 3093 Paulus

1802 3120 1883 3172 ita
1905 3120 2123 3183 dicens,
2148 3121 2216 3169 At
2232 3118 2327 3169 ubi
2345 3121 2487 3168 venit
2506 3119 2786 3183 plenitudo
2808 3117 3079 3183 temporis,
3102 3115 3407 3165 misitDeus

1792 3191 1997 3242 Filium
2032 3206 2198 3240 suum
2219 3192 2429 3254 factum
2457 3206 2524 3241 ea:
2556 3190 2799 3251 muliere,
2824 3190 3032 3253 factum
3056 3187 3153 3237 sub
3183 3189 3310 3249 lege,
3345 3191 3405 3235 ut

1792 3277 1875 3315 eos
1889 3263 1986 3327 qui
2005 3262 2101 3311 sub
2121 3262 2227 3325 lege
2243 3268 2400 3311 erant
2416 3263 2720 3326 redimeret,
2742 3267 2788 3310 et
2805 3261 3147 3326 adoptionem
3161 3257 3403 3320 filiorum

1730 3338 1780 3414 ρ
1808 3336 2159 3414 reciperantis
2181 3333 2316 3398 (Gal.
2538 3334 2782 3414 thuod
2803 3333 2977 3414 etiam
3003 3332 3181 3414 Filius
3205 3328 3406 3414 volens

1810 3406 1992 3458 factus
2015 3411 2103 3458 est
2126 3405 2297 3457 homo
2320 3405 2583 3458 similiter
2604 3407 2807 3458 beatus
2834 3404 3045 3457 Paulus
3064 3402 3295 3455 edocuit
3316 3401 3405 3454 di-

1808 3491 1961 3530 cens.
1980 3478 2084 3537 Qui
2108 3492 2231 3527 cum
2252 3477 2313 3526 in
2338 3478 2520 3541 forma
2549 3478 2645 3527 Dei
2668 3483 2811 3539 esset,
2835 3492 2946 3543 non
2976 3476 3238 3540 rapinam
3260 3472 3407 3523 arbi-

1790 3554 1980 3599 tratus
2013 3554 2084 3598 est
2107 3563 2210 3598 esse
2231 3564 2282 3598 se
2301 3549 2559 3613 aequalem
2589 3549 2712 3613 Deo,
2736 3549 2825 3599 sed
2848 3547 3187 3612 semetipsum
3209 3545 3408 3595 exina-

1805 3621 1944 3670 nivit
1975 3621 2217 3684 formam
2253 3621 2389 3670 servi
2426 3621 2693 3684 accipiens
2719 3620 2943 3684 (Philip.
2970 3618 3021 3673 9.
3043 3617 3133 3681 6.).
3160 3618 3231 3669 Et
3252 3617 3407 3681 quod

1807 3692 2109 3743 voluntate
2144 3692 2356 3756 pariter
2396 3692 2642 3755 Spiritus
2682 3692 2870 3744 sancti
2894 3692 3077 3743 factus
3101 3693 3193 3742 est
3212 3689 3407 3751 homo,

1810 3762 1974 3814 testis
1999 3767 2089 3814 est
2112 3762 2387 3826 Angelus,
2409 3763 2728 3826 quivirgini
2750 3763 2945 3815 Maria
2968 3760 3404 3825 evangelizavit,

1806 3836 1889 3885 sic
1911 3833 2131 3890 dicens,
2171 3833 2407 3897 Spiritus
2446 3839 2663 3883 sanctus
2687 3834 2857 3883 veniet
2888 3846 3049 3897 super
3070 3837 3137 3891 te,
3161 3836 3207 3880 et
3236 3831 3408 3879 virtus

1806 3904 2059 3960 altissimi
2092 3902 2429 3953 obumbrabit
2460 3909 2522 3957 te.
2550 3905 2671 3953 Ideo
2696 3904 2842 3967 quod
2866 3908 3115 3952 nascetur
3137 3906 3403 3960 sanctum,

1805 3976 2084 4026 vocabitur
2103 3976 2277 4026 Filius
2292 3975 2391 4025 Dei
2405 3975 2550 4040 (Luc.
2569 3975 2618 4029 1.
2642 3974 2771 4037 35.),
2794 3977 2860 4027 Et
2877 3975 3086 4026 iterum
3109 3974 3169 4025 in
3186 3973 3406 4024 somnis

1805 4049 1958 4100 idem
1985 4047 2239 4111 Angelus
2271 4047 2352 4099 ait
2375 4047 2449 4099 ad
2471 4047 2707 4111 Joseph,
2732 4047 2879 4097 Nam
2907 4047 3051 4110 quod
3074 4048 3318 4094 nascetur
3339 4060 3404 4094 ea:

1803 4134 1866 4168 ea
1897 4119 1960 4168 de
1984 4119 2199 4183 Spiritu
2220 4122 2406 4169 sancto
2430 4123 2502 4168 est
2526 4119 2738 4179 (Matth.
2771 4118 2820 4172 1.
2853 4116 2979 4179 20).
3026 4115 3293 4169 Similiter
3314 4129 3408 4168 au-

1807 4195 1924 4241 tem
1946 4191 2156 4243 beatus
2180 4189 2489 4242 Matthaaus
2515 4190 2672 4252 dicit,
2709 4190 2937 4239 Inventa
2951 4193 3021 4238 est
3045 4188 3108 4238 in
3127 4193 3277 4236 utero
3302 4188 3406 4236 ha-

1806 4261 1928 4311 bens
1950 4261 2012 4310 (ιε
2034 4262 2250 4327 Spiritu
2272 4267 2455 4311 sancto
2480 4260 2690 4322 (Matth.
2717 4259 2766 4314 1.
2796 4259 2921 4323 18.).

1868 4334 2059 4384 XLIII.
2093 4334 2305 4384 Factus
2341 4332 2514 4396 igitur
2536 4332 2709 4384 homo
2737 4330 3067 4396 unigenitus
3091 4331 3245 4381 Deus
3264 4330 3407 4380 Ver-

1807 4404 1965 4466 bum,
1991 4416 2064 4456 ex
2091 4404 2267 4456 Maria
2290 4403 2525 4468 quidem
2550 4416 2775 4467 semper
2794 4404 3017 4465 virgine
3029 4413 3238 4464 corpus
3260 4399 3409 4452 acci-

1804 4476 1988 4540 piens,
2023 4483 2042 4504 °
2077 4474 2330 4527 animam
2371 4474 2769 4528 rationabilem
2819 4474 2927 4525 sibi
2972 4471 3235 4533 creando,
3282 4472 3406 4535 ejus

1810 4546 2156 4599 substantiae
2178 4544 2195 4574 '
2217 4546 2385 4610 cujus
2416 4551 2617 4598 nostra
2644 4550 2751 4609 est,
2786 4557 2858 4597 ex
2881 4545 3007 4610 ipsa
3029 4555 3254 4608 semper
3276 4542 3406 4594 Vir-

1808 4620 1941 4682 gine
1968 4619 2227 4671 nascitur
2248 4619 2441 4681 homo,
2462 4618 2629 4671 sicuti
2643 4618 2822 4670 Isaias
2835 4616 3229 4683 prophetando
3241 4615 3405 4673 dixit,

1733 4713 1789 4786 D
1810 4691 1939 4740 Ecce
1983 4691 2141 4754 Virgo
2179 4691 2239 4739 in
2264 4696 2412 4740 utero
2438 4690 2661 4755 accipiet
2692 4694 2736 4739 et
2773 4690 2948 4754 pariet
2972 4689 3160 4753 filium
3183 4689 3329 4751 (Esa.
3356 4686 3409 4741 7.

1814 4761 1833 4786 Α
1858 4762 1874 4786 Ι
1904 4762 1915 4786 \
1956 4764 2080 4786 Cnm
2095 4775 2187 4786 '\I\~I
2209 4766 2396 4786 aulam
2426 4761 2716 4786 ἶῖἷνιηῖνιιιννι
2739 4761 2880 4786 ,ιι-,ει
2912 4765 3169 4786 numne-um
3185 4762 3385 4786 ὶΙα-εη-νι

1812 4761 1916 4825 14.)
1955 4764 2187 4826 Semper
2208 4766 2401 4814 autem
2426 4761 2720 4825 Virginem
2738 4761 2886 4813 dixit
2912 4765 3172 4813 sanctam
3185 4762 3406 4819 Mariam,

1809 4834 2084 4896 quoniam
2110 4833 2258 4885 sicut
2276 4833 2435 4896 virgo
2460 4832 2737 4897 concepit,
2768 4832 2851 4884 sic
2882 4833 3057 4885 etiam
3095 4832 3254 4896 virgo
3284 4842 3409 4894 per-

1810 4917 2052 4955 manens
2073 4904 2306 4968 peperit.
2331 4906 2471 4955 Nam
2487 4903 2774 4968 quomodo
2791 4904 3022 4969 signum
3038 4901 3192 4966 quod
3209 4901 3403 4952 datum

1809 4980 1897 5027 est
1925 4987 1958 5027 a
1987 4977 2104 5026 Deo
2118 4975 2307 5026 Achaz
2330 4988 2527 5027 verum
2541 4975 2686 5027 erit?
2702 4975 2758 5026 Si
2771 4976 2945 5041 igitur
2969 4987 3088 5025 non
3113 4982 3408 5036 permane-

1809 5051 1894 5097 ret
1927 5047 2089 5109 virgo
2125 5051 2257 5110 post
2280 5051 2526 5110 partum,
2551 5051 2609 5098 et
2632 5046 2784 5109 quod
2806 5046 2968 5109 virgo
2993 5042 3272 5107 concepit,
3302 5041 3407 5091 mi-

1809 5118 1965 5169 nime
1984 5118 2338 5170 credendum
2354 5122 2464 5170 est.
2485 5118 2628 5180 Quid
2642 5119 2796 5170 enim
2813 5116 2951 5168 dicit
2962 5113 3332 5178 Evangelista
3347 5114 3407 5161 de

1808 5189 2066 5254 Joseph?
2108 5190 2178 5239 Et
2204 5205 2315 5239 non
2352 5190 2593 5254 cognovit
2634 5204 2755 5238 eam
2790 5188 2953 5237 donec
2989 5185 3191 5251 peperit
3227 5184 3405 5247 filium

1809 5276 1972 5310 suum
2009 5261 2222 5326 (Matth.
2269 5260 2319 5315 1.
2369 5259 2497 5323 25.).
2538 5260 2598 5312 id
2636 5265 2745 5322 est,
2781 5271 2900 5310 non
2935 5261 3172 5310 noverat
3193 5256 3407 5308 certius

1812 5332 1964 5395 quod
1988 5332 2113 5397 ipsa
2136 5336 2257 5385 erat
2279 5333 2476 5397 Virgo,
2512 5343 2642 5394 quae
2664 5330 2954 5382 Christum
2979 5328 3229 5393 paritura
3262 5339 3408 5390 prse-

1812 5404 1965 5458 dicta
1981 5407 2087 5469 est,
2109 5404 2223 5457 nisi
2247 5407 2585 5469 postpartus
2610 5401 2913 5454 editionem
2937 5400 3285 5453 documenta
3297 5399 3409 5449 vir-

1814 5548 1984 5612 tione,
2019 5547 2120 5600 sed
2157 5545 2414 5599 omnium
2432 5543 2751 5597 mitissima
2767 5547 2823 5595 et
2844 5542 3140 5595 levissima
3161 5540 3406 5593 futuros.

1811 5621 2023 5672 Verum
2064 5620 2124 5671 in
2154 5617 2567 5682 Augustinum,
2594 5615 2690 5680 qui
2718 5614 3017 5680 posterior,
3044 5617 3244 5667 nostra
3277 5624 3409 5664 sen-

1813 5694 2010 5757 tentia,
2036 5691 2157 5751 fuit,
2175 5691 2300 5743 haec
2325 5688 2527 5741 cadere
2547 5701 2667 5740 non
2700 5688 2962 5752 possunt.

1875 5762 1896 5792 ¹¹
1920 5765 2044 5828 Ms.,
2080 5765 2435 5813 Tentavcrunt
2451 5761 2511 5811 in
2526 5762 2622 5811 hoc
2646 5760 2826 5809 decies.

1877 5843 1894 5862 "
1930 5836 2057 5896 Ms.,
2087 5835 2352 5884 Animam
2377 5848 2495 5883 vero
2526 5831 2870 5883 rationalem.

1877 5904 1893 5934 ί
1921 5905 2044 5970 Ms.,
2072 5906 2239 5968 Cujus
2263 5906 2425 5955 etiam
2448 5910 2637 5956 nostra
2658 5909 2750 5957 est.
