3894 6408
522 413 662 470 1147

1835 410 2080 463 RUFINI
2116 408 2509 462 PALIESTINI

3675 407 3805 462 1148

521 525 780 592 ginitatis
804 528 928 584 ejus
964 535 1195 597 manere
1233 522 1573 597 agnovisset
1607 522 1837 597 intacta.
1887 524 2120 597 Necnon
2145 525 2197 597 Α
2221 521 2375 597 dicit,
2411 520 2522 597 Hoc
2560 518 2706 597 enim
2728 517 2912 567 sentite
2953 517 3216 597 i_n_vobis,
3257 519 3400 583 quod
3434 520 3571 597 etin
3603 518 3804 597 Christo

524 599 696 651 etiam
713 611 785 649 ex
798 595 1288 659 consequentibus
1315 599 1372 646 et
1388 594 1691 644 adnunciis
1708 595 1917 646 Christi
1934 597 2117 657 signis,

524 670 776 734 Angelis,
817 667 998 731 stella,
1041 668 1322 725 Simeone,
1370 663 1546 733 606
1595 668 1764 717 Anna
1799 669 1883 717 vel
1914 666 2116 728 Magis,

521 740 909 792 admonitione
935 751 1164 802 quoque
1192 737 1414 801 Angeli.
1446 738 1544 801 qui
1568 738 1641 789 ad
1672 740 1865 802 ipsum
1895 739 2119 790 locutus

520 817 611 864 est
636 813 741 862 hoc
776 811 965 873 modo,
995 811 1184 873 Surge,
1221 811 1397 873 accipe
1424 825 1660 873 puerum
1686 816 1731 858 et
1759 816 1982 859 matrem
2008 811 2121 871 ejus

523 884 734 946 (Matth.
770 881 818 935 2.
855 882 979 943 13.).
1022 883 1145 932 Non
1185 882 1331 931 dixit
1362 894 1611 932 uxorum
1655 887 1836 942 tuam,
1874 887 1939 933 ut
1976 883 2121 933 scire

522 960 717 1019 posset
734 955 886 1016 quod
905 954 1110 1004 Christi
1136 966 1345 1004 caussa
1358 955 1578 1016 Virgini
1598 956 1790 1007 Mariae
1815 955 1985 1006 datus
2010 957 2120 1003 fue-

521 1031 610 1077 rat
634 1031 699 1077 ut
726 1026 999 1076 minister.
1026 1025 1185 1077 Unde
1208 1026 1486 1076 Dominus
1514 1027 1742 1087 signum
1773 1027 2120 1089 virginitatis

522 1098 863 1149 confirmare
889 1097 1112 1156 volens,
1143 1103 1272 1160 post
1295 1097 1773 1149 resurrectionem
1802 1110 1835 1148 a
1859 1099 2120 1159 mortuis,

524 1168 741 1220 clausis
766 1169 837 1219 ad
860 1167 1481 1231 Apostolosingressus
1501 1173 1589 1221 est
1612 1170 1794 1233 ostiis,
1814 1168 2123 1220 ostendens

523 1253 586 1292 se
617 1254 754 1291 ossa
776 1246 834 1292 et
859 1253 1087 1291 carnem
1118 1240 1446 1292 habentem.

589 1313 782 1362 XLIV.
800 1315 1102 1376 Propterea
1126 1316 1322 1363 autem
1351 1312 1614 1363 Christus
1638 1312 1967 1376 proficiebat
1983 1318 2122 1360 estate

523 1387 581 1434 et
616 1383 913 1447 sapientia,
949 1390 1015 1434 ut
1050 1385 1385 1447 probaretur
1407 1384 1559 1446 quod
1586 1397 1715 1435 vere
1740 1383 1925 1434 factus
1952 1384 2121 1434 homo

522 1455 710 1517 fuerit,
731 1455 877 1505 sicut
900 1458 1078 1506 Lucus
1096 1456 1459 1515 Evangelista
1478 1456 1644 1507 docet
1660 1469 1788 1505 cum
1809 1456 1964 1517 dicit,
1985 1456 2124 1504 Puer

517 1533 697 1577 autem
732 1527 984 1575 crescebat
1013 1534 1058 1574 et
1094 1527 1522 1589 confortabatur,
1546 1527 1739 1590 plenus
1761 1528 2050 1589 sapientia,
2075 1532 2122 1575 et

523 1599 705 1662 gratia
729 1599 825 1647 Dei
857 1604 971 1646 erat
1006 1614 1167 1662 super
1201 1599 1381 1660 ipsum
1412 1600 1533 1657 (Luc
1557 1598 1606 1651 ‘2.
1649 1599 1772 1662 40.).
1802 1602 1871 1649 Et
1895 1600 2123 1658 iterum,

524 1673 592 1720 Et
631 1672 784 1720 Jesus
826 1671 1131 1734 proﬁciebat
1163 1672 1433 1735 sapientia
1469 1677 1514 1719 et
1548 1677 1715 1735 aetate
1742 1671 1890 1733 (Ibid.
1919 1670 1986 1724 5‘2
2010 1672 2042 1730 ).
2071 1671 2126 1721 Si

519 1743 878 1807 igiturJesus
903 1743 1167 1794 Christus
1188 1734 1439 1793 animam
1460 1756 1576 1792 non
1592 1734 1911 1803 hab‘uisset,
1943 1752 1958 1770 ·
1977 1743 2124 1793 sicut

523 1814 721 1866 nefarii
735 1815 1028 1865 aestimant
1048 1816 1283 1869 Arriani.
1306 1819 1407 1864 aut
1423 1827 1622 1864 rursus
1641 1817 1891 1865 animam
1917 1816 2121 1875 quidem

525 1885 846 1947 habuisset,
872 1890 928 1935 tt
953 1899 1067 1935 non
1097 1890 1283 1934 tamen
1304 1885 1753 1945 rationabilem,”
1778 1887 1927 1936 sicut
1954 1886 2123 1948 Apol-

521 1956 719 2008 linaris
735 1955 1325 2013 deiinivitinsaniens,
1342 1968 1642 2018 nunquam
1658 1958 1907 2020 profecto
1920 1961 2124 2018 sapien-

524 2030 602 2081 tia
631 2028 902 2091 proﬂcere
929 2032 1165 2088 poterat.
1195 2027 1411 2090 Quippe
1433 2041 1563 2077 cum
1600 2040 1729 2078 caro
1769 2030 1893 2079 sine
1934 2029 2127 2081 anima.

530 2100 807 2164 sapientia
824 2099 1093 2163 prolicere
1114 2112 1227 2149 non
1242 2099 1440 2161 possit.
1463 2099 1570 2149 Sed
1590 2113 1773 2163 neque
1797 2101 1894 2151 Dei
1923 2102 2125 2165 unige-

523 2173 681 2223 nitus
710 2171 883 2222 Filius
911 2171 1131 2233 indiget
1166 2176 1477 2234 augmento
1506 2173 1818 2235 sapientiai,
1845 2186 1983 2223 cum
2003 2175 2124 2237 ipse

525 2245 598 2294 sit
624 2244 801 2294 totius
825 2249 1039 2294 nostrae
1072 2244 1374 2305 sapientiai
1397 2243 1748 2295 distributor.

585 2316 754 2365 XLV.
792 2314 952 2375 Quod
994 2319 1190 2364 autem
1230 2315 1380 2365 sicut
1411 2328 1636 2378 corpus,
1675 2317 1757 2366 sic
1787 2320 1845 2367 et
1871 2316 2123 2367 animam

524 2386 806 2437 Dominus
827 2390 1025 2436 noster
1056 2388 1231 2437 Jesus
1257 2385 1519 2437 Christus
1546 2387 1764 2445 habuit,
1790 2393 1983 2451 aperte
2016 2402 2123 2439 nos

524 2459 730 2509 docent
754 2458 1155 2521 Evangelistze.
1179 2458 1402 2508 dicente
1426 2458 1640 2521 Angelo
1663 2459 1733 2509 ad
1758 2461 1992 2523 Joscph,
2010 2476 2122 2509 cum

522 2534 678 2582 esset
700 2530 759 2580 in
797 2531 1060 2591 Egypto,
1088 2528 1260 2591 Surge
1293 2534 1338 2577 et
1373 2532 1549 2592 accipe
1573 2546 1803 2593 puerum
1827 2537 1869 2579 et
1895 2538 2124 2581 matrem

522 2602 653 2665 ejus,
688 2608 733 2649 et
770 2602 901 2649 vade
931 2601 989 2649 in
1023 2606 1225 2650 terram
1250 2602 1434 2664 Israel,
1462 2604 1663 2651 mortui
1697 2605 1844 2651 enim
1874 2611 2000 2652 sunt
2028 2604 2124 2667 qui

522 2671 829 2736 quaerebant
852 2672 1105 2721 animum
1127 2673 1285 2736 pueri
1312 2674 1520 2736 (Matth.
1559 2673 1610 2726 “2.
1646 2673 1774 2738 90.).
1802 2677 1869 2725 Et
1891 2676 2120 2739 iterum,

522 2744 756 2806 quando
772 2744 1053 2794 Dominus
1068 2746 1265 2794 noster
1277 2746 1449 2795 Jesus
1474 2745 1737 2796 Christus
1753 2749 1935 2808 aiebat,
1959 2748 2120 2796 Nunc

522 2816 717 2865 anima
742 2830 861 2864 mea
884 2814 1203 2863 conturbata
1230 2821 1298 2863 est
1329 2816 1506 2877 (Joan.
1538 2815 1621 2870 1‘2.
1650 2816 1778 2877 ‘27.),
1815 2824 1872 2869 et
1894 2819 2121 2880 iterum,

528 2887 711 2936 Tristis
740 2895 809 2935 est
837 2888 1033 2936 anima
1056 2901 1175 2935 mea
1212 2902 1380 2950 usque
1414 2889 1487 2936 ad
1509 2895 1732 2938 mortem
1761 2892 1773 2954 (
1797 2891 1996 2939 Matth.
2034 2889 2121 2945 26.

523 2959 649 3019 38.),
685 2963 743 3009 et
778 2959 1003 3017 iterum,
1031 2959 1180 3008 Sicut
1205 2960 1353 3007 novit
1376 2975 1457 3008 me
1482 2961 1657 3025 Pater,
1685 2968 1729 3010 et
1749 2978 1839 3023 ego
1864 2964 1989 3011 novi
2015 2964 2124 3012 Pa-

523 3036 673 3094 trem,
699 3036 743 3079 et
766 3032 1017 3080 animam
1041 3045 1219 3079 meam
1242 3031 1309 3080 do
1331 3046 1431 3096 pro
1465 3032 1647 3082 ovibus
1680 3034 1858 3095 (Joan.
1886 3033 1968 3088 10.
1997 3034 2123 3097 15.),

521 3105 579 3154 et
603 3102 833 3161 iterum,
857 3104 1146 3166 Propterea
1170 3117 1253 3151 me
1289 3108 1442 3151 Pater
1464 3104 1661 3167 diligit,
1699 3106 1831 3169 quia
1868 3120 1959 3168 ego
1981 3121 2123 3169 pono

522 3176 773 3224 animum
808 3191 1003 3235 meam,
1030 3181 1089 3223 ut
1112 3191 1305 3223 rursus
1330 3190 1447 3224 eam
1480 3178 1758 3239 recipiam.
1797 3178 1964 3226 Nemo
1990 3178 2124 3228 tollit

522 3260 641 3293 eam
675 3262 710 3294 a
744 3260 844 3296 me.
869 3245 972 3295 Sed
1002 3262 1092 3308 ego
1129 3262 1271 3309 pono
1303 3262 1423 3295 eam
1454 3254 1637 3311 sponte
1663 3254 2002 3313 ;potestatem
2032 3250 2124 3299 ha-

523 3316 609 3365 beo
631 3333 827 3381 ponere
850 3333 985 3375 eam,
1032 3324 1077 3367 et
1110 3323 1415 3381 potestatem
1453 3320 1615 3369 habeo
1656 3321 1851 3369 iterum
1888 3322 2123 3385 accipere

523 3404 643 3438 eam
670 3390 815 3452 (Ibid.
852 3388 976 3452 17.).
1004 3390 1273 3440 Similiter
1296 3395 1355 3441 et
1388 3393 1592 3442 beatus
1617 3394 1836 3453 Petrus,
1865 3394 2123 3445 testimo-

524 3461 686 3511 nium
716 3461 900 3511 David
920 3461 1214 3524 prophetee
1234 3462 1305 3513 ad
1332 3462 1619 3513 Christum
1649 3463 1918 3527 referens,
1944 3465 2023 3515 ita
2038 3466 2124 3517 di-

524 3532 600 3583 cit
627 3545 700 3584 ex
724 3545 973 3596 persona
997 3533 1180 3595 ipsius
1205 3534 1429 3593 Christi,
1459 3535 1733 3592 Quoniam
1750 3551 1863 3584 non
1890 3537 2125 3585 derelin-

526 3617 651 3665 ques
674 3604 925 3651 animam
948 3618 1125 3651 meam
1150 3604 1209 3652 in
1234 3604 1471 3668 inferno,
1508 3620 1675 3667 neque
1704 3605 1856 3655 dabis
1876 3613 2123 3657 sanctum

524 3679 682 3723 tuum
708 3675 880 3722 videre
902 3676 1302 3738 corruptionem
1326 3677 1459 3735 (Act.
1491 3675 1541 3729 2.
1568 3675 1694 3739 ‘28.).

587 3747 778 3798 XLVI.
821 3749 926 3798 Per
971 3745 1153 3798 multa
1185 3748 1361 3811 igitur
1396 3750 1725 3800 testimonia
1748 3749 1914 3802 docet
1939 3751 2124 3802 divina

524 3818 814 3882 Scriptura
862 3818 1015 3881 quod
1063 3819 1397 3880 unigenitus
1437 3822 1537 3872 Dei
1584 3821 1764 3873 Filius
1809 3822 1995 3875 factus
2035 3825 2124 3874 est

522 3889 713 3941 homo.
739 3893 805 3941 Et
826 3891 1074 3953 primum
1100 3891 1353 3954 quidem,
1394 3897 1457 3943 ut
1486 3892 1870 3945 humilitatem
1895 3895 2125 3947 doceret

518 3962 777 4012 cmiestes
798 3962 1058 4023 virtutes,
1084 3974 1150 4013 ac
1186 3965 1510 4015 terrestrem
1544 3965 1833 4016 hominem
1862 3982 2120 4027 nunquam

521 4033 727 4087 debere
766 4035 1051 4096 superbiae
1084 4035 1223 4086 vitio
1257 4036 1532 4099 laborare,
1574 4038 1725 4088 sicut
1762 4038 2028 4090 diabolus
2067 4043 2123 4091 et

519 4106 645 4169 ejus
670 4106 890 4170 Angeli,
917 4111 982 4157 ut
1006 4106 1077 4157 de
1101 4111 1309 4158 caetero
1333 4107 1593 4159 videntes
1620 4119 1637 4138 ε
1664 4109 1845 4160 filium
1873 4112 2122 4163 hominis

520 4177 759 4228 formam
778 4179 934 4229 servi
952 4178 1279 4242 habentem,
1296 4191 1596 4242 nunquam
1611 4181 1671 4231 in
1690 4194 1931 4233 sensum
1949 4199 2122 4243 super-

524 4248 636 4300 biae
652 4248 844 4300 venire
866 4250 1200 4314 cogitarent,
1218 4250 1369 4302 sicut
1386 4252 1589 4303 beatus
1602 4252 1813 4304 Paulus
1830 4254 2119 4306 docetcum

585 4400 603 4419 ⁸
620 4390 769 4441 Sicut
787 4392 991 4454 nefarii
1005 4392 1271 4441 aestimant
1288 4393 1538 4445 Arriani.
1558 4395 1574 4459 ]
1598 4396 1718 4447 Hoc
1733 4396 1803 4448 de
1816 4396 1927 4448 illis
1945 4401 2123 4450 testa-

524 4466 618 4514 tur
641 4464 994 4527 Epiphanius
1019 4464 1237 4515 Haeresi
1262 4464 1346 4519 69.
1384 4462 1455 4519 Οὐ
1489 4467 1744 4528 βούλονται
1766 4472 2123 4528 καταδέξασθαι

522 4534 689 4602 ψυχήν
706 4532 875 4588 αὐτόν.
892 4536 1100 4585 Nolunt
1121 4537 1393 4587 Christum
1420 4541 1669 4589 animam,
1684 4544 1984 4605 suscepisse.
2008 4545 2124 4594 Nec

522 4611 732 4670 printer
766 4608 1148 4671 Epiphanium
1184 4609 1278 4672 qui
1313 4610 1421 4660 hoc
1454 4611 1525 4664 de
1558 4614 1810 4664 Arrianis
1843 4614 2122 4677 proderet,

522 4678 696 4749 alium
717 4683 953 4731 noverat
977 4681 1358 4743 Augustinus.
1386 4683 1475 4734 Sic
1498 4688 1649 4735 enim
1681 4686 1973 4747 profitetur
1997 4685 2120 4749 ipse

522 4748 584 4800 in
600 4749 817 4800 Heeresi
835 4749 921 4804 49.
940 4750 1005 4799 1η
1022 4766 1096 4813 eo,
1117 4752 1321 4817 inquit,
1341 4756 1486 4817 quod
1505 4755 1781 4806 Christum
1797 4758 1910 4805 sine
1926 4748 2121 4805 anima

521 4819 691 4870 solam
711 4837 930 4870 carnem
953 4824 1233 4886 suscepisse
1255 4825 1616 4889 arbitrantur,
1634 4828 1820 4875 minus
1837 4829 1951 4876 noti
1974 4833 2120 4892 sunt,

521 4908 616 4943 nec
636 4894 891 4942 adversus
907 4909 989 4944 eos
1011 4894 1077 4943 ab
1092 4896 1278 4960 aliquo
1299 4898 1486 4947 inveni
1503 4898 1565 4946 de
1591 4898 1691 4946 hac
1716 4914 1771 4945 re
1786 4900 1949 4961 fuisse
1962 4906 2121 4948 certa-

524 4969 656 5015 tum.
698 4965 800 5016 Sed
826 4966 922 5015 hoc
956 4983 1137 5016 verum
1170 4982 1294 5027 esse,
1329 4974 1374 5016 et
1403 4969 1758 5033 Epiphanius
1791 4985 1899 5018 non
1934 4972 2117 5022 tacuit.

522 5035 728 5087 Postea
750 5042 944 5089 autem
979 5051 1092 5089 non
1128 5039 1433 5090 defuerunt
1471 5039 1570 5101 qui
1604 5041 2029 5101 conﬁrmarent,
2057 5045 2120 5092 ut

523 5108 917 5160 Theodoretus
946 5108 1043 5161 lib.
1079 5109 1129 5162 5.
1166 5110 1579 5161 Haereticarum
1612 5112 1957 5163 Fabularum
1996 5127 2117 5177 cap.

522 5178 609 5249 10.
658 5185 832 5246 Ἀρείος
865 5181 937 5249 *δὲ
987 5183 1073 5232 καὶ
1123 5177 1360 5244 Εὐνόμιος
1399 5190 1543 5245 σῶμα
1590 5182 1676 5245 μὲν
1725 5180 1871 5234 αὐτὸν
1930 5187 2118 5249 ἔφασαν

525 5246 785 5315 εἰληφέναι,
831 5247 917 5312 τὴν
963 5251 1165 5312 Θεότητα
1211 5252 1263 5302 δὲ
1324 5257 1406 5313 τῆς
1452 5255 1614 5319 ψυχῆς
1666 5246 1984 5321 ένηργηκὲναί
2033 5252 2118 5317 τὴν

522 5323 710 5389 χρείαν.
752 5324 949 5372 Arrius
985 5337 1105 5371 vero
1139 5328 1183 5371 et
1216 5324 1524 5373 Eunomius
1558 5342 1749 5389 corpus
1777 5328 1995 5389 quidem
2034 5342 2122 5376 as-

517 5395 804 5456 sumpsisse
830 5394 988 5443 illum
1014 5395 1220 5456 dicunt,
1251 5397 1339 5445 sed
1363 5397 1702 5447 divinitatem
1737 5401 1936 5448 anima:
1962 5415 2121 5448 usum

519 5482 671 5515 6.178713
679 5482 830 5516 ιιῖδεε.

574 5538 594 5566 ¹³
620 5539 770 5588 Sicut
809 5538 1154 5602 Apollinaris
1189 5540 1446 5602 deﬁnivit.
1488 5543 1499 5606 J
1537 5542 1933 5594 Theodoretus
1969 5543 2120 5595 idem

516 5614 649 5673 post
671 5611 966 5673 superiora
991 5627 1004 5661 :
1039 5611 1100 5663 Ὅ
1130 5612 1182 5662 δὲ
1214 5615 1541 5679 ’Λπολινάριος
1572 5616 1795 5680 ἔμψυχον
1830 5616 1915 5678 μὲν
1944 5618 2119 5680 ἔφησεν

519 5681 741 5753 εἷναιᾼτοῦ
776 5688 992 5747 σωτῆρος
1020 5686 1076 5734 τὸ
1107 5694 1270 5751 aqua,
1303 5682 1358 5736 οὐ
1392 5687 1478 5747 μὲν
1506 5682 1591 5746 τὴν
1623 5682 1819 5750 λογικὴν
1855 5683 2121 5753 ἐσχηκέναι

520 5750 725 5814 ψυχήν’
764 5757 985 5818 “api-cro;
1027 5757 1118 5821 γάρ
1154 5755 1234 5818 ἡν,
1276 5760 1420 5819 φησὶν
1464 5758 1491 5807 ὁ
1526 5763 1658 5815 νοῦς,
1699 5766 1780 5808 τσῦ
1823 5763 1929 5809 Θεοῦ
1975 5760 2120 5821 λόγον

520 5820 1163 5893 παρόντος.ΑΑροιιὶληαινὶιιε
1184 5843 1348 5891 porro
1379 5828 1676 5877 Serualoris
1696 5845 1887 5893 corpus
1912 5820 2124 5878 anima-

526 5894 640 5937 tum
656 5891 871 5966 quidem
895 5910 997 5943 esse
1017 5898 1210 5956 aiebat,
1236 5900 1325 5948 sed
1342 5900 1592 5949 animam.
1611 5891 1823 5951 ratione
1838 5904 2123 5966 przeditam

528 5974 640 6007 non
666 5960 909 6012 habuisse
934 5979 945 6014 :
984 5982 1131 6017 mens
1160 5971 1307 6019 enim
1341 5986 1756 6034 supervacanea,
1800 5960 2005 6038 inquit,
2032 5972 2125 6022 ubi

2147 3274 2197 3349 C

2219 594 2361 654 Jesu,
2388 593 2485 656 qui
2507 606 2628 640 cum
2651 591 2710 639 in
2742 597 2926 653 [arma
2949 591 3043 639 Dei
3066 598 3206 651 esset,
3240 607 3351 639 non
3375 592 3637 655 rapinam
3662 592 3804 640 arbi-

2219 671 2390 714 tratus
2414 669 2483 711 est
2516 678 2618 711 esse
2640 678 2690 711 se
2714 663 2971 725 aequalem
2996 664 3118 717 Deo,
3152 662 3242 711 sed
3264 665 3599 726 semetipsum

2220 738 2522 787 (immunivit
2559 737 2798 799 formam
2827 735 2966 784 servi
2997 736 3262 797 accipiens
3294 736 3517 797 (Philip.
3544 734 3596 787 2.
3622 734 3711 795 5.).
3746 736 3802 784 Et

2219 809 2445 872 qualem
2470 809 2640 858 istam
2672 808 2911 857 formam
2931 809 2957 856 ‘l
2982 808 3103 857 Non
3123 808 3439 857 czelestium
3469 809 3711 854 virtutum
3736 808 3807 852 dl-

2220 881 2311 941 cit,
2338 880 2437 930 sed
2462 880 2668 931 terreni
2685 879 2954 940 hominis,
2981 892 3111 942 quae
3135 879 3405 930 omnibus
3431 880 3805 926 rationabilibus

2222 953 2561 1003 substantiis
2587 952 2830 1002 habetur
2858 951 3147 1013 hullllll'll‘,
3174 951 3340 1013 quasi
3365 962 3495 1013 quae
3528 963 3601 1000 ex
3624 948 3808 999 anima

2220 1023 2539 1075 rationabili
2588 1029 2646 1074 et
2691 1022 2943 1074 terrestri
2994 1035 3226 1084 corpore
3272 1022 3345 1072 sit
3400 1027 3605 1072 creata.
3654 1020 3808 1072 Unde

2219 1096 2416 1158 adjicit
2440 1096 2652 1156 (licens,
2700 1095 2759 1142 In
2794 1094 3209 1143 similitudinem
3236 1094 3517 1142 hominum
3556 1093 3748 1156 factus,
3771 1096 3810 1139 et

2222 1168 2407 1216 habitu
2425 1169 2674 1216 inventus
2692 1173 2748 1215 ut
2768 1167 2945 1224 homo,
2965 1167 3278 1215 humiliavit
3294 1167 3631 1227 semetipsum
3644 1164 3810 1226 factus

2219 1240 2462 1289 obediens
2499 1255 2667 1303 usque
2708 1240 2780 1289 ad
2803 1245 3025 1288 mortem
3070 1239 3287 1303 (Philip.
3326 1238 3374 1292 3.
3404 1238 3492 1293 7.).
3534 1240 3604 1288 Et
3633 1236 3808 1301 ipsius

2220 1313 2428 1363 iterum
2451 1312 2655 1363 mortis
2678 1310 2866 1374 qualis
2890 1313 2915 1361 ?
2932 1324 3063 1374 quae
3086 1310 3240 1375 apud
3262 1310 3526 1361 homines
3544 1308 3808 1360 omnibus

2221 1384 2467 1436 deterior
2489 1388 2596 1435 est.
2633 1386 2891 1446 Namque
2924 1383 3121 1447 adjicit
3153 1382 3365 1441 dicens,
3395 1387 3616 1430 mortem
3640 1385 3811 1428 autem

2221 1456 2394 1505 crucis
2432 1456 2661 1520 (Philip.
2693 1453 2744 1507 2.
2771 1454 2843 1518 9.)

2285 1528 2505 1578 XLVII.
2542 1529 2621 1578 Ne
2645 1527 2774 1590 quis
2799 1529 3015 1583 autem.
3045 1524 3289 1577 audiens
3320 1525 3551 1575 beatum
3579 1521 3811 1573 Paulum

2223 1596 2507 1649 dicentem
2545 1598 2695 1660 quod
2750 1596 3076 1648 humiliavit
3119 1609 3180 1647 se
3217 1608 3401 1657 usque
3438 1595 3511 1645 ad
3554 1599 3811 1651 mortem,

2223 1672 2551 1733 passionem
2571 1670 2755 1720 crucis
2773 1671 2890 1720 Deo
2908 1668 3192 1731 adnectat,
3212 1668 3379 1719 sicuti
3396 1668 3417 1696 δ
3436 1668 3615 1715 nefarii
3631 1668 3813 1714 faciunt

2224 1743 2464 1793 Arriani.
2485 1741 2615 1793 Sine
2642 1742 2907 1804 passione
2924 1742 3075 1790 enim
3102 1740 3434 1802 unigenitus
3450 1741 3606 1789 Deus
3630 1743 3738 1795 est,
3755 1750 3813 1786 ac

2222 1813 2453 1878 penitus
2476 1813 2727 1877 passioni
2751 1814 3048 1874 subjacere
3072 1825 3189 1862 non
3208 1817 3408 1873 potest.
3429 1814 3814 1872 Quaecumque

2227 1885 2400 1947 igitur
2423 1885 2494 1935 de
2511 1884 2735 1935 Christo
2754 1884 2994 1934 humilia
3013 1884 3181 1935 verba
3198 1882 3485 1945 dicuntur,
3507 1882 3634 1933 haec
3652 1883 3813 1928 omnia

2225 1957 2584 2008 adnectenda
2606 1959 2743 2005 sunt
2777 1956 2922 2007 servi
2949 1956 3165 2006 formae.

2291 2029 2519 2078 XLVIII
2559 2029 2763 2078 Postea
2778 2024 3414 2087 autem,utostenderet
3440 2026 3718 2088 quantam
3736 2027 3815 2070 ha-

2228 2103 2377 2152 berel
2402 2101 2549 2151 circa
2565 2112 2671 2149 sua
2686 2112 2854 2163 opera
2868 2098 3248 2158 dilectionem,
3267 2110 3397 2147 cum
3418 2098 3661 2144 Dominus
3675 2101 3815 2145 esset.

2226 2172 2431 2224 maluit
2452 2177 2686 2234 accepta
2722 2172 2874 2221 servi
2900 2171 3081 2221 forma
3112 2170 3231 2219 fieri
3257 2173 3527 2231 tanquam
3572 2180 3727 2218 unus
3750 2180 3816 2217 ex

2229 2245 2412 2296 nobis.
2445 2245 2509 2293 lit
2543 2244 2771 2301 iterum,
2806 2242 2959 2304 quod
2994 2242 3164 2292 homo
3204 2240 3387 2291 factus
3422 2253 3520 2303 pro
3554 2238 3745 2301 impiis
3767 2244 3817 2287 et

2226 2309 2623 2380 peccatbribus
2636 2315 2791 2365 obire
2804 2318 3044 2365 mortem
3066 2314 3337 2377 dignatus
3354 2318 3461 2363 est.
3482 2312 3634 2361 sicut
3650 2313 3790 2358 lmnlu
3802 2326 3813 2345 =

2227 2388 2438 2439 Paulus
2464 2389 2628 2438 doeet
2653 2400 2787 2438 cum
2812 2386 2966 2448 dicit,
2998 2387 3060 2435 Ut
3086 2386 3218 2449 quid
3234 2385 3379 2432 enim
3408 2384 3672 2446 Christus,
3699 2398 3811 2431 cum

2223 2461 2403 2509 adhuc
2435 2460 2651 2520 infirmi
2674 2474 2901 2507 essemus
2931 2458 3223 2506 secundum
3248 2463 3471 2520 tempus,
3502 2471 3601 2519 pro
3636 2456 3818 2516 impiis

2221 2537 2468 2581 mortuus
2502 2536 2571 2579 est
2594 2533 2617 2579 .9
2651 2532 2753 2581 Viro
2776 2532 2922 2579 enim
2947 2545 3042 2591 pro
3060 2530 3204 2593 justo
3242 2530 3363 2592 quis
3396 2528 3647 2576 moritur.
3674 2527 3811 2575 Nam

2219 2620 2320 2669 pro
2338 2604 2471 2652 bono
2496 2603 2727 2666 forsitan
2750 2602 2871 2665 quis
2901 2608 2945 2649 et
2961 2602 3155 2650 audeat
3172 2600 3331 2649 mori.
3354 2599 3703 2650 Commendat
3720 2614 3813 2645 (ut-

2224 2683 2325 2724 tem
2348 2690 2507 2723 suam
2529 2675 2810 2724 caritatem
2836 2675 2972 2722 Deus
2996 2674 3053 2721 in
3080 2673 3250 2730 nobis,
3279 2672 3543 2735 quoniam
3570 2684 3693 2718 cum
3717 2670 3813 2717 ad-

2225 2748 2327 2796 huc
2361 2753 2650 2808 peccatores
2686 2760 2929 2803 essemus,
2974 2744 3219 2794 Christus
3244 2759 3345 2808 pro
3382 2743 3532 2791 nobis
3570 2747 3815 2789 mortuus

2223 2825 2291 2866 est
2318 2820 2490 2880 (Rom.
2518 2816 2567 2870 5.
2593 2815 2684 2879 6.).
2705 2815 2977 2867 Similiter
2998 2819 3210 2877 autem,
3239 2814 3393 2878 quod
3409 2815 3577 2864 etiam
3601 2812 3695 2863 his
3719 2812 3813 2874 qui

2225 2890 2468 2942 credunt
2490 2890 2545 2939 in
2584 2890 2793 2953 ipsum.
2828 2888 3141 2951 spiritalem
3171 2887 3534 2951 adoptionem
3568 2885 3809 2936 ﬁliorum

2223 2962 2464 3024 largitur
2493 2961 2756 3021 etdonat,
2785 2966 2843 3012 et
2870 2961 3217 3024 efllcitregni
3245 2961 3335 3011 sui
3357 2960 3608 3010 caelestis
3633 2957 3814 3008 haere-

2225 3034 2347 3097 des,
2377 3035 2524 3085 sicut
2550 3034 2671 3096 ipse
2689 3033 2964 3083 Dominus
2980 3037 3175 3083 noster
3189 3034 3217 3083 J
3225 3045 3359 3083 esus
3384 3030 3642 3081 Christus
3668 3038 3687 3058 °
3708 3030 3812 3079 do-

2222 3119 2361 3157 cens
2387 3106 2540 3166 dicit,
2569 3106 2758 3163 Amen,
2792 3120 2951 3153 amen
2981 3105 3098 3153 dico
3125 3103 3235 3162 tibi,
3271 3104 3318 3152 si
3351 3104 3471 3167 quis
3504 3117 3615 3150 non
3638 3100 3813 3149 denuo

2224 3184 2383 3227 natus
2407 3179 2589 3241 fuerit,
2630 3192 2738 3225 non
2767 3182 2927 3241 potest
2966 3176 3141 3225 videre
3177 3190 3401 3237 regnum
3426 3174 3520 3222 Dei
3547 3173 3731 3236 (Joan.
3763 3170 3809 3225 3.

2224 3249 2314 3313 3.).
2338 3250 2501 3301 Unde
2525 3248 2541 3277 '
2561 3249 2823 3311 infantes,
2843 3249 2976 3311 quia
2998 3248 3056 3297 in
3074 3248 3320 3310 peccatis
3346 3249 3501 3307 surt,
3523 3248 3815 3295 merentur

2221 3323 2391 3374 etiam
2418 3320 2777 3384 baptismatis
2801 3320 3060 3383 gratiam,
3095 3323 3157 3370 ut
3180 3321 3239 3369 in
3255 3318 3472 3370 Christo
3496 3328 3651 3367 nova
3670 3331 3818 3373 gene-

2222 3395 2434 3447 ratione
2451 3393 2642 3457 creati,
2669 3393 2839 3444 etiam
2864 3392 3026 3454 regni
3050 3391 3175 3455 ejus
3211 3393 3490 3439 coheredes
3512 3390 3813 3447 efﬁciantur,

2224 3465 2540 3517 secundum
2580 3465 2813 3514 beatum
2844 3461 3102 3522 Paulum,
3139 3462 3200 3514 Si
3225 3478 3337 3527 qua.
3359 3460 3421 3513 in
3447 3460 3655 3511 Christo
3678 3474 3815 3508 nova

2222 3543 2470 3587 creatura
2499 3535 2565 3597 (2.
2597 3536 2715 3586 Cor.
2743 3534 2794 3588 5.
2820 3533 2945 3596 17.).
3655 3588 3663 3595 ,

2285 3610 2483 3660 XLIX.
2503 3610 2643 3659 Nam
2671 3611 2965 3671 propterea
2980 3607 3153 3656 etiam
3174 3605 3419 3657 virtutes
3447 3603 3710 3656 caelestes
3732 3617 3817 3662 per

2225 3680 2403 3732 solam
2421 3679 2592 3731 ﬁdem
2613 3684 2879 3730 creantur
2896 3678 2953 3728 iu
2970 3677 3214 3741 Christo,
3235 3677 3370 3740 quia
3386 3681 3443 3728 et
3458 3676 3599 3727 istas
3615 3690 3814 3736 quoque

2223 3753 2497 3803 omnesin
2521 3752 2830 3815 semetipso
2853 3750 3170 3809 renovavit,
3199 3754 3256 3801 et
3283 3752 3505 3813 propter
3527 3748 3637 3798 hoc
3664 3748 3813 3798 enim

2224 3824 2323 3888 qui
2339 3827 2395 3875 in
2409 3824 2633 3875 Christo
2659 3824 2919 3881 credunt,
2941 3835 3088 3873 nova
3103 3826 3363 3873 creatura
3387 3820 3677 3881 dicuntur,
3696 3823 3809 3880 quia

2224 3896 2591 3960 Unigenitum
2608 3897 2790 3946 Deum
2807 3895 3059 3945 Verbum
3074 3892 3331 3943 similiter
3341 3905 3469 3943 cum
3490 3892 3645 3942 servi
3664 3893 3816 3939 torum

2223 3981 2394 4032 quam
2414 3968 2605 4030 habet,
2632 3971 2982 4018 venerantur
2996 3970 3053 4017 et
3071 3965 3281 4016 colunt.
3300 3963 3460 4024 Quod
3477 3967 3672 4014 autem
3689 3978 3819 4011 crea-

2225 4043 2298 4092 ιω
2325 4044 2464 4092 sunt
2487 4038 2748 4091 cmlestes
2774 4039 3017 4090 virtutes
3041 4038 3098 4088 in
3122 4037 3363 4094 Christo,
3393 4036 3554 4087 testis
3577 4040 3668 4086 est
3686 4036 3809 4085 bea-

2224 4117 2320 4164 tus
2336 4111 2543 4163 Paulus
2566 4111 2785 4173 dicens,
2810 4111 3126 4159 Instaura-re
3150 4109 3340 4158 omnia
3363 4109 3423 4156 in
3451 4107 3685 4168 Christo,
3704 4122 3817 4169 quae

2222 4185 2284 4233 in
2329 4184 2470 4233 caelis
2516 4190 2560 4233 et
2604 4184 2665 4231 in
2716 4188 2863 4231 terra
2901 4188 3029 4231 sunt
3073 4182 3131 4229 in
3179 4181 3295 4244 ipso
3328 4180 3513 4244 (Eph.
3560 4179 3613 4233 1.
3659 4178 3746 4233 10.
3781 4179 3814 4241 ).

2224 4257 2444 4307 Rursus
2461 4255 2635 4307 etiam
2655 4254 2805 4305 sicut
2820 4258 2992 4318 caput
3008 4252 3280 4305 Ecclesiaa
3301 4251 3524 4313 dicitur,
3544 4250 3627 4301 sic
3643 4251 3813 4302 etiam

2224 4400 2362 4448 Deus
2378 4398 2597 4448 verbum
2613 4398 2775 4449 adest.
2795 4398 2937 4460 Quia
2952 4396 3105 4448 illius
3121 4396 3327 4448 hazresi
3347 4394 3605 4460 pluribus
3621 4394 3816 4447 confu-

2225 4474 2358 4533 tata,
2379 4469 2729 4533 Theophilus
2749 4469 3169 4521 Alexandrinus
3188 4470 3244 4519 in
3265 4469 3389 4519 hinc
3403 4467 3573 4518 verba
3589 4466 3819 4517 conclu-

2225 4542 2326 4604 dit,
2345 4541 2597 4606 Epistola
2615 4541 2665 4595 1.
2691 4541 2945 4593 Paschali
2968 4557 2979 4590 :
3005 4545 3177 4604 Atque
3198 4541 3277 4589 ita
3305 4541 3419 4603 ipse
3436 4539 3817 4602 disputationis

2225 4614 2355 4664 ordo
2380 4614 2680 4673 convincat,
2703 4614 2849 4662 nihil
2873 4629 2907 4662 a
2931 4613 3163 4661 Domino
3186 4612 3556 4675 imperfectum
3582 4626 3690 4659 esse
3703 4625 3817 4659 sus-

2152 4701 2207 4774 D
2224 4691 2450 4748 ceptum,
2469 4686 2559 4734 sed
2574 4694 2877 4734 assumtum
2894 4683 2958 4734 ab
2976 4699 3031 4733 eo
3050 4683 3482 4748 hominemplenc
3496 4683 3818 4747 per-recteque

2237 4773 2240 4774 ,
2295 4757 2305 4774 .
2385 4764 2393 4774 .

2224 4757 2305 4806 sal
2313 4764 2393 4805 vat
2401 4772 2509 4807 um.

2284 4837 2301 4857 ε
2327 4830 2453 4890 Ms,
2480 4828 2684 4877 Filium
2708 4827 2804 4875 Dei
2830 4826 3070 4888 formam
3093 4827 3230 4875 servi
3256 4825 3548 4877 habentem.

2283 4900 2303 4928 δ
2331 4903 2459 4962 Ms,
2489 4900 2707 4961 Nc/hrii
2729 4900 2952 4961 sapiunt
2977 4900 3230 4949 Arriani.

2283 4980 2301 4999 θ
2324 4974 2450 5034 Μεη
2478 4972 2678 5020 Docens
2705 4972 3065 5020 Nicodamum
3091 4970 3237 5021 dicit.

2283 5041 2298 5070 τ
2318 5042 2560 5103 Infantes
2579 5044 2712 5106 quia
2736 5044 2797 5092 in
2818 5044 3042 5107 peccatis
3066 5047 3208 5092 sunt.
3233 5043 3249 5106 )
3279 5041 3368 5093 Sic
3384 5040 3554 5092 habet
3578 5042 3816 5103 uterque

2223 5116 2669 5179 Mainuscriptus.
2691 5116 2799 5167 Sed
2819 5129 2910 5166 res
2932 5115 3125 5178 exigit,
3152 5128 3225 5164 ne
3248 5118 3447 5165 auctor
3471 5126 3670 5163 secum
3700 5125 3814 5177 ipse

2219 5191 2455 5250 pugnet,
2486 5192 2548 5237 ut
2578 5187 2805 5251 legatur
2833 5203 2945 5236 non.
2962 5194 3103 5236 sunt.
3132 5188 3313 5251 Supra
3342 5185 3491 5235 enim
3521 5184 3807 5235 docuitin~

2220 5258 2408 5307 tantes
2441 5258 2499 5308 in
2540 5260 2788 5322 peccatis
2833 5273 2948 5310 non
2973 5272 3121 5321 esse,
3164 5271 3270 5309 nec
3313 5262 3540 5320 prepter
3586 5262 3809 5319 peccata

2221 5330 2511 5392 baptizari.
2561 5332 2661 5381 sed
2701 5337 2765 5382 ut
2811 5332 2973 5392 regni
3010 5330 3264 5381 scelestis
3308 5330 3610 5392 participes
3659 5330 3808 5379 (iant.

2221 5401 2381 5461 Quod
2400 5402 2587 5465 ipsum
2616 5416 2747 5453 cum
2765 5403 3020 5454 dicerent
3036 5401 3337 5465 Pelagiani,
3356 5403 3507 5450 recte
3532 5399 3807 5450 adversus

2148 5468 2155 5477 “
2220 5472 2347 5523 illos
2388 5472 2481 5524 lib.
2532 5474 2580 5527 3.
2621 5480 2880 5525 extremo
2926 5478 3361 5538 argumentatur
3408 5473 3807 5536 Hieronymus.

2220 5544 2329 5592 Hoc
2356 5560 2530 5593 unum
2566 5547 2763 5609 dicam,
2801 5547 2999 5610 inquit,
3034 5550 3085 5593 ut
3114 5546 3327 5594 ιιιηίίιηη
3358 5544 3591 5606 finiatur
3622 5545 3807 5594 oratio.

2221 5622 2316 5664 aut
2336 5631 2529 5664 novum
2550 5634 2637 5666 vos
2654 5618 2830 5667 debere
2847 5618 3141 5677 sumbolum
3165 5616 3387 5675 tradere,
3408 5619 3464 5662 ut
3476 5622 3588 5678 post
3605 5616 3805 5664 Patrem

2221 5692 2265 5734 et
2305 5687 2508 5735 Filium
2544 5697 2585 5736 et
2627 5692 2895 5753 Spiritum
2921 5696 3166 5738 sanctum
3193 5688 3460 5751 baptisctis
3486 5688 3719 5749 infantes
3752 5687 3801 5733 in

2219 5774 2450 5819 regnum
2486 5762 2749 5820 certorum,
2789 5767 2881 5809 aut
2919 5763 2967 5809 si
3022 5777 3193 5808 unum
3229 5766 3272 5807 et
3306 5761 3357 5806 in
3396 5760 3644 5822 parvulis
3677 5765 3718 5805 et
3750 5760 3802 5804 in

2220 5830 2436 5889 magnis
2463 5831 2661 5880 habetis
2686 5832 2970 5894 baptisma,
2995 5832 3156 5881 etiam
3183 5830 3417 5893 infantes
3450 5830 3507 5877 in
3544 5831 3809 5879 remissio-

2220 5916 2341 5948 nem
2373 5909 2708 5966 peccatorum
2747 5905 3092 5968 baptizandus
3130 5903 3193 5951 in
3234 5901 3646 5953 similitudinem
3678 5917 3807 5966 prae-

2220 5974 2579 6025 varicationis
2607 5977 2802 6026 Adam.
