3894 6416
115 435 142 488 1
163 435 192 488 1
209 433 276 488 49
1507 434 1712 485 LIBER

1878 435 2063 485 FIDE.
3297 437 3440 492 1150

111 545 461 620 caelestium
491 545 768 620 virtutum
794 545 1052 620 omnium
1078 549 1397 620 caputesse
1415 552 1731 620 monstratur,
1761 547 1814 620 Α
1841 546 2030 620 aliqua
2054 547 2302 611 corporis
2328 551 2485 611 parte
2509 549 2772 599 mortuus
2797 551 2919 612 est,
2959 555 3150 600 tamen
3175 549 3324 600 sicut
3339 550 3445 613 pri-

111 618 280 676 Quid
303 619 457 667 enim
485 618 624 666 dicit
651 618 853 668 beatus
883 619 1091 667 Paulus
1112 622 1137 666 ν
1165 615 1338 684 608
1372 618 1508 673 omn
1539 619 1593 663 in
1625 618 1737 678 ipso
1762 615 1814 620 ““
1845 619 2020 668 mitus
2059 620 2115 669 in
2161 625 2316 670 utero
2353 620 2547 669 matris
2593 633 2716 671 suae
2744 626 2970 670 creatus
2997 627 3106 681 est,
3133 623 3213 670 sic
3239 623 3296 671 in
3321 621 3442 685 ipso

113 687 406 736 inhabitat
445 689 626 736 omnis
663 689 940 751 plenitudo
980 689 1282 736 divinitatis
1305 689 1673 750 corporaliter,
1721 702 1743 733 ε

107 761 251 807 estis
281 760 337 804 in
365 759 451 805 illo
481 761 679 820 repleti,
704 763 796 821 qui
823 767 890 806 est
916 768 1075 822 caput
1101 762 1276 807 omnis
1316 761 1655 822 principatus
1697 763 1741 802 et

107 832 408 892 potestatis
436 830 883 892 {Ct.itoss.‘2.il.).Et
907 834 1437 894 iterum,propterea
1467 833 1646 879 tactus
1664 832 1740 876 est

109 900 326 959 homo,
351 902 700 951 utdamnato
718 904 774 952 in
793 917 962 953 carne
983 919 1027 965 pl
1051 901 1738 964 ςοει10,1“‹›11111μιρι’01ιιυὶιὶε

109 973 463 1035 exemplum
480 975 968 1034 quemadmodum
985 976 1228 1036 quisque
1252 978 1420 1020 «ιυιιιιειι
1447 975 1739 1018 t'ttt'lialiitus

109 1045 419 1106 superatis
445 1045 597 1094 vitiis
630 1059 745 1094 non
773 1048 920 1094 ultra
947 1047 1154 1095 diaboli
1183 1046 1418 1095 fallaciis
1454 1044 1656 1104 decipi.
1677 1045 1737 1090 lit

109 1115 361 1176 iterum,
398 1120 459 1165 ut
499 1131 596 1179 per
624 1118 775 1167 servi
799 1118 1042 1168 formam
1071 1118 1350 1167 mediator
1377 1119 1481 1165 sibi
1509 1122 1564 1166 et
1590 1116 1736 1165 Patri

107 1192 181 1236 et.
225 1187 461 1248 Spiritui
501 1193 698 1238 sancto
731 1195 788 1240 et
815 1203 937 1240 sese
963 1190 1171 1251 dignis,
1200 1190 1362 1239 sicin
1398 1194 1735 1251 perpetuum

109 1269 232 1306 eos
258 1257 546 1308 custodiat
573 1260 726 1322 pacis
748 1260 994 1314 vinculo,
1020 1263 1168 1310 sicut
1188 1262 1389 1310 beatus
1411 1260 1617 1309 Paulus
1635 1260 1732 1309 do-

108 1331 222 1377 cet
251 1328 355 1377 hoc
387 1331 578 1391 modo,
608 1333 744 1388 Quia
768 1333 821 1379 in
855 1333 966 1395 ipso
988 1333 1305 1395 complacuit
1332 1348 1541 1379 omnem
1567 1332 1739 1394 pleni-

108 1400 378 1445 tudinem
408 1410 423 1428 '
474 1401 734 1464 habitare,
783 1406 971 1451 omnia
1015 1405 1069 1450 in
1118 1407 1294 1467 ipsum
1329 1406 1619 1466 paciﬁcans
1643 1418 1736 1465 per

105 1471 457 1531 sanguinem
490 1475 664 1522 crucis
689 1475 820 1537 ejus,
847 1477 952 1522 sive
977 1493 1094 1539 qua:
1123 1478 1182 1523 in.
1208 1477 1380 1534 terris,
1406 1476 1511 1522 sive
1537 1491 1650 1537 quae
1677 1475 1732 1521 in

112 1542 272 1589 czvtis
296 1549 424 1590 sunt
452 1545 661 1606 (Coloss.
693 1546 741 1598 Ἰ.
773 1547 833 1599 19

190 1616 254 1663 L.
285 1616 444 1664 Sicut
489 1616 660 1678 igitur
708 1623 995 1668 tantorum
1051 1619 1330 1668 bonorum
1372 1619 1492 1682 ipse
1526 1631 1733 1668 caussa

114 1685 405 1734 omnibus
434 1689 803 1738 credentibus
830 1691 951 1751 fuit,
980 1691 1058 1739 sic
1094 1691 1263 1740 etiam
1288 1704 1398 1740 non
1421 1693 1732 1737 credentibus

115 1756 190 1806 ﬁt
213 1759 412 1816 justus
439 1760 765 1811 retriinttor.
794 1764 924 1810 Ideo
945 1766 1121 1821 igitur
1139 1776 1235 1823 per
1259 1761 1732 1811 multatestiumuia

114 1841 252 1877 non
276 1833 488 1878 nocent
513 1832 719 1881 divina}
740 1833 1067 1895 Scriptura),
1087 1834 1242 1895 quod
1257 1834 1561 1883 nolitDeus
1581 1847 1727 1884 mor-

118 1904 250 1948 tem
277 1899 435 1962 impii
459 1908 506 1950 et
536 1904 864 1965 peccatoris,
895 1905 1000 1953 nisi
1030 1909 1471 1954 uteonvertatur
1487 1911 1542 1956 et
1562 1906 1728 1954 vivat.

119 1971 422 2030 Quamdiu
452 1971 626 2034 igitur
653 1988 853 2024 sumus
880 1976 936 2024 in
966 1978 1067 2025 hac
1093 1979 1221 2026 vita.
1242 1990 1550 2039 possumus
1569 1979 1740 2039 [1111111-

121 2043 380 2091 tentiam
406 2056 592 2105 agere,
621 2052 676 2096 et
703 2047 950 2097 futuram
970 2047 1120 2097 illam
1151 2049 1370 2098 beatam
1391 2050 1565 2099 vitam
1593 2062 1741 2100 seui-

120 2113 419 2177 piternam
454 2119 675 2167 mereri.
711 2121 907 2180 tNeque
926 2121 1078 2168 enim
1101 2120 1217 2181 jam
1238 2125 1366 2182 post
1389 2122 1641 2182 corporis
1655 2134 1741 2168 so-

119 2184 418 2234 lutionem
452 2188 804 2249 paenitentia)
831 2191 1170 2251 relinquitur
1194 2191 1371 2251 locus,
1405 2206 1534 2241 cum
1567 2191 1740 2242 David

123 2256 412 2318 propheta
440 2259 519 2307 sic
551 2260 965 2310 doreatdicens
993 2262 1063 2311 ad
1093 2264 1289 2318 Deum,
1312 2264 1447 2319 Quia
1469 2279 1572 2309 non
1597 2270 1665 2309 est
1686 2265 1742 2310 in

121 2333 306 2373 nio-rte
337 2329 433 2390 qui
462 2345 662 2377 memor
685 2332 750 2378 sit
777 2334 874 2390 tui,
902 2336 954 2380 in
1001 2334 1218 2394 inferno
1257 2341 1433 2381 autem
1473 2336 1592 2396 quis
1617 2351 1744 2381 con-

120 2397 372 2453 ﬁtebitur
419 2401 512 2447 tibi
559 2402 716 2464 (Psal.
767 2403 814 2455 6.
866 2405 956 2462 6.).
1006 2406 1071 2453 Et
1110 2405 1337 2456 iterum.
1384 2406 1503 2452 Non
1543 2407 1741 2452 mortui

127 2469 445 2518 laudabunt
472 2477 534 2532 te,
566 2489 732 2536 neque
751 2489 929 2522 omnes
947 2477 1374 2537 quidm-cendunt
1393 2477 1446 2522 in
1465 2477 1742 2537 infernum

126 2542 245 2599 (Ρεο
275 2540 398 2595 113.
427 2543 550 2604 17.).
579 2546 736 2606 Quod
774 2551 966 2596 autem
997 2547 1258 2596 Christus
1292 2547 1745 2610 judicaturusr-it.

128 2613 307 2662 vivos
341 2626 408 2664 ac
442 2622 718 2678 mortuos,
747 2617 913 2667 docet
949 2624 1142 2680 aperte
1181 2620 1381 2669 beatus
1418 2619 1626 2669 Paulus
1661 2621 1742 2669 sic

127 2685 360 2742 dicens,
392 2687 584 2736 Omnes
597 2691 739 2736 enim
756 2706 853 2736 nos
872 2705 956 2737 mo
969 2706 998 2736 n
1011 2691 1214 2751 ifestari
1227 2698 1422 2753 oportet
1435 2708 1464 2736 (ι
1477 2698 1556 2738 nte
1574 2692 1744 2738 tribu-

127 2757 236 2804 nal
265 2759 466 2806 Christi
500 2766 558 2807 ut
581 2761 802 2824 recipiat
823 2763 1046 2824 quisque
1066 2765 1292 2825 propria
1319 2765 1554 2825 Corporis
1583 2767 1746 2826 prout

126 2829 314 2891 gessit,
339 2846 445 2877 swe
491 2831 689 2879 bonum
734 2834 840 2880 sive
887 2833 1093 2880 malum
1129 2833 1196 2894 (‘2.
1236 2835 1356 2882 Cor.
1466 2834 1586 2896 10.).
1616 2835 1744 2884 Ideo

128 2901 297 2950 enim
341 2902 549 2952 dicitur
591 2905 852 2954 Christus
879 2905 932 2953 in
961 2905 1197 2955 dextera
1223 2908 1403 2955 Patris
1436 2908 1519 2955 sui
1550 2906 1746 2956 sedere

129 2973 505 3034 quasijudex
522 2979 634 3024 tam
657 2977 924 3026 vivorum
943 2989 1113 3037 quam
1135 2979 1744 3040 mortuorum,etquod

131 3045 311 3094 Pater
354 3047 643 3097 neminem
683 3048 922 3110 judicat,
965 3048 1065 3097 sed
1107 3061 1276 3098 omne
1305 3049 1582 3110 judicium
1609 3049 1746 3099 Filio

130 3115 320 3176 dedit,
345 3124 537 3180 aperte
555 3120 834 3169 Dominus
849 3123 1044 3168 noster
1061 3123 1231 3169 Jesus
1246 3121 1506 3170 Christus
1531 3123 1743 3172 edet-uit.

203 3188 291 3237 LI.
322 3191 541 3240 Rursus
566 3191 735 3240 etiam
753 3191 1191 3254 docemur-quod
1205 3193 1732 3255 resurgantmortui

129 3257 194 3308 in
219 3261 420 3310 eadem
445 3264 832 3324 carne,inqua
848 3263 1018 3313 etiam
1044 3264 1099 3312 in
1122 3268 1284 3313 utero
1311 3265 1730 3314 malrisforma-

1841 702 2072 751 corpore
2097 692 2647 752 actlguraresurget,
2673 693 2820 741 sicut
2845 695 3044 742 beatus
3065 695 3247 739 Paulus
3266 696 3440 739 iterum

1840 762 2005 811 docet
2050 762 2156 811 hoc
2195 763 2381 812 modo.
2411 763 2555 810 Nam
2579 769 2623 809 et
2651 765 2746 826 qui
2770 780 2957 810 sumus
2983 765 3036 809 in
3077 763 3440 820 tabernaculo,

1845 834 2240 894 ingentiscmnis
2283 835 2559 895 ingruenti
2585 850 2640 881 eo
2665 835 2809 896 quod
2844 835 3097 882 nolumus
3125 835 3442 896 exspoliari,

1838 905 1925 950 sed
1949 905 2304 965 Stilicrttestiri,
2337 911 2390 950 ut
2416 904 2759 952 absorbeatur
2772 908 2912 967 quod
2934 905 3152 952 mortale
3176 911 3246 952 est
3272 921 3306 952 a
3334 906 3439 953 vita

1842 974 1908 1032 (1.
1942 979 2060 1025 Cm‘.
2173 976 2202 1027 4
2231 978 2262 1035 ).
2301 977 2366 1024 Et
2406 977 2632 1033 iterum,
2668 978 2874 1039 Oportet
2907 976 3053 1024 enim.
3098 975 3442 1039 ctwruptibilc

1841 1047 1936 1093 hoc
1973 1047 2190 1094 induere
2211 1049 2652 1110 incorruptela-ni,
2676 1056 2722 1095 et
2740 1049 2962 1095 mortale
2987 1049 3084 1096 hoc
3104 1048 3441 1095 induercim-

1839 1120 2221 1167 mortalitatem
2260 1120 2325 1182 (‘2.
2359 1124 2476 1169 Cor.
2508 1120 2572 1173 15
2601 1121 2630 1182 ).
2670 1124 2732 1171 In
2758 1135 2822 1172 eo
2851 1121 3005 1184 quod
3029 1122 3166 1170 dicit
3194 1124 3436 1184 Aposto-

1835 1190 1935 1241 lus
1951 1193 2104 1253 quod
2122 1192 2392 1243 nolumus
2412 1193 2738 1256 exspoliari.
2755 1195 2849 1242 sed
2873 1194 3264 1256 supervestiri,
3282 1200 3443 1240 osten-

1839 1263 1923 1313 dit
1947 1264 2100 1325 quod
2126 1277 2280 1314 nunc
2307 1265 2711 1326 unusquisque
2729 1270 2990 1315 nostrum
3017 1265 3186 1314 habet
3212 1277 3439 1327 corpore

1842 1340 1898 1384 et
1925 1348 2094 1384 carne.
2114 1336 2200 1386 vel
2227 1336 2409 1398 ilgura
2428 1337 2665 1386 indutus
2682 1336 2852 1387 vitam
2876 1342 2931 1385 et
2948 1335 3185 1398 gloriam
3204 1339 3442 1386 etim-nr-

1841 1421 1905 1457 ru
1917 1407 2146 1469 ptelam,
2173 1412 2233 1456 ut
2247 1408 2394 1457 sicut
2417 1408 2543 1458 ferri
2557 1409 2795 1458 materia
2811 1408 3085 1465 candens,
3105 1408 3282 1457 gloria
3308 1410 3440 1467 ignis

1841 1479 2071 1537 induta,
2107 1485 2372 1528 naturam
2406 1481 2691 1541 propriam
2730 1480 2967 1529 minime
2994 1483 3330 1540 commutat,
3357 1479 3437 1527 sic

1846 1551 2016 1600 etiam
2049 1551 2234 1600 sancti
2262 1551 2480 1599 emlesti
2517 1553 2695 1613 gloria
2734 1552 2936 1602 induti.
2963 1550 3116 1612 quod
3143 1551 3358 1599 habent
3383 1551 3438 1600 in

1844 1621 1951 1672 hac
1989 1623 2107 1671 vita
2149 1635 2358 1684 corpus
2391 1627 2448 1671 et
2486 1623 2725 1683 liguram
2765 1636 2881 1672 non
2918 1623 3252 1685 deponunt:
3291 1621 3441 1670 sicut

1840 1696 2016 1742 etiam
2051 1695 2332 1744 Dominus
2359 1699 2556 1743 noster
2580 1697 2746 1743 Jesus
2764 1694 3087 1744 Christusin
3117 1697 3306 1742 tuente
3325 1691 3440 1753 glo-

1836 1765 1979 1814 riam
2000 1765 2266 1827 induens,
2286 1765 2439 1826 quod
2455 1770 2577 1815 erat
2596 1765 2768 1814 homo
2791 1766 3023 1815 minime
3037 1764 3435 1814 commutavit.

1842 1837 1950 1886 Sed
1995 1836 2118 1886 haec
2158 1837 2227 1886 de
2263 1836 2550 1898 probanda
2581 1837 2691 1886 [ide
2715 1836 2923 1886 divina}
2950 1838 3257 1898 Scriptura:
3285 1835 3439 1885 testi-

1764 1921 1816 1993 B
1851 1908 2436 1993 mouiisrsufllcienter
2454 1908 2619 1956 nobis
2640 1907 2810 1993 dicta:

1911 1982 2021 2030 LII.
2061 1981 2340 2038 Quoniam
2369 1979 2540 2039 igitur
2568 1978 2665 2041 qui
2687 1978 2832 2028 Arrii
2861 1975 2950 2027 vel
2970 1977 3229 2027 l'lunomii
3255 1977 3442 2028 nefan-

1845 2051 1950 2100 das
1970 2051 2222 2101 liiBI'csL-s
2242 2053 2534 2100 Sectantur
2549 2055 2602 2099 et
2618 2049 2970 2108 dogmataaid
2992 2051 3439 2106 blasphemandum

1848 2123 2212 2184 Unigenitum
2239 2122 2415 2170 illium
2443 2121 2542 2170 Dei
2569 2135 2665 2181 per
2680 2121 2803 2169 dies
2829 2118 3087 2180 singulos
3107 2133 3239 2169 suas
3257 2131 3438 2166 acuunt

1845 2193 2092 2254 linguas,
2109 2194 2292 2244 educti
2314 2206 2538 2255 semper
2559 2192 2776 2242 divinae
2795 2193 3099 2254 Scriptura)
3114 2192 3220 2240 sim
3232 2190 3442 2252 plicita—

1847 2270 1959 2315 tem
1983 2265 2323 2324 adulterare,
2351 2269 2408 2313 et
2432 2263 2616 2312 verbis
2640 2263 2986 2324 quibusdam
3013 2263 3310 2324 perversis,
3329 2278 3437 2322 quzr

1843 2349 1913 2385 ex
1963 2337 2367 2385 communibus
2407 2335 2750 2384 descendere
2777 2334 3044 2382 sensibus
3070 2338 3437 2393 consuerunt,

1843 2408 2230 2458 contaminare
2245 2407 2503 2456 similiter
2527 2407 2842 2467 veritatem,
2859 2409 2919 2454 ut
2937 2418 3008 2454 ex
3026 2409 3184 2468 parte
3209 2403 3437 2467 syllogi—

1847 2480 1988 2529 stica
2014 2480 2431 2542 sophismatum
2449 2477 2750 2526 nefandam
2776 2477 3040 2526 haeresim
3057 2489 3219 2526 suam
3234 2477 3440 2526 contir-

1845 2563 2000 2600 mare
2026 2550 2346 2611 videantur,
2372 2549 2712 2612 scphisticas
2732 2549 2898 2597 nobis
2925 2547 2994 2597 de
3021 2550 3138 2598 Deo
3161 2549 3440 2606 interroga-

1847 2624 2032 2672 tiones
2059 2621 2444 2685 preetendunt,
2464 2634 2496 2670 a
2514 2620 2841 2670 substantia
2861 2620 3040 2669 Patris
3065 2619 3435 2680 Uuigenitum

1846 2694 2046 2742 Filium
2069 2692 2315 2743 alienare
2341 2697 2636 2754 conantes,
2663 2691 3053 2742 necessarium
3079 2691 3224 2740 duco
3242 2703 3311 2740 ex
3333 2690 3442 2740 Lis-

1846 2765 1978 2815 dem
1997 2765 2402 2815 communibus
2422 2765 2689 2813 sensibus
2714 2776 2909 2813 eorum
2929 2765 3157 2809 lueresiin
3176 2765 3436 2808 nefandam

1847 2837 2174 2887 destruere:
2210 2842 2273 2887 ut
2318 2851 2389 2886 ex
2437 2837 2652 2899 quibus
2696 2835 3090 2898 probationem
3133 2834 3342 2884 habere
3378 2847 3438 2884 se

1851 2913 2069 2971 putant,
2112 2922 2184 2959 ex
2231 2908 2455 2958 hisdem
2503 2908 2670 2956 etiam
2718 2907 2855 2969 ipsis
2895 2906 3328 2969 redarguamtur.
3373 2909 3439 2956 Et

1848 2981 2181 3043 priusquam
2219 2981 2488 3043 incipiam
2513 2991 2844 3030 enumerare
2871 2979 3153 3027 eorumde
3181 2978 3319 3027 Filio
3348 2977 3442 3028 ad-

1847 3065 2054 3102 versus
2081 3067 2185 3102 nos
2212 3052 2703 3114 interrogationes,
2724 3052 3141 3112 quasingentes
3159 3054 3216 3098 et
3229 3049 3436 3099 arduas

1847 3124 2216 3185 arbitrantur,
2238 3124 2308 3174 ad
2336 3125 2492 3186 ipsos
2521 3121 2862 3177 volodirere,
2881 3122 3014 3182 quia
3031 3120 3437 3183 quodcumque

1831 3192 1937 3247 fari
1968 3197 2261 3248 volueritis
2288 3196 2359 3245 de
2402 3194 2706 3244 Nativitate
2730 3191 2853 3242 Filii
2873 3193 2970 3242 Dei
2995 3206 3064 3241 ex
3093 3194 3270 3244 Patre.
3292 3199 3435 3243 tem-

1838 3269 2255 3330 poralibusfusi
2297 3266 2506 3324 verbis,
2548 3266 2673 3328 ejus
2713 3265 3099 3325 Nativitatem,
3133 3270 3197 3314 ut
3225 3264 3349 3327 ipsa
3377 3277 3437 3315 se

133 3331 176 3410 Ei
209 3336 368 3410 sunt,
404 3334 463 3410 in
509 3347 740 3396 corpore
766 3335 974 3397 pariter
1009 3348 1074 3384 ac
1112 3335 1310 3397 figura,
1347 3336 1496 3385 sicut
1534 3338 1733 3386 beatus
1764 3337 1812 3410 ρ
1844 3345 2034 3403 habet,
2068 3342 2304 3404 probare
2321 3339 2556 3388 minime
2576 3335 3434 3399 poteritis,quoniamUnigeniti

131 3405 354 3455 Paulus
379 3405 451 3456 ad
473 3408 794 3458 Corinthios
815 3409 1068 3457 scribens
1094 3408 1246 3468 dicit,
1274 3408 1374 3458 Sed
1397 3409 1737 3471 dicitaliquis

135 3477 418 3534 Quomodo
457 3485 732 3540 resurgent
761 3480 1000 3529 mortui?
1024 3479 1176 3542 quati
1209 3487 1388 3527 autem.
1413 3496 1630 3544 corpore
1655 3497 1738 3528 ve-

133 3549 328 3598 nient?
355 3550 638 3613 (nsipiens,
668 3557 723 3598 tu.
749 3552 891 3613 quod
915 3552 1148 3599 seminus
1166 3567 1269 3599 non
1294 3553 1614 3613 viei/iratur,
1632 3554 1739 3600 nisi

129 3621 296 3682 prius
322 3621 606 3678 moriatur,
632 3628 676 3669 et
702 3624 845 3685 quod
860 3623 1114 3681 seminus,
1138 3639 1248 3670 non
1272 3639 1462 3684 corpus
1483 3625 1626 3687 quod
1649 3625 1741 3685 fu-

134 3697 331 3740 turum
355 3698 425 3739 est
449 3694 701 3755 seminas,
719 3695 807 3742 sed
824 3695 1033 3742 nudum
1048 3711 1305 3756 granum,
1317 3702 1447 3759 puta
1463 3697 1628 3743 tr-iciti
1645 3702 1739 3744 aut

133 3764 378 3826 alicujus
413 3771 722 3813 ceterorum.
774 3766 912 3813 Deus
948 3772 1123 3814 autem
1172 3769 1263 3815 dat
1289 3767 1367 3815 illi
1392 3783 1583 3830 corpus
1605 3769 1740 3816 sicut

135 3835 308 3883 voluit
356 3835 420 3899 ('1.
471 3839 588 3888 Cor.
640 3836 723 3891 15.
773 3837 856 3890 35.
892 3844 936 3885 et
962 3836 1086 3898 36.).
1118 3841 1236 3888 I-Ioc
1271 3852 1403 3888 cum
1428 3840 1739 3901 Apostolus

136 3907 410 3971 dixisset,
435 3909 589 3971 quod
624 3911 779 3960 Deus
806 3910 904 3960 dat
923 3909 1001 3960 illi
1019 3923 1247 3972 corpus,
1267 3909 1286 3937 ι’
1303 3924 1418 3960 11011
1437 3911 1583 3960 sicut
1600 3911 1736 3973 vult,

137 3984 240 4032 sed
287 3983 437 4033 sicut
480 3983 678 4044 voluit,
729 3985 981 4034 ostendit
1021 3984 1173 4046 quod
1211 3984 1357 4034 sicut
1390 3998 1419 4033 a
1464 3986 1738 4048 principio

135 4059 370 4104 creatus
391 4059 477 4104 est
491 4055 679 4116 homo,
703 4056 781 4106 sic
797 4058 868 4106 eti
882 4069 975 4106 am
991 4056 1049 4106 in
1072 4057 1484 4108 resurrectione
1500 4064 1737 4120 resurget,

136 4139 332 4188 neque
358 4126 573 4186 habitu,
600 4140 788 4190 neque
806 4141 1037 4191 corpore
1051 4133 1388 4191 permutato,
1413 4129 1558 4179 sicut
1575 4133 1741 4177 Domi-

136 4211 254 4248 nus
295 4203 490 4250 noster
521 4201 692 4249 Jesus
727 4200 1003 4257 Christus,
1042 4205 1339 4262 postquam
1368 4202 1678 4251 resurrexit
1707 4212 1741 4250 a

139 4272 406 4329 mortuis,
425 4281 556 4322 °nec
581 4285 789 4335 corpus
808 4285 912 4320 nec
929 4272 1172 4333 figuram
1196 4273 1424 4334 penitus
1439 4277 1737 4323 immutavit.

139 4345 288 4392 Nam
316 4343 465 4394 sicut
494 4357 737 4406 granum
778 4340 951 4410 609
977 4343 1246 4394 frumenti
1271 4345 1485 4394 amisso
1510 4357 1743 4407 corpore

138 4427 250 4466 suo
280 4414 504 4464 nudum
536 4416 881 4466 seminatum
900 4421 954 4465 et
975 4417 1739 4477 mortuum,siriterumcum

138 4487 346 4538 eodem
394 4499 626 4548 corpore
673 4487 824 4550 quod
853 4488 1124 4537 amiserat
1148 4489 1396 4550 resurgit
1425 4503 1436 4537 :
1465 4487 1547 4536 sic
1571 4489 1741 4538 etiam

136 4559 316 4610 homo
354 4558 411 4608 in
459 4560 871 4610 resurrectione
911 4563 1287 4622 mortuorum,
1314 4559 1418 4610 etsi
1447 4564 1743 4610 truncatus

206 4713 225 4732 ⁸
252 4703 354 4753 Ms.
398 4702 654 4751 Habitare
700 4709 748 4751 et
787 4719 884 4767 per
915 4719 1036 4752 eum
1079 4704 1424 4752 reconciliare
1459 4705 1649 4753 omnia
1681 4705 1740 4753 in

140 4777 327 4841 ipsum
359 4777 651 4838 pacificans
677 4791 768 4837 per
791 4777 1110 4837 sanguinem
1137 4777 1308 4824 crucis
1331 4778 1459 4838 ejus.

206 4847 376 4895 bNon.
412 4847 544 4894 sicut
584 4847 693 4894 vult
740 4848 827 4895 sed
867 4849 999 4897 sicut
1051 4849 1251 4912 eotuiL]
1304 4849 1468 4912 Apud
1513 4851 1739 4898 Grzecos

140 4920 305 4970 locus
325 4919 564 4969 fortasse
582 4919 750 4969 fuerit
768 4919 898 4970 huic
915 4920 1411 4984 arg'imentalioni,
1426 4924 1511 4982 qui
1537 4916 1743 4984 ἠθέλησε

142 4992 361 5052 legunt,
393 4995 494 5041 aut
522 4989 704 5053 ἤθελεν,
736 5005 849 5041 11011
896 4992 1128 5055 perinde
1171 4993 1320 5055 apud
1355 4995 1602 5054 Latinos,
1643 4993 1743 5056 qui

142 5065 281 5112 sicut
307 5064 416 5110 vult
441 5068 770 5115 constanter
786 5064 1130 5122 legunt.non
1149 5065 1458 5113 sicutvoluit
1497 5069 1740 5129 August.

147 5135 326 5198 Epist.
353 5133 470 5187 146.
498 5135 570 5185 ad
605 5137 998 5198 Consentium,
1034 5136 1172 5183 Deus
1200 5143 1374 5184 autem
1411 5137 1489 5186 illi
1514 5138 1605 5186 (lat
1628 5154 1745 5186 cor-

144 5221 248 5270 pus
283 5207 551 5268 quomodo
577 5207 818 5270 voluerit,
840 5207 991 5269 quod
1019 5207 1165 5256 idem
1191 5213 1294 5257 est.

210 5289 228 5307 °
253 5277 358 5325 Nec
399 5293 590 5341 corpus
629 5294 721 5326 nec
749 5282 982 5342 ﬁguram
1023 5279 1367 5343 immunivit]
1412 5281 1568 5330 Idem
1594 5282 1742 5331 enim

148 5362 359 5413 corpus
387 5363 459 5399 ex
485 5349 783 5413 sepulchro
808 5350 1029 5405 extulit,
1056 5350 1205 5412 quod
1232 5352 1524 5402 conditum
1547 5353 1743 5404 fuerat.

149 5421 260 5471 Sed
288 5426 500 5483 quanto
527 5423 740 5485 majore
765 5436 894 5471 cum
922 5423 1114 5483 gloria,
1135 5422 1746 5487 declaratTheophilus

151 5493 572 5544 Alexandrinus
597 5495 768 5544 verba
791 5505 1078 5555 usurpans
1108 5494 1316 5543 P:-almi
1353 5494 1438 5547 9:2.
1460 5496 1512 5545 in
1546 5497 1749 5547 Codice

151 5564 308 5626 regio
355 5565 476 5618 ‘2”.
533 5565 594 5618 Ὀ
646 5567 814 5630 Κύριος
871 5560 1209 5621 ἐϐασίλευσεν,
1264 5560 1526 5617 ἐνεδύσατο
1573 5564 1748 5632 εὐπρέ-

152 5656 289 5686 πειαν
323 5656 330 5665 ·
377 5633 536 5697 ἐπειδὴ
581 5640 671 5703 γὰρ
703 5640 849 5687 ἔλαϐε
882 5639 1084 5701 φθαρτὸν
1131 5644 1293 5697 σῶμα,
1329 5634 1612 5702 εὐπρέπειαν
1651 5642 1748 5688 ὲνε-

156 5709 340 5756 ὤσατο
394 5705 679 5768 ἕιναττὴσας
728 5705 866 5768 αὐτό,
907 5705 962 5757 οὗ
1001 5711 1202 5772 φθαρτὸν
1251 5705 1354 5757 ἀλλ’
1396 5710 1653 5773 ἄφθαρτον.
1691 5710 1752 5760 ’0

159 5780 324 5843 K-Spto:
374 5776 707 5836 ἐϐασίλευσεν,
755 5777 1039 5845 εὐπρέπειαν
1095 5776 1354 5828 ἐνεδύσατο
1408 5799 1416 5809 ·
1473 5783 1618 5830 ἔλαϐε
1661 5784 1751 5846 γὰρ

156 5849 474 5910 ἀναστήσασς
520 5853 660 5901 πάλιν
717 5853 771 5901 τὸ
825 5854 997 5902 ἑαυτοῦ
1049 5860 1211 5913 σῶμα,
1259 5853 1385 5901 κατὰ
1429 5847 1513 5911 τὴν
1569 5847 1749 5902 οἰκείαν

159 5919 498 5986 ἐπαγγέλειαν,
529 5923 729 5974 Λύσατε
767 5926 847 5974 τὸν
873 5927 990 5974 ναὸν
1017 5931 1201 5978 τοῦτον,
1229 5925 1311 5972 καὶ
1345 5918 1422 5972 ἐπὶ
1453 5919 1600 5988 τρισὶν
1632 5918 1754 5985 ἡμέ-

155 6012 255 6059 ραις
283 5991 432 6060 ἐγερῶ
461 5989 628 6047 αὖτὸν.
656 5993 720 6047 Ὃ
750 5996 898 6061 ἔγειρε
928 5995 1088 6047 τοίνυν
1123 5990 1384 6046 ἐνεδύσατο
1413 6002 1557 6056 σῶμα
1581 5999 1590 6014 ’
1624 5997 1756 6058 ἔλεγε

1836 3416 1939 3473 Dei
1970 3414 2140 3463 Verbi
2171 3411 2473 3470 Nativitas,
2499 3421 2629 3460 cum
2658 3410 2732 3459 sit
2765 3408 3123 3459 naturalisac
3150 3408 3271 3457 sine
3287 3409 3438 3470 prin-

1835 3491 2000 3553 cipio,
2028 3491 2091 3535 ut
2115 3485 2240 3546 ipsa
2264 3497 2324 3532 se
2343 3484 2515 3532 habet
2537 3479 3071 3553 comprehendinon
3085 3484 3288 3542 potest.
3318 3483 3435 3527 Nam

1839 3551 2092 3613 siotunia
2107 3556 2280 3606 verba
2293 3553 2513 3617 prolata
2528 3558 2755 3615 tempus
2770 3551 3204 3614 significant,aut
3221 3565 3438 3611 presens

1840 3635 2075 3690 sciliCet,
2101 3631 2198 3678 aut
2221 3627 2597 3691 praeteritum,
2630 3629 2732 3674 aut
2765 3624 3041 3684 futurum,
3072 3627 3220 3672 Deus
3245 3627 3437 3674 autem

1837 3701 2181 3766 Unigenitus
2207 3699 2411 3748 horum
2438 3701 2527 3746 est
2551 3698 2789 3757 creator,
2804 3696 2930 3756 ejus
2957 3694 3205 3757 profecto
3226 3694 3440 3745 Nativi-

1841 3783 1929 3827 tas
1944 3771 2355 3834 temporalibus
2383 3769 2569 3818 verbis
2583 3768 2877 3830 approbari
2904 3779 3020 3815 non
3034 3769 3239 3828 potest,
3267 3770 3438 3827 atque

1839 3851 1970 3900 ideo
1994 3843 2338 3901 necessaria,
2369 3840 2537 3890 tidem
2567 3839 2894 3888 divinarum
2916 3837 3330 3898 Scriptutarum
3352 3849 3440 3887 se-

1837 3926 2102 3986 quentes,
2121 3930 2190 3967 ex
2205 3931 2267 3965 ea
2281 3915 2558 3964 debemus
2578 3924 2806 3986 sumere
2826 3908 3178 3986 probationis
3196 3911 3436 3986 exempla.

1901 3993 2038 4043 LIII.
2078 3993 2220 4039 Cum
2247 3987 2420 4050 igitur
2443 3997 2560 4035 non
2585 3979 3080 4043 interrogaverint,
3101 3984 3293 4050 utrum
3311 3983 3440 4026 Deus

1838 4063 2158 4129 procreavit
2186 4049 2410 4114 Filium,
2437 4069 2641 4129 necne.
2665 4059 2724 4104 et
2746 4052 3064 4129 acceperint
3165 4050 3182 4118 |
3200 4049 3438 4129 Oano-

1838 4123 1925 4186 bis
1964 4143 2330 4197 responsum.
2365 4126 2686 4193 procreavit,
2717 4127 2915 4175 statim
2948 4124 3226 4197 adjiciunt
3261 4123 3438 4173 inter-

1838 4195 2193 4269 rogationem
2225 4198 2578 4264 hujusmodi,
2599 4210 2772 4259 quam
2799 4196 2978 4246 Graeci
3005 4195 3024 4224 ⁶¹
3049 4196 3438 4269 dilemmatam

1839 4265 2064 4330 vocant.
2085 4275 2328 4328 Invitus,
2346 4285 2420 4321 an
2446 4274 2648 4333 sponte
2664 4272 2688 4318 ?
2702 4271 2823 4318 Hoc
2839 4273 3032 4318 autem
3056 4268 3290 4328 faciunt,
3305 4271 3368 4316 ut
3394 4265 3442 4315 si

1839 4350 2174 4406 dixerimus,
2192 4347 2247 4393 in
2258 4346 2416 4405 citus,
2433 4355 2565 4392 mox
2583 4341 2671 4404 adj
2683 4341 2870 4391 iciant.
2889 4339 3051 4400 Quod
3067 4340 3115 4390 Si
3133 4342 3325 4388 invitus
3337 4353 3444 4398 pro-

1840 4422 2056 4472 creavit
2082 4419 2315 4476 Filium,
2335 4413 2622 4477 quomodo
2644 4425 2760 4462 non
2782 4411 3122 4472 estimpium
3147 4411 3214 4459 de
3229 4414 3323 4458 Deo
3350 4413 3442 4459 hoc

1841 4495 2048 4544 dicere.
2093 4489 2245 4552 quod
2269 4485 2654 4548 generationis
2679 4483 3006 4534 necessitati
3025 4481 3442 4543 subjungatur?

1843 4566 1940 4616 Sin
1955 4569 2148 4615 autem
2161 4566 2348 4624 sponte
2369 4556 2785 4617 dixerimus,illi
2799 4567 3000 4605 rursus
3016 4554 3441 4616 adjiciuntquod

1840 4712 1952 4774 γὰρ,
1977 4702 2085 4759 Οὐκ
2140 4701 2502 4768 ἐγκαταλείψεις
2554 4695 2640 4762 τὴν
2680 4696 2844 4765 ψυχήν
2894 4717 2984 4762 μου
3038 4701 3101 4755 εὶς
3146 4696 3286 4774 ᾅδην)
3330 4692 3442 4748 οὐδὲ

1843 4765 2008 4834 δώσεις
2037 4780 2119 4827 τὸν
2153 4777 2286 4826 ὅσιόν
2321 4793 2410 4825 σου
2440 4770 2554 4823 ἰδεῖν
2597 4772 2853 4836 διαφθοράν
2890 4791 2899 4800 ·
2937 4773 3004 4821 ἔτι
3037 4774 3090 4821 δὲ
3129 4774 3212 4822 καὶ
3251 4765 3281 4832 ἧ
3325 4772 3444 4834 σάρξ

1847 4871 1937 4917 μου
1969 4848 2343 4907 κατασκηνώσει
2377 4841 2447 4895 ἐπ’
2478 4841 2650 4894 ἐλπίδι.
2687 4843 2929 4900 Ἀναστάς
2954 4838 3003 4892 ἐν
3027 4848 3092 4909 τῷ
3119 4841 3330 4906 μνήματι
3354 4837 3444 4891 οὐκ

1847 4912 2001 4985 ἔμεινε
2043 4941 2052 4950 ·
2090 4922 2176 4970 καὶ
2221 4920 2384 4981 μείνας
2430 4912 2476 4965 ἐν
2518 4921 2585 4982 τῷ
2637 4915 2850 4979 μνήματι
2893 4913 2983 4967 οὐκ
3024 4917 3122 4966 ἴδεν
3165 4915 3440 4978 διαφθοράν,

1847 4991 1936 5044 οὐκ
1983 4989 2249 5058 ἐκράτησεν
2296 4987 2444 5040 αὖτοῦ
2488 4985 2518 5052 ἦ
2565 4992 2812 5056 διαφθορὰ,
2859 4993 2884 5041 ὁ
2927 4991 3160 5053 ἄφθαρτος
3202 4986 3341 5048 λόγος
3385 4986 3438 5033 τὸ

1846 5067 2048 5131 φθαρτὸν
2083 5061 2325 5122 ἀνέστησε
2356 5071 2498 5126 σῶμα
2525 5059 2585 5119 εἰς
2621 5060 2910 5128 ἀφθαρσίαν.
2943 5059 3208 5131 Dominus
3241 5072 3441 5131 regna-

1846 5128 1917 5185 bit
1940 5128 2174 5184 decorem
2209 5135 2386 5183 induit
2413 5152 2420 5182 :
2453 5137 2586 5197 quia
2615 5137 2757 5183 enim
2776 5130 3322 5193 corruptibilecorpus
3343 5128 3443 5175 ad-

1844 5209 2091 5271 sumpsit,
2123 5208 2354 5255 decorem
2383 5207 2588 5265 induit,
2614 5207 2876 5254 suscitans
2900 5203 3038 5251 illud
3054 5218 3161 5251 non
3182 5199 3445 5262 corrupti-

1847 5281 1960 5335 bile,
1985 5280 2071 5327 sed
2098 5278 2518 5341 inm‘n‘ruptibile,
2544 5278 2808 5325 Domi-nus
2835 5275 3096 5336 regnavit,
3117 5272 3445 5321 deeoremin-

1849 5353 1988 5400 duit:
2009 5351 2315 5414 adsumpsit
2342 5351 2486 5398 enim.
2506 5363 2787 5410 resurgens
2813 5349 3006 5394 iterum
3027 5347 3312 5409 proprium
3327 5358 3442 5391 eor-

1846 5440 1967 5489 pus,
1993 5430 2152 5487 prout
2175 5424 2284 5484 ipse.
2306 5421 2652 5484 pra'dixerat.
2682 5419 2874 5468 Solvite
2906 5417 3159 5478 templum
3188 5418 3300 5474 hoe,
3327 5421 3370 5460 et
3388 5415 3440 5460 in

1851 5487 2018 5544 tribus
2043 5495 2222 5542 diebus
2247 5491 2484 5541 erettabo
2509 5491 2643 5538 illud
2679 5491 2829 5548 Quod
2841 5490 3104 5538 excitarat
3130 5505 3250 5550 ergo
3264 5487 3445 5534 induit

1849 5583 2058 5630 corpus.
2089 5565 2295 5613 Dicebat
2321 5563 2481 5622 enim,
2508 5563 2629 5611 Non
2659 5561 3444 5623 derelinquesanimam-meam

1851 5639 1906 5687 in
1936 5640 2170 5701 inferno,
2194 5652 2286 5685 nec
2317 5635 2467 5685 dabis
2497 5641 2743 5683 stimet-um
2771 5640 2921 5682 tuum.
2947 5634 3121 5681 videre
3144 5631 3446 5694 corruptio-

1850 5726 1993 5760 nem.
2032 5713 2325 5772 Res-urgens
2354 5724 2458 5755 non
2496 5709 2697 5755 mansit
2716 5709 3173 5755 infmonumento:
3197 5705 3285 5752 sed
3315 5707 3358 5752 et
3384 5703 3444 5750 in

1851 5788 2199 5830 monumento
2217 5796 2439 5828 manens
2457 5795 2564 5828 non
2589 5781 2722 5827 vid-it
2745 5777 3444 5842 cor'rupt-imietn,corruptio

1851 5853 1934 5900 illi
1958 5869 2067 5899 non
2094 5858 2163 5899 est
2182 5852 2482 5910 dominata,
2508 5852 2737 5900 Verbum
2763 5849 3162 5912 incorruptil‘rile
3179 5849 3440 5910 corrupti-

1853 5923 1950 5972 bile
1975 5939 2166 5986 corpus
2189 5923 2463 5971 suscita-vit
2490 5923 2562 5971 ad
2583 5922 3162 5986 inco'rruptibilitatem.

1916 5994 1937 6022 ‘
1962 5996 2084 6057 Ms.,
2110 5993 2496 6043 Ditcmmatum
2534 5999 2740 6046 vocant.
