3894 6412
507 437 643 495 1151

1820 431 2069 484 RUFINI
2100 429 2495 484 PALESTINI

3672 430 3814 486 1152

510 554 621 607 sibi
644 552 877 606 libitum
912 553 1019 615 est,
1058 551 1206 615 Ergo
1237 549 1287 601 si
1334 552 1538 623 sponte
1579 547 1921 623 procreavit,
1945 546 2113 623 quasi
2133 550 2185 623 Α
2209 620 2241 623 _
2273 548 2389 597 LV.
2428 549 2659 623 Rursus
2668 617 2681 623 _
2691 545 3051 623 interrogant
3084 546 3286 623 nos,_si
3309 547 3467 623 solus
3492 559 3635 623 cum
3658 554 3816 623 esset

509 625 804 677 voluntate
838 623 1014 675 Filius
1054 625 1408 687 procreatus,
1446 620 1597 671 inter
1619 621 1811 684 ipsum
1837 625 1896 671 et
1917 620 2111 671 omnia

510 702 715 753 cetera,
741 708 872 760 quae
896 694 997 746 Dei
1019 695 1230 759 pariter
1250 692 1548 745 voluntate
1578 695 1766 743 creata
1790 696 1925 743 sunt
1953 690 2112 742 nulla

509 770 737 833 penitus
753 766 1230 818 haberidiscretio
1255 764 1480 829 poterit.
1497 763 1604 815 Sed
1617 777 1735 814 non
1762 762 2111 827 responden-

507 840 646 890 dum
690 843 795 899 est,
842 838 998 902 quod
1038 838 1146 902 ipsi
1172 836 1387 887 scilicet
1410 835 1608 887 audire
1633 835 1978 897 desiderant,
2009 834 2108 885 sed

510 909 694 973 magis
711 909 819 961 hoc
845 909 1016 959 modo
1048 908 1325 969 dicemus,
1358 908 1558 970 Neque
1589 912 1794 971 sponte
1813 910 2109 970 procreavit,

509 992 694 1044 neque
705 980 1093 1032 invitus.Cum
1108 980 1178 1040 igi
1189 984 1282 1031 tur
1295 983 1530 1043 accepto
1542 978 1651 1029 hoc
1663 991 2111 1042 responso,aeon-

509 1051 599 1103 clu
607 1052 768 1103 sione
784 1064 892 1103 sua
904 1052 1103 1114 iniqua
1114 1052 1173 1102 in
1186 1054 1480 1114 posterum
1493 1052 1692 1111 penitus
1704 1052 1894 1099 exclusi
1906 1052 2107 1110 fuerint,

510 1128 567 1174 et
590 1124 927 1191 quaesierint
949 1135 983 1173 a
1007 1123 1173 1173 nobis
1195 1120 1684 1186 quemadmodum
1706 1121 2109 1187 procreaverit,

511 1198 649 1245 tunc
661 1194 773 1245 illis
786 1195 869 1245 ita
880 1193 1337 1257 respondebitur,
1352 1192 1714 1255 Naturaliter,
1731 1196 1865 1253 quod
1878 1199 1949 1240 est
1961 1208 2113 1253 supra

511 1278 743 1317 omnem
786 1265 1147 1317 voluntatem
1180 1279 1245 1315 ac
1276 1264 1703 1316 necessitatem.
1738 1264 1806 1315 Et
1830 1263 2112 1326 siquidem

511 1336 799 1389 intellecto
814 1349 1091 1401 responso
1110 1341 1308 1387 nostro
1326 1336 1818 1399 quieverint,bene
1835 1341 1891 1387 et
1907 1338 2107 1395 optimo.

513 1409 612 1459 Sin
648 1421 786 1459 vero
820 1408 1088 1471 dixerint,
1114 1420 1233 1459 non
1255 1420 1384 1459 esse
1411 1408 1645 1471 planum
1669 1419 2027 1471 responsum:
2056 1410 2113 1457 et

512 1493 619 1531 nos
643 1487 842 1532 contra
860 1481 1345 1545 interrogabimus
1371 1493 1470 1531 eos
1490 1479 1661 1530 simili
1679 1479 1852 1530 modo
1871 1480 2115 1530 interro-

512 1552 763 1616 gationis
787 1565 1003 1616 eorum,
1018 1553 1221 1604 Utrum
1248 1556 1451 1616 sponte
1467 1553 1620 1602 Deus
1636 1552 1825 1602 bonus
1844 1551 1937 1614 sit,
1956 1552 2115 1599 anin-

513 1624 695 1674 vitus:
720 1624 836 1687 Ipsi
859 1636 1089 1686 quoque
1105 1625 1273 1675 nobis
1290 1622 1740 1686 respondebunt,
1761 1623 2029 1673 timentes
2042 1634 2113 1673 ex

512 1700 760 1760 utraque
781 1696 1227 1759 parteinlicitam
1246 1696 1704 1759 responsionem,
1723 1698 1922 1758 Neque
1940 1703 2117 1756 sponte

514 1780 701 1831 neque
725 1768 962 1828 invitus,
980 1767 1083 1819 sed
1108 1780 1175 1819 ea
1198 1767 1415 1819 scilicet
1439 1773 1667 1827 natura,
1686 1780 1818 1830 quat
1830 1779 2006 1831 supra
2020 1779 2117 1818 vo-

513 1838 799 1890 luntatem
824 1844 915 1890 est
940 1844 996 1890 et
1019 1839 1443 1890 necessitatem.
1482 1840 1585 1889 His
1610 1840 1782 1901 igitur
1805 1839 2115 1902 responsis,

518 1910 732 1973 quibus
747 1913 980 1961 utentur
993 1910 1099 1973 ipsi
1116 1909 1185 1960 de
1202 1911 1320 1959 Deo
1341 1909 1496 1972 quod
1513 1911 1702 1960 bonus
1715 1914 1804 1960 est
1817 1918 2115 1969 asserentes,

516 1979 744 2031 hisdem
768 1993 875 2031 nos
894 1992 1124 2043 quoque
1140 1980 1293 2042 quod
1311 1982 1467 2031 Deus
1489 1981 1824 2044 procreavit,
1840 1981 2120 2044 adproba-

517 2064 666 2102 mus.
694 2052 840 2103 Nam
875 2052 1025 2102 sicut
1054 2051 1241 2101 bonus
1271 2055 1361 2102 est
1383 2053 1561 2107 Deus,
1588 2063 1779 2115 neque
1805 2052 2119 2116 voluntate,

517 2135 706 2185 neque
739 2123 1097 2182 necessitate,
1124 2122 1226 2173 sed
1250 2122 1376 2186 ipsa
1398 2127 1623 2181 natura,
1649 2128 1715 2174 ut
1737 2123 1994 2175 bonitate
2010 2124 2121 2188 pri-

518 2199 691 2245 vatus
719 2206 1015 2257 nunquam
1046 2194 1385 2258 reperiatur:
1409 2194 1491 2245 sic
1514 2194 1689 2246 etiam
1718 2196 1923 2245 Filium
1948 2195 2122 2246 habet

516 2270 739 2317 natura.
755 2266 951 2328 Neque
964 2266 1117 2317 enim
1131 2270 1318 2329 potest
1336 2267 1487 2316 Deus
1504 2279 1761 2329 unquam
1780 2269 1968 2327 privari
1993 2269 2120 2316 Uni-

516 2336 710 2401 genito
737 2338 850 2388 Deo
874 2337 1014 2388 Filio
1040 2349 1165 2387 suo.
1195 2339 1264 2388 Et
1286 2336 1415 2388 haec
1440 2337 1678 2400 quidem
1705 2338 1859 2389 dicta
1889 2338 1960 2390 de
1982 2338 2122 2391 Uni-

516 2407 710 2471 genito
733 2410 853 2459 Deo
874 2408 1302 2472 comprobando
1314 2408 1543 2459 abunde
1560 2408 1911 2473 sufﬁcerent,
1926 2410 1975 2460 si
1986 2422 2117 2461 cum

518 2480 896 2545 prudentibus
922 2494 1112 2533 sermo
1132 2485 1306 2544 esset,
1323 2494 1387 2533 eo
1412 2481 1566 2545 quod
1589 2482 1926 2534 naturaliter
1946 2483 2121 2535 habet

516 2563 589 2602 ex
614 2554 778 2603 Patre
803 2552 1184 2603 nativitatem.

579 2625 718 2675 LIV.
748 2623 858 2676 Sed
885 2624 1158 2688 quoniam
1182 2622 1296 2683 isti,
1315 2624 1590 2686 tanquam
1615 2636 1791 2675 canes
1814 2624 2025 2688 arrepti
2039 2637 2119 2675 ra-

517 2694 609 2747 bie
633 2695 732 2759 qui
760 2701 959 2747 contra
1003 2695 1270 2747 dominos
1296 2707 1527 2758 quoque
1559 2696 1827 2759 saeviunt,
1853 2696 2120 2759 passione

516 2768 760 2819 insaniae
802 2781 902 2832 per
948 2767 1330 2832 ignorantiam
1371 2768 1657 2827 concitati,
1692 2772 1891 2819 contra
1914 2768 2120 2819 Filium

518 2839 621 2890 Dei
646 2838 1045 2903 blasphemare
1060 2839 1342 2900 nituntur,
1357 2839 1405 2889 si
1429 2840 1662 2902 quando
1673 2839 1886 2902 aliquid
1910 2840 1980 2890 de
1996 2840 2121 2903 ipso

516 2910 900 2963 venerationis
945 2911 1249 2975 audierint,
1289 2916 1346 2961 et
1375 2910 1594 2961 exclusi
1631 2911 1842 2963 fuerint
1880 2923 1914 2962 a
1953 2912 2122 2963 solita

518 2986 719 3033 contra
730 2995 863 3034 eum
878 2982 1256 3047 blasphemia,
1275 2983 1762 3047 perseverantiam
1774 2988 1966 3034 tamen
1979 2986 2123 3031 mali-

519 3053 616 3106 tim
640 3066 783 3117 sum,
816 3066 989 3118 quam
1013 3059 1213 3106 contra
1235 3054 1441 3105 Filium
1467 3067 1693 3119 semper
1716 3060 2002 3118 exercent,
2022 3056 2123 3106 mi-

518 3124 673 3177 nime
700 3125 993 3188 amittunt,
1014 3126 1117 3178 sed
1140 3139 1345 3177 rursus
1361 3127 1840 3178 contradictiones
1867 3126 2007 3179 alias
2020 3141 2117 3179 ex-

520 3196 769 3260 cogitare
811 3202 1109 3248 conantur.
1136 3198 1510 3249 Nativitatem
1534 3199 1826 3262 Unigeniti
1853 3199 2025 3250 Verbi
2048 3211 2121 3251 ex

519 3268 657 3331 Deo,
687 3280 821 3331 quae
849 3267 972 3319 sine
1009 3268 1284 3332 principio
1319 3272 1429 3330 est,
1463 3281 1529 3320 ac
1551 3269 1831 3320 naturalis
1858 3269 2120 3329 habetur,

519 3339 815 3391 destruere
839 3339 1161 3399 molientes,
1200 3342 1358 3404 quasi
1386 3344 1583 3391 contra
1607 3354 1741 3392 eum
1765 3354 1995 3406 semper
2011 3356 2117 3406 pu-

519 3423 698 3475 gnare
722 3412 1037 3475 cupientes,
1063 3412 1454 3464 necessarium
1473 3417 1609 3475 puto
1622 3414 1796 3465 etiam
1810 3418 1985 3463 ceteris
2002 3417 2119 3463 illo-

517 3494 646 3534 rum
671 3483 1390 3549 vanisinterrogationibus
1404 3483 1768 3548 respondere,
1786 3498 1860 3536 ne
1881 3489 2122 3546 quaestio-

519 3566 664 3605 num
688 3555 1109 3618 propositarum
1124 3553 1455 3606 violentiam
1472 3566 1579 3604 nos
1596 3554 1845 3618 eil‘ugere
1860 3560 2122 3607 videamur

519 3626 883 3689 Interrogant
894 3625 1067 3689 igitur
1079 3626 1216 3676 item
1232 3627 1420 3684 nos,Si
1434 3638 1602 3676 omne
1619 3627 1775 3689 quod
1788 3627 1959 3678 desiit
1973 3636 2021 3677 et
2032 3645 2123 3678 ctr-

522 3696 620 3760 pit.
650 3696 706 3748 Si
731 3709 837 3747 nos
860 3696 1331 3760 responderimus
1352 3696 1507 3760 quod
1524 3710 1694 3749 omne
1707 3699 1861 3760 quod
1880 3699 2051 3752 desiit
2066 3705 2123 3753 et

522 3767 711 3832 coepit,
732 3780 871 3819 mox
901 3768 1181 3831 adjiciunt
1208 3768 1337 3832 ipsi,
1367 3778 1384 3797 ·
1408 3769 1590 3820 Desiit
1616 3771 1775 3821 nasci
1800 3771 1996 3833 Filius,
2020 3787 2123 3824 ne-

521 3840 770 3892 cessario
794 3853 927 3904 ergo
954 3836 1042 3908 6|
1065 3838 1084 3908 |
1118 3841 1309 3905 coepit,
1328 3846 1385 3892 et
1403 3842 1663 3905 siccepit,
1682 3844 2120 3907 erataliquando

519 3912 750 3975 quando
792 3926 910 3964 non
947 3915 1086 3975 erat,
1124 3917 1181 3963 et
1221 3913 1268 3963 si
1293 3918 1416 3964 erat
1441 3915 1674 3976 quando
1696 3927 1814 3965 non
1838 3921 1974 3976 erat,
2001 3928 2121 3968 non

519 3983 693 4035 habet
717 3984 909 4036 locum
932 3998 1005 4036 ex
1028 3984 1132 4036 Dei
1158 3985 1504 4046 substantia,
1519 3986 1729 4037 habere
1751 4000 1886 4038 eum
1908 3988 2118 4040 Nativi-

522 4058 719 4118 tatem,
752 4056 966 4119 quippe
1002 4069 1137 4107 cum
1181 4058 1283 4107 Dei
1314 4058 1640 4109 substantia
1673 4060 1737 4109 ut
1762 4059 1885 4109 sine
1908 4060 2120 4122 princi-

517 4128 631 4192 pio,
658 4140 726 4180 ac
752 4140 981 4192 semper
1002 4140 1069 4179 ac
1093 4128 1357 4180 similiter
1370 4129 1608 4189 habens,
1636 4135 2015 4193 augmentum
2028 4131 2121 4183 vel

518 4200 960 4251 diminutionem
1002 4213 1121 4251 non
1158 4200 1360 4265 capiat.
1388 4200 1495 4252 Sed
1526 4213 1644 4252 non
1665 4206 1754 4252 est
1776 4201 1856 4253 ita
1878 4214 2119 4266 respon-

519 4270 776 4323 dendum
797 4270 930 4333 illis,
955 4272 1106 4335 quod
1132 4284 1302 4324 omne
1320 4272 1473 4334 quod
1485 4272 1676 4335 desiit,
1693 4277 1749 4323 et
1760 4274 1959 4337 coepit:
1979 4287 2123 4338 quo-

517 4342 676 4394 niam
700 4355 817 4394 non
841 4353 1010 4394 omne
1028 4343 1180 4406 quod
1206 4343 1434 4403 desinit,
1456 4343 1580 4407 jam
1600 4347 1658 4394 et
1680 4344 1908 4396 initium
1925 4345 2117 4399 habet.

520 4416 647 4466 Non
676 4414 865 4466 solum
877 4418 1073 4467 autem
1088 4414 1217 4479 hoc,
1242 4415 1342 4466 sed
1364 4419 1421 4466 et
1437 4428 1554 4466 non
1570 4428 1742 4468 omne
1759 4417 1912 4480 quod
1926 4422 2121 4478 princi-

514 4486 681 4550 pium
708 4486 886 4538 habet
902 4487 1021 4549 jam
1036 4490 1094 4537 et
1115 4486 1345 4549 desinit,
1372 4488 1648 4550 quoniam
1672 4492 1729 4539 et
1745 4490 1899 4540 Deus
1915 4490 2117 4542 volens

519 4558 787 4610 cmlestes
816 4558 1001 4609 facere
1036 4558 1280 4610 virtutes
1313 4558 1542 4611 initium
1567 4571 1686 4611 non
1710 4560 1921 4613 habet:
1954 4562 2119 4613 factis

519 4642 656 4680 vero
686 4630 836 4694 istis,
860 4630 1005 4683 velle
1029 4641 1130 4683 eas
1154 4630 1341 4682 facere
1364 4630 1385 4659 "
1413 4630 1642 4694 desinit,
1667 4644 1735 4684 ac
1761 4638 1988 4697 propter
2009 4634 2119 4686 hoc

519 4699 695 4763 igitur
717 4713 835 4752 non
861 4713 1032 4755 omne
1056 4702 1209 4767 quod
1234 4701 1464 4766 desinit,
1484 4703 1658 4756 habet
1674 4705 1919 4757 initium.
1940 4707 2007 4757 Et
2022 4707 2119 4758 ite-

2209 620 2383 678 Deus,
2406 617 2603 681 genuit
2625 617 2828 681 tilium,
2844 623 2909 669 ut
2926 618 2974 668 si
2992 617 3461 682 responderimus
3478 618 3640 682 quod
3656 619 3812 670 solus

2208 702 2340 741 cum
2353 693 2505 741 esset
2520 690 2736 753 genuit,
2764 691 2960 741 statim
2980 689 3089 740 hoc
3100 690 3391 753 adiiciant,
3417 693 3569 755 Ergo
3586 691 3638 741 si
3655 691 3812 741 solus

2208 774 2342 812 cum
2374 766 2529 812 esset
2559 762 2776 825 genuit,
2814 766 2935 813 erat
2961 761 3268 825 aliquando
3294 762 3526 826 quando
3554 774 3675 813 non
3699 768 3817 813 erat

2210 833 2376 884 illius.
2393 833 2654 885 Similiter
2671 838 2864 885 autem
2878 834 2925 884 si
2939 833 3405 897 responderimus
3418 834 3575 897 quod
3600 846 3723 885 non
3739 845 3815 884 so.

2208 906 2319 967 ius,
2359 918 2494 956 mox
2535 905 2825 967 adjiciant,
2862 908 2931 957 Et
2959 906 3247 969 quomodo
3272 906 3392 957 ﬁeri
3426 910 3641 970 potest,
3668 911 3737 955 ut
3762 905 3810 954 id

2209 977 2357 1040 quod
2379 990 2606 1041 semper
2628 989 2746 1028 una
2764 990 2896 1027 cum
2918 977 3041 1041 ipso
3064 976 3174 1027 fuit
3195 981 3392 1028 natum
3409 977 3642 1041 proprie
3658 980 3819 1025 nomi-

2210 1054 2379 1100 netur
2391 1052 2414 1097 7
2438 1050 2732 1112 quoniam,
2757 1051 2821 1099 ut
2844 1049 2953 1113 ipsi
2976 1048 3197 1110 dicunt,
3216 1048 3341 1112 ipsa
3352 1049 3631 1100 nativitas
3645 1052 3816 1109 suspi-

2211 1121 2431 1172 cionem
2448 1125 2685 1185 praestat
2700 1120 3009 1183 aliquando
3022 1121 3249 1184 penitus
3267 1132 3381 1172 non
3397 1120 3578 1172 fuisse
3593 1130 3817 1183 ,propter

2210 1190 2320 1243 hoc
2364 1191 2554 1255 ipsum
2588 1192 2741 1255 quod
2776 1192 2984 1244 dicitur
3011 1195 3204 1242 natus.
3233 1193 3371 1243 Haec
3394 1196 3589 1243 autem
3614 1191 3815 1241 dicunt

2211 1263 2537 1327 ignorantes
2561 1267 2841 1327 quantum
2865 1263 3091 1314 intersit
3114 1262 3497 1327 corporabilus
3524 1264 3816 1324 temporali-

2214 1336 2437 1398 busque
2480 1336 2748 1387 sensibus
2772 1336 2983 1387 audere
3007 1334 3078 1387 de
3101 1337 3219 1387 Deo
3249 1336 3659 1399 quodcumque
3688 1347 3815 1398 pro-

2212 1407 2481 1459 nuntiari.
2522 1408 2740 1471 Quippe
2777 1407 2983 1458 cumis
3011 1406 3080 1458 de
3105 1419 3216 1470 quo
3259 1406 3464 1471 agitur,
3509 1406 3680 1469 quasi
3718 1405 3815 1469 qui

2212 1481 2432 1543 absque
2450 1479 2611 1530 initio
2629 1479 2721 1542 sit,
2751 1479 3190 1529 necessitatibus
3215 1483 3537 1542 temporum
3555 1481 3816 1538 subjacere

2214 1564 2329 1603 non
2356 1551 2553 1615 possit.
2579 1550 2711 1602 Ideo
2743 1550 2919 1614 igitur
2950 1563 3057 1601 nos
3076 1562 3305 1614 quoque
3320 1550 3814 1610 illos'consulamus,

2213 1623 2643 1686 quodammodo
2663 1622 2918 1686 ipsorum
2936 1622 3375 1685 interrogatione
3399 1625 3652 1682 utentes,
3667 1628 3723 1669 ut
3743 1623 3814 1669 sic

2214 1695 2551 1759 ﬁgmentum
2577 1706 2769 1754 suum,
2787 1693 2942 1757 quod
2953 1693 3134 1745 Graeci
3152 1693 3446 1757 sophisma
3458 1697 3689 1755 vocant,
3710 1694 3815 1740 illis

2215 1772 2474 1831 apertum
2500 1767 2599 1817 fiat
2621 1778 2687 1817 ac
2710 1765 2963 1829 planum.
2983 1765 3159 1815 Dicite
3174 1765 3341 1816 nobis
3358 1777 3480 1824 vos,
3496 1765 3665 1816 Solus
3677 1778 3810 1815 cum

2217 1844 2371 1891 esset
2390 1840 2546 1889 Deus
2569 1837 2989 1889 misericordias
3014 1837 3230 1899 genuit,
3255 1849 3328 1887 an
3355 1839 3508 1887 non?
3542 1836 3809 1900 quoniam

2144 1921 2198 1995 B
2220 1910 2642 1995 beatusPaulus
2665 1915 2883 1995 patrem
2909 1908 3427 1995 miseric'ordiarum
3441 1907 3812 1995 Dleunlnomi:

2217 1986 2333 2043 nat,
2388 1983 2468 2033 ita
2512 1982 2729 2041 dicens,
2773 1982 3086 2031 Benedictus
3131 1981 3285 2043 Deus,
3331 1985 3553 2043 etpater
3590 1979 3812 2027 Domini

2218 2053 2389 2101 nostri
2423 2054 2552 2102 Jesu
2588 2053 2807 2116 Christi,
2852 2059 3004 2116 pater
3043 2052 3547 2101 misericordiarum
3574 2050 3649 2111 (‘2.
3688 2051 3809 2100 Cor.

2220 2124 2270 2178 1.
2318 2124 2390 2187 3.)
2432 2126 2497 2175 Et
2533 2125 2582 2175 si
2624 2125 2750 2176 ausi
2796 2124 3030 2175 fuerunt
3072 2123 3277 2185 dicere,
3311 2123 3460 2186 quod
3497 2122 3657 2173 solus
3680 2135 3808 2173 cum

2218 2202 2377 2248 esset
2398 2197 2613 2260 genuit,
2638 2209 2745 2247 nos
2774 2208 3003 2260 quoque
3028 2195 3169 2258 ipsis
3204 2195 3282 2245 ita
3314 2193 3811 2259 respondebimus,

2219 2281 2321 2319 cur
2341 2281 2459 2319 non
2490 2268 2564 2319 sit
2585 2268 2827 2331 impium
2846 2279 2913 2319 ac
2929 2267 3208 2318 nefarium
3227 2266 3410 2317 dicere
3426 2265 3579 2328 quod
3593 2266 3701 2316 fuit
3716 2264 3813 2315 ali-

2219 2341 2449 2404 quando
2499 2340 2650 2391 Deus
2689 2341 2908 2403 absque
2952 2337 3374 2402 misericordiis,
3420 2338 3632 2401 quippe
3680 2349 3807 2387 cum

2218 2413 2375 2463 Deus
2398 2410 2915 2462 misericordiarum
2941 2410 3070 2461 fons
3100 2410 3396 2470 habeatur,
3434 2413 3491 2460 et
3513 2420 3807 2472 nunquam

2220 2482 2516 2546 pravitatis
2541 2487 2703 2547 pater
2714 2482 2890 2533 fuisse
2908 2481 3195 2538 credatur,
3219 2484 3286 2531 ut
3302 2492 3432 2531 cum
3455 2479 3701 2545 primum
3717 2481 3811 2526 mi-

2220 2553 2657 2605 sericordiarum
2690 2558 2849 2617 pater
2884 2565 2997 2603 non
3034 2556 3208 2614 esset,
3243 2564 3439 2603 earum
3474 2555 3672 2615 postea
3692 2549 3809 2600 fieri

2217 2631 2378 2690 pater
2399 2626 2688 2689 inciperet.
2719 2624 2817 2675 Sin
2839 2637 2998 2686 vero,
3022 2624 3271 2674 vitantes
3301 2623 3447 2673 hanc
3470 2627 3726 2686 apertam
3743 2621 3809 2670 de

2219 2698 2335 2749 Deo
2350 2696 2782 2761 blasphemiam,
2803 2696 3068 2755 dixerint,
3089 2697 3214 2746 Non
3228 2694 3331 2745 fuit
3349 2693 3658 2757 aliquando
3673 2696 3808 2741 solus

2218 2770 2439 2832 absque
2455 2767 2882 2829 misericordiis,
2907 2767 3383 2832 respondebimus
3399 2766 3537 2830 ipsis
3552 2767 3698 2813 etiam
3719 2768 3809 2813 hoc

2220 2842 2410 2905 modo,
2435 2840 2593 2892 Sicut
2613 2840 2790 2903 igitur
2820 2837 2974 2907 612
3012 2840 3166 2890 Deus
3188 2849 3484 2900 nunquam
3501 2837 3661 2888 solus
3685 2837 3806 2886 sine

2221 2911 2625 2975 misericordia,
2640 2912 2822 2962 factus
2848 2916 2937 2963 est
2962 2914 3161 2974 postea
3183 2908 3692 2961 misericordiarum
3714 2920 3806 2971 pa-

2221 2988 2306 3036 ter
2337 3001 2348 3033 :
2398 2985 2479 3035 sic
2519 2984 2693 3035 etiam
2736 2995 2853 3033 non
2898 2982 3058 3033 solus
3083 2986 3270 3044 antea,
3304 2983 3496 3044 postea
3521 2979 3805 3043 Unigeniti

2220 3055 2343 3108 Filii
2388 3061 2549 3121 pater
2593 3054 2856 3106 efficitur.
2901 3056 3134 3119 Semper
3168 3053 3320 3105 enim
3358 3053 3510 3105 Deus
3540 3056 3700 3117 pater
3721 3056 3805 3102 est

2222 3128 2504 3192 Unigeniti
2531 3128 2620 3178 sui
2646 3127 2745 3178 Dei
2773 3126 2962 3177 Verbi.

2284 3201 2424 3252 LVI.
2462 3199 2560 3249 Sin
2582 3202 2776 3250 autem
2800 3210 3021 3257 rursus,
3039 3196 3096 3247 in
3123 3208 3229 3248 sua
3254 3196 3511 3248 vanitate
3534 3195 3805 3246 durantes

2222 3271 2492 3333 dixerint,
2512 3270 2647 3334 quia
2660 3268 2718 3320 id
2730 3268 2885 3332 quod
2908 3272 3111 3319 natum
3128 3273 3233 3333 est,
3252 3268 3632 3318 substantiam
3650 3268 3809 3326 signi-

2145 3341 2193 3415 ρ
2223 3343 2358 3395 ilcat
2387 3342 2637 3398 deitatis,
2680 3343 2835 3392 Deus
2866 3345 3065 3415 autem
3098 3342 3262 3415 Pater
3286 3352 3402 3415 non
3422 3342 3719 3415 natusest,
3754 3342 3807 3388 et

2225 3415 2397 3465 Filius
2442 3418 2633 3477 natus,
2675 3424 2792 3465 una
2834 3411 3148 3475 eademque
3200 3411 3378 3463 Patris
3422 3416 3478 3461 et
3523 3410 3643 3461 Fiiii
3684 3421 3807 3460 esse

2221 3486 2542 3537 substantia
2581 3497 2701 3536 non
2755 3489 2980 3549 potest:
3028 3483 3255 3534 discant
3293 3482 3449 3546 quod
3474 3494 3591 3533 non
3612 3487 3807 3532 natum

2221 3558 2611 3609 substantiam
2642 3556 2873 3607 minime
2908 3554 3208 3619 signiﬁcat.
3239 3556 3380 3605 Nam
3406 3554 3453 3605 si
3476 3566 3591 3605 non
3615 3557 3807 3604 natum

2221 3634 2357 3681 nato
2383 3628 2608 3680 videtur
2623 3640 2745 3680 eSse
2758 3627 3128 3687 contrarium,
3148 3626 3484 3677 substantias
3496 3622 3690 3677 autem
3701 3640 3809 3673 con-

2223 3702 2458 3753 trarium
2481 3701 2623 3751 nihil
2650 3705 2756 3755 est,
2778 3700 3029 3762 profecto
3056 3711 3173 3749 non
3191 3703 3389 3749 natum
3404 3698 3639 3748 minime
3662 3704 3807 3758 potest

2221 3786 2349 3826 esse
2373 3772 2719 3824 substantia.
2748 3774 2816 3823 Et
2830 3771 2993 3822 aliter
3016 3770 3066 3820 si
3083 3769 3475 3821 substantiain
3493 3782 3560 3821 eo
3578 3769 3804 3832 quodest

2219 3847 2514 3905 asseritur,
2552 3857 2673 3896 non
2716 3848 2920 3895 natum
2964 3846 3159 3893 autem
3188 3841 3245 3892 in
3286 3854 3353 3893 eo
3390 3841 3539 3903 quod
3566 3854 3683 3892 non
3704 3845 3804 3900 est,

2222 3919 2357 3983 quia
2384 3930 2505 3968 non
2539 3920 2741 3968 natum
2765 3920 2873 3979 est,
2904 3914 3157 3979 profecto
3181 3925 3297 3964 non
3318 3918 3518 3964 natum
3546 3914 3803 3964 substan-

2222 3990 2300 4041 tia
2322 4002 2437 4040 non
2460 3992 2567 4041 est.
2584 3991 2651 4039 Et
2673 3986 2963 4046 iterum,si
2986 3986 3312 4037 substantia
3333 3998 3431 4049 per
3442 3988 3804 4048 semetipsam

2220 4067 2483 4113 constare
2525 4059 2863 4121 dinoscitur,
2898 4070 3015 4109 non
3047 4061 3251 4107 natum
3275 4062 3464 4107 autem
3489 4070 3604 4107 non
3628 4070 3724 4121 per
3750 4068 3805 4106 se

2220 4137 2466 4191 constat,
2494 4132 2596 4183 sed
2621 4131 2691 4183 de
2717 4129 3042 4181 substantia
3059 4128 3265 4179 dicitur
3280 4141 3410 4191 qua:
3425 4141 3542 4179 non
3559 4133 3689 4180 nata
3702 4133 3803 4187 est,

2219 4206 2471 4272 profecto
2495 4217 2609 4255 non
2632 4208 2834 4255 natum
2856 4214 2973 4253 non
2995 4205 3087 4252 est
3101 4200 3442 4251 substantia.

2284 4278 2448 4328 LVII.
2476 4278 2701 4327 Rursus
2733 4275 2909 4326 etiam
2934 4274 2984 4325 si
3008 4272 3281 4333 dixerint,
3321 4272 3376 4323 Si
3404 4274 3689 4323 Paternon
3708 4283 3805 4323 na-

2224 4354 2319 4401 tus
2330 4354 2420 4402 est
2438 4348 2756 4400 secundum
2769 4346 3174 4405 substantiam,
3194 4343 3373 4396 Filius
3393 4356 3521 4395 vero
3536 4349 3708 4395 natus
3722 4350 3804 4406 est,

2220 4423 2342 4475 nati
2385 4426 2443 4473 et
2475 4433 2592 4472 non
2631 4423 2751 4471 nati
2795 4431 2915 4470 una
2943 4430 3061 4469 non
3084 4422 3273 4482 potest
3294 4430 3421 4467 esse
3445 4417 3765 4467 substantia
3791 4431 3802 4465 :

2222 4496 2447 4545 discant
2472 4492 2681 4556 adhuc,
2700 4491 2853 4555 quod
2871 4503 2989 4541 non
3012 4489 3336 4541 necessario
3359 4489 3803 4539 substantiarum

2222 4566 2431 4619 modus
2456 4565 2717 4617 diversas
2734 4563 2869 4614 facit
2894 4562 3273 4613 substantias.
3292 4563 3486 4623 Neque
3503 4560 3674 4624 enim,
3694 4564 3804 4622 quia

2219 4639 2430 4689 dicitur
2458 4638 2616 4688 Deus
2640 4634 2804 4686 Pat’er
2825 4646 2956 4685 esse
2984 4646 3095 4685 non
3122 4638 3314 4695 natus,
3331 4632 3536 4683 dicitur
3557 4636 3743 4683 autem
3754 4636 3803 4682 et

2223 4708 2561 4762 immortalis
2586 4707 2866 4769 similiter,
2893 4710 2948 4756 et
2975 4703 3443 4769 incorruptibilis,
3461 4706 3572 4753 ideo
3593 4706 3804 4753 diversas

519 4784 647 4823 rum
663 4770 833 4824 factae
850 4772 1112 4826 caelestes
1126 4775 1505 4835 virtutes,etsi
1521 4775 1747 4828 initium
1764 4777 1981 4829 habent
1995 4782 2112 4826 sub-
2144 4768 2199 4841 D
2223 4782 2458 4833 habebit
2486 4768 2863 4841 substantias,
2882 4777 3092 4842 quippe
3106 4768 3237 4828 cum
3252 4788 3367 4827 non
3390 4777 3462 4826 sit
3476 4792 3633 4825 unum
3650 4779 3801 4825 idem-

520 4842 769 4905 stantim,
794 4856 1095 4908 nunquam
1119 4850 1313 4899 tamen
1341 4860 1471 4898 esse
1494 4847 1785 4909 desinunt,
1809 4862 1877 4901 ac
1900 4850 2116 4913 perhoc

517 4928 635 4967 non
646 4928 817 4968 omne
833 4917 990 4980 quod
1005 4919 1179 4982 cmpit
1190 4920 1309 4982 jam
1326 4923 1384 4971 et
1399 4919 1599 4972 desiet.
1613 4924 1739 4983 Ergo
1754 4924 1993 4982 quoniam
2010 4937 2119 4982 pro-

516 4988 717 5039 batum
729 4993 835 5049 est,
850 4988 1005 5053 quod
1016 5002 1134 5040 non
1145 5002 1315 5043 omne
1326 4991 1476 5054 quod
1491 4992 1703 5044 desinit
1716 5001 1765 5042 et
1779 4996 1994 5057 cmpit,et
2005 4996 2119 5041 ideo

518 5068 536 5088 °
559 5058 774 5112 desinit
785 5061 943 5113 nasci
956 5061 1294 5127 Unigenitus
1312 5066 1464 5116 Deus
1482 5064 1678 5125 Filius,
1692 5071 1906 5114 attamen
1922 5080 2021 5112 non
2040 5069 2120 5113 ha-

521 5130 617 5183 bet
632 5132 812 5184 Nativi
822 5134 956 5185 tatis
974 5134 1369 5187 initium.Nam
1388 5138 1611 5200 absque
1624 5137 1787 5189 initio
1799 5141 1887 5188 est
1904 5152 1964 5185 ex
1981 5140 2120 5186 Patre

516 5203 791 5257 nativitas
807 5206 947 5271 Filii,
963 5207 1175 5273 quippe
1185 5221 1316 5261 cum
1328 5210 1608 5262 naturalis
1626 5209 1843 5261 scilicet
1859 5212 2115 5258 habeatur.

582 5357 601 5377 ι
630 5349 795 5400 Desiit
818 5352 972 5401 nasci
997 5352 1244 5418 Filium.]
1264 5354 1520 5407 Desiisse
1540 5353 1700 5404 nasci
1724 5352 1905 5403 illium
1922 5358 2120 5405 auctor

516 5417 632 5472 iste
654 5434 772 5473 non
794 5423 1002 5476 renuit.
1030 5424 1138 5476 Sed
1159 5424 1694 5489 aliterAugustinus
1710 5428 1909 5476 contra
1920 5427 2117 5474 eosdem

519 5492 794 5545 Arrianos
817 5494 1122 5560 disputans
1137 5497 1195 5547 in
1216 5497 1471 5560 Epistola
1494 5496 1598 5551 174
1641 5497 1712 5547 ad
1734 5497 2116 5550 Pascentium:

524 5564 666 5622 Quid
688 5581 811 5629 ergo
834 5567 1091 5630 dicemus,
1116 5569 1343 5631 inquit?
1380 5569 1441 5619 Si
1474 5575 1636 5617 natus
1660 5574 1730 5618 est
1754 5570 1901 5630 filius
1934 5570 2032 5619 Dei
2057 5570 2118 5617 de

518 5644 690 5707 patre,
714 5637 838 5701 jam
857 5646 1011 5703 pater
1046 5639 1241 5689 destitit
1274 5642 1490 5705 gignere
1516 5659 1527 5690 :
1568 5647 1612 5691 et
1635 5642 1682 5690 si
1706 5642 1921 5703 desii/it,
1947 5643 2113 5707 czepit.

524 5706 583 5755 Si
612 5716 793 5759 autem
816 5712 965 5773 caepit
989 5712 1225 5773 gignere,
1250 5714 1357 5775 fuit
1377 5714 1682 5779 aliquando
1707 5715 1823 5763 sine
1844 5715 1973 5775 ﬁlio.
2017 5714 2118 5763 Sed

524 5792 832 5850 numquam
872 5783 979 5844 fuit
1015 5785 1131 5832 sine
1174 5785 1304 5847 ﬁlio,
1345 5786 1480 5848 quia
1513 5786 1660 5847 [ilius
1695 5785 1807 5850 ejus
1847 5786 2118 5850 sapientia

521 5848 633 5928 ej'us
668 5857 764 5928 est,
808 5869 928 5928 qua:
960 5856 1164 5903 candor
1199 5862 1270 5906 est
1307 5856 1439 5907 lucis
1482 5848 1887 5921 teterntefErgo
1908 5848 2120 5920 semper

524 5921 698 5992 gignit
718 5927 888 5984 pater,
913 5929 959 5973 et
996 5940 1200 5989 semper
1233 5930 1480 5979 nascitur
1506 5931 1673 5992 filius.
1710 5932 1917 5983 Exstat
1936 5930 2119 5981 Theo-

529 5990 650 6042 dori
668 5993 934 6044 monachi
955 5995 1181 6049 libellus
1196 5999 1304 6051 hoc
1323 5990 1512 6063 titulo,
1536 6002 1793 6061 Ἀπόδειξις
1815 6001 1886 6054 ὅτι
1910 6004 1937 6055 ὁ
1959 5998 2119 6068 πατὴρ

2216 4867 2326 4919 que
2349 4865 2466 4903 non
2489 4857 2689 4903 natum
2723 4855 2780 4901 et
2803 4848 3224 4900 immortalevel
3249 4847 3684 4912 incorruptibile.
3699 4860 3802 4898 cae-

2218 4929 2451 4988 teraque
2474 4924 2563 4974 his
2593 4921 2816 4973 similia.
2837 4922 2995 4972 Sicut
3018 4920 3329 4985 igiturhaac
3353 4932 3484 4971 cum
3507 4919 3577 4971 de
3604 4921 3714 4971 Deo
3725 4918 3803 4969 di-

2215 4999 2447 5058 cuntur,
2462 4995 2723 5045 diversas
2736 4992 3093 5045 substantias
3107 4992 3339 5043 minime
3350 4993 3719 5055 signiﬁcant,sic
3730 5006 3803 5039 ne-

2217 5083 2328 5133 que
2353 5072 2555 5118 natum
2569 5072 2627 5119 et
2649 5078 2765 5118 non
2778 5071 2981 5118 natum
2994 5065 3252 5117 diversas
3268 5068 3571 5113 substantias
3590 5079 3797 5124 unquam

2216 5140 2443 5191 facient.
2474 5140 2667 5202 Neque
2682 5139 2834 5189 enim
2848 5139 2980 5201 quia
2992 5137 3177 5189 Adam
3194 5136 3427 5201 quidem
3440 5150 3540 5184 non
3560 5141 3703 5184 natus
3713 5142 3792 5193 est,

2216 5211 2353 5264 Seth
2379 5215 2573 5263 autem
2586 5213 2777 5273 natus,
2792 5210 2917 5262 ideo
2942 5209 3170 5261 diversa
3195 5212 3283 5260 est
3303 5219 3502 5260 eorum
3518 5208 3795 5255 substantia.

2215 5351 2292 5408 ἀεὶ
2331 5359 2507 5425 γεννᾷ,
2540 5355 2567 5405 ὁ
2606 5353 2658 5405 δὲ
2699 5354 2801 5411 υἱὸς
2838 5349 2913 5406 ἀεὶ
2948 5359 3193 5419 γεννᾶται.
3235 5350 3624 5425 Demonstralio
3666 5349 3795 5425 quod

2214 5426 2379 5477 Pater
2425 5422 2635 5490 semper
2658 5426 2853 5489 gignit,
2887 5425 3059 5474 Filius
3086 5439 3205 5473 vero
3229 5438 3434 5487 semper
3454 5422 3716 5490 gignitur,
3737 5424 3793 5490 In

2215 5511 2328 5563 quo
2345 5488 2582 5562 quidem
2598 5488 2747 5549 inter
2763 5502 2952 5548 cetera
2971 5497 3053 5548 sic
3069 5496 3439 5547 ratiocinatur
3463 5512 3472 5543 :
3502 5494 3605 5546 Ἔτι
3628 5493 3677 5544 δὲ
3702 5488 3791 5563 ἐπεῖ

2213 5562 2269 5621 τὸ
2305 5574 2567 5635 γεννᾶσθαι
2596 5572 2679 5621 τὸν
2716 5570 2821 5621 υἱὸν
2861 5566 2950 5621 οὐκ
2979 5569 3100 5620 ἄλλο
3138 5568 3364 5631 σημαίνει
3397 5568 3429 5630 ἢ
3462 5568 3515 5616 τὸ
3554 5567 3674 5635 ἔχειν
3716 5562 3788 5625 τὴν

2215 5633 2412 5707 ὕπαρξιν
2455 5637 2510 5693 ἐκ
2539 5651 2620 5692 τώ
2649 5643 2827 5707 πατρὸς
2862 5661 2872 5671 ’
2920 5637 2994 5692 ἀεὶ
3033 5641 3086 5691 δὲ
3119 5640 3352 5705 πατρόθεν
3394 5641 3495 5704 ἕχει
3537 5633 3618 5699 τὴν
3654 5636 3789 5701 ὕπαρ-

2216 5718 2279 5772 ξιν
2312 5731 2322 5761 :
2363 5710 2440 5764 ἀεὶ
2468 5714 2559 5780 ἄρα
2590 5723 2831 5779 γεννᾶται.
2868 5713 2951 5761 Ad
2979 5714 3084 5762 haec
3114 5713 3243 5776 quia
3269 5711 3421 5774 gigni
3444 5710 3615 5773 [ilium
3652 5708 3790 5756 alim!

2216 5800 2325 5834 non
2342 5785 2629 5847 significat,
2657 5802 2825 5850 quam
2842 5786 3121 5833 essentiam
3145 5783 3333 5833 habere
3360 5798 3394 5831 α
3416 5787 3584 5847 patre,
3606 5798 3635 5827 (ι
3656 5787 3788 5843 patre

2216 5864 2395 5907 autem
2420 5875 2623 5924 semper
2649 5859 2800 5909 habet
2824 5859 3122 5919 essentiam,
3144 5872 3345 5921 semper
3372 5857 3552 5921 utique
3566 5855 3787 5919 gignitur

2280 5939 2298 5959 '
2330 5932 2457 5992 MS.,
2475 5933 2711 5982 Destivit.

2279 6008 2297 6030 ‘
2324 6002 2451 6066 Ms.,
2479 6004 2677 6054 Desinit
2706 6004 2858 6052 nasci
2888 6001 3206 6066 Unigenitus
3222 6000 3361 6050 Deus
3384 5998 3570 6050 Fitius.
