3894 6420
85 378 230 435 1153

1462 388 1674 440 LIBER
1706 388 1802 440 DE
1837 387 2024 440 FIDE.

3251 391 3393 449 1154

146 493 351 575 LYIII.
376 492 476 575 Sin
498 499 693 575 autem
711 496 1152 575 perseverarint,
1178 496 1435 575 dicentes
1460 497 1614 575 quod
1631 498 1689 549 id
1714 502 1770 575 Α
1794 497 2046 550 famulus
2070 498 2171 575 De_i
2205 500 2435 575 Moyses
2460 500 2540 575 ita
2568 499 2793 575 dicens,
2824 500 2894 575 Et
2914 501 3037 565 fecit
3060 500 3199 550 Deus
3225 502 3394 575 hami“

84 563 245 626 quod
267 569 361 616 est
391 564 514 616 sine
538 566 699 617 initio
715 567 885 618 etiam
896 580 1011 619 non
1030 572 1230 620 natum
1254 572 1362 632 est,
1381 574 1686 630 etquoniam

83 633 273 686 Filius
302 641 478 687 natus
501 642 609 694 est,
636 637 759 688 sine
774 638 937 689 initio
949 653 1075 691 esse
1095 644 1439 703 nonpotest:
1466 641 1690 691 discant

79 708 224 769 quia
252 707 305 758 si
329 720 448 758 non
471 708 610 770 quid
636 709 760 761 sine
785 709 946 762 initio
972 715 1082 771 est,
1105 711 1163 762 id
1181 712 1337 763 omni
1361 712 1688 763 modoetiam

77 792 202 831 non
228 784 436 831 natum
461 784 567 841 est,
596 793 662 832 eo
686 780 839 843 quod
864 795 982 833 non
1006 782 1054 832 si
1077 782 1213 846 quid
1241 782 1471 835 initium
1494 784 1688 846 habet,

75 850 135 903 id
174 852 344 904 omni
375 852 548 902 modo
585 852 760 903 etiam
791 857 995 905 natum
1019 858 1125 918 est,
1153 856 1425 918 quoniam
1446 855 1551 906 Dei
1583 856 1687 906 mi-

79 923 424 976 sericordia
468 922 591 975 sine
640 923 800 975 initio
846 925 1078 989 habita,
1103 938 1220 977 non
1264 927 1435 977 etiam
1472 927 1688 978 innata

73 1000 241 1059 sunt,
280 1007 493 1060 quippe
518 1007 651 1046 cum
681 1000 899 1059 patrem
932 996 1182 1049 habeant
1206 999 1404 1050 Deum.
1423 998 1692 1049 Similiter

72 1072 282 1119 autem
326 1067 532 1118 calum
570 1071 627 1118 et
664 1070 827 1130 terra,
868 1080 1001 1119 cum
1025 1069 1251 1119 initium
1280 1068 1548 1132 habeant,
1572 1082 1691 1121 non

80 1144 231 1189 sunt
257 1141 415 1197 nata,
438 1136 540 1187 sed
557 1143 764 1189 creata.
784 1140 976 1202 Neque
994 1140 1148 1190 enim
1165 1140 1211 1190 si
1229 1139 1369 1203 quid
1385 1148 1456 1189 est
1468 1147 1689 1189 creatum

75 1210 198 1261 hoc
222 1210 385 1261 omni
409 1208 576 1259 modo
600 1212 802 1259 natum
828 1214 932 1260 est.
965 1212 1109 1262 Nam
1133 1210 1183 1261 si
1203 1210 1355 1261 idem
1367 1215 1621 1263 creatum
1633 1215 1691 1262 et

76 1286 317 1341 natum,
341 1281 628 1344 superﬂuo
643 1280 838 1332 docuit
853 1282 1502 1345 EvangelistaJoannes,
1516 1285 1592 1333 ita
1606 1282 1690 1332 di-

74 1366 246 1416 cens,
275 1354 541 1416 Quotquot
586 1357 765 1401 autem
801 1358 1116 1416 acceperunt
1149 1368 1289 1413 eum,
1330 1354 1473 1403 dedit
1497 1354 1570 1402 eis
1592 1368 1689 1417 po-

75 1428 327 1472 testatem
361 1422 502 1485 ﬁlios
548 1422 642 1471 Dei
680 1422 800 1484 ﬁeri
843 1424 1025 1486 (Joan.
1052 1423 1259 1488 1.12.),
1281 1424 1564 1488 siquidem
1594 1424 1691 1487 qui

75 1493 271 1546 semel
294 1493 469 1546 creati
492 1498 628 1546 sunt
653 1494 760 1545 hoc
786 1494 1001 1547 habent
1030 1500 1093 1547 ut
1115 1498 1289 1547 etiam
1310 1496 1411 1547 lilii
1435 1498 1538 1547 Dei
1552 1496 1693 1547 ﬁant

74 1568 247 1618 Sicut
294 1566 470 1630 igitur
515 1569 773 1617 creatum
808 1570 866 1617 et
901 1571 1101 1618 nutum
1138 1568 1291 1619 idem
1318 1580 1435 1619 non
1466 1572 1573 1631 est,
1610 1569 1693 1619 sic

72 1640 261 1689 etiam
310 1650 429 1689 non
464 1639 716 1689 creatum
750 1642 808 1689 et
846 1651 962 1689 non
1002 1644 1204 1690 natum
1238 1640 1391 1692 idem
1421 1653 1539 1691 non
1561 1652 1693 1692 esse

72 1710 296 1774 potest,
340 1721 407 1760 eo
452 1708 606 1771 quod
636 1710 738 1759 Dei
772 1710 1200 1773 misericordia,
1235 1725 1369 1763 cum
1406 1712 1540 1775 sint,
1572 1724 1691 1763 non

77 1791 288 1833 tamen
312 1784 452 1831 sunt
484 1781 723 1832 innata.

142 1851 678 1904 LIX.Cumiterum
702 1864 809 1902 nos
838 1851 1509 1922 interrogaverint,6|3
1539 1866 1685 1917 quo-

77 1925 262 1978 modo
294 1924 449 1974 Deus
473 1936 646 1987 unus,
664 1922 909 1987 simplex
922 1938 1053 1977 cum
1080 1927 1154 1978 sit
1181 1926 1686 1990 etincompositus,

78 1998 255 2046 Pater
282 1992 456 2046 simul
481 1998 537 2045 et
570 1995 750 2045 Fit‘ius
778 2000 836 2046 et
873 1997 1116 2060 Spiritus
1152 2002 1392 2049 sanctus
1430 2010 1557 2048 esse
1592 2009 1694 2060 po-

79 2069 205 2120 test
232 2081 246 2117 :
273 2065 503 2116 discant
524 2065 680 2128 quod
705 2079 825 2118 non
841 2073 1138 2132 propterea
1160 2070 1317 2121 Deus
1339 2068 1552 2120 amittit
1567 2080 1697 2119 esse

79 2137 343 2202 simplex
366 2141 425 2189 et
446 2137 884 2203 incompositus,
911 2141 1185 2203 quoniam
1204 2140 1380 2192 habet
1396 2155 1555 2189 unum
1573 2142 1698 2189 Uni-

79 2211 358 2276 genitum
374 2210 627 2260 Verbum
641 2210 881 2262 substan
889 2213 1074 2263 tivum
1089 2212 1311 2276 aquale
1322 2215 1420 2262 sibi
1432 2227 1520 2273 per
1528 2214 1699 2260 omnia

80 2282 353 2334 similiier
366 2285 425 2334 et
436 2281 784 2346 Sapientiam
797 2284 1044 2335 substan
1051 2284 1222 2337 tivam
1237 2287 1477 2345 aqualem
1496 2286 1591 2333 sibi
1611 2299 1698 2344 per

81 2355 306 2409 omnia.
338 2354 447 2405 Sed
472 2354 520 2405 si
545 2353 797 2417 quidem,
815 2355 1005 2419 utipsi
1022 2360 1249 2419 putant,
1261 2356 1390 2407 ideo
1411 2355 1699 2419 composi-

83 2433 185 2480 tus
203 2431 314 2489 est,
333 2424 490 2489 quod
504 2425 860 2477 voluntatem
872 2427 1101 2490 habeat,
1119 2432 1175 2479 et
1189 2428 1362 2479 istam
1378 2441 1497 2480 non
1509 2440 1699 2492 aqua-

85 2503 210 2555 lem
236 2496 601 2560 substantia,
626 2498 837 2562 quippe
862 2512 1000 2551 cum
1012 2512 1133 2551 non
1157 2499 1309 2551 idem
1328 2500 1403 2551 sit
1418 2503 1700 2549 substantia

88 2578 150 2627 et
176 2571 451 2626 voluntas
476 2584 489 2619 :
525 2581 634 2620 nos
660 2573 856 2621 tamen
885 2584 1001 2622 non
1037 2571 1331 2623 imitamur
1352 2584 1553 2623 eorum
1572 2585 1699 2624 sen-

91 2644 357 2699 tentiam.
406 2640 515 2692 Sed
557 2641 650 2705 pie
693 2641 940 2693 dicimus
976 2647 1033 2694 et
1081 2643 1358 2708 religiose,
1397 2643 1551 2708 quod
1591 2643 1702 2696 etsi

89 2717 463 2771 voluntatem
499 2714 654 2765 Deus
684 2712 911 2778 habeat,
964 2717 1022 2766 et
1063 2714 1234 2766 istam
1277 2729 1393 2767 non
1417 2716 1701 2779 aqualem

92 2787 469 2846 substantia,
485 2789 681 2837 tamen
690 2786 763 2837 ab
775 2787 935 2837 omni
947 2790 1039 2838 est
1052 2788 1466 2851 compositione
1482 2791 1699 2837 alienus.

159 2861 285 2913 LX.
332 2858 477 2920 Quia
497 2857 670 2921 igitur
688 2856 841 2921 apud
867 2870 928 2910 se
952 2858 1222 2910 videntur
1245 2859 1432 2911 adhuc
1456 2873 1583 2911 esse
1609 2872 1700 2910 sa-

95 2934 348 3000 pientes,
387 2942 520 2980 cum
562 2941 664 2992 per
699 2928 895 2980 omnia
915 2930 1090 2981 nimis
1114 2931 1293 2995 inepti
1319 2931 1541 2995 probati
1564 2931 1697 2991 sint,

95 3007 212 3058 hoc
234 3002 411 3054 etiam
430 3013 538 3053 nos
564 3000 938 3065 interrogant,
962 3003 1259 3064 Quomodo
1282 3003 1403 3055 fieri
1424 3007 1703 3068 potest,ut

95 3088 259 3130 unus
284 3075 587 3136 Deus,una
610 3072 949 3136 substantia,
972 3076 1136 3125 Pater
1159 3079 1217 3126 et
1238 3075 1416 3125 Filius
1439 3076 1701 3126 nomine-

102 3152 216 3210 tur,
264 3146 537 3208 quoniam
571 3144 631 3194 hi
666 3144 763 3207 qui
805 3144 916 3196 hoc
955 3145 1174 3209 dicunt,
1210 3158 1390 3197 unum
1417 3159 1484 3197 ac
1508 3146 1697 3198 solum

99 3221 291 3270 Deum
334 3214 543 3266 Filium
588 3215 762 3266 simul
793 3220 851 3266 et
880 3217 1104 3268 Patrem
1142 3229 1242 3281 per
1278 3230 1456 3268 unam
1477 3223 1697 3281 partem

1795 585 1919 619 nem
1961 571 2254 620 secundum
2296 571 2594 635 imaginem
2632 571 2727 621 Dei
2761 571 2884 633 fecit
2925 586 3067 632 eum,
3091 572 3394 623 masculum

1790 648 1835 689 et
1850 642 2115 703 feminam
2127 642 2249 704 fecit
2262 656 2344 690 eos
2358 643 2506 704 (Gen.
2526 642 2576 695 1.
2595 641 2933 705 27.).Itidem
2948 644 3230 696 Dominus
3247 648 3395 693 etiam

1790 718 1988 764 noster
2008 716 2180 765 Jesus
2204 713 2466 765 Christus
2494 726 2555 765 se
2585 727 2769 765 unum
2793 717 2850 765 et
2863 716 3088 766 Patrem
3105 715 3280 768 simul
3292 729 3395 780 ap-

1792 783 1964 848 pellat
1990 790 2217 849 propter
2239 785 2629 848 aqualitatem
2648 786 3054 849 iunitatemque
3079 789 3396 852 substantia,

1790 854 1871 905 sic
1894 855 2111 918 dicens,
2140 855 2253 919 Ego
2276 861 2320 904 et
2344 856 2507 904 Pater
2530 870 2704 904 unum
2725 870 2916 905 sumus
2942 857 3120 917 (Joan.
3146 856 3231 911 10.
3264 856 3393 921 30.).

1792 926 1954 977 Unus
1978 926 2152 988 igitur
2176 928 2352 989 Deus,
2379 928 2544 978 Pater
2557 930 2612 977 et
2629 927 2808 978 Filius
2823 931 2879 978 et
2896 926 3137 991 Spiritus
3156 931 3394 980 sanctus

1791 1001 2021 1061 propter
2047 998 2342 1058 unitatem,
2366 998 2871 1061 aqualitatemque
2902 998 3268 1051 substantia.

1852 1071 1994 1120 LXI.
2027 1071 2173 1121 Nam
2211 1071 2363 1121 sicut
2398 1083 2606 1121 sensus
2638 1074 2837 1122 noster
2865 1082 3053 1121 sermo
3078 1070 3197 1121 ﬂeri
3234 1066 3391 1137 6|4

1788 1153 1904 1192 non
1934 1145 2144 1205 potest,
2170 1141 2382 1205 quippe
2406 1153 2540 1192 cum
2583 1142 2866 1193 sermonis
2889 1142 3073 1193 nostri
3119 1145 3278 1206 pater
3298 1140 3396 1191 ha-

1791 1213 1993 1263 beatur
2019 1213 2163 1277 ipse,
2190 1226 2378 1276 neque
2401 1212 2670 1266 ediverso
2695 1226 2884 1265 sermo
2909 1226 3117 1264 sensus
3139 1224 3393 1276 unquam

1792 1284 1908 1347 ilet,
1954 1285 2056 1335 scd
2086 1297 2272 1347 neque
2301 1290 2501 1336 nostra
2538 1285 2819 1348 sapientia
2848 1294 3055 1336 sensus
3092 1296 3159 1336 ac
3184 1294 3393 1335 sermo.

1793 1355 1903 1405 Sed
1927 1359 2017 1406 est
2037 1356 2246 1407 iterum
2270 1368 2483 1407 sensus
2506 1368 2793 1419 generans
2822 1368 3168 1412 sermonem,
3200 1359 3258 1406 et
3276 1367 3393 1406 non

1791 1427 1915 1489 ipse
1938 1430 2268 1490 generatur:
2297 1426 2557 1478 similiter
2580 1431 2774 1478 autem
2804 1432 2861 1478 et
2883 1439 3068 1478 sermo
3092 1430 3396 1491 generatur

1793 1501 2032 1561 tantum,
2050 1511 2166 1549 non
2187 1504 2422 1562 generat
2438 1515 2448 1546 :
2468 1498 2589 1562 pari
2599 1499 2820 1549 ratione
2835 1503 2895 1550 et
2913 1498 3192 1563 sapientia
3205 1508 3396 1560 neque

1791 1573 2045 1634 generat,
2072 1582 2261 1633 neque
2284 1574 2611 1633 generatur.
2632 1571 2849 1621 Sensus
2871 1575 3068 1621 autem
3090 1576 3257 1618 noster
3279 1582 3393 1617 cum

1793 1642 1870 1691 sit
1893 1640 2142 1705 sapiens,
2168 1646 2227 1693 et
2250 1640 2593 1705 sapientiam
2610 1641 2840 1705 habeat,
2858 1640 3025 1704 quasi
3039 1638 3392 1692 rationabilis

1793 1724 2118 1764 sermonem
2158 1717 2386 1764 tantum
2423 1716 2677 1777 generat.
2715 1713 3002 1776 Sapientia
3038 1713 3248 1763 iterum
3270 1722 3391 1762 non

1788 1788 2023 1846 generat
2049 1796 2402 1836 sermonem:
2426 1783 2529 1835 86d
2539 1788 2627 1836 est
2648 1796 2782 1834 cum
2797 1796 2974 1834 sensu
2988 1795 3119 1834 vere
3136 1784 3320 1844 pariter
3339 1796 3397 1830 ac

1722 1874 1769 1947 Β
1793 1856 2202 1947 ῗῗῗΨῖ¹ΞὲῗίίΞ
2241 1858 2933 1947 Ρῗῗιὲἓῖδτὲῗίἓυὲἓῗῗίὲ
2944 1854 3399 1947 Ϋὲίὲἳὶἓῗνὶὲἓὲἴ

1793 1929 1923 1991 test,
1958 1939 2150 1991 neque
2175 1941 2206 1979 e
2236 1928 2469 1979 diverso
2496 1926 2675 1978 Filius
2698 1929 2881 1979 Pater.
2910 1926 3013 1977 sed
3027 1939 3216 1989 neque
3238 1923 3402 1989 Spiri-

1796 2001 1888 2049 tus
1923 1999 2169 2050 Sanctus
2215 1998 2390 2049 Filius
2436 2002 2538 2049 aut
2575 2000 2753 2049 Pater.
2796 2000 3022 2049 Rursus
3050 1997 3224 2049 etiam
3252 1997 3400 2047 Deus

1794 2071 1958 2119 Pater
1981 2071 2185 2133 genuit
2197 2069 2433 2134 quidem
2456 2069 2703 2133 Unigeni
2711 2074 2833 2121 tum
2849 2071 3037 2120 Deum
3048 2069 3400 2128 Verbum,ipse

1794 2143 1989 2191 autem
2012 2153 2129 2191 non
2153 2146 2243 2191 est
2265 2146 2456 2203 natus,
2473 2140 2652 2190 Filius
2681 2151 2813 2191 vero
2835 2142 3009 2190 natus
3041 2137 3395 2201 estquidem,

1792 2224 1908 2265 non
1934 2212 2107 2263 etiam
2129 2213 2347 2275 genuit.
2362 2211 2603 2275 Spiritus
2619 2214 2812 2261 autem
2833 2213 3074 2262 sanctus
3090 2221 3283 2273 neque
3296 2221 3396 2261 na-

1795 2292 1889 2338 tus
1914 2293 2021 2349 est,
2049 2296 2237 2347 neque
2258 2283 2477 2347 genuit.
2508 2282 2620 2333 Sed
2645 2286 2711 2333 ut
2729 2283 2985 2346 apertius
3006 2279 3398 2344 dicam,sicuti

1794 2359 1898 2411 Dei
1923 2356 2106 2411 Patris
2129 2353 2554 2417 misericordia,
2575 2366 2708 2405 cum
2718 2357 2875 2405 nata
2900 2353 3018 2405 sint
3040 2366 3074 2405 a
3093 2357 3255 2417 patre
3277 2365 3397 2404 non

1793 2436 1943 2493 nato,
1965 2425 2420 2492 conglutinatam
2438 2425 2671 2489 penitus
2684 2426 2899 2476 habent
2916 2426 3225 2473 innativitati
3237 2425 3395 2486 patris

1796 2502 2253 2567 generationem:
2293 2498 2375 2549 sic
2412 2498 2586 2549 etiam
2621 2497 3025 2549 substantivus
3049 2495 3395 2560 Unigenitus

1797 2576 1974 2626 Filius
1989 2574 2092 2625 Dei
2108 2568 2562 2635 conglutinatam
2587 2570 2819 2634 penitus
2843 2569 3019 2620 habet
3034 2570 3217 2619 Patris
3234 2568 3397 2631 inge-

1796 2644 2078 2698 nerationi
2107 2642 2491 2705 nativitatem,
2517 2640 2728 2705 quippe
2753 2653 2888 2692 cum
2913 2638 3180 2705 splendor
3200 2638 3398 2703 gloria

1799 2718 1873 2769 sit
1905 2722 1963 2769 et
1986 2717 2163 2769 forma
2192 2714 2296 2765 Dei
2319 2712 2788 2765 substantia.Sic
2814 2712 2969 2763 enim
2997 2711 3173 2763 etiam
3194 2711 3398 2762 beatus

1799 2788 2012 2840 Paulus
2045 2787 2118 2839 ad
2148 2786 2426 2838 Hebraos
2450 2783 2713 2836 scribens
2737 2783 2892 2845 dicit,
2921 2783 3025 2841 Qui
3048 2788 3122 2831 est
3148 2781 3400 2847 splendor

1797 2861 1998 2924 gloria,
2025 2865 2070 2909 et
2097 2859 2282 2923 ﬁgura
2305 2856 2613 2906 substantia
2643 2854 2757 2918 ejus
2780 2854 2957 2915 (Hebr.
2986 2852 3036 2907 1.
3064 2852 3155 2916 3.).
3173 2850 3398 2924 Splen-

1799 2923 1995 2984 dorem
2041 2931 2215 2995 igitur
2253 2929 2437 2980 Patris
2470 2928 2677 2978 Filium
2715 2938 2851 2977 cum
2895 2926 3108 2976 Paulus
3153 2923 3397 2974 dixisset

1796 3002 2129 3068 Apostolus,
2147 3001 2410 3067 prabavit
2420 3004 2615 3063 aperte
2634 2998 2788 3062 quod
2804 3010 2877 3049 ex
2902 2995 3230 3048 substantia
3241 2997 3396 3068 Patris

1796 3065 1975 3127 Filius
1999 3065 2188 3136 esu—et
2210 3072 2365 3136 quod
2388 3069 2789 3134 inseparabilis
2814 3070 2906 3122 vel
2930 3068 3223 3120 ind.visus
3247 3065 3398 3117 Patri

1796 3146 1971 3198 Filius
1999 3147 2262 3207 habetur,
2288 3148 2345 3195 et
2368 3142 2523 3207 quod
2549 3154 2775 3206 semper
2802 3154 2919 3192 una
2945 3153 3077 3190 cum
3099 3141 3263 3190 Patre
3286 3142 3393 3190 est.

1800 3220 2071 3282 Figuram
2113 3228 2316 3268 rursus
2341 3215 2463 3276 Dei,
2489 3213 2834 3265 substantia
2858 3222 3203 3272 memorans,
3228 3209 3397 3261 docet

97 3287 380 3365 orationis
397 3286 764 3365 pronuntiare
789 3289 1063 3365 assolent,
1084 3289 1272 3365 quasi
1287 3299 1304 3317 ι
1329 3292 1523 3365 (irace
1546 3290 1703 3341 dica-
1729 3291 1776 3365 C
1803 3281 1957 3354 quod
1981 3287 2266 3365 aqualem
2288 3286 2462 3365 habet
2476 3284 2653 3365 Filius
2675 3284 2859 3365 Patris
2877 3281 3220 3334 substantia.
3239 3283 3397 3365 latitet

101 3366 200 3413 tur
231 3359 478 3423 υἱοπάτωρ
511 3357 737 3408 discant
765 3371 884 3409 non
911 3358 972 3409 in
994 3360 1197 3410 eadem
1220 3359 1319 3410 diu
1348 3360 1553 3411 debere
1580 3374 1702 3424 per-

100 3443 370 3484 severare
398 3428 656 3481 stultitia.
683 3431 879 3494 Neque
908 3431 1080 3495 enim,
1105 3432 1241 3494 quia
1257 3444 1411 3483 unus
1435 3438 1524 3484 est
1544 3435 1701 3484 Deus

99 3506 286 3563 Pater,
313 3503 557 3565 ejusque
574 3501 771 3562 Filius,
791 3515 857 3553 ac
882 3503 1093 3565 pariter
1113 3515 1230 3555 una
1253 3504 1580 3556 substantia
1600 3507 1701 3556 Pa-

101 3575 211 3628 tris
258 3578 316 3625 et
367 3573 510 3636 Filii,
540 3572 750 3624 idcirco
785 3572 957 3625 debet
998 3576 1157 3625 Deus
1197 3575 1446 3643 υἱοπάτωρ
1492 3577 1701 3641 vocari,

100 3646 319 3711 quippe
335 3657 465 3696 cum
482 3657 601 3696 non
614 3657 799 3696 unum
812 3658 1185 3709 personarum
1200 3660 1441 3699 numero
1453 3650 1701 3712 dicamus,

102 3718 209 3770 sed
233 3717 580 3768 substantia
605 3717 902 3768 communi
923 3719 1219 3770 vocabulo.
1248 3719 1704 3783 NamqueAdam

102 3788 287 3841 simul
308 3792 368 3839 et
390 3788 518 3851 ejus
542 3787 696 3839 illius
720 3788 882 3852 Abel,
908 3802 1063 3839 unus
1091 3790 1264 3841 homo
1287 3803 1421 3841 cum
1445 3795 1600 3841 esset
1621 3790 1705 3841 al-

102 3867 193 3913 ter
215 3872 449 3924 unaque
462 3860 672 3923 pariter
694 3860 1011 3924 eademque
1038 3862 1383 3925 substantia,
1398 3868 1598 3923 propter
1612 3877 1701 3911 na-

102 3938 257 3985 tura
282 3933 743 3983 communionem
758 3944 1057 3995 nunquam
1076 3933 1324 4000 υἱοπάτωρ
1343 3935 1531 3985 vocati
1547 3936 1704 3997 sunt,

103 4004 211 4056 sed
224 4016 301 4055 ne
313 4004 506 4055 vocari
522 4003 758 4067 quidem
774 4004 885 4055 hoc
899 4005 1133 4056 nomine
1146 4009 1425 4070 poterant.
1443 4005 1608 4068 Quod
1621 4021 1708 4054 au-

106 4081 227 4128 tem
244 4075 363 4126 duo
377 4088 619 4128 numero
635 4076 813 4127 simul
833 4076 1100 4128 homines
1115 4090 1271 4128 unus
1282 4077 1456 4129 homo
1469 4080 1707 4127 dicuntur

103 4147 533 4212 communione,
559 4153 626 4200 ut
648 4148 787 4214 dixi,
812 4154 871 4201 et
890 4150 1162 4202 societate
1184 4150 1606 4214 natura,testis
1618 4153 1708 4203 est

1801 3353 1950 3423 rum,
1976 3360 2145 3411 sicuti
2168 3359 2272 3409 Dei
2296 3356 2476 3408 Patris
2494 3354 2914 3418 immortalitas,
2928 3366 3113 3406 unum
3128 3365 3262 3404 cum
3278 3353 3397 3403 Deo

1800 3435 1966 3484 Patre
1988 3443 2104 3483 non
2125 3435 2279 3491 nata,
2298 3442 2412 3479 non
2436 3427 2645 3479 dicitur
2668 3431 2823 3492 nata,
2840 3437 3029 3490 neque
3045 3426 3171 3490 ipsa
3185 3424 3399 3488 pariter

1800 3515 2071 3569 generare
2095 3519 2106 3547 :
2134 3503 2217 3553 sic
2237 3502 2411 3553 etiam
2432 3500 2535 3551 Dei
2562 3499 2962 3550 substantivus
2978 3498 2998 3526 ι’
3023 3497 3267 3562 Spiritus
3293 3507 3399 3547 ne-

1802 3590 1914 3640 que
1942 3580 2117 3627 natus
2142 3579 2249 3633 est,
2275 3586 2465 3636 neque
2487 3572 2704 3636 genuit.
2730 3573 2813 3622 Ac
2837 3583 2937 3634 per
2959 3570 3067 3621 hoc
3087 3569 3263 3633 igitur
3283 3573 3400 3620 tres

1802 3660 2080 3715 personas
2113 3647 2294 3698 Patris
2331 3650 2390 3697 et
2425 3644 2549 3695 Filii
2572 3648 2629 3696 et
2653 3644 2896 3708 Spiritus
2920 3641 3105 3693 sancti
3135 3641 3401 3715 latentes,

1802 3713 1981 3772 unam
2004 3718 2295 3771 credimus
2317 3721 2549 3781 propter
2568 3716 2854 3767 unitatem
2874 3714 3219 3766 substantia
3230 3713 3398 3760 Trini-

1802 3792 1939 3844 tatis
1962 3802 2092 3842 esse
2119 3790 2407 3840 virtutem.
2435 3787 2704 3837 Similiter
2724 3790 2919 3837 autem
2941 3790 3172 3848 propter
3194 3782 3401 3833 indivi-

1802 3863 2024 3914 sionem
2046 3864 2291 3920 natura,
2316 3860 2544 3909 Patrem
2572 3862 2631 3908 et
2651 3856 2859 3908 Filium
2889 3859 2947 3906 et
2966 3855 3239 3918 Spiritum
3264 3865 3399 3903 san-

1804 3939 1981 3998 ctum,
2016 3944 2200 3983 unum
2237 3930 2566 3990 Dominum,
2605 3940 2790 3979 unum
2808 3928 2997 3977 Deum
3021 3925 3399 3998 Omnipoten-

1804 4010 1940 4067 tem,
1969 3994 2322 4065 Creatorem,
2358 4001 2731 4063 Provisorem,
2767 4010 2996 4062 semper
3019 4010 3080 4048 se
3105 4008 3172 4047 ac
3197 3994 3400 4047 simili-

1806 4082 1891 4129 ter
1912 4076 2221 4128 habentem
2255 4090 2267 4124 :
2293 4073 2388 4125 cui
2409 4073 2595 4126 honor
2614 4076 2674 4124 et
2696 4070 2876 4136 gloria
2893 4070 2953 4122 in
2978 4067 3195 4122 sacula
3218 4079 3403 4131 sacu-

1808 4150 2015 4202 lorum.
2040 4150 2246 4199 Amen.

103 4290 433 4376 Eaplz'cz't
482 4294 503 4321 °
561 4289 807 4374 Rufini
873 4250 1275 4377 Presbyteri
1329 4264 1714 4358 Provinciae
1778 4290 2164 4358 Palaestina
2221 4287 2422 4356 Liber
2489 4288 2574 4354 de
2628 4286 2829 4367 Fide,
2886 4281 3272 4353 translatus
3318 4281 3402 4350 de

222 4382 243 4405 ⁹
1121 4391 1354 4457 Graeco
1431 4390 1507 4455 in
1588 4389 1922 4457 Latinum
1989 4404 2402 4454 sermonem.

176 4563 196 4585 ι
221 4553 395 4631 Gnaeos
419 4552 633 4631 dicatur
665 4551 952 4631 piend'teopj
974 4552 1297 4631 Sabelliani,
1325 4553 1462 4617 quia
1490 4553 1713 4604 Patrem
1735 4557 1794 4631 D
1811 4552 2003 4631 igitur,
2035 4555 2099 4602 ut
2147 4553 2400 4631 apparet,
2440 4548 2569 4630 libri
2613 4546 2879 4631 hujus
2902 4546 3088 4631 fronte
3110 4545 3294 4631 iuerat
3314 4543 3405 4631 in:

108 4638 250 4679 cum
276 4624 416 4676 Filio
440 4624 890 4685 confundebant,
917 4626 1104 4677 Deum
1126 4624 1337 4676 idcirco
1356 4637 1494 4677 voce
1512 4640 1715 4685 compo-

108 4700 227 4750 sita
240 4697 512 4763 υίοπάτορα
545 4697 681 4746 Filio
697 4701 903 4760 patrem
929 4695 1308 4760 appellabant,
1335 4699 1468 4757 quod
1500 4698 1715 4744 aversati

109 4773 257 4822 sunt
302 4768 632 4820 Orthodoxi.
674 4769 1031 4820 Athanasius
1067 4769 1128 4819 in
1164 4766 1532 4833 Expositione
1562 4767 1712 4819 ildei.

110 4844 246 4898 Οὔτε
273 4843 364 4907 γὰρ
392 4841 663 4906 υἱοπάτορα
699 4848 960 4907 φρονοῦμεν
984 4881 995 4903 ,
1027 4838 1090 4898 ὡς
1133 4842 1177 4892 οἱ
1214 4842 1495 4904 Σαὸέλλιοι,
1536 4840 1715 4905 μονού-

111 4932 246 4976 σιον,
266 4915 352 4964 καὶ
375 4908 468 4979 οὐχ
493 4912 773 4977 ὁμοούσιον.
794 4912 978 4975 Neque
1001 4914 1147 4961 enim
1168 4914 1304 4962 Filio
1319 4918 1527 4977 patrem
1549 4911 1714 4961 senti-

114 5002 261 5050 mus,
283 4984 421 5033 sicut
444 4983 758 5047 Sabelliani,
797 4983 1335 5050 Solisubstantialem,
1361 4989 1406 5034 et
1430 5000 1543 5033 non
1577 4986 1712 5034 Con-

111 5056 546 5109 substantialem.
590 5058 656 5107 In
698 5054 953 5108 Ecclesia
1000 5060 1196 5108 autem
1242 5055 1520 5109 catholica
1562 5058 1717 5107 Deus

112 5130 372 5194 υἱοπάτωρ
417 5133 717 5193 propterea
756 5141 874 5180 non
908 5128 1134 5191 dicitur,
1180 5129 1314 5194 quia
1348 5129 1404 5179 in
1449 5140 1566 5180 uno
1598 5130 1718 5179 Deo

115 5210 243 5256 tres
265 5212 507 5252 numero
525 5201 785 5264 ejusdem
810 5200 1155 5253 substantia
1185 5214 1456 5265 personas
1475 5204 1716 5263 agnoscit,

115 5281 177 5329 et
201 5277 407 5325 contra
430 5285 604 5336 quam
629 5272 698 5325 de
726 5272 1060 5325 Sabellianis
1083 5272 1303 5324 dictum
1326 5278 1432 5336 est,
1460 5272 1718 5338 μονόυσιον

119 5345 367 5410 respuit,
399 5345 660 5407 ὁμοούσιον
695 5345 1076 5409 amplectitur.

186 5418 207 5447 δ
233 5418 365 5480 Ms.,
390 5416 631 5481 Spiritus
648 5417 879 5467 Sanctus
902 5432 1071 5481 neque
1094 5422 1256 5466 natus
1280 5422 1369 5466 est.

190 5488 421 5552 °Ruﬁni
490 5489 783 5553 Presbyteri
846 5489 1145 5539 Prouincia
1198 5486 1520 5552 Palestina]
1580 5489 1723 5541 Hac

1813 4622 2044 4686 scriptio
2069 4637 2081 4672 :
2130 4634 2304 4685 quam
2345 4620 2456 4672 etsi
2485 4619 2737 4684 spuriam
2762 4617 2943 4670 videri
2960 4617 3082 4682 jam
3105 4620 3408 4669 ostensum

1813 4700 1920 4758 est,
1942 4693 2301 4746 retinendam
2316 4695 2530 4755 tamen,
2549 4704 2621 4743 ne
2631 4690 2775 4742 libro
2791 4702 3006 4743 nomen
3021 4690 3272 4754 deesset,
3290 4694 3411 4741 tan-

1814 4769 1989 4831 tisper
2033 4765 2385 4828 censuimus,
2423 4764 2607 4815 donec
2652 4762 2938 4815 sinceram
2987 4775 3055 4814 ac
3094 4763 3409 4827 legitimam

1815 4840 1937 4891 dies
1972 4840 2203 4902 aperiat.
2258 4839 2371 4888 Nec
2402 4836 2805 4901 omittendum,
2828 4834 3009 4887 libros
3043 4835 3115 4888 de
3153 4834 3266 4886 ﬁde
3300 4833 3409 4885 sub

1815 4912 2003 4963 Ruﬁni
2015 4910 2246 4962 nomine
2257 4910 2402 4960 duos
2415 4908 2621 4960 saltem
2634 4908 2992 4972 fuisse,quod
3003 4909 3342 4968 intelligimus
3350 4917 3412 4953 ex

1813 4986 2036 5035 Joanne
2058 4982 2327 5045 Diacono,
2347 4980 2521 5044 quiin
2544 4980 2727 5032 Exodi
2747 4980 3005 5044 Exposit.
3028 4978 3238 5029 librum
3252 4974 3302 5029 2.
3330 4975 3413 5026 ci—

1816 5058 1903 5106 tat
1924 5053 2012 5104 his
2038 5053 2228 5105 verbis
2255 5067 2267 5103 :
2305 5052 2551 5105 Ruﬁnus
2574 5053 2635 5104 in
2653 5052 2750 5103 lib.
2777 5049 2830 5105 ‘2.
2867 5050 2939 5103 de
2970 5049 3136 5101 Fide:
3171 5046 3413 5112 Populus

1816 5125 1980 5176 Israel
2002 5126 2065 5175 in
2087 5125 2341 5175 columna
2364 5124 2524 5174 nubis
2541 5140 2639 5189 per
2660 5124 2821 5185 diem,
2835 5126 2881 5172 et
2903 5136 2998 5186 per
3016 5125 3221 5170 noctem
3246 5120 3306 5167 in
3331 5131 3415 5189 eos

1819 5197 2013 5247 lumna
2028 5198 2192 5261 ignis,
2207 5198 2340 5261 quia
2353 5196 2471 5245 dua:
2481 5188 2694 5245 itineris
2703 5192 3142 5260 praecedebant,ut
3158 5188 3413 5255 baptismi

1818 5272 2059 5334 gratiam
2077 5283 2175 5333 per
2197 5267 2410 5330 nubem,
2429 5273 2477 5317 et
2498 5268 2644 5317 dona
2666 5265 2839 5315 sancti
2865 5263 3103 5328 Spiritus
3113 5277 3211 5327 per
3232 5262 3413 5334 ignem

1819 5332 2124 5404 ostenderet,
2142 5340 2279 5405 quia
2299 5339 2580 5404 Apostolus
2590 5336 2799 5388 Paulus
2817 5336 2880 5384 in
2893 5334 3030 5384 nube
3040 5339 3218 5399 patres
3234 5332 3414 5396 bapti-

1820 5418 1959 5463 zatos
1978 5413 2210 5477 scripsit,
2231 5418 2276 5461 et
2290 5412 2559 5477 Spiritum
2579 5414 2830 5460 sanctum
2853 5408 3037 5473 ignem
3058 5421 3180 5468 esse,
3193 5406 3417 5470 Aposto-

1822 5486 2001 5536 lorum
2029 5487 2164 5536 Acta
2188 5485 2481 5535 declarant.
