3894 6456
1855 592 2018 633 ANNO
2053 593 2271 633 DOMINI
2305 592 2467 633 CDXV
2478 619 2490 630 .

612 781 1295 1006 PELA
1325 785 1942 1009 GIUS
2141 779 3707 1010 BRITANNUS.

1597 1196 2685 1243 ψ

1061 1439 1223 1542 DE

1332 1440 1636 1545 VITA
1749 1441 1912 1543 ET
2020 1439 2636 1545 SCRIPTIS
2740 1437 3279 1543 PELAGll

1867 1688 2490 1806 miserrima).

824 1933 1227 2000 AUCTORE
1271 1932 1759 2008 GARNERIO,
1806 1931 2065 1995 MARII
2109 1930 2668 1996 MERCATORIS
2715 1931 3077 1997 OPERUM
3123 1932 3497 1998 EDITORE

918 2216 1142 2299 (Hanc
1184 2216 1727 2282 dissertationem
1772 2216 2018 2279 videsis
2065 2215 2317 2281 Patrol.
2369 2223 2525 2281 tom.
2573 2216 2875 2294 XLVIII,
2924 2217 3045 2281 col.
3089 2218 3410 2297 266—297.)

1113 2595 1610 2702 OPERUM
1722 2576 2645 2718 EDITIONUMQUE
2743 2594 3216 2700 PELAGII

1748 2855 2579 2977 RECENSIO,

1263 3089 1874 3184 AUCTOBE

1988 3088 3022 3188 SGHCENEMANNO

1420 3293 1750 3356 (Bibliotheca
1783 3296 1982 3341 Patrum
2018 3294 2306 3341 Latinorum
2341 3292 2885 3356 historico-litteratis).

1684 3435 2617 3474 ψ

1077 3609 1128 3674 §.
1171 3608 1222 3663 1.
1250 3610 1520 3662 Scmrm.

497 3720 539 3770 Ι.
576 3719 699 3777 Quae
735 3717 1050 3767 etiamnunc
1081 3724 1369 3782 supersunt
1402 3718 1613 3781 integra
1643 3714 1852 3778 Pelagii
1875 3715 2092 3779 scripta.

556 3826 1036 3891 1.Ea:positionum
1059 3826 1119 3874 in
1138 3826 1411 3890 Epistolas
1426 3825 1588 3875 Pauli
1606 3823 1755 3873 Libri
1768 3825 1841 3873 XI
1854 3824 2091 3887 V,scripti

492 3898 632 3951 dum
654 3901 854 3950 Romae
882 3898 1072 3948 adhuc
1093 3904 1424 3949 versaretur
1446 3897 1724 3960 Pelagius.
1759 3898 1866 3946 Diu
1883 3901 1941 3946 et
1962 3898 2093 3946 Jam

492 3970 622 4022 inde
645 3984 679 4021 a
703 3970 915 4021 saeculo
942 3975 1107 4020 sexto
1126 3970 1336 4020 Hieron
1341 3970 1684 4032 yminomen
1703 3967 2091 4019 tulerunt.Sed

494 4042 793 4107 Pelagiani,
816 4044 934 4093 imo
964 4042 1146 4106 ipsius
1159 4042 1365 4105 Pelagii
1386 4054 1515 4092 esse
1544 4041 1764 4091 dudum
1791 4040 2089 4104 cognitum

488 4120 592 4166 est.
624 4114 747 4164 Vid.
776 4115 948 4164 Voss.
983 4115 1126 4164 Hist.
1155 4112 1394 4177 PeiugJ.
1420 4126 1457 4164 1.
1478 4125 1600 4177 cap.
1628 4112 1677 4165 4.
1704 4112 2011 4162 Enimvero
2027 4116 2091 4161 ut

488 4199 644 4237 nunc
683 4186 986 4247 habemus,
1015 4187 1087 4235 ab
1131 4190 1365 4235 auctore
1392 4196 1495 4233 suo
1520 4185 1751 4247 profecti
1780 4196 1892 4233 non
1929 4186 2086 4243 sunt,

487 4258 587 4315 sed
620 4259 835 4319 passim
854 4262 910 4306 et
938 4256 1223 4319 praecipue
1248 4256 1307 4304 in
1323 4255 1571 4318 Epistola
1590 4255 1662 4304 ad
1686 4256 1975 4305 Romanos
1990 4267 2088 4316 per

484 4327 891 4380 Cassiodorum
935 4329 1008 4377 ab
1045 4328 1117 4377 iis
1160 4339 1291 4390 quae
1327 4332 1525 4377 contra
1553 4326 1723 4377 iidem
1747 4326 2084 4377 catholicam

484 4400 639 4451 dicta
662 4400 1343 4461 v1derentur,‘repurgati.
1372 4397 1451 4448 Cf.
1480 4401 1711 4449 Garner.
1743 4398 1817 4450 ad
1850 4399 2082 4449 Mercat.

481 4476 629 4537 App.
662 4472 736 4523 ad
761 4474 915 4523 Diss.
942 4470 992 4524 6.
1022 4475 1163 4534 part.
1195 4482 1234 4521 1.

543 4543 592 4598 2.
625 4543 868 4606 Epistola
916 4542 988 4591 ad
1020 4540 1432 4603 Demetriadem,
1480 4540 1690 4603 scripta
1726 4540 1950 4592 circiter
1986 4553 2078 4593 an.

480 4614 600 4669 41‘2.
650 4615 982 4677 Hieronymi
1026 4626 1239 4664 nomen
1272 4625 1502 4675 quoque
1542 4613 1686 4663 tulit.
1722 4614 1831 4664 Sed
1875 4613 2080 4676 Pelagii

481 4700 609 4738 esse
634 4688 997 4737 convincitur
1020 4698 1093 4736 ex
1118 4685 1455 4747 fragmentis
1469 4684 2077 4748 qumindelaudatAu-

479 4762 749 4823 gustinus
784 4758 880 4807 lli).
917 4758 988 4808 de
1022 4760 1214 4809 Gratia
1238 4756 1464 4820 Christi,
1492 4770 1614 4821 cap.
1643 4755 1728 4818 2:2,
1756 4756 1841 4821 27,
1875 4757 1962 4821 37,
1988 4756 2075 4817 38,

477 4830 562 4884 40.
588 4834 644 4881 et
665 4829 726 4879 in
749 4828 989 4893 epistola
1010 4830 1079 4879 ad
1104 4829 1393 4880 Julianam
1410 4828 1791 4880 Demetriadis
1811 4836 2072 4881 matrem.

479 4904 646 4954 Plura
676 4902 802 4953 vide
824 4902 978 4965 apud
1018 4902 1180 4951 Voss.

536 4974 588 5029 3.
624 4973 851 5025 Libellus
879 4972 1005 5037 ﬁdei
1035 4973 1109 5022 ad
1138 4973 1511 5022 Innocentium
1545 4973 1778 5036 Papam,
1825 4972 2074 5037 scriptus

476 5060 551 5099 an
604 5046 725 5101 417.
754 5048 868 5098 Nec
893 5046 984 5096 hic
1006 5044 1239 5110 quidem
1269 5045 1519 5109 effugere
1544 5044 1748 5108 potuit,
1774 5045 1911 5108 quin
1938 5047 2071 5099 Hie-

475 5120 701 5184 ronymi
724 5118 1064 5181 crederetur,
1092 5124 1149 5169 et
1174 5118 1409 5169 inscribi
1433 5116 1568 5167 olim
1593 5118 1921 5168 consuevit:
1940 5118 2071 5170 Hie-

475 5207 695 5255 ronymi
718 5192 1032 5256 explanatio
1058 5189 1298 5254 Symboli
1334 5190 1407 5238 ad
1430 5189 1753 5238 Damasum.

656 5304 725 5352 II.
750 5300 1053 5365 Deperdita,
1072 5312 1307 5363 quorum
1326 5298 1637 5361 fragmenta
1651 5304 1878 5348 exstant.

534 5402 584 5459 1.
620 5401 771 5453 Liber
790 5398 1056 5466 Εὖλογιῶν,
1074 5397 1229 5463 quod
1243 5396 1416 5449 vertit
1436 5397 1696 5461 Vossius,
1721 5398 2065 5449 honestorum

464 5490 775 5525 sermonum
796 5475 856 5523 de
881 5473 1084 5522 actuali
1109 5471 1524 5519 conuersatione.
1551 5469 1914 5532 Eulagiorum
1937 5487 2065 5536 pro-

468 5547 669 5598 actuali
685 5546 1080 5595 con-versatione
1096 5557 1162 5591 ea:
1185 5542 1389 5589 divinis
1408 5541 1705 5605 Scripturis
1729 5541 1924 5590 librum
1965 5557 2066 5595 vo-

464 5626 555 5671 cat
584 5618 917 5670 Gennadius
952 5620 1130 5679 otpro
1153 5614 1358 5663 actuali
1392 5614 1502 5661 vita
1538 5613 1754 5664 librum.
1777 5616 2063 5667 Honorius

464 5689 1103 5742 Massiliensisﬂrosius
1125 5687 1573 5737 Testimoniorum
1592 5688 1873 5735 titulalione
1890 5691 2059 5747 signa-

468 5765 589 5811 tum
606 5761 781 5811 fuisse
800 5760 987 5811 tradit.
1006 5762 1068 5810 In
1093 5772 1159 5810 eo
1170 5759 1243 5810 ad
1260 5759 1523 5822 Cypriani
1555 5757 1887 5822 exemplum
1907 5760 2063 5811 varia

466 5835 883 5883 sententiarum
898 5832 1146 5896 capitula
1158 5845 1188 5883 e
1201 5831 1506 5894 Scripturis
1518 5830 1931 5894 comprehensa
1944 5833 2064 5881 fuis-

467 5914 547 5961 se,
573 5916 646 5952 cx
670 5905 1015 5967 Hieronymo
1037 5910 1095 5955 et
1120 5904 1411 5954 Gennadio
1430 5902 1727 5953 discimus.
1749 5903 1909 5955 Unde
1926 5920 2061 5967 saga-

465 5972 605 6023 citer
632 5985 833 6025 recens
857 5975 1097 6038 scriptor
1126 5974 1274 6026 Guil.
1311 5973 1572 6037 Wallius,
1600 5975 1663 6025 in
1686 5975 1938 6028 Historia
1954 5980 2060 6026 Pae-

2121 3610 2172 3682 Α
2197 3606 2546 3682 dobaptismi
2582 3609 2909 3674 Ectogarum
2936 3610 3145 3663 librum
3193 3610 3501 3674 legendum
3534 3611 3791 3673 CODJCCii.

2198 3678 2551 3731 Testimonia
2579 3684 2636 3731 et
2660 3682 2978 3746 fragmenta
2994 3683 3123 3747 ejus
3139 3685 3792 3747 prmbentHieronymus

2193 3750 2252 3801 in
2287 3751 2500 3814 Diamg.
2550 3752 2830 3805 adversus
2877 3754 3211 3818 Pelagianos
3248 3753 3343 3805 lib.
3370 3757 3410 3806 Ι.
3439 3756 3538 3806 ubi
3566 3756 3792 3807 titulum

2194 3821 2282 3881 14,
2328 3820 2416 3884 ‘21,
2456 3822 2544 3885 31,
2580 3823 2664 3883 7‘2,
2708 3825 2793 3884 73,
2829 3825 3032 3890 81,83,
3062 3826 3481 3890 100,193,131,
3520 3826 3791 3881 164.165.

2192 3894 2349 3958 citat,
2374 3900 2432 3946 et
2454 3897 2822 3956 Augustinus
2847 3904 3048 3950 contra
3071 3899 3215 3949 duas
3246 3898 3596 3963 Pelagianor.
3624 3894 3787 3958 epist-

2191 3967 2232 4016 Ι.
2283 3978 2365 4031 Iv,
2401 3982 2518 4031 cap.
2552 3967 2603 4030 8,
2643 3973 2700 4020 et
2733 3970 2802 4020 de
2842 3971 3031 4022 Gestis
3095 3970 3323 4034 Pelagii,
3352 3986 3467 4035 cap.
3504 3970 3612 4031 1-6,
3663 3976 3792 4030 (111εΒ

2186 4037 2434 4100 junctim
2458 4039 2806 4094 exhibentur
2829 4043 3002 4094 ctiam
3028 4042 3183 4107 apud
3207 4043 3543 4094 Garnerium
3566 4041 3642 4093 ad
3657 4042 3794 4091 Mer-

2189 4114 2298 4160 cat.
2327 4111 2450 4161 loco
2474 4112 2709 4163 laudato

2250 4180 2300 4234 2.
2333 4182 2486 4230 Liber
2520 4184 2582 4231 de
2626 4185 2865 4248 Natura,
2905 4185 2999 4237 cui
3041 4186 3308 4251 opposuit
3339 4185 3709 4250 Augustinus
3732 4182 3793 4233 li—

2188 4254 2357 4304 brum
2386 4255 2679 4304 chatura
2699 4262 2746 4305 et
2769 4258 3039 4321 gralia,in
3065 4270 3178 4320 quo
3191 4257 3352 4321 plura
3363 4270 3435 4308 ex
3452 4257 3522 4308 iis
3543 4255 3791 4307 inseruit

2187 4326 2494 4377 Garnerius
2518 4327 2577 4377 in
2604 4328 2790 4380 Sicilia
2813 4328 3196 4393 compositum
3217 4334 3393 4392 putat,
3418 4328 3680 4379 incertus
3709 4332 3790 4377 ta-

2185 4410 2315 4447 men
2342 4402 2537 4448 utrum
2564 4400 2673 4462 ipsi
2696 4399 2925 4462 Pelagio
2953 4414 3027 4451 an
3052 4400 3317 4452 leestio
3330 4399 3789 4451 autAnianotri-

2182 4469 2340 4521 buat.
2368 4472 2469 4520 Per
2488 4472 2772 4522 Jacobum
2788 4477 2845 4523 et
2872 4472 3206 4532 Timasium,
3220 4474 3465 4536 juvenes
3489 4471 3788 4535 Pelagium

2181 4541 2568 4607 adsectantes,
2594 4543 2650 4594 in
2681 4555 2890 4595 manus
2915 4544 3227 4608 Augustini
3248 4548 3611 4608 pervenerat,
3630 4548 3695 4595 et
3717 4543 3789 4592 ab

2182 4610 2462 4664 Africanis
2480 4617 2762 4679 episcopis
2780 4616 3129 4673 quibusdam
3146 4615 3219 4666 ad
3228 4617 3631 4668 Innocentium
3646 4616 3792 4666 mis-

2176 4696 2284 4805 lsus
2331 4684 2455 4805 figit.
2501 4688 2845 4751 Fragmenta
2889 4693 3027 4740 sunt
3066 4686 3219 4752 apud
3255 4689 3590 4741 Garnerium
3631 4687 3791 4739 dicto

2200 4768 2303 4805 OCO
2330 4770 2359 4805 e
2409 4769 2494 4805 SU.

2200 4768 2303 4807 oco
2330 4761 2388 4808 et
2409 4769 2494 4820 sq.

2239 4828 2290 4881 3.
2319 4828 2470 4877 Liber
2494 4845 2639 4878 unus
2663 4830 2754 4882 vel
2778 4831 2950 4883 etiam
2972 4832 3114 4885 alter
3135 4835 3209 4884 ad
3231 4833 3453 4883 viduam
3476 4831 3793 4881 consolato-

2174 4901 2293 4949 rius
2314 4906 2474 4965 atque
2489 4902 2911 4968 eae/tortatortus,
2937 4910 3104 4969 cujus
3128 4906 3405 4958 memoria
3424 4904 3791 4969 etft'agmen-

2175 4978 2234 5023 ta
2265 4979 2577 5037 supersunt
2622 4975 2773 5039 apud
2815 4977 3147 5043 Hieronym.
3186 4977 3316 5029 dial.
3344 4977 3392 5031 3.
3428 4981 3683 5041 August.
3714 4976 3788 5025 de

2173 5049 2326 5098 Gest.
2354 5047 2579 5099 Palaest.
2608 5061 2654 5097 c.
2682 5047 2733 5110 6,
2760 5053 2816 5100 et
2839 5050 3129 5102 Mercator.
3175 5052 3236 5102 in
3270 5052 3620 5102 Commonit.
3654 5060 3788 5112 cap.

2170 5117 2219 5172 4.
2256 5116 2408 5168 unde
2433 5131 2497 5168 ea
2518 5117 2748 5183 collegit
2772 5122 3080 5172 Gamerius
3103 5122 3176 5173 ad
3200 5124 3424 5185 Mercat,
3449 5120 3593 5170 diss.
3630 5119 3685 5173 1.

2231 5189 2281 5243 4.
2324 5190 2567 5254 Ερὶεῑοια
2612 5192 2685 5239 ad
2726 5194 3122 5259 Augustinum,
3171 5208 3292 5246 seu.
3342 5199 3402 5244 ut
3445 5196 3625 5243 vocat
3664 5191 3786 5251 ille,

2166 5262 2420 5311 chartula
2442 5264 2786 5326 purgationis
2804 5265 2981 5315 missa
2992 5279 3089 5329 per
3101 5269 3307 5317 Carum
3324 5266 3636 5316 diaconum
3653 5265 3789 5327 post

2167 5334 2461 5397 Synodum
2496 5335 2626 5385 Dios
2638 5337 2967 5399 politanam.
2992 5339 3300 5403 Augustin.
3327 5339 3388 5387 de
3413 5336 3784 5399 Gest.Pclag.,

2166 5419 2212 5457 c.
2234 5406 2302 5460 30
2324 5424 2337 5457 ι
2363 5408 2598 5458 Garner.
2626 5407 2730 5458 loc.
2767 5410 2861 5459 cit.

2226 5477 2275 5531 5.
2300 5479 2541 5542 Epistota
2565 5480 2637 5527 ad
2662 5481 2903 5529 amicum
2933 5482 3219 5545 quemdam
3243 5480 3612 5547 presbyterum
3640 5484 3782 5545 post

2164 5554 2453 5613 synodum
2479 5552 2948 5615 Diospolitanam.
2975 5554 3283 5618 Augustin.
3309 5554 3369 5602 de
3395 5556 3525 5603 θέει.
3551 5552 3781 5614 Petag.,

2163 5636 2210 5672 c.
2240 5622 2332 5683 3U;
2364 5625 2593 5673 Gurzurr.
2624 5624 2728 5675 loc.
2766 5626 2858 5674 cit.

2227 5694 2278 5746 6.
2325 5694 2565 5757 Epistota
2609 5697 2682 5743 act
2713 5696 3089 5744 Innocentium
3123 5697 3166 5757 Ι,
3212 5709 3285 5748 an
3320 5695 3441 5761 417,
3476 5707 3600 5746 una
3631 5707 3776 5745 cum

2164 5766 2297 5828 Sym
2308 5767 2432 5816 bolo
2462 5766 2593 5816 fidei
2618 5768 2815 5817 missa.
2842 5768 3152 5832 Augustin.
3178 5769 3240 5817 de
3258 5768 3445 5819 Gratia
3463 5768 3703 5825 Christi,
3722 5779 3773 5816 c.

2161 5835 2244 5890 30.
2275 5850 2401 5900 sqq.
2428 5840 2656 5897 Garner,
2682 5837 2789 5889 10c.
2825 5839 2919 5889 cit.

2222 5906 2272 5959 7.
2307 5909 2381 5957 De
2406 5908 2566 5957 libero
2604 5908 2830 5958 arbitrio
2853 5909 2978 5959 libri
3004 5916 3257 5975 quatuor,
3285 5923 3431 5975 quos
3454 5913 3773 5975 oppugnat

2161 5980 2476 6045 Augustini
2517 5980 2659 6033 liber
2681 5981 2745 6031 dc
2770 5981 2961 6033 Gratia
2988 5984 3190 6034 Christi
3213 5989 3273 6036 et
3293 5982 3454 6049 plura
3478 5982 3667 6034 simul
3691 5994 3767 6033 ex
