3894 6416
91 383 255 439 1157

87 513 187 550 eis
217 501 481 551 servavit
506 514 626 565 cap.
671 502 722 566 li,
754 503 802 556 7.
831 502 916 564 10,
944 502 1029 566 18,
1061 501 1147 564 ‘28,
1174 502 1260 565 ‘29,
1300 500 1384 555 39.
1422 504 1560 563 Quae
1602 503 1711 554 fra-

82 577 350 632 gmenta
383 586 453 622 ex
491 571 634 624 libro
673 575 872 637 primo,
913 575 1277 638 potissimum
1303 579 1497 625 autem
1525 576 1705 635 tertio,

79 643 275 706 justo
298 644 497 695 ordine
523 647 817 709 preposuit
845 649 1070 697 Carner.
1105 648 1208 696 loc.
1247 647 1339 697 cit.

608 781 699 830 III.
729 779 896 829 Plane
943 780 1238 844 deperdita.

169 894 196 948 1
215 932 226 942 .
257 894 409 943 Libri
435 900 535 943 (res
559 894 620 943 de
651 895 926 956 Trin-itala,
945 909 1090 957 quos
1112 901 1243 946 ante
1266 897 1718 947 Commentarios

92 965 169 1015 in
200 967 494 1028 Epistolas
531 966 683 1016 Pauli
711 967 1104 1029 composuisse
1139 967 1378 1016 videtur.

163 1035 222 1088 2.
258 1038 506 1100 Epistulae
534 1043 666 1096 tl‘CS,
694 1051 809 1088 una
833 1038 903 1088 ad
930 1038 1250 1098 Paulinum,
1277 1039 1454 1088 altera
1475 1037 1546 1087 ad
1577 1039 1718 1086 Con-

91 1111 406 1171 stanti-um,
444 1123 686 1171 quarum
722 1111 1090 1171 Augustinus
1120 1110 1377 1159 meminit
1415 1109 1470 1158 in
1514 1109 1610 1159 lib.
1647 1110 1719 1159 de

90 1179 313 1230 Gratia
359 1181 585 1241 Christi,
627 1194 745 1243 cap.
787 1181 871 1241 34,
908 1180 974 1233 35
1019 1186 1076 1231 et
1110 1180 1192 1233 36.
1223 1181 1410 1230 Tertia
1435 1179 1505 1228 ad
1530 1181 1718 1242 ipsum

93 1252 490 1312 Augustinum
532 1253 744 1315 scripta
779 1252 885 1302 fuit
912 1255 1104 1302 statim
1132 1257 1260 1315 post
1284 1252 1592 1301 adventum
1621 1255 1719 1303 Pe-

90 1320 244 1384 lagii
272 1322 329 1372 in
356 1322 824 1386 Paleestinam,ne
851 1323 1160 1373 iusalutato
1182 1322 1407 1384 hospite
1425 1323 1632 1372 abiisse
1651 1326 1719 1370 vi-

93 1392 366 1454 deretur,
387 1399 451 1444 ut
476 1399 625 1443 recte
644 1396 953 1444 Carnerius
979 1398 1337 1444 occasionem
1359 1393 1485 1455 ejus
1503 1397 1717 1452 denotat,

95 1465 338 1514 Priores
365 1465 508 1515 duas
531 1466 699 1515 annis
738 1465 840 1518 405
872 1471 928 1516 01
954 1466 1055 1518 466
1081 1465 1363 1527 assignari
1385 1470 1624 1527 oportet.

169 1539 505 1586 Novissime
545 1537 777 1587 demum
805 1538 993 1588 eidem
1019 1538 1318 1585 adscribere
1341 1549 1522 1586 ausus
1546 1543 1632 1586 est
1657 1538 1714 1587 B.

95 1607 405 1657 Senilcrus
447 1610 745 1671 Epistulam
772 1610 843 1656 ad
874 1609 1174 1658 Crluntium
1203 1616 1511 1656 matronam
1535 1609 1595 1656 de
1621 1625 1715 1656 ra—

95 1680 256 1726 tione
274 1681 359 1741 pic
385 1680 610 1736 vivendi,
633 1680 1002 1730 similitudine
1015 1680 1286 1731 orationis
1303 1685 1359 1730 et
1375 1691 1564 1730 rerum
1578 1684 1721 1731 trac-

99 1751 353 1802 tationis
373 1750 664 1803 inductus.

666 1878 698 1941 §
727 1875 777 1930 2.
816 1879 1162 1928 ΕΒΙΤΙΟΝΕΞ.

205 1998 249 2046 Ι.
291 1995 707 2059 Expositionum
747 1996 806 2043 in
847 1995 1118 2058 Epistolas
1144 1994 1312 2045 Pauli
1336 1994 1460 2044 libri
1483 1995 1624 2046 XIV.

171 2122 304 2170 Non
333 2120 568 2170 memini
596 2121 753 2183 prius
775 2120 958 2170 editos
983 2132 1016 2169 a
1045 2133 1187 2182 quoi.
1203 2120 1317 2169 iam
1343 2120 1523 2170 hosce
1564 2132 1722 2168 com-

100 2192 450 2252 mentarios,
475 2205 647 2254 quam
673 2193 744 2241 ab
772 2194 1007 2241 Erasmo
1033 2192 1092 2241 in
1118 2192 1298 2254 prima
1315 2192 1564 2242 editione
1578 2193 1725 2253 Ope-

101 2278 238 2314 rum
274 2264 605 2326 Hieronymi
631 2275 719 2312 an.
749 2262 907 2325 1516,
937 2264 1085 2313 unde
1114 2268 1312 2326 postea
1341 2275 1565 2325 semper
1587 2264 1722 2313 Hie—

105 2336 472 2398 ronymianis
500 2335 768 2398 Operibus
792 2336 1296 2397 adhaeserunt,nec
1318 2335 1470 2395 alibi,
1498 2339 1720 2397 praeter-

104 2420 288 2470 quam
325 2407 380 2456 in
415 2409 579 2457 Joan.
607 2407 804 2456 Clerici
832 2408 1143 2470 appendice
1169 2406 1606 2468 Augustiniana.
1633 2419 1721 2456 re-

104 2479 238 2528 01181
273 2483 424 2527 sunt.
463 2480 760 2538 Quomodo
797 2484 990 2528 autem
1026 2477 1097 2527 de
1129 2478 1334 2526 iisdem
1377 2478 1721 2538 insigniores

106 2550 448 2613 I’Iieronymi
484 2552 731 2599 editores
757 2550 1064 2599 meruerint
1090 2562 1160 2598 ex
1187 2550 1293 2598 hoc
1317 2549 1502 2598 indice
1522 2552 1718 2608 patebit.

177 2621 338 2674 1516.
389 2621 606 2669 Basilcae
642 2622 791 2684 apud
829 2621 1071 2677 Frobcn.,
1096 2620 1266 2670 in-i‘ol.
1301 2621 1720 2671 Commentario.

107 2693 170 2743 in
190 2692 474 2754 Epistolas
495 2693 682 2746 Pauli;
710 2697 942 2742 exstant
966 2693 1026 2741 in
1055 2696 1204 2741 tomo
1229 2693 1318 2741 IX.
1352 2694 1491 2754 Opp.
1521 2693 1719 2743 Hiero-

109 2764 275 2826 nymi
307 2777 341 2814 a
366 2764 458 2813 fol.
491 2763 747 2816 131-190.
773 2781 802 2811 «
827 2765 1358 2814 Commentariosin
1381 2777 1582 2814 omnes
1600 2765 1717 2814 divi

110 2836 276 2887 Pauli
303 2836 593 2898 epistolas,
622 2836 813 2898 inquit
838 2839 1110 2886 Erasmus
1137 2849 1194 2885 111
1220 2836 1556 2886 Prtefatione
1586 2836 1718 2886 huic

110 2913 272 2960 tomo
298 2909 617 2970 praemissa,
633 2909 980 2970 Hieronymo
996 2908 1324 2957 vindicabat
1341 2910 1491 2954 codex
1509 2912 1715 2968 quidam

109 2980 390 3032 obsoleta:
433 2979 754 3037 vetustatis,
797 2979 1052 3029 Cothicis
1081 2979 1503 3029 characteribus
1529 2992 1719 3029 exara-

111 3059 227 3114 tus,
257 3051 337 3100 sic
365 3063 500 3100 sane
528 3051 812 3113 perplexis
838 3056 895 3100 et
914 3051 1031 3113 jam
1048 3064 1164 3113 pra:
1187 3056 1472 3100 vetustate
1485 3055 1714 3098 evanidis

110 3130 181 3175 ut
192 3127 371 3173 coacti
390 3123 665 3173 fuerimus
685 3123 743 3172 in
758 3122 972 3172 elemcn
985 3128 1054 3171 tai
1069 3122 1250 3172 iorum
1265 3123 1519 3172 ordinem
1537 3139 1713 3171 rursus

110 3193 482 3256 descendere,
502 3199 557 3243 et
578 3193 732 3255 quod
750 3194 806 3242 in
829 3193 983 3242 ludis
1010 3194 1179 3256 puelli
1205 3194 1436 3255 faciunt,
1459 3197 1713 3242 litterariis

109 3267 354 3330 apicuiis
397 3265 754 3314 noscitaudis
795 3277 1023 3326 Operam
1068 3265 1236 3320 dare;
1271 3265 1371 3314 sed
1402 3269 1455 3314 et
1494 3266 1530 3314 ii
1565 3268 1714 3315 sicut

107 3337 361 3403 proximi
387 3338 728 3400 superiores,
748 3336 968 3397 indigni
998 3336 1449 3397 suntjudicandi
1474 3337 1569 3398 qui
1599 3341 1716 3383 Hie-

111 3422 360 3472 ronymo
389 3409 730 3457 tribuantur.
757 3408 997 3468 Quando
1014 3408 1166 3456 enim
1195 3408 1274 3456 sic
1301 3409 1504 3468 ineptit
1531 3409 1718 3458 Hiero-

110 3495 345 3546 nymus.
363 3486 425 3530 ut
436 3481 527 3530 hic
546 3483 842 3542 interpres,
860 3479 983 3541 quis
995 3483 1120 3541 ([lll>
1136 3479 1183 3528 is
1201 3480 1434 3528 demum
1451 3481 1566 3537 fuit;
1591 3482 1712 3539 quit)

110 3557 197 3608 sic
216 3552 649 3615 balbutit,uthic
669 3552 1135 3614 frequentissime.
1151 3551 1492 3601 solaeeissat'!
1507 3552 1719 3597 'l‘unicsti

114 3630 188 3685 is,
215 3626 311 3689 qui
336 3625 595 3674 Clossam
625 3627 706 3683 (ut
732 3627 956 3683 vocant)
977 3623 1716 3680 ordinariamconsumtum-it,

115 3697 452 3760 Hieronymi
487 3696 653 3746 titulo
679 3695 957 3744 nonnulla
983 3696 1119 3744 citat
1145 3708 1276 3756 qua:
1301 3695 1641 3744 nominatim
1662 3695 1721 3744 in

115 3773 189 3821 iis
215 3767 648 3819 Commentariis
687 3771 1135 3827 componuntur.
1162 3770 1236 3814 At
1254 3768 1359 3814 hoc
1385 3768 1718 3828 neutiquam

116 3843 262 3893 satis
293 3839 615 3903 probaverit
646 3839 977 3899 Hieronymi
1004 3836 1391 3886 Stridonensis
1418 3854 1543 3886 esse
1569 3839 1719 3898 quod

117 3913 336 3965 scilicet
379 3917 516 3961 sunt
544 3911 694 3960 illius
731 3912 961 3958 nomine
988 3909 1177 3956 citata.
1207 3909 1400 3968 Neque
1431 3911 1583 3957 enim
1615 3909 1720 3959 hoc

114 3986 328 4047 agebat
353 3982 670 4046 glossarius
704 3982 810 4030 iste
835 3980 949 4029 sive
977 3980 1248 4028 ltabanus
1278 3979 1402 4038 fuit,
1428 3981 1549 4028 sive
1577 3980 1723 4030 alius

117 4058 427 4121 quispiam,
458 4060 519 4104 ut
544 4054 710 4115 cujus
737 4057 931 4101 essent,
956 4051 1283 4112 inquireret,
1321 4059 1416 4099 seti
1447 4063 1545 4113 pro
1578 4056 1723 4102 tein—

119 4142 254 4193 pore
294 4127 442 4189 quod
491 4125 563 4175 ad
604 4137 724 4174 rem
765 4136 929 4172 suain
976 4122 1232 4193 faciebat,
1281 4121 1337 4170 id
1361 4125 1720 4184 excerpebat.

121 4192 283 4252 Dicet
317 4200 407 4246 hic
432 4197 638 4258 aliquis
667 4213 676 4241 :
703 4194 846 4255 Quid
882 4192 1170 4255 igiturhic
1197 4205 1341 4254 opus
1365 4202 1486 4242 erat
1508 4195 1728 4250 adulte-

123 4275 246 4324 rina
285 4269 554 4329 legitimis
585 4282 713 4317 cum
752 4267 1177 4315 excuderentur
1201 4264 1554 4315 admiscere?
1581 4270 1725 4321 Huic

120 4341 618 4405 respondebimus,
653 4337 804 4399 quod
850 4338 1022 4387 etiam
1051 4337 1108 4384 in
1133 4335 1257 4384 aliis
1289 4337 1726 4398 prazl‘ationibus

121 4421 258 4467 ante
284 4414 552 4472 diximus,
581 4425 687 4460 nos
716 4409 1106 4459 videlicctnon
1124 4408 1309 4457 doctis
1334 4411 1522 4470 modo,
1542 4413 1642 4462 sed
1672 4419 1727 4464 et

123 4485 369 4538 indoctis
387 4483 638 4533 voluisse
656 4493 869 4531 morem
894 4493 1104 4540 gerere.
1125 4481 1178 4528 Si
1196 4483 1648 4533 Commentarios
1672 4488 1723 4532 in

130 4562 376 4609 Marcum
422 4555 839 4615 omisissemus,
879 4558 977 4602 aut
1002 4555 1061 4601 in
1088 4555 1323 4601 Paulum
1351 4567 1465 4602 non
1492 4568 1722 4618 appres-

979 389 1270 442 OPERUM
1309 388 1392 438 ET
1427 388 1826 441 EDITIONUM
1874 390 2154 443 PELAGII
2190 393 2556 445 RECENSIO.

3279 403 3418 458 1158

1733 508 1785 578 Α
1814 505 1898 565 (111
1923 505 2112 581 1111010
2135 509 2225 581 un)
2249 511 2514 581 tyrannis
2536 510 2660 569 fuit,
2681 523 2812 561 cum
2835 513 3421 581 mundusasimplici-

1824 580 1938 649 tate
1984 577 2191 627 Christi
2231 578 2580 640 desciscens,
2617 583 2781 632 bellis
2820 596 3047 646 operam
3075 577 3342 649 daretfet
3366 591 3424 640 in

1821 648 2170 698 barbaricam
2187 653 2494 712 quamdam
2515 654 3150 719 feritatem,contempto
3163 648 3421 719 sapientiae

1821 720 2032 792 studio,
2062 735 2100 769 si
2127 723 2274 770 iisim
2305 725 2781 784 prolaberetur,et
2807 731 2927 775 erat
2952 732 3177 791 tempus
3196 744 3307 792 quo
3332 732 3416 782 ni-

1822 791 1897 838 hil
1924 789 2169 851 placeret
2194 793 2346 854 quod
2371 795 2699 857 Hieronymi
2726 809 2842 846 non
2867 803 3048 848 esset:
3073 789 3413 853 haudsecus

1820 872 1990 922 quain
2019 862 2182 912 hodie
2214 864 2408 913 multis
2429 866 2564 915 nihil
2587 868 2875 929 probatur,
2904 869 3014 918 nisi
3038 871 3193 931 quod
3215 874 3413 921 Scotum

1819 937 1918 980 aut
1949 933 2224 983 Thomam
2252 937 2451 997 sapiat.
2480 939 2620 987 Tum
2650 940 3034 989 nebulonibus
3058 943 3408 1003 quibusdam

1820 1014 1961 1052 ausi
1994 1005 2099 1053 iuit
2126 1007 2400 1069 praestita,
2425 1008 2867 1071 simplicioribus
2893 1011 3243 1074 imponendi,
3275 1029 3416 1065 ven-

1822 1075 2195 1137 ditaliaiitque
2221 1077 2439 1138 passim
2464 1093 2564 1141 pro
2580 1082 2929 1143 Hieronymo
2947 1085 3167 1134 naenias
3187 1097 3342 1144 suas,
3357 1091 3413 1137 et

1822 1147 2177 1196 celeberrimi
2200 1150 2670 1212 sanctissimique
2689 1152 2795 1202 viri
2821 1151 3048 1202 titulum
3069 1159 3417 1216 nugisquam-

1822 1218 1955 1268 libet
1981 1220 2304 1281 nugacibus
2320 1223 2709 1283 praefigebant.
2731 1226 2995 1275 Ceterum
3015 1231 3078 1276 ut
3094 1227 3417 1277 deturetiam

1821 1291 1969 1339 inter
1995 1293 2206 1340 multas
2234 1294 2424 1354 paleas
2441 1292 2673 1356 aliquod
2695 1295 3001 1358 granulum
3023 1299 3286 1360 reperire,
3303 1314 3416 1347 cum

1823 1366 2044 1411 tantum
2074 1365 2322 1426 sumpsit
2346 1365 2677 1428 Hieronymi
2704 1368 3062 1430 scriptorum,
3096 1370 3236 1420 istos
3263 1384 3416 1420 com-

1823 1435 2129 1485 mentarios
2147 1436 2307 1497 nigro
2322 1438 2540 1487 calculo
2555 1443 2844 1500 notamus,
2863 1444 2920 1489 et
2936 1440 3202 1503 indignos
3220 1456 3415 1494 cense-

1820 1518 1950 1554 mus
1977 1507 2031 1554 in
2057 1506 2268 1568 quibus
2305 1508 2560 1569 legendis
2596 1509 2844 1559 studiosi
2869 1512 3046 1560 bonas
3073 1514 3243 1562 horas
3270 1513 3417 1565 male

1821 1577 2115 1626 colloceiit.
2147 1578 2302 1627 Docti
2329 1581 2539 1642 quique
2577 1586 2714 1630 sunt
2739 1583 2902 1641 .naris
2928 1588 3214 1635 emunctae
3251 1588 3417 1648 (certe

1823 1649 2057 1710 scimus)
2090 1650 2390 1700 nobiscum
2409 1652 2635 1714 facient,
2652 1653 3043 1714 imperitorum
3067 1660 3412 1705 etcrassorum

1816 1719 2096 1781 judicium
2146 1721 2283 1770 nihil
2321 1734 2626 1772 moramur.
2652 1738 2680 1768 »
2718 1725 3000 1774 Caeterum
3028 1725 3086 1775 in
3125 1727 3210 1776 ed.
3244 1727 3415 1778 Basil.

1820 1789 1954 1843 1537
1990 1791 2252 1842 invenies
2277 1792 2478 1844 eodem
2505 1799 2658 1844 tomo
2683 1808 2848 1858 pagg.
2876 1793 3140 1850 265-396.

1747 1871 1800 1944 B
1883 1887 2038 1941 1572.
2071 1890 2247 1938 Roma:
2271 1891 2420 1954 apud
2444 1892 2681 1939 Paulum
2694 1893 3028 1956 Mamilium,
3054 1894 3235 1944 iri-fol.
3257 1897 3418 1946 Com-

1822 1959 2079 2010 mentarii
2124 1962 2181 2011 in
2212 1962 2493 2025 Epistolas
2534 1964 2646 2013 divi
2675 1964 2855 2025 Pauli;
2903 1965 2962 2013 in
3003 1965 3251 2016 editione
3276 1968 3417 2030 Opp.

1820 2031 2154 2094 Hieronymi
2183 2033 2502 2084 Victoriana
2531 2038 2567 2084 t.
2587 2037 2730 2096 VIII,
2758 2048 2888 2097 quae
2914 2049 3047 2086 cum
3070 2037 3194 2100 ipsa
3210 2038 3282 2088 ad
3299 2051 3417 2087 ma-

1817 2117 1955 2154 num
1974 2117 2089 2153 non
2112 2104 2204 2164 sit,
2225 2105 2297 2154 ad
2322 2106 2560 2168 paginas
2585 2108 3025 2170 Antuerpiensis
3051 2113 3108 2158 et
3147 2111 3420 2160 Parisinae

1817 2173 2051 2224 laudare
2100 2187 2335 2224 necesse
2387 2180 2493 2224 est.
2541 2179 2604 2224 ln
2656 2178 3059 2239 Antuerpiensi
3111 2179 3221 2239 (an.
3261 2178 3419 2240 1579)

1797 2250 1976 2320 fextat
2024 2249 2060 2294 t.
2113 2247 2256 2320 Villi,
2283 2259 2463 2320 pagg:
2502 2245 2736 2300 170-288
2763 2263 2775 2308 ;
2807 2248 2866 2320 in
2903 2250 3078 2320 Paris.
3106 2248 3262 2302 1643.
3290 2250 3415 2300 eod.

1819 2320 1993 2375 tomo,
2037 2329 2090 2379 p.
2136 2315 2388 2368 itii—277.
2426 2319 2510 2366 En
2544 2330 2680 2367 vero
2727 2317 2959 2368 Mariani
2994 2319 3226 2369 Victorii
3253 2320 3321 2370 de
3347 2322 3417 2370 iis

1820 2389 2254 2436 sermunculum
2273 2390 2361 2449 (ex
2388 2387 2549 2438 Praef.
2569 2387 2746 2451 hujus
2774 2389 2964 2451 tomi):
2995 2411 3016 2431 ιι
3061 2394 3416 2439 Uomiiientarii

1818 2458 1877 2507 in
1903 2461 2171 2508 tredecim
2192 2459 2346 2509 Pauli
2372 2459 2612 2522 apostoli
2638 2460 2922 2522 Epistolas
2941 2462 3288 2525 Hieronymi,
3307 2465 3416 2526 ipsi

1818 2533 1990 2579 etiam
2019 2531 2252 2579 minime
2281 2535 2447 2580 sunt:
2475 2543 2607 2580 nam
2632 2545 2739 2581 nec
2775 2533 3153 2595 ejusphrasin
3177 2534 3414 2596 habent,

1815 2613 1921 2650 nec
1947 2601 2323 2651 eruditionem
2344 2617 2356 2663 ;
2377 2602 2642 2664 quamvis
2658 2603 2715 2652 in
2732 2604 2915 2654 fronte
2933 2605 3120 2666 Operis
3141 2608 3410 2665 lipistolam

1816 2672 1888 2722 ad
1915 2673 2285 2723 Heliodorum
2311 2673 2645 2737 inscriptam
2672 2675 3019 2726 contineant.
3052 2679 3200 2736 Quin
3225 2680 3416 2740 potius

1816 2745 2068 2794 hominis
2093 2759 2220 2795 esse
2250 2745 2552 2807 Pelagiana
2568 2747 2692 2796 labe
2711 2747 3112 2798 commaculati
3132 2753 3419 2808 coiiipertis-

1815 2817 2026 2867 simum
2055 2824 2144 2868 est
2168 2821 2258 2880 (ne
2283 2832 2350 2868 ea
2379 2823 2600 2868 tantum
2625 2832 2757 2881 quas
2780 2820 3100 2870 orthodoxa
3124 2833 3237 2871 non
3258 2827 3412 2886 sunt,

1811 2888 1883 2937 ab
1907 2888 2192 2939 haereticis
2218 2890 2411 2953 potius
2432 2895 2567 2938 sunt
2597 2891 2860 2952 adjecta).
2890 2893 3121 2941 Notavit
3144 2893 3252 2942 hoc
3278 2899 3410 2945 ante

1811 2972 1917 3010 nos
1944 2962 2282 3011 Ambrosius
2311 2962 2652 3011 Catharinus
2683 2961 2897 3012 Politus
2921 2965 3182 3026 Compsa:
3199 2965 3412 3014 archie-

1811 3046 2099 3096 piscopus,
2143 3033 2441 3083 catholica:
2474 3032 2764 3095 religionis
2789 3041 3068 3091 assertor;
3097 3037 3315 3085 notavit
3351 3040 3410 3086 et

1813 3105 2009 3154 Sixtus
2037 3108 2306 3155 Senensis
2337 3109 2540 3166 quarto
2575 3110 2631 3153 et
2654 3113 2815 3154 sexto
2843 3105 3210 3157 Bibliotheca:
3229 3115 3411 3155 sancite

1815 3175 2132 3228 Volumina:
2167 3181 2405 3238 uterque
2423 3189 2642 3226 errores
2664 3176 2980 3240 Pelagiana)
3001 3181 3305 3240 haereseos,
3320 3181 3412 3239 qui

1738 3243 1786 3317 ί]
1817 3260 1884 3297 eo
1908 3249 1968 3297 in
1993 3262 2159 3310 opere
2183 3247 2578 3310 inveniuntur,
2596 3247 3024 3308 redarguentes.
3045 3251 3100 3298 Si
3117 3253 3233 3309 quis
3245 3259 3410 3296 autem

1821 3321 1965 3369 scire
2006 3319 2115 3369 hoc
2149 3321 2518 3382 concupiscat
2564 3319 2653 3380 tu),
2687 3320 2904 3380 liquido
2944 3334 3015 3370 ex
3055 3323 3411 3382 expositione

1818 3391 2004 3454 quinti
2029 3392 2101 3440 ad
2129 3393 2413 3441 Romanos
2439 3391 2640 3453 capitis
2668 3392 2940 3454 inveniet,
2962 3393 3055 3441 ubi
3081 3392 3418 3455 Adamipec-

1819 3470 2010 3513 catum
2039 3476 2094 3512 111
2122 3463 2440 3513 humanum
2467 3475 2669 3522 genus,
2687 3477 2799 3512 non
2820 3465 3224 3526 propagatione
3243 3469 3299 3514 et
3317 3473 3417 3511 tra—

1820 3535 1983 3588 duce,
2001 3533 2101 3584 sed
2115 3533 2375 3597 exemplo
2405 3539 2627 3583 tantum
2650 3539 2704 3583 et
2721 3535 3034 3584 imitatione
3052 3537 3419 3583 ditl'untliasse—

1821 3607 1921 3667 rit;
1949 3620 2013 3654 ac
2041 3605 2237 3654 rllllUd
2257 3619 2368 3654 11011
2395 3606 2754 3669 contrahant,
2776 3607 2885 3655 nisi
2914 3610 3010 3668 qui
3040 3611 3207 3656 aetate
3225 3607 3420 3658 adulta

1821 3682 1876 3728 et
1901 3677 1974 3727 ad
1999 3683 2293 3740 peccatum
2314 3679 2434 3739 jam
2459 3679 2807 3740 apta,Adam
2834 3679 3418 3727 sceleribusimitentur

1820 3749 1980 3808 Quod
2004 3749 2194 3811 ipsum
2218 3750 2273 3797 in
2292 3749 2766 3810 interpretatione
2793 3752 3016 3811 septimi
3044 3752 3417 3812 capitislqui-

1821 3820 1948 3868 dius
1972 3824 2222 3881 apparet.
2250 3823 2533 3868 linarraiis
2555 3821 2704 3869 enim
2730 3819 2869 3869 illud
2893 3821 3006 3867 sine
3032 3823 3417 3883 [(‘gt’pt’t‘t‘tll(UH.

1821 3897 1933 3938 erat
1954 3897 2246 3950 mortutmt,
2275 3891 2604 3939 ita.scribit:
2629 3908 2648 3935 «
2679 3893 2818 3939 Item
2839 3904 3029 3939 81011111
3055 3891 3273 3941 lexnoii
3294 3902 3420 3941 esset

1825 3968 2121 4024 peccatum
2141 3967 2431 4011 mortuum
2458 3966 2565 4020 est,
2599 3961 2896 4011 insaniunt
2920 3962 3016 4022 qui
3035 3961 3104 4012 de
3123 3967 3302 4013 Adam
3323 3979 3419 4027 per

1825 4036 2121 4082 traducem
2156 4037 2425 4082 asserunt
2449 4032 2523 4082 ad
2548 4045 2651 4082 nos
2680 4035 2869 4081 venire
2891 4039 3206 4095 peccatum.
3228 4051 3256 4081 »
3281 4043 3419 4095 Qua).

1825 4105 2014 4164 Opinio
2040 4116 2213 4165 quam
2237 4104 2414 4165 impia
2431 4112 2484 4152 et
2501 4105 2768 4153 haeretica
2786 4104 2879 4153 sit.
2899 4107 3417 4154 iit-uioratliolicorum

1825 4175 2064 4235 ignorat.
2096 4176 2208 4236 ligo
2237 4174 2373 4236 quid
2412 4175 2482 4224 de
2509 4188 2695 4236 operis
2725 4181 2958 4224 auctore
2986 4180 3256 4238 statuam,
3283 4179 3422 4229 certi

1824 4247 2007 4295 habeo
2053 4245 2211 4305 nihil,
2259 4247 2372 4294 nisi
2412 4246 2563 4308 quod
2596 4247 2928 4309 Hieromyni
2975 4246 3112 4296 illud
3151 4261 3266 4298 11011
3293 4263 3421 4301 esse

1825 4318 2351 4380 compertissimum
2369 4322 2475 4367 est.
2494 4319 2594 4367 Edi
2621 4322 2810 4368 tamen
2835 4321 3167 4368 curavimus
3191 4335 3256 4370 eo
3273 4326 3421 4370 modo

1825 4404 1938 4452 quo
1961 4395 2092 4440 ante
2121 4391 2268 4453 typis
2295 4390 2631 4440 mandatum
2658 4390 3178 4453 circumferebatur,
3210 4398 3421 4454 nequid

1828 4461 1996 4525 priori
2018 4461 2266 4511 editione
2288 4461 2703 4522 deesset,nulla
2728 4461 2958 4523 quidem
2973 4461 3191 4523 syllaba
3208 4475 3240 4512 a
3254 4466 3420 4514 nobis

1826 4539 2079 4586 auctum.
2106 4534 2453 4583 diminutum
2471 4539 2571 4584 aut
2594 4537 2962 4583 immutatum
2990 4547 3000 4581 :
3029 4534 3308 4585 lectorum
3332 4551 3423 4587 ar-

126 4605 426 4689 us,
443 4640 586 4689 quas
606 4626 796 4675 statim
810 4605 1060 4688 imperiti
1085 4625 1397 4687 tragoedias
1409 4605 1720 4678 excitassent.
1748 4612 1803 4684 D
2010 4606 2157 4698 ﬁlum
2182 4605 2252 4655 de
2276 4605 2370 4656 mo
2387 4606 2716 4657 “humare
2743 4605 3161 4698 Velimpemufs
3179 4607 3423 4660 demum

133 4705 203 4754 Et
223 4701 435 4750 habent
452 4697 549 4760 qui
576 4701 715 4746 sunt
736 4697 888 4758 apud
912 4696 1226 4746 Hesiodum
1242 4697 1312 4745 de
1330 4699 1510 4759 primo
1527 4713 1728 4752 secun-

129 4775 274 4824 dove
299 4771 598 4822 hominum
625 4781 850 4831 genere,
864 4767 1017 4829 quod
1042 4772 1143 4817 aut
1166 4768 1245 4817 illi
1272 4781 1367 4831 per
1385 4771 1604 4831 seipsos
1623 4780 1723 4826 aut

131 4846 172 4896 ii
198 4842 518 4908 praunoniti
542 4839 897 4898 cumjudicio
926 4842 1140 4901 legant;
1158 4844 1213 4888 et
1235 4853 1347 4889 non
1371 4842 1530 4892 deest
1550 4847 1725 4909 stupi-

133 4919 224 4970 di's
253 4916 358 4966 illis
386 4914 533 4965 tertii
561 4911 802 4977 geneiis,
830 4914 979 4973 apud
1008 4911 1275 4962 eumdem
1312 4919 1536 4975 poetam
1568 4919 1723 4980 quod

132 4989 568 5051 amplectantur,
586 4998 657 5035 ne
684 4982 897 5034 scilicet
915 4995 1030 5032 non
1049 4983 1123 5033 sit
1140 4985 1426 5046 partemue
1452 4990 1629 5049 lopus,
1652 4991 1722 5039 si-

135 5062 300 5113 miles
327 5060 541 5109 habent
564 5058 721 5107 labra
747 5057 931 5105 lactuc
952 5070 1015 5104 lS.
1044 5062 1384 5118 Quanquam
1409 5059 1467 5108 in
1495 5061 1563 5110 iis
1588 5063 1727 5125 ipsis

137 5137 198 5185 in
220 5134 471 5183 Marcum
493 5136 549 5180 et
565 5131 801 5179 Paulum
819 5129 1254 5177 Commentariis
1281 5131 1729 5190 (1011³0οω111νο-

142 5207 259 5258 nire
293 5204 438 5264 licet,
469 5214 599 5264 qua)
635 5200 816 5249 doctis
841 5201 1012 5249 etiam
1044 5200 1264 5260 placere
1290 5204 1534 5262 possint,
1563 5207 1730 5256 nimi-

140 5290 265 5330 rum
290 5289 359 5327 ex
375 5274 706 5336 Hieronymi
727 5271 1231 5336 penudepruuipta
1252 5285 1283 5320 a
1308 5275 1567 5325 studioso
1585 5280 1730 5327 vide-

143 5351 271 5403 licet
310 5347 520 5410 aliquo,
554 5346 809 5408 quicum
851 5344 1224 5406 percurrisset
1251 5344 1729 5408 Hieronyniianas

140 5421 578 5478 lucubrationes,
598 5421 655 5467 in
674 5417 760 5465 his
784 5418 962 5465 multa
976 5415 1303 5476 sublegerit,
1321 5421 1384 5465 ut
1399 5417 1605 5469 deinde
1623 5425 1732 5469 suis

141 5494 495 5554 admisceret,
512 5504 625 5554 quo
646 5491 833 5540 verius
852 5489 1028 5551 hujus
1047 5489 1154 5538 fuci
1181 5490 1378 5539 merito
1397 5493 1733 5553 Hieronymus

145 5566 318 5619 videri
341 5563 726 5628 possetQuod
757 5562 1017 5612 studium
1044 5561 1174 5610 olim
1202 5562 1305 5610 fuit
1331 5565 1731 5626 monachis,iis

145 5640 388 5693 maxime
403 5639 496 5700 qui
522 5636 590 5685 de
609 5635 816 5684 familia
836 5640 972 5683 sunt.
990 5632 1103 5682 divi
1132 5633 1583 5688 Benedictimain
1598 5640 1730 5697 apud

148 5715 270 5775 hos,
301 5714 364 5762 ut
388 5708 690 5772 religionis,
717 5707 797 5757 sic
818 5707 986 5758 etiam
1005 5705 1322 5756 litterarum
1343 5706 1560 5759 multos
1573 5724 1734 5757 annos

214 5882 278 5945 (α)
309 5881 422 5931 Νο0
449 5883 639 5930 tamen
663 5878 722 5929 in
747 5877 1092 5930 sententiam
1117 5876 1734 5939 Ambrosliprzeceptoris

156 5951 586 6019 sui,quiPelagii
606 5950 789 6014 ipsius
813 5962 944 6002 esse
965 5950 1139 6002 hosce
1163 5950 1604 6001 commentarios
1617 5955 1735 6002 sta-

1827 4682 2084 4740 quentes.
2107 4693 2136 4724 »

1888 4774 2041 4828 1673.
2082 4775 2328 4832 Parisiis,
2347 4775 2739 4839 in-f01.Hujus
2767 4777 2872 4828 loci
2890 4783 2948 4829 et
2969 4779 3106 4829 anni
3131 4779 3286 4830 nulla
3299 4780 3420 4842 qui-

1821 4847 1950 4897 dem
1976 4852 2166 4897 exstat
2195 4849 2754 4899 Commentariorum
2773 4850 3311 4915 horumimpressio,
3338 4855 3422 4900 sed

1823 4919 1973 4982 quod
1990 4919 2154 4982 longe
2174 4919 2350 4981 pluris
2367 4919 2517 4970 valet
2533 4920 2592 4970 in
2615 4922 2930 4972 editionum
2944 4936 3138 4974 eorum
3152 4926 3423 4970 annalibus

1822 4990 2058 5040 Joannis
2085 4991 2334 5040 Carnerii
2359 5005 2430 5041 ex
2457 5004 2573 5041 soc.
2598 4994 2756 5055 Jesu,
2786 4994 3094 5041 Dissertatio
3113 4994 3174 5040 de
3200 4995 3425 5057 Scriptis

1827 5062 2050 5123 Pelagii,
2081 5074 2211 5124 quae
2235 5063 2410 5112 el'licit
2433 5073 2592 5126 caput
2614 5063 2645 5115 ‘2
2670 5066 3426 5127 ΑΜΕ-11111018ιιίιιίίεερνιαιίο-

1826 5150 1943 5181 ncm
1974 5133 2003 5184 ti
2021 5134 2304 5196 descriptis
2329 5134 2393 5181 ali
2419 5136 2654 5182 hostili-us
2667 5137 2793 5196 [idet
2807 5152 2904 5198 pro
2931 5138 3424 5199 Itwrcsil’clligiana

1828 5208 2027 5256 virente
2057 5207 2379 5268 Augusti-no,
2407 5212 2463 5256 et
2488 5207 2730 5256 habetur
2753 5209 3174 5270 cuiiiOperibus
3201 5211 3270 5258 M.
3295 5212 3425 5259 Mer-

1829 5279 2036 5330 catoris
2067 5284 2206 5341 part.
2235 5290 2274 5339 1,
2303 5292 2351 5340 p.
2391 5278 2491 5331 367
2520 5292 2603 5339 sq.
2637 5281 2695 5327 in
2720 5291 2786 5328 ea
2815 5292 2946 5329 vero
2973 5293 3083 5329 non
3115 5281 3300 5330 solum
3334 5294 3420 5331 ar-

1829 5354 2121 5414 gutiientis
2150 5350 2571 5399 inviiicibilibus
2589 5351 3023 5410 demonstravit,
3044 5366 3170 5402 esse
3192 5357 3323 5399 hanc
3350 5356 3428 5400 in-

1834 5423 2287 5486 terpretationem
2315 5434 2438 5471 eam
2465 5422 2645 5485 ipsam
2661 5436 2790 5483 qum
2814 5426 3158 5486 Augustino,
3180 5427 3423 5488 Hierony-

1833 5509 1928 5544 mo
1973 5500 2028 5544 et
2066 5495 2356 5545 Mercatori
2387 5496 2532 5544 lecta
2564 5499 2620 5544 ct
2656 5508 2688 5544 a
2713 5496 3052 5547 Cassiodoro
3083 5497 3427 5560 interpolata

1832 5565 2017 5629 fuerit,
2047 5567 2146 5615 sed
2172 5567 2339 5616 etiam
2368 5572 2430 5616 ut
2455 5571 2670 5629 pateret
2687 5572 2965 5628 quantum
2995 5571 3325 5619 mutationis
3354 5571 3425 5620 fe-

1831 5636 2003 5686 cisset
2046 5639 2437 5699 Cassiodorus,
2465 5637 2781 5704 παραλλήλεης
2807 5652 2871 5688 ea
2897 5653 3024 5701 qua)
3071 5641 3128 5689 in
3174 5641 3427 5702 vulgatis

1832 5707 2124 5758 codicibus
2155 5710 2456 5772 habentur,
2478 5713 2812 5762 Cassiodoro
2836 5712 3201 5763 emendatore
3226 5717 3283 5763 et
3311 5729 3424 5773 qua].

1837 5881 2054 5950 tuerat,
2067 5876 2376 5950 concedere
2403 5893 2464 5930 se
2483 5880 2769 5943 significat
2793 5883 3006 5936 Sixtus.
3021 5883 3099 5934 Cf.
3126 5886 3167 5935 Ι.
3194 5896 3273 5948 1v,
3292 5897 3422 5950 pag.

1835 5947 1958 6013 309,
1989 5948 2078 6000 ed.
2113 5948 2306 5999 Colon.
2334 5948 2674 6015 1626,111-4⁰.
