3894 6454
505 370 647 428 1159

1746 372 2097 425 PELAGIUS
2124 372 2561 428 BRITANNUS.

3659 374 3775 431 1160

503 481 765 559 Pelagius
800 482 1124 548 scripserat,
1167 482 1411 535 relatore
1459 482 1636 534 Mario
1667 486 1725 534 et
1751 485 2103 550 Augustino,
2132 488 2185 559 Α
2208 498 2344 538 men
2366 498 2629 559 seorsum
2645 485 2800 559 edita
2822 489 2913 538 est
2934 490 2993 559 et
3011 485 3291 550 singulari
3303 486 3549 540 consilio
3563 486 3776 539 illustra-

503 566 747 677 Ορῗὸεέεὲ
753 556 1107 686 1λεηναηοοΐιινιί
1148 627 1194 673 et
1230 624 1443 689 Lipsiae.
1487 622 1673 675 in-fol.
1698 626 2104 679 Commentarii

501 696 562 745 in
586 694 868 758 Epistolas
894 695 1007 745 divi
1045 694 1198 747 Pauli
1225 710 1238 760 ;
1263 695 1323 746 in
1365 699 1521 747 tomo
1545 696 1626 747 IX
1658 696 1798 762 Opp.
1834 699 2108 763 Hierony-

502 766 597 828 mi,
624 778 790 830 pagg.
818 764 1069 820 213-321.

560 835 715 890 1699.
756 836 1007 898 Parisiis,
1039 836 1229 888 in-fol.
1274 838 1678 891 Commentarii
1716 838 1778 891 in
1816 840 2103 904 Epistolas

498 906 614 959 divi
660 906 850 969 Pauli;
876 909 935 958 in
972 911 1128 958 torno
1154 908 1198 958 V
1226 908 1370 974 Opp.
1396 909 1730 975 Hieromyni
1753 910 1843 963 ed.
1881 912 2106 964 Martia-

499 982 630 1048 niei,
655 996 825 1048 pagg.
849 983 1144 1040 925-1106.

555 1054 714 1110 1700.
743 1057 1059 1121 Antuerpiae'
1091 1056 1244 1121 apud
1278 1058 1421 1110 Petr.
1447 1058 1686 1111 Mortier.
1722 1058 1909 1111 in-fol.
1940 1061 2102 1112 Pela-

497 1125 574 1190 gii
599 1127 861 1179 Britanni
884 1128 1291 1180 Commentarii
1323 1129 1384 1180 in
1407 1128 1694 1194 Epistolas
1728 1131 1912 1182 sancti
1940 1132 2100 1184 Pauli

494 1199 769 1263 apostoli;
813 1200 875 1251 in
916 1200 1224 1265 Appendicc
1254 1200 1622 1265 Augustiana,
1651 1215 1754 1254 seu
1788 1204 1967 1254 Tomo
1995 1205 2099 1255 XII

495 1269 581 1321 ed.
597 1272 1037 1337 Autnerpiensis
1054 1272 1304 1337 Operum
1318 1273 1633 1337 Augustini
1655 1286 1819 1338 pagg.
1838 1273 2095 1330 317-458.

496 1342 790 1404 Quantum
814 1343 1122 1395 Garnerius
1140 1343 1358 1408 judicia
1383 1345 1454 1401 de
1477 1344 1588 1396 hoc
1613 1358 1782 1409 opere
1794 1359 2101 1410 promove-

495 1415 588 1477 rit,
606 1416 727 1478 jam
751 1428 825 1467 ex
851 1414 1018 1468 titulo
1040 1428 1169 1467 sese
1192 1415 1397 1480 prodit.
1430 1415 1541 1467 Sed
1563 1416 1828 1481 etipsum
1851 1421 2096 1468 Clericum

495 1485 792 1538 audivisse
841 1486 1090 1551 juvabit.
1139 1487 1157 1521 ί
1212 1488 1664 1539 Commentarios
1709 1491 1765 1539 in
1812 1489 2098 1553 Epistolas

495 1557 672 1621 Pauli,
699 1558 903 1622 inquit,
934 1557 1141 1623 Pelagii
1165 1570 1294 1610 esse
1317 1558 1540 1609 dudum
1573 1559 1713 1611 viris
1746 1559 1931 1611 doctis
1956 1562 2095 1612 sub-

493 1626 732 1693 oluerat,
758 1642 995 1694 remque
1018 1631 1387 1682 manifestam
1412 1630 1545 1682 fecit
1567 1630 1895 1682 Garnerius.
1936 1631 2094 1683 Idem

491 1700 663 1751 etiam
690 1701 944 1765 ,liquebit
976 1716 1043 1751 ea:
1080 1701 1278 1752 notulis
1302 1702 1474 1751 variis
1489 1702 1666 1752 locisa
1688 1702 1840 1751 nobis
1851 1702 2093 1767 subjectis

490 1772 552 1823 in
575 1773 788 1837 quibus
814 1773 1119 1838 Pelagiana
1147 1773 1551 1838 dogmalatam
1567 1774 1786 1837 liquido
1805 1779 2095 1827 notamus.

494 1848 555 1895 ut
576 1856 671 1896 res
695 1845 871 1896 dubia
894 1845 1115 1897 nemini
1138 1858 1266 1897 esse
1289 1846 1493 1910 possit,
1522 1846 1636 1896 nisi
1657 1846 1865 1898 harum
1902 1859 2096 1899 rerum

489 1913 656 1979 plane
678 1916 963 1981 imperito.
990 1916 1156 1968 Plura
1174 1918 1352 1968 etiam
1373 1922 1686 1969 occurrunt
1706 1917 1918 1969 indicia
1940 1920 2099 1971 Pela-

490 1987 761 2051 gianismi
787 1987 877 2047 iis,
900 1988 1001 2051 qui
1014 1987 1193 2040 hosce
1208 1988 1666 2040 Commentarios
1676 1987 2009 2052 diligentius
2020 1990 2102 2041 le-

490 2064 653 2123 gent.
680 2058 799 2109 Nisi
825 2063 1117 2110 constaret
1138 2071 1238 2123 per
1252 2060 1691 2123 aliquotwtates
1716 2073 1834 2111 non
1851 2063 1992 2113 satis
2011 2061 2102 2112 in-

492 2128 779 2181 tellectam
800 2129 982 2181 fuisse
997 2130 1182 2181 sancti
1198 2130 1511 2194 Augustini
1523 2130 1570 2194 ej
1580 2143 1769 2193 usque
1787 2134 2100 2181 adversario-

490 2213 617 2252 rum
641 2201 982 2264 doctrinam,
1008 2202 1091 2252 ita
1115 2206 1179 2253 ut
1199 2202 1371 2253 multi
1394 2214 1457 2252 se
1479 2201 1943 2266 Augustinianos
1968 2216 2097 2256 esse

489 2272 791 2324 crederent
812 2273 914 2337 qui
936 2271 1148 2337 Pelagii
1173 2272 1520 2325 sententiam
1544 2275 1964 2337 sequebantur;
1990 2275 2098 2326 mi-

488 2357 617 2395 rum
640 2348 795 2396 esset
818 2357 918 2396 eos
940 2346 1040 2408 qui
1063 2345 1280 2410 saipius
1296 2344 1709 2408 interpolarent
1730 2346 1906 2397 hosce
1931 2347 2098 2398 Com-

488 2416 820 2479 mentarios,
848 2416 972 2468 loca
994 2416 1109 2481 illa,
1135 2418 1348 2481 quibus
1374 2416 1585 2481 Pelagii
1615 2416 1879 2469 doctrina
1910 2419 2096 2470 mani-

488 2487 635 2539 festa
656 2487 922 2551 habetur,
936 2501 1054 2540 non
1070 2489 1448 2553 expunxisse.
1469 2490 1580 2540 Sed
1598 2488 1766 2541 multi
1782 2489 1925 2541 adeo
1944 2493 2094 2540 rudes

484 2558 811 2623 fuerunt,ut
828 2563 1097 2611 sanctum
1108 2561 1506 2624 Augustinum
1517 2560 1753 2623 quidem
1769 2563 1999 2623 Pelagian
2006 2577 2090 2611 um

484 2630 758 2695 facerent,
784 2636 841 2683 et
864 2631 1155 2696 Pelagium
1178 2633 1437 2685 vicissim
1460 2632 1972 2695 Augustinianum,
1996 2646 2092 2685 ea—

487 2714 598 2766 que
619 2702 905 2766 imperitia
916 2702 1132 2754 factum
1144 2708 1235 2755 est
1248 2708 1310 2755 ut
1323 2703 1776 2768 Pelagianismus
1794 2707 2090 2753 manifestus

487 2779 873 2825 correctorum
897 2786 1108 2826 manus
1131 2774 1227 2826 hic
1243 2776 1526 2839 eil‘ugerit.
1540 2775 1840 2827 Edidimus
1854 2779 1947 2825 hoc
1962 2792 2089 2837 opus

485 2856 559 2896 ex
580 2845 958 2897 Frobenianis
971 2846 1195 2896 Erasmi
1219 2846 1588 2910 editionibus,
1602 2846 1889 2898 duntaxat
1904 2848 2084 2899 mani-

485 2916 651 2978 festa,
700 2929 833 2981 quas
869 2922 1286 2982 remanserant,
1327 2917 1689 2970 sustulimus.
1730 2919 2086 2983 Optabamus

486 2989 653 3040 nobis
677 3002 806 3041 esse
822 2991 1046 3055 copiam
1058 3003 1165 3041 ms.
1179 2991 1269 3054 cuj
1280 2991 1505 3054 uspiam
1515 2990 1750 3053 codicis,
1767 2990 1820 3043 lli
1832 2994 1884 3040 in
1899 3008 1999 3053 quo
2012 3007 2085 3040 es-

488 3066 617 3113 sent
639 3061 700 3112 hi
723 3061 1158 3126 Commentarii;
1194 3062 1515 3126 praesertim
1527 3063 1662 3125 quia
1686 3065 1880 3114 textus
1904 3065 2000 3127 qui
2026 3067 2083 3115 in

484 3133 555 3185 iis
577 3132 902 3185 illustratur
916 3147 1035 3185 non
1047 3140 1136 3185 est
1150 3135 1392 3198 antiqua
1402 3134 1499 3186 illa
1522 3135 1712 3187 versio
1740 3136 1938 3186 Latina
1949 3149 2082 3199 qua}

486 3211 739 3269 tempore
764 3206 975 3270 Pelagii
999 3206 1315 3270 obtinebat,
1338 3206 1444 3258 sed
1461 3207 1534 3258 ab
1547 3208 1893 3271 Hieronymo
1908 3223 2081 3256 cmen-

2206 561 2283 609 ta.
2323 558 2432 610 Sed
2465 563 2531 611 ut
2560 557 2830 609 omnibus
2868 557 3006 609 ordo
3036 570 3182 609 suus
3214 563 3459 623 constet,
3485 562 3775 624 temporum

2206 629 2370 680 serici
2386 630 2544 682 ethic
2562 630 2812 694 potiores
2830 629 3242 693 descriptiones
3264 631 3579 695 astringere
3593 630 3772 694 placet.

2270 700 2423 756 1467.
2463 702 2679 766 [Romae
2724 701 2878 764 apud
2923 701 3106 753 Udalr.
3140 701 3407 766 Gallum],
3442 702 3628 754 in-fol.
3667 704 3777 767 Epi-

2208 770 2354 823 stola
2378 772 2450 823 ad
2474 772 2894 825 Demetriadem
2922 773 3030 823 sub
3058 772 3291 824 nomine
3324 774 3653 837 Hieronymi
3680 774 3777 824 ins-

2206 842 2387 907 cripta
2402 841 2472 894 de
2488 843 2832 906 Virginitate
2844 847 2900 895 et
2918 842 3035 895 vita
3053 844 3326 906 perfecta;
3351 844 3501 896 inter
3521 845 3777 909 Epistolas

2204 914 2537 979 Hieronymi
2555 914 2736 966 editas
2759 915 2877 964 sine
2899 914 3009 964 loco
3031 920 3077 963 et
3100 930 3269 974 anno,
3291 921 3451 980 parte
3472 927 3557 977 III,
3586 916 3779 969 tract.5.

2204 984 2304 1048 qui
2330 986 2667 1037 inscribitur
2689 986 2751 1035 de
2774 986 2931 1035 Statu
2945 986 3283 1036 continentiae
3304 987 3591 1051 virginalis
3607 992 3662 1039 et
3682 988 3781 1052 pri-

2203 1069 2299 1108 mo
2326 1057 2387 1106 de
2414 1057 2724 1121 Virginibus
2749 1057 2853 1107 Deo
2865 1057 3077 1117 dicatis,
3104 1059 3199 1122 Ep.
3227 1057 3313 1113 60.

2265 1129 2545 1181 Praecedit
2566 1129 2747 1192 ipsius
2770 1129 3105 1193 Hieronymi
3143 1129 3216 1181 ad
3240 1129 3503 1182 eamdem
3526 1130 3783 1194 virginem

2203 1199 2466 1264 epistola,
2514 1212 2647 1264 quae
2681 1200 2865 1264 prima
2890 1200 3117 1263 dicitur,
3141 1202 3519 1265 proximeque
3543 1203 3785 1265 sequitur

2202 1272 2445 1336 epistola
2479 1272 2552 1320 ad
2587 1272 2877 1321 Julianam
2901 1272 3256 1322 Demetriadis
3286 1279 3533 1326 matrem.
3565 1273 3783 1326 Praeﬂxa

2201 1345 2396 1394 autem
2422 1346 2560 1394 sunt
2593 1342 2709 1394 duo
2732 1348 3093 1407 argumenta,
3118 1357 3303 1395 unum
3328 1345 3468 1396 satis
3496 1344 3785 1408 prolixum,

2200 1414 2355 1478 quod
2372 1415 2552 1467 totius
2569 1415 2923 1467 tractationis
2940 1416 3053 1467 vim
3067 1421 3124 1468 et
3138 1417 3434 1468 materiam
3449 1422 3582 1481 apte
3595 1420 3649 1469 et
3660 1430 3787 1470 enu-

2199 1486 2384 1538 cleate
2409 1486 2598 1547 tradit,
2623 1485 2865 1539 alterum
2890 1488 3122 1539 brevius
3138 1488 3209 1539 de
3232 1491 3628 1550 auctore,quod
3650 1496 3786 1537 totum

2199 1557 2315 1609 huc
2360 1558 2741 1610 transcribere
2779 1563 2962 1610 vacat.
3004 1558 3148 1608 Nola
3184 1559 3329 1623 quod
3354 1575 3389 1608 a
3410 1560 3679 1624 plerisque
3711 1561 3785 1609 hec

2195 1629 2419 1692 epistola
2443 1629 2646 1679 dicitur
2681 1645 2793 1679 non
2817 1644 2921 1679 esse
2945 1630 3270 1694 Hieronymi
3292 1647 3312 1691 ;
3336 1632 3425 1679 sed
3441 1632 3680 1680 alicuius
3704 1632 3783 1681 Pc-

2197 1699 2501 1766 lagianiste,
2539 1716 2595 1750 eo
2630 1701 2776 1765 quod
2818 1701 2987 1750 nimis
3032 1700 3234 1751 bonum
3276 1708 3473 1752 nature
3508 1708 3554 1752 et
3578 1702 3787 1752 liberum

2196 1771 2465 1835 praedicet
2502 1771 2815 1824 arbitrium.
2849 1773 2996 1821 Beda
3016 1772 3271 1837 presbiter
3292 1789 3413 1823 eam
3429 1775 3559 1823 dicit
3582 1789 3684 1823 esse
3706 1775 3787 1823 lu-

2127 1843 2341 1933 Bliaiii
2385 1844 2499 1892 eius
2530 1844 2773 1933 haeresis
2805 1845 3078 1933 sectatoris
3110 1845 3180 1933 in,
3209 1844 3342 1895 libro
3483 1846 3785 1933 gratia-Dei

2199 1920 2389 1964 contra
2410 1916 2637 1965 eundem
2662 1915 2963 1966 Iulianum.
2988 1915 3100 1967 Nos
3121 1915 3375 1981 pleraque
3400 1918 3569 1966 huius
3595 1917 3789 1981 epistola

2198 1986 2581 2050 abAugustino
2604 1988 2864 2038 nouimus
2879 2003 2983 2037 esse
3004 1989 3328 2051 reprehensa
3345 1995 3612 2054 tanquam
3628 1990 3787 2054 gratis

2196 2058 2295 2107 Dei
2320 2058 2697 2110 aduersantia.
2753 2059 2902 2109 Unde
2938 2060 3249 2124 suspicatur
3278 2059 3430 2109 illam
3453 2076 3489 2109 a
3509 2060 3785 2124 pelagiano

2197 2131 2572 2194 perscriptum,
2598 2131 2735 2180 sicut
2762 2131 2873 2194 ipse
2891 2130 3073 2180 scribit
3092 2131 3152 2180 in
3177 2131 3395 2196 epistola
3418 2133 3492 2181 ad
3516 2132 3783 2181 lulianum

2196 2201 2316 2265 (sic)
2356 2202 2712 2252 Demetriadis
2754 2207 3026 2264 matrem;
3073 2218 3243 2268 quam
3274 2202 3334 2253 ob
3368 2204 3465 2253 hoc
3502 2204 3609 2268 ipsi
3628 2204 3785 2254 libello

2195 2273 2558 2325 subdidimus.
2588 2275 2834 2325 Continet
2854 2280 2968 2324 tum
2992 2276 3171 2324 multa
3194 2275 3464 2325 salutaria
3483 2276 3720 2326 monita:
3744 2281 3783 2324 et

2195 2344 2556 2395 communiter
2584 2346 2681 2395 sub
2716 2348 2938 2396 nomine
2967 2347 3291 2412 Hieronymi
3315 2348 3374 2395 in
3399 2346 3785 2412 exemplaribus

2195 2416 2421 2466 habetur
2465 2418 2690 2479 inserta,
2727 2418 2949 2483 ideoque
2984 2424 3029 2468 et
3072 2433 3171 2468 nos
3208 2419 3361 2468 illam
3395 2419 3784 2484 inscripsimus.

2193 2490 2480 2540 Caeterum
2503 2502 2622 2541 non
2644 2490 2773 2542 hazc
2799 2490 2924 2554 ipsa
2947 2490 3120 2542 editio
3148 2491 3313 2542 nobis
3329 2496 3542 2555 praesto
3554 2496 3657 2552 est,
3687 2490 3779 2542 sed

2192 2572 2324 2623 quae
2363 2572 2437 2612 ex
2474 2559 2570 2612 illa
2600 2566 2754 2613 certo
2790 2563 3003 2614 certius
3041 2575 3314 2627 expressa
3336 2566 3425 2613 est
3450 2562 3781 2614 Basileensis

2188 2644 2278 2683 an.
2313 2630 2471 2693 1489,
2501 2633 2602 2684 ubi
2637 2638 2779 2697 part.
2817 2639 2874 2686 et
2898 2637 3058 2686 tract.
3084 2635 3126 2685 I.
3152 2635 3188 2686 l.
3214 2638 3407 2685 exstat
3428 2633 3525 2685 fol.
3559 2646 3779 2688 cxum.

2189 2703 2458 2755 Similiter
2485 2704 2545 2755 in
2586 2705 2835 2756 editione
2865 2706 3325 2770 Norimbergensi
3345 2718 3437 2757 an.
3465 2704 3619 2768 1795,
3648 2718 3781 2770 prae-

2185 2773 2303 2827 ﬁxo
2346 2776 2455 2826 hoc
2499 2776 2751 2828 breviori
2780 2783 3122 2842 argumento
3147 2783 3307 2829 extat
3336 2781 3604 2842 partem,
3642 2784 3682 2829 t.
3710 2779 3773 2841 Υ,

2186 2860 2274 2911 ep.
2312 2844 2435 2909 188,
2470 2846 2565 2898 fol.
2608 2858 2864 2912 CCLXVI;
2902 2848 3041 2899 item
3067 2849 3125 2900 in
3162 2848 3583 2900 Basileensian.
3619 2847 3773 2913 1497,

2185 2922 2345 2982 parte
2370 2931 2456 2980 111,
2486 2921 2553 2969 tr.
2582 2917 2634 2983 ὅ,
2661 2920 2760 2983 qui
2783 2920 2995 2985 pariter
3015 2919 3086 2971 de
3119 2920 3473 2972 continentia
3496 2919 3771 2985 virginali,

2183 2994 2314 3054 etc.,
2339 2990 2693 3049 inscribitur,
2720 2992 2884 3055 epist.
2915 2991 3000 3055 18,
3029 2992 3327 3055 praemisso
3350 2998 3772 3056 utroqueargu-

2182 3066 2412 3124 mento;
2441 3073 2546 3113 nec
2577 3074 2694 3112 non
2714 3061 2917 3113 eodem
2942 3061 3242 3126 planeloco
3264 3068 3324 3115 et
3344 3075 3581 3114 numero
3601 3062 3660 3114 in
3684 3062 3765 3115 ed.

2181 3130 2560 3195 Lugdunensi
2581 3144 2674 3183 an.
2701 3131 2859 3197 1513,
2884 3132 3069 3185 in-fol.
3097 3133 3200 3187 198
3240 3133 3285 3185 b.
3318 3147 3445 3198 sqq.
3474 3134 3588 3198 (qui
3620 3133 3769 3186 folio-

2177 3214 2306 3254 rum
2330 3216 2608 3255 numerus
2630 3202 2691 3254 in
2714 3216 2782 3255 ea
2813 3216 2928 3255 non
2952 3204 3271 3269 impressus
3293 3206 3574 3268 cernitur).

482 3275 630 3328 data.
650 3278 793 3353 _Non
821 3280 1060 3342 poterat,
1075 3278 1454 3353 sineantiquo
1472 3279 1810 3353 codice,hoc
1825 3282 2075 3341 ﬂagitium
2100 3278 2148 3353 ί]
2238 3276 2337 3353 De.
2372 3274 2610 3353 reliquis
2655 3276 2926 3353 Romanis
2962 3277 3306 3353 editionibus
3328 3278 3463 3341 quid
3486 3276 3765 3353 amrmem

477 3348 899 3413 exscriptorum
910 3352 1293 3401 recentiorum
1316 3351 1539 3413 corrigi.
1554 3353 1707 3402 Oaate
1716 3353 1881 3414 roqui
1899 3367 2075 3412 quam-

480 3421 566 3474 vis
588 3421 763 3472 hosce
788 3421 1242 3473 Commentarios
1275 3420 1511 3473 laudare
1533 3422 1807 3486 nolimus,
1831 3435 2072 3486 praeser-

479 3494 581 3544 tim
602 3493 651 3544 si
675 3506 808 3544 cum
824 3494 1210 3545 recentiorum
1224 3493 1518 3545 laboribus
1530 3494 1917 3559 conferantur,
1936 3500 2075 3547 atta-

476 3576 615 3617 men
641 3577 757 3616 non
782 3565 1240 3616 contemnendos
1265 3576 1415 3627 esse,
1441 3577 1541 3629 pro
1567 3576 1675 3616 sua
1697 3566 1997 3625 brevitate,
2024 3566 2073 3617 si

480 3636 906 3689 contendantur
929 3649 1065 3687 cum
1092 3635 1218 3687 aliis
1242 3636 1526 3699 ejusmodi
1540 3640 1801 3689 veterum
1827 3638 2074 3702 scriptis,

474 3708 898 3770 existimamus,
921 3719 1099 3770 quare
1125 3706 1299 3759 etiam
1326 3708 1582 3772 integros
1605 3722 1725 3769 eos,
1747 3712 1804 3761 et
1825 3709 2071 3773 qualese

474 3791 649 3830 manu
690 3777 948 3829 auctoris
981 3778 1335 3843 prodierunt,
1360 3780 1434 3832 ad
1458 3793 1567 3833 nos
1591 3794 1778 3845 usque
1799 3794 1919 3834 non
1941 3796 2069 3848 per-

476 3851 704 3904 venisse
725 3850 1004 3902 dolemus.
1040 3867 1072 3900 »
1336 3903 1343 3909 ,

530 3922 688 3977 1742.
730 3922 961 3982 Verona,
1000 3921 1175 3975 in-fol.
1231 3924 1637 3977 Commentarii
1682 3925 1744 3977 in
1780 3926 2065 3991 Epistolas

468 3994 841 4057 sanctiPauli,
854 3996 914 4044 in
936 4000 1093 4046 tomo
1121 3996 1217 4046 XI.
1232 3995 1483 4060 Operum
1501 3998 1839 4061 Hieronymi
1865 4002 2061 4048 Domin.

467 4067 750 4131 Vallarsii,
773 4079 941 4131 pagg.
968 4066 1253 4122 835-1069.
1279 4074 1336 4120 et
1358 4069 1490 4120 edit.
1525 4071 1761 4121 Venetas
1788 4069 1948 4136 177:2,
1974 4072 2064 4124 in-

465 4137 540 4203 4⁸,
567 4139 724 4201 LXI,
750 4144 895 4202 part.
939 4150 1026 4204 III,
1070 4151 1237 4204 pagg.
1277 4140 1526 4195 134-435.
1577 4143 1703 4194 Etsi
1737 4145 1947 4209 Pelagii
1971 4160 2065 4199 110-

464 4222 599 4262 men
618 4222 736 4261 non
758 4211 1066 4275 praefixum
1078 4217 1186 4276 est,
1210 4225 1330 4265 non
1350 4217 1567 4280 negant
1592 4219 1788 4267 tamen
1811 4218 2062 4270 editores

464 4281 675 4345 Pelagii
685 4294 833 4334 esse.
854 4285 1003 4346 Quin
1014 4296 1133 4336 non
1150 4296 1379 4349 semper
1390 4299 1591 4338 verum
1605 4293 1901 4340 auctorem
1920 4292 2062 4351 igno-

462 4360 653 4405 ratum
687 4353 867 4407 fuisse
897 4367 1022 4408 raro
1063 4360 1122 4407 et
1151 4356 1445 4409 luculento
1470 4359 1798 4411 testimonio
1820 4362 2060 4413 Joannis

461 4425 697 4478 Diaconi
721 4426 1132 4491 seuPI-ssbyteri
1153 4428 1911 4488 Mansionarii,Veronensis
1942 4436 2062 4484 scri-

464 4501 639 4563 ptoris
662 4499 863 4552 saeculi
877 4512 1003 4564 x111,
1019 4500 1442 4565 demonstrant,
1464 4502 1563 4565 qui
1578 4503 1638 4553 in
1655 4504 1909 4557 Historia
1924 4520 2060 4558 non-

461 4573 603 4624 dum
623 4573 777 4624 edita
796 4572 858 4623 in
880 4572 1008 4624 haec
1028 4575 1201 4626 verba
1222 4584 1423 4625 eorum
1442 4576 1733 4628 meminit:
1757 4579 1930 4629 «Vidi
1951 4592 2058 4643 ego

458 4645 582 4721 i_ps_e
604 4647 859 4721 Joanpes
883 4646 1369 4721 Oonimentarium
1380 4646 1590 4721 Pelagii
1606 4650 1886 4714 praedicti,
1905 4668 2058 4714 super

461 4717 744 4781 Epistolas
760 4716 963 4782 'Pauli,
985 4719 1045 4769 in
1068 4730 1183 4782 quo
1207 4718 1340 4770 licet
1364 4719 1549 4771 multa
1574 4723 1720 4773 bene
1741 4727 1800 4774 et
1821 4722 2056 4787 elegan-

460 4793 548 4839 ter
573 4793 843 4852 exponat,
861 4793 1053 4841 tamen
1070 4790 1617 4845 subtiliterinfundit
1637 4807 1927 4846 venenum
1939 4796 2060 4848 hm-

458 4860 604 4912 resis
650 4871 793 4911 sum.
826 4875 856 4907 »
902 4861 1083 4913 Iidem
1115 4865 1429 4916 observant
1462 4866 1858 4929 praefationem
1895 4867 2056 4920 illam

456 4932 589 4984 [loto
608 4932 841 4985 nomine
863 4934 1200 4998 Hieronymi
1221 4936 1295 4986 ad
1325 4937 1696 4990 Heliodorum
1720 4939 2000 4992 directam
2021 4953 2058 4993 a

459 5002 788 5059 melioribus
819 5011 977 5059 nota
1000 5018 1143 5059 mss.
1174 5008 1468 5062 codicibus
1492 5012 1720 5065 abesse.

672 5144 742 5193 ΙΙ.
771 5141 1017 5207 Epistola
1034 5142 1108 5192 ad
1130 5143 1523 5194 Demetriadem
1547 5146 1832 5211 virginem.

518 5272 585 5321 In
606 5282 750 5342 mss.
771 5269 1067 5322 codicibus
1091 5283 1393 5335 nunquam
1409 5271 1524 5323 nisi
1545 5272 1695 5324 inter
1719 5274 2054 5342 Hieronymi

455 5341 724 5407 epistolas
769 5346 825 5393 et
870 5348 1151 5395 tractatus
1184 5344 1437 5395 minores
1473 5346 1772 5408 reperitur.
1799 5341 1946 5400 Inde
1963 5354 2054 5402 est

452 5414 605 5479 quod
657 5413 920 5478 ejusdem
967 5415 1276 5467 vetustatis
1327 5416 1627 5476 editiones,
1671 5417 1787 5471 imo
1814 5422 2053 5474 totidem

451 5497 624 5551 prOpe
642 5492 911 5538 numeret
933 5499 1001 5538 ac
1011 5486 1165 5539 illius
1190 5499 1363 5552 opera
1385 5488 1751 5552 opusculave.
1772 5492 2050 5546 Nimirum

447 5559 506 5610 in
527 5558 970 5623 antiquioribus,
985 5559 1045 5611 id
1062 5565 1149 5611 est
1164 5558 1541 5625 epistolarum
1568 5564 1949 5615 collectionibus
1971 5569 2052 5616 lo-

450 5644 585 5683 cum
607 5632 756 5683 inter
773 5632 900 5697 ipsa
916 5633 1365 5697 Hieronymiana
1386 5638 1646 5699 occupat,
1670 5635 1804 5688 licet
1826 5643 2050 5691 mature

453 5703 593 5754 satis
605 5706 902 5768 cognitum
918 5704 1214 5756 fueritnon
1230 5706 1666 5772 Hieronymum,
1685 5709 1788 5760 sed
1803 5709 2050 5774 Pelagia-

450 5787 593 5826 num
617 5776 924 5840 quemdam
945 5780 1047 5829 aut
1067 5778 1259 5841 ipsum
1277 5780 1567 5844 Pelagium
1600 5782 1647 5845 ej
1657 5795 1728 5832 us
1752 5786 2047 5835 auctorem

449 5856 581 5896 esse
602 5863 613 5894 :
639 5847 774 5898 inde
801 5848 874 5901 ab
901 5850 1234 5901 Erasmiana
1253 5855 1447 5903 autem
1465 5855 1771 5917 separatim
1785 5867 1918 5906 cum
1930 5858 2048 5907 aliis

455 5921 800 5990 Hieronymo
825 5928 1138 5993 suppositis
1157 5924 1409 5981 exscribi
1423 5925 1745 5979 consuevit.
1764 5927 1957 5992 Nuper
1969 5932 2045 5981 ta-

2173 3357 2293 3397 non
2321 3344 2526 3409 habeo,
2563 3359 2696 3397 cum
2718 3360 2824 3399 nec
2848 3347 3010 3412 ipsae,
3034 3362 3138 3399 nec
3161 3349 3287 3411 alia,
3313 3361 3483 3413 quam
3506 3350 3772 3413 probabi-

2170 3415 2299 3468 liter
2314 3417 2465 3469 exiis
2479 3430 2817 3482 expressam
2828 3418 3093 3482 dicerem,
3110 3424 3431 3483 suppetant.
3446 3422 3510 3471 In
3520 3420 3769 3472 editione

2172 3488 2351 3539 altera
2393 3488 2591 3553 absque
2633 3490 2771 3539 anni
2810 3496 2854 3539 et
2901 3489 2999 3539 loci
3045 3490 3248 3540 indicio
3299 3504 3560 3555 procusa,
3596 3503 3769 3555 quam

2172 3561 2329 3611 tomo
2354 3562 2375 3611 Ι
2402 3560 2542 3613 Bibl.
2572 3574 2626 3625 p.
2654 3560 2755 3615 487
2788 3561 3222 3626 descripsimus,
3240 3562 3371 3614 haec
3394 3562 3631 3627 epistola
3656 3576 3773 3614 non

2171 3633 2437 3693 occurrit,
2456 3632 2558 3684 sed
2575 3632 2697 3684 sola
2721 3633 2904 3698 ipsius
2918 3635 3246 3697 Hieronymi
3260 3634 3328 3685 ad
3348 3634 3763 3686 Demetriadem

2170 3716 2333 3754 num.
2358 3702 2443 3757 96.
2471 3709 2727 3768 prostat;
2760 3705 2911 3769 quod
2937 3705 3132 3756 nescio
3155 3711 3349 3757 utrum
3375 3706 3670 3758 codicibus
3694 3719 3766 3758 an

2172 3778 2500 3827 curatorum
2525 3776 2768 3827 delectui
2804 3777 2878 3828 sit
2904 3777 3296 3829 tribuendum.

2231 3846 2390 3901 1470.
2437 3848 2729 3911 Μοθαηιίω
2778 3863 2874 3912 per
2939 3849 3076 3898 Petr.
3123 3847 3425 3914 Sclioi/fer.,
3469 3848 3560 3901 fol.
3603 3862 3760 3902 max.

2168 3918 2553 3982 Hieronymus
2573 3918 2645 3970 ad
2672 3920 3088 3971 Demetriadem
3115 3920 3400 3984 quomodo
3426 3920 3625 3973 deceat
3663 3923 3768 3973 vir-

2166 3989 2361 4053 ginem
2387 3990 2747 4047 conversari;
2782 3990 2842 4041 in
2877 3990 3145 4053 Epistolis
3169 3997 3226 4043 et
3248 3992 3604 4044 Tractatibus
3624 3993 3766 4045 Hie-

2165 4061 2410 4125 ronymi,
2434 4061 2679 4125 epistola
2708 4060 2824 4125 196,
2853 4075 2955 4114 seu
2979 4061 3066 4127 26,
3091 4063 3149 4115 in
3169 4063 3536 4116 distinctione
3568 4063 3654 4119 12.

2227 4131 2385 4186 1516.
2422 4132 2640 4182 Basilcae
2680 4134 2833 4198 apud
2874 4134 3213 4199 Frobenium,
3240 4134 3414 4187 ill-fol.
3442 4135 3527 4187 Ad
3557 4138 3767 4188 Deme-

2164 4202 2407 4254 triadem
2436 4204 2717 4268 virginem
2743 4205 2813 4255 de
2844 4206 3181 4268 Virginitate
3216 4205 3484 4271 epislola;
3523 4207 3585 4258 in
3616 4208 3760 4272 Opp.

2164 4275 2499 4339 Hieronymi
2545 4276 2895 4328 Erasmiana
2924 4277 3011 4328 ed.
3056 4283 3212 4330 tomo
3254 4281 3324 4341 II,
3355 4278 3446 4330 fol.
3474 4279 3506 4333 4
3530 4277 3682 4334 b—1‘2.
3713 4281 3758 4331 b.

2162 4347 2385 4399 Erasmi
2428 4361 2672 4399 censura
2715 4348 2838 4401 hac
2877 4353 3002 4401 est:
3032 4349 3266 4400 Erudita
3297 4366 3517 4415 prorsus
3540 4352 3599 4400 ’et
3638 4351 3763 4401 asto—

2161 4434 2330 4482 quens
2359 4418 2476 4483 (sic)
2504 4419 2742 4484 epistola,
2772 4420 2862 4469 sed
2882 4436 3069 4486 quam,
3106 4426 3162 4469 ut
3196 4421 3340 4471 nihil
3361 4422 3512 4472 aliud
3546 4424 3762 4472 accedat

2160 4489 2238 4538 vel
2258 4489 2428 4554 stylus
2448 4490 2638 4555 palam
2662 4496 2861 4555 arguat
2887 4508 2999 4541 non
3024 4508 3127 4542 esse
3139 4493 3478 4558 Hieronymi.
3497 4494 3765 4544 Praeterea

2157 4566 2576 4611 consentaneum
2598 4578 2710 4612 non
2722 4572 2814 4627 est,
2832 4564 3232 4629 Hieronymum
3246 4566 3318 4614 ad
3331 4566 3571 4615 eamdem
3590 4567 3766 4630 virgi-

2156 4649 2279 4683 nem
2302 4634 2495 4684 iisdem
2518 4635 2581 4684 de
2603 4635 2757 4684 rebus
2781 4635 2860 4685 bis
2893 4637 3180 4701 scripsisse.
3229 4637 3393 4687 Divus
3416 4639 3764 4702 Augustinus

2078 4702 2136 4776 Ι)
2161 4706 2423 4755 nonnihil
2442 4707 2714 4771 suspicari
2737 4708 2944 4757 videtur
2963 4708 3029 4757 ab
3053 4709 3291 4758 haeretica
3319 4709 3618 4771 Pelagium
3636 4725 3766 4761 can-

2159 4780 2436 4842 scriptam,
2461 4779 2606 4842 quod
2629 4779 2801 4828 irsint
2822 4779 2885 4828 in
2909 4795 2971 4829 ea
2996 4781 3268 4830 nonnulla
3294 4797 3409 4845 qua:
3426 4781 3765 4845 Pelagia-no-

2156 4865 2283 4898 rum
2308 4849 2563 4913 dogmata
2577 4850 2860 4915 resipiant,
2873 4852 3173 4916 praesertim
3198 4868 3321 4901 cum
3343 4852 3388 4901 is
3412 4852 3674 4916 Pelagius
3703 4854 3763 4903 in

2155 4921 2375 4985 epistola
2422 4921 2668 4986 quadam
2706 4927 2916 4971 testetur
2948 4937 3052 4972 sese
3095 4924 3169 4973 ad
3198 4923 3590 4973 Demetriadem
3624 4924 3767 4973 scri-

2150 4993 2343 5057 psisse:
2371 4992 2516 5042 Beda
2525 4998 2683 5057 putat
2705 5009 2807 5042 esse
2824 4994 3044 5044 Juliani
3061 4995 3307 5046 haretici.
3331 4995 3589 5046 Caeterum
3606 5012 3766 5045 error

2153 5064 2561 5129 subscriptionis
2587 5066 2716 5114 hinc
2729 5072 2891 5115 natus
2903 5072 2990 5127 est,
3009 5066 3154 5131 quod
3168 5068 3527 5132 Hieronymus
3543 5083 3766 5133 quoque

2151 5136 2425 5201 scripserit
2448 5138 2523 5186 ad
2548 5137 2690 5186 hanc
2717 5138 2982 5202 virginem
3006 5145 3324 5203 argumento
3344 5154 3453 5188 non
3476 5138 3760 5189 dissimili.

2216 5206 2373 5261 1579.
2419 5208 2734 5273 Antucrpim
2798 5211 2948 5273 apud
3011 5211 3208 5262 Christ.
3268 5211 3507 5261 Plantin.
3560 5211 3762 5264 in-fol.

2154 5280 2408 5345 Epistola
2443 5280 2517 5332 ad
2556 5283 2978 5335 Demetriadem
3024 5282 3331 5348 virginem;
3371 5284 3430 5335 in
3469 5284 3764 5348 Operibus

2155 5352 2489 5416 Hieronymi
2536 5352 2626 5405 ed.
2676 5355 2836 5406 Marii
2880 5355 3155 5407 Victorini
3198 5356 3255 5407 h.
3295 5368 3347 5407 a.
3388 5360 3443 5407 et
3466 5356 3502 5407 l.
3528 5356 3763 5409 iteratae

2154 5427 2309 5476 tomo
2354 5426 2665 5551 leiopagg.
2700 5424 2848 5481 1-1‘2.
2893 5426 2956 5479 in
2991 5426 3295 5479 Parisiensi
3330 5426 3485 5490 1643,
3534 5427 3761 5480 ibidem

2154 5509 2317 5551 Daga-
2391 5523 2418 5532 —
2495 5533 2507 5548 .

2214 5566 2372 5622 1684.
2428 5568 2777 5632 Francofurti
2826 5574 2872 5618 et
2925 5570 3133 5636 Lipsiae,
3169 5569 3341 5622 in-fol.
3398 5570 3646 5636 Eadem;
3697 5570 3762 5623 in

2150 5638 2291 5704 Opp.
2318 5639 2653 5703 Hieronymi
2684 5646 2839 5693 tomo
2864 5643 2960 5701 IV,
2988 5654 3154 5707 pagg.
3182 5640 3363 5697 12-21.

2211 5710 2368 5765 1406.
2403 5711 2655 5773 Parisiis,
2690 5711 2876 5764 in-fol.
2914 5714 3152 5778 Eadem;
3180 5716 3327 5766 inter
3349 5714 3532 5779 Opera
3556 5714 3760 5765 Hieroo

2145 5782 2307 5848 nymi
2347 5784 2416 5835 ed
2453 5784 2769 5838 Martianaei
2803 5787 2959 5839 tomo
2998 5786 3067 5846 V,
3093 5799 3258 5851 pagg.
3285 5784 3471 5841 11-30.
3495 5785 3753 5839 Praaﬂxa

2144 5859 2235 5908 est
2258 5856 2481 5908 Erasmi
2504 5868 2770 5910 censura.
2787 5858 2902 5923 Ipsi
2918 5858 3214 5924 notant,in
3229 5858 3579 5923 quibusdam
3600 5871 3749 5912 mss.

2143 5927 2435 5983 codicibus
2460 5929 2746 5994 C(elestio,
2761 5928 2822 5983 in
2838 5929 2966 5984 aliis
2989 5930 3216 5987 Juliano
3239 5943 3365 5985 eam
3391 5931 3584 5984 tribui.
