  <div class='ocr_page' id='page_1' title='image "/cluster/home/n/w/nwhite01/storage/ocr_20150623/21/umn.319510024773153/580.png"; bbox 0 0 3894 6416; ppageno 0'>
   <div class='ocr_carea' id='block_1_1' title="bbox 49 397 185 452">
    <p class='ocr_par' dir='ltr' id='par_1_1' title="bbox 49 397 185 452">
     <span class='ocr_line' id='line_1_1' title="bbox 49 397 185 452; baseline -0.007 0"><span class='ocrx_word' id='word_1_1' title='bbox 49 397 185 452; x_wconf 81' lang='grc'>1161</span> 
     </span>
    </p>
   </div>
   <div class='ocr_carea' id='block_1_2' title="bbox 912 363 2468 455">
    <p class='ocr_par' dir='ltr' id='par_1_2' title="bbox 912 363 2468 455">
     <span class='ocr_line' id='line_1_2' title="bbox 912 363 2468 455; baseline 0.001 -5"><span class='ocrx_word' id='word_1_2' title='bbox 912 399 1201 450; x_wconf 83' lang='lat' dir='ltr'>OPERUM</span> <span class='ocrx_word' id='word_1_3' title='bbox 1238 400 1326 450; x_wconf 85' lang='lat' dir='ltr'>ET</span> <span class='ocrx_word' id='word_1_4' title='bbox 1363 399 1756 453; x_wconf 82' lang='lat' dir='ltr'>EDITIONUM</span> <span class='ocrx_word' id='word_1_5' title='bbox 1791 402 2073 454; x_wconf 82' lang='lat' dir='ltr'>PELAGII</span> <span class='ocrx_word' id='word_1_6' title='bbox 2108 363 2468 455; x_wconf 65' lang='lat' dir='ltr'>RECENSIO.</span> 
     </span>
    </p>
   </div>
   <div class='ocr_carea' id='block_1_3' title="bbox 3219 409 3358 466">
    <p class='ocr_par' dir='ltr' id='par_1_3' title="bbox 3219 409 3358 466">
     <span class='ocr_line' id='line_1_3' title="bbox 3219 409 3358 466; baseline 0.007 -1"><span class='ocrx_word' id='word_1_7' title='bbox 3219 409 3358 466; x_wconf 70' lang='grc'>1162</span> 
     </span>
    </p>
   </div>
   <div class='ocr_carea' id='block_1_4' title="bbox 116 511 3364 593">
    <p class='ocr_par' dir='ltr' id='par_1_4' title="bbox 116 511 3364 593">
     <span class='ocr_line' id='line_1_4' title="bbox 116 511 3364 593; baseline 0.003 -27"><span class='ocrx_word' id='word_1_8' title='bbox 116 511 282 593; x_wconf 55' lang='lat'>74:3,.</span> <span class='ocrx_word' id='word_1_9' title='bbox 341 513 570 593; x_wconf 41' lang='lat' dir='ltr'>Vteroviw,</span> <span class='ocrx_word' id='word_1_10' title='bbox 622 515 819 593; x_wconf 36' lang='lat' dir='ltr'>in-fo_l_..</span> <span class='ocrx_word' id='word_1_11' title='bbox 857 514 1075 593; x_wconf 85' lang='lat' dir='ltr'>Pelagii</span> <span class='ocrx_word' id='word_1_12' title='bbox 1123 513 1195 593; x_wconf 75' lang='lat' dir='ltr'>ad</span> <span class='ocrx_word' id='word_1_13' title='bbox 1219 515 1657 593; x_wconf 56' lang='lat' dir='ltr'>Demetriadem</span> <span class='ocrx_word' id='word_1_14' title='bbox 1680 522 1742 593; x_wconf 79' lang='grc' dir='ltr'><strong>Α</strong></span> <span class='ocrx_word' id='word_1_15' title='bbox 1763 517 2077 593; x_wconf 72' lang='lat' dir='ltr'>siusCaroli</span> <span class='ocrx_word' id='word_1_16' title='bbox 2090 518 2398 593; x_wconf 73' lang='lat' dir='ltr'>Magninec</span> <span class='ocrx_word' id='word_1_17' title='bbox 2410 532 2527 570; x_wconf 90' lang='lat' dir='ltr'>non</span> <span class='ocrx_word' id='word_1_18' title='bbox 2539 519 2824 593; x_wconf 89' lang='lat' dir='ltr'>Alcuiniin</span> <span class='ocrx_word' id='word_1_19' title='bbox 2840 525 2984 572; x_wconf 84' lang='lat' dir='ltr'>libris</span> <span class='ocrx_word' id='word_1_20' title='bbox 2997 532 3179 586; x_wconf 81' lang='lat' dir='ltr'>septem</span> <span class='ocrx_word' id='word_1_21' title='bbox 3193 527 3364 576; x_wconf 86' lang='lat' dir='ltr'>adver-</span> 
     </span>
    </p>
   </div>
   <div class='ocr_carea' id='block_1_5' title="bbox 43 582 1657 649">
    <p class='ocr_par' dir='ltr' id='par_1_5' title="bbox 43 582 1657 649">
     <span class='ocr_line' id='line_1_5' title="bbox 43 582 1657 649; baseline 0.001 -14"><span class='ocrx_word' id='word_1_22' title='bbox 43 582 324 648; x_wconf 83' lang='lat' dir='ltr'>epistola;</span> <span class='ocrx_word' id='word_1_23' title='bbox 371 583 432 634; x_wconf 91' lang='lat' dir='ltr'>in</span> <span class='ocrx_word' id='word_1_24' title='bbox 477 584 727 647; x_wconf 88' lang='lat' dir='ltr'>Operum</span> <span class='ocrx_word' id='word_1_25' title='bbox 753 584 1079 649; x_wconf 81' lang='lat' dir='ltr'>Hieronymi</span> <span class='ocrx_word' id='word_1_26' title='bbox 1102 583 1191 636; x_wconf 89' lang='lat' dir='ltr'>ed.</span> <span class='ocrx_word' id='word_1_27' title='bbox 1219 583 1481 636; x_wconf 78' lang='lat' dir='ltr'>Vallarsii</span> <span class='ocrx_word' id='word_1_28' title='bbox 1504 590 1657 637; x_wconf 90' lang='lat' dir='ltr'>tomo</span> 
     </span>
    </p>
   </div>
   <div class='ocr_carea' id='block_1_6' title="bbox 48 653 797 719">
    <p class='ocr_par' dir='ltr' id='par_1_6' title="bbox 48 653 797 719">
     <span class='ocr_line' id='line_1_6' title="bbox 48 653 797 719; baseline 0 -13"><span class='ocrx_word' id='word_1_29' title='bbox 48 657 148 718; x_wconf 85' lang='lat' dir='ltr'>XI,</span> <span class='ocrx_word' id='word_1_30' title='bbox 175 659 320 719; x_wconf 91' lang='lat' dir='ltr'>part.</span> <span class='ocrx_word' id='word_1_31' title='bbox 362 665 424 714; x_wconf 83' lang='grc' dir='ltr'>ιι,</span> <span class='ocrx_word' id='word_1_32' title='bbox 450 667 617 719; x_wconf 86' lang='lat' dir='ltr'>pagg.</span> <span class='ocrx_word' id='word_1_33' title='bbox 648 653 797 708; x_wconf 69' lang='lat'>1-26.</span> 
     </span>
    </p>
   </div>
   <div class='ocr_carea' id='block_1_7' title="bbox 109 726 1658 791">
    <p class='ocr_par' dir='ltr' id='par_1_7' title="bbox 109 726 1658 791">
     <span class='ocr_line' id='line_1_7' title="bbox 109 726 1658 791; baseline 0 -13"><span class='ocrx_word' id='word_1_34' title='bbox 109 727 404 778; x_wconf 85' lang='lat' dir='ltr'>Observat</span> <span class='ocrx_word' id='word_1_35' title='bbox 427 726 628 788; x_wconf 91' lang='lat' dir='ltr'>editor,</span> <span class='ocrx_word' id='word_1_36' title='bbox 655 727 824 778; x_wconf 83' lang='lat' dir='ltr'>Beda</span> <span class='ocrx_word' id='word_1_37' title='bbox 850 727 1254 791; x_wconf 83' lang='lat' dir='ltr'>suspicionem,</span> <span class='ocrx_word' id='word_1_38' title='bbox 1299 727 1396 789; x_wconf 86' lang='lat' dir='ltr'>qui</span> <span class='ocrx_word' id='word_1_39' title='bbox 1431 727 1658 778; x_wconf 86' lang='lat' dir='ltr'>Juliano</span> 
     </span>
    </p>
   </div>
   <div class='ocr_carea' id='block_1_8' title="bbox 45 795 1662 861">
    <p class='ocr_par' dir='ltr' id='par_1_8' title="bbox 45 795 1662 861">
     <span class='ocr_line' id='line_1_8' title="bbox 45 795 1662 861; baseline -0.001 -12"><span class='ocrx_word' id='word_1_40' title='bbox 45 810 180 849; x_wconf 81' lang='lat' dir='ltr'>eam</span> <span class='ocrx_word' id='word_1_41' title='bbox 208 795 661 856; x_wconf 88' lang='lat' dir='ltr'>tribuit,fundari</span> <span class='ocrx_word' id='word_1_42' title='bbox 687 797 979 848; x_wconf 82' lang='lat' dir='ltr'>codicibus</span> <span class='ocrx_word' id='word_1_43' title='bbox 1005 797 1296 847; x_wconf 87' lang='lat' dir='ltr'>nonnullis</span> <span class='ocrx_word' id='word_1_44' title='bbox 1310 810 1515 848; x_wconf 90' lang='lat' dir='ltr'>mss..e</span> <span class='ocrx_word' id='word_1_45' title='bbox 1540 799 1662 861; x_wconf 89' lang='lat' dir='ltr'>qui-</span> 
     </span>
    </p>
   </div>
   <div class='ocr_carea' id='block_1_9' title="bbox 46 867 1659 920">
    <p class='ocr_par' dir='ltr' id='par_1_9' title="bbox 46 867 1659 920">
     <span class='ocr_line' id='line_1_9' title="bbox 46 867 1659 920; baseline 0.001 -2"><span class='ocrx_word' id='word_1_46' title='bbox 46 871 162 918; x_wconf 85' lang='lat' dir='ltr'>bus</span> <span class='ocrx_word' id='word_1_47' title='bbox 211 880 398 918; x_wconf 88' lang='lat' dir='ltr'>unum</span> <span class='ocrx_word' id='word_1_48' title='bbox 444 869 816 920; x_wconf 87' lang='lat' dir='ltr'>vetustiorem</span> <span class='ocrx_word' id='word_1_49' title='bbox 839 867 1206 920; x_wconf 83' lang='lat' dir='ltr'>Bibliotheca</span> <span class='ocrx_word' id='word_1_50' title='bbox 1231 870 1283 919; x_wconf 92' lang='lat' dir='ltr'>S.</span> <span class='ocrx_word' id='word_1_51' title='bbox 1312 869 1556 919; x_wconf 89' lang='lat' dir='ltr'>Victoris</span> <span class='ocrx_word' id='word_1_52' title='bbox 1581 869 1659 920; x_wconf 92' lang='lat' dir='ltr'>ei-</span> 
     </span>
    </p>
   </div>
   <div class='ocr_carea' id='block_1_10' title="bbox 45 941 1662 1004">
    <p class='ocr_par' dir='ltr' id='par_1_10' title="bbox 45 941 1662 1004">
     <span class='ocr_line' id='line_1_10' title="bbox 45 941 1662 1004; baseline 0.001 -13"><span class='ocrx_word' id='word_1_53' title='bbox 45 941 185 991; x_wconf 87' lang='lat' dir='ltr'>dem</span> <span class='ocrx_word' id='word_1_54' title='bbox 233 951 359 991; x_wconf 89' lang='lat' dir='ltr'>eam</span> <span class='ocrx_word' id='word_1_55' title='bbox 383 945 738 991; x_wconf 89' lang='lat' dir='ltr'>asserentem</span> <span class='ocrx_word' id='word_1_56' title='bbox 766 941 978 991; x_wconf 81' lang='lat' dir='ltr'>laudat.</span> <span class='ocrx_word' id='word_1_57' title='bbox 998 943 1060 991; x_wconf 90' lang='lat' dir='ltr'>ln</span> <span class='ocrx_word' id='word_1_58' title='bbox 1085 941 1419 1004; x_wconf 88' lang='lat' dir='ltr'>repetitione</span> <span class='ocrx_word' id='word_1_59' title='bbox 1442 943 1662 993; x_wconf 87' lang='lat' dir='ltr'>Veneta</span> 
     </span>
    </p>
   </div>
   <div class='ocr_carea' id='block_1_11' title="bbox 49 1011 1660 1076">
    <p class='ocr_par' dir='ltr' id='par_1_11' title="bbox 49 1011 1660 1076">
     <span class='ocr_line' id='line_1_11' title="bbox 49 1011 1660 1076; baseline -0.001 -11"><span class='ocrx_word' id='word_1_60' title='bbox 49 1011 216 1068; x_wconf 83' lang='grc'>1771,</span> <span class='ocrx_word' id='word_1_61' title='bbox 243 1011 406 1072; x_wconf 70' lang='grc' dir='ltr'>ίῐι-ιίο,</span> <span class='ocrx_word' id='word_1_62' title='bbox 434 1012 723 1063; x_wconf 85' lang='lat' dir='ltr'>invenitur</span> <span class='ocrx_word' id='word_1_63' title='bbox 745 1012 948 1064; x_wconf 90' lang='lat' dir='ltr'>eodem</span> <span class='ocrx_word' id='word_1_64' title='bbox 973 1017 1126 1063; x_wconf 84' lang='lat' dir='ltr'>tonio</span> <span class='ocrx_word' id='word_1_65' title='bbox 1150 1011 1465 1075; x_wconf 88' lang='lat' dir='ltr'>eademque</span> <span class='ocrx_word' id='word_1_66' title='bbox 1481 1017 1660 1076; x_wconf 86' lang='lat' dir='ltr'>parte,</span> 
     </span>
    </p>
   </div>
   <div class='ocr_carea' id='block_1_12' title="bbox 47 1080 408 1146">
    <p class='ocr_par' dir='ltr' id='par_1_12' title="bbox 47 1080 408 1146">
     <span class='ocr_line' id='line_1_12' title="bbox 47 1080 408 1146; baseline -0.003 -13"><span class='ocrx_word' id='word_1_67' title='bbox 47 1096 226 1146; x_wconf 83' lang='lat' dir='ltr'>pagg.</span> <span class='ocrx_word' id='word_1_68' title='bbox 256 1080 408 1135; x_wconf 69' lang='lat'>2-35.</span> 
     </span>
    </p>
   </div>
   <div class='ocr_carea' id='block_1_13' title="bbox 112 1153 1659 1218">
    <p class='ocr_par' dir='ltr' id='par_1_13' title="bbox 112 1153 1659 1218">
     <span class='ocr_line' id='line_1_13' title="bbox 112 1153 1659 1218; baseline -0.005 -8"><span class='ocrx_word' id='word_1_69' title='bbox 112 1154 281 1210; x_wconf 83' lang='grc'>1775.</span> <span class='ocrx_word' id='word_1_70' title='bbox 327 1154 482 1205; x_wconf 58' lang='lat' dir='ltr'>Halat</span> <span class='ocrx_word' id='word_1_71' title='bbox 526 1153 951 1218; x_wconf 64' lang='lat' dir='ltr'>Magdeburgicae</span> <span class='ocrx_word' id='word_1_72' title='bbox 994 1155 1250 1218; x_wconf 82' lang='lat' dir='ltr'>impensis</span> <span class='ocrx_word' id='word_1_73' title='bbox 1298 1155 1422 1206; x_wconf 87' lang='lat' dir='ltr'>Car.</span> <span class='ocrx_word' id='word_1_74' title='bbox 1475 1154 1659 1206; x_wconf 83' lang='lat' dir='ltr'>Ilerm.</span> 
     </span>
    </p>
   </div>
   <div class='ocr_carea' id='block_1_14' title="bbox 49 1223 1662 1290">
    <p class='ocr_par' dir='ltr' id='par_1_14' title="bbox 49 1223 1662 1290">
     <span class='ocr_line' id='line_1_14' title="bbox 49 1223 1662 1290; baseline 0.001 -15"><span class='ocrx_word' id='word_1_75' title='bbox 49 1226 392 1288; x_wconf 82' lang='lat' dir='ltr'>Hcmmerde,</span> <span class='ocrx_word' id='word_1_76' title='bbox 442 1223 604 1278; x_wconf 77' lang='lat' dir='ltr'>in-8&#39;.</span> <span class='ocrx_word' id='word_1_77' title='bbox 645 1225 855 1290; x_wconf 81' lang='lat' dir='ltr'>Pelagii</span> <span class='ocrx_word' id='word_1_78' title='bbox 879 1226 1063 1276; x_wconf 86' lang='lat' dir='ltr'>sancti</span> <span class='ocrx_word' id='word_1_79' title='bbox 1085 1229 1144 1277; x_wconf 92' lang='lat' dir='ltr'>et</span> <span class='ocrx_word' id='word_1_80' title='bbox 1167 1225 1375 1277; x_wconf 89' lang='lat' dir='ltr'>eruditi</span> <span class='ocrx_word' id='word_1_81' title='bbox 1397 1225 1662 1276; x_wconf 86' lang='lat' dir='ltr'>monachi</span> 
     </span>
    </p>
   </div>
   <div class='ocr_carea' id='block_1_15' title="bbox 48 1295 1658 1362">
    <p class='ocr_par' dir='ltr' id='par_1_15' title="bbox 48 1295 1658 1362">
     <span class='ocr_line' id='line_1_15' title="bbox 48 1295 1658 1362; baseline -0.001 -14"><span class='ocrx_word' id='word_1_82' title='bbox 48 1295 301 1362; x_wconf 89' lang='lat' dir='ltr'>epistola</span> <span class='ocrx_word' id='word_1_83' title='bbox 323 1295 397 1348; x_wconf 91' lang='lat' dir='ltr'>ad</span> <span class='ocrx_word' id='word_1_84' title='bbox 411 1297 834 1348; x_wconf 89' lang='lat' dir='ltr'>Demetriadem</span> <span class='ocrx_word' id='word_1_85' title='bbox 847 1309 981 1346; x_wconf 90' lang='lat' dir='ltr'>cum</span> <span class='ocrx_word' id='word_1_86' title='bbox 992 1296 1118 1347; x_wconf 89' lang='lat' dir='ltr'>aliis</span> <span class='ocrx_word' id='word_1_87' title='bbox 1133 1296 1375 1347; x_wconf 89' lang='lat' dir='ltr'>aliorum</span> <span class='ocrx_word' id='word_1_88' title='bbox 1387 1296 1658 1360; x_wconf 86' lang='lat' dir='ltr'>epistolis.</span> 
     </span>
    </p>
   </div>
   <div class='ocr_carea' id='block_1_16' title="bbox 51 1367 1664 1432">
    <p class='ocr_par' dir='ltr' id='par_1_16' title="bbox 51 1367 1664 1432">
     <span class='ocr_line' id='line_1_16' title="bbox 51 1367 1664 1432; baseline 0.001 -16"><span class='ocrx_word' id='word_1_89' title='bbox 51 1368 198 1419; x_wconf 84' lang='lat' dir='ltr'>Dan.</span> <span class='ocrx_word' id='word_1_90' title='bbox 245 1367 478 1432; x_wconf 83' lang='lat' dir='ltr'>Whitby.</span> <span class='ocrx_word' id='word_1_91' title='bbox 495 1368 548 1418; x_wconf 95' lang='lat' dir='ltr'>S.</span> <span class='ocrx_word' id='word_1_92' title='bbox 573 1367 638 1417; x_wconf 93' lang='lat' dir='ltr'>T.</span> <span class='ocrx_word' id='word_1_93' title='bbox 672 1369 728 1417; x_wconf 93' lang='lat' dir='ltr'>P.</span> <span class='ocrx_word' id='word_1_94' title='bbox 757 1369 1059 1418; x_wconf 89' lang='lat' dir='ltr'>Tractatus</span> <span class='ocrx_word' id='word_1_95' title='bbox 1082 1367 1151 1418; x_wconf 87' lang='lat' dir='ltr'>de</span> <span class='ocrx_word' id='word_1_96' title='bbox 1174 1367 1552 1431; x_wconf 84' lang='lat' dir='ltr'>imputatione</span> <span class='ocrx_word' id='word_1_97' title='bbox 1577 1367 1664 1418; x_wconf 85' lang='lat' dir='ltr'>di-</span> 
     </span>
    </p>
   </div>
   <div class='ocr_carea' id='block_1_17' title="bbox 50 1437 1663 1503">
    <p class='ocr_par' dir='ltr' id='par_1_17' title="bbox 50 1437 1663 1503">
     <span class='ocr_line' id='line_1_17' title="bbox 50 1437 1663 1503; baseline -0.001 -13"><span class='ocrx_word' id='word_1_98' title='bbox 50 1438 184 1490; x_wconf 89' lang='lat' dir='ltr'>vina</span> <span class='ocrx_word' id='word_1_99' title='bbox 223 1439 445 1503; x_wconf 86' lang='lat' dir='ltr'>peccati</span> <span class='ocrx_word' id='word_1_100' title='bbox 483 1437 708 1500; x_wconf 90' lang='lat' dir='ltr'>Adami,</span> <span class='ocrx_word' id='word_1_101' title='bbox 733 1439 978 1501; x_wconf 85' lang='lat' dir='ltr'>posteris</span> <span class='ocrx_word' id='word_1_102' title='bbox 1003 1439 1131 1501; x_wconf 85' lang='lat' dir='ltr'>ejus</span> <span class='ocrx_word' id='word_1_103' title='bbox 1155 1437 1436 1489; x_wconf 87' lang='lat' dir='ltr'>universis</span> <span class='ocrx_word' id='word_1_104' title='bbox 1461 1439 1520 1488; x_wconf 89' lang='lat' dir='ltr'>in</span> <span class='ocrx_word' id='word_1_105' title='bbox 1545 1450 1663 1489; x_wconf 83' lang='lat' dir='ltr'>rea-</span> 
     </span>
    </p>
   </div>
   <div class='ocr_carea' id='block_1_18' title="bbox 53 1509 1664 1632">
    <p class='ocr_par' dir='ltr' id='par_1_18' title="bbox 53 1509 1664 1632">
     <span class='ocr_line' id='line_1_18' title="bbox 53 1509 1664 1632; baseline -0.001 -71"><span class='ocrx_word' id='word_1_106' title='bbox 53 1515 216 1632; x_wconf 81' lang='lat' dir='ltr'>tSum.1</span> <span class='ocrx_word' id='word_1_107' title='bbox 245 1509 558 1561; x_wconf 84' lang='lat' dir='ltr'>Recensuit</span> <span class='ocrx_word' id='word_1_108' title='bbox 607 1513 664 1561; x_wconf 90' lang='lat' dir='ltr'>et</span> <span class='ocrx_word' id='word_1_109' title='bbox 707 1515 876 1561; x_wconf 87' lang='lat' dir='ltr'>notas</span> <span class='ocrx_word' id='word_1_110' title='bbox 901 1509 1123 1561; x_wconf 86' lang='lat' dir='ltr'>addidit</span> <span class='ocrx_word' id='word_1_111' title='bbox 1148 1510 1214 1560; x_wconf 92' lang='lat' dir='ltr'>D.</span> <span class='ocrx_word' id='word_1_112' title='bbox 1238 1510 1402 1561; x_wconf 87' lang='lat' dir='ltr'>Joan.</span> <span class='ocrx_word' id='word_1_113' title='bbox 1439 1511 1664 1561; x_wconf 91' lang='lat' dir='ltr'>Salomo</span> 
     </span>
     <span class='ocr_line' id='line_1_19' title="bbox 95 1595 298 1632; baseline 0.005 -1"><span class='ocrx_word' id='word_1_114' title='bbox 95 1595 192 1632; x_wconf 90' lang='lat' dir='ltr'>em</span> <span class='ocrx_word' id='word_1_115' title='bbox 219 1595 298 1632; x_wconf 92' lang='lat' dir='ltr'>er.</span> 
     </span>
    </p>
   </div>
   <div class='ocr_carea' id='block_1_19' title="bbox 95 1595 298 1633">
    <p class='ocr_par' dir='ltr' id='par_1_19' title="bbox 95 1595 298 1633">
     <span class='ocr_line' id='line_1_20' title="bbox 95 1595 298 1633; baseline 0 -2"><span class='ocrx_word' id='word_1_116' title='bbox 95 1595 298 1633; x_wconf 84' lang='lat' dir='ltr'>emler.</span> 
     </span>
    </p>
   </div>
   <div class='ocr_carea' id='block_1_20' title="bbox 114 1647 1664 1714">
    <p class='ocr_par' dir='ltr' id='par_1_20' title="bbox 114 1647 1664 1714">
     <span class='ocr_line' id='line_1_21' title="bbox 114 1647 1664 1714; baseline -0.001 -12"><span class='ocrx_word' id='word_1_117' title='bbox 114 1654 183 1702; x_wconf 90' lang='lat' dir='ltr'>In</span> <span class='ocrx_word' id='word_1_118' title='bbox 238 1651 349 1702; x_wconf 93' lang='lat' dir='ltr'>hoc</span> <span class='ocrx_word' id='word_1_119' title='bbox 384 1649 694 1707; x_wconf 89' lang='lat' dir='ltr'>volumine,</span> <span class='ocrx_word' id='word_1_120' title='bbox 733 1651 942 1712; x_wconf 86' lang='lat' dir='ltr'>prater</span> <span class='ocrx_word' id='word_1_121' title='bbox 973 1659 1041 1699; x_wconf 90' lang='lat' dir='ltr'>ea</span> <span class='ocrx_word' id='word_1_122' title='bbox 1063 1659 1197 1712; x_wconf 87' lang='lat' dir='ltr'>qua</span> <span class='ocrx_word' id='word_1_123' title='bbox 1223 1647 1426 1700; x_wconf 89' lang='lat' dir='ltr'>titulus</span> <span class='ocrx_word' id='word_1_124' title='bbox 1449 1649 1664 1714; x_wconf 83' lang='lat' dir='ltr'>laudat,</span> 
     </span>
    </p>
   </div>
   <div class='ocr_carea' id='block_1_21' title="bbox 55 1720 1666 1788">
    <p class='ocr_par' dir='ltr' id='par_1_21' title="bbox 55 1720 1666 1788">
     <span class='ocr_line' id='line_1_22' title="bbox 55 1720 1666 1788; baseline -0.002 -14"><span class='ocrx_word' id='word_1_125' title='bbox 55 1721 632 1788; x_wconf 89' lang='lat' dir='ltr'>comprehenduntur</span> <span class='ocrx_word' id='word_1_126' title='bbox 653 1720 951 1782; x_wconf 77' lang='lat' dir='ltr'>Augustini</span> <span class='ocrx_word' id='word_1_127' title='bbox 975 1724 1020 1767; x_wconf 84' lang='lat' dir='ltr'>et</span> <span class='ocrx_word' id='word_1_128' title='bbox 1035 1721 1076 1768; x_wconf 80' lang='grc' dir='ltr'><em>Α</em></span> <span class='ocrx_word' id='word_1_129' title='bbox 1087 1720 1102 1767; x_wconf 84' lang='lat' dir='ltr'>t</span> <span class='ocrx_word' id='word_1_130' title='bbox 1109 1736 1138 1782; x_wconf 65' lang='grc' dir='ltr'><strong><em>ῃ</em></strong></span> <span class='ocrx_word' id='word_1_131' title='bbox 1143 1721 1226 1783; x_wconf 81' lang='lat' dir='ltr'>pii</span> <span class='ocrx_word' id='word_1_132' title='bbox 1239 1721 1460 1784; x_wconf 80' lang='lat' dir='ltr'>cpistola</span> <span class='ocrx_word' id='word_1_133' title='bbox 1475 1723 1549 1770; x_wconf 84' lang='lat' dir='ltr'>ad</span> <span class='ocrx_word' id='word_1_134' title='bbox 1562 1723 1666 1770; x_wconf 84' lang='lat' dir='ltr'>Ju-</span> 
     </span>
    </p>
   </div>
   <div class='ocr_carea' id='block_1_22' title="bbox 57 1791 1666 1856">
    <p class='ocr_par' dir='ltr' id='par_1_22' title="bbox 57 1791 1666 1856">
     <span class='ocr_line' id='line_1_23' title="bbox 57 1791 1666 1856; baseline -0.001 -13"><span class='ocrx_word' id='word_1_135' title='bbox 57 1795 276 1844; x_wconf 83' lang='lat' dir='ltr'>lianam</span> <span class='ocrx_word' id='word_1_136' title='bbox 321 1791 676 1843; x_wconf 79' lang='lat' dir='ltr'>Demetriadis</span> <span class='ocrx_word' id='word_1_137' title='bbox 705 1795 952 1848; x_wconf 86' lang='lat' dir='ltr'>matrem,</span> <span class='ocrx_word' id='word_1_138' title='bbox 998 1791 1320 1855; x_wconf 82' lang='lat' dir='ltr'>Hieronymi</span> <span class='ocrx_word' id='word_1_139' title='bbox 1351 1791 1568 1856; x_wconf 81' lang='lat' dir='ltr'>epistola</span> <span class='ocrx_word' id='word_1_140' title='bbox 1595 1791 1666 1840; x_wconf 84' lang='lat' dir='ltr'>ad</span> 
     </span>
    </p>
   </div>
   <div class='ocr_carea' id='block_1_23' title="bbox 58 1861 1668 1926">
    <p class='ocr_par' dir='ltr' id='par_1_23' title="bbox 58 1861 1668 1926">
     <span class='ocr_line' id='line_1_24' title="bbox 58 1861 1668 1926; baseline -0.002 -11"><span class='ocrx_word' id='word_1_141' title='bbox 58 1865 458 1915; x_wconf 81' lang='lat' dir='ltr'>Demetriadem</span> <span class='ocrx_word' id='word_1_142' title='bbox 483 1864 546 1912; x_wconf 89' lang='lat' dir='ltr'>de</span> <span class='ocrx_word' id='word_1_143' title='bbox 559 1863 828 1911; x_wconf 80' lang='lat' dir='ltr'>servanda</span> <span class='ocrx_word' id='word_1_144' title='bbox 843 1861 1445 1926; x_wconf 65' lang='lat' dir='ltr'>virginitater&#39;mcerpta</span> <span class='ocrx_word' id='word_1_145' title='bbox 1461 1877 1527 1912; x_wconf 74' lang='lat' dir='ltr'>ea:</span> <span class='ocrx_word' id='word_1_146' title='bbox 1541 1864 1668 1912; x_wconf 87' lang='lat' dir='ltr'>Leo-</span> 
     </span>
    </p>
   </div>
   <div class='ocr_carea' id='block_1_24' title="bbox 59 1934 1668 1999">
    <p class='ocr_par' dir='ltr' id='par_1_24' title="bbox 59 1934 1668 1999">
     <span class='ocr_line' id='line_1_25' title="bbox 59 1934 1668 1999; baseline -0.002 -13"><span class='ocrx_word' id='word_1_147' title='bbox 59 1937 145 1985; x_wconf 84' lang='lat' dir='ltr'>nis</span> <span class='ocrx_word' id='word_1_148' title='bbox 171 1938 244 1986; x_wconf 83' lang='lat' dir='ltr'>M.</span> <span class='ocrx_word' id='word_1_149' title='bbox 274 1935 716 1986; x_wconf 78' lang='lat' dir='ltr'>Saoramentario</span> <span class='ocrx_word' id='word_1_150' title='bbox 741 1934 803 1982; x_wconf 85' lang='lat' dir='ltr'>de</span> <span class='ocrx_word' id='word_1_151' title='bbox 818 1935 1211 1982; x_wconf 81' lang='lat' dir='ltr'>consecratione</span> <span class='ocrx_word' id='word_1_152' title='bbox 1234 1934 1533 1997; x_wconf 81' lang='lat' dir='ltr'>virginum,</span> <span class='ocrx_word' id='word_1_153' title='bbox 1552 1937 1668 1999; x_wconf 83' lang='lat' dir='ltr'>epi-</span> 
     </span>
    </p>
   </div>
   <div class='ocr_carea' id='block_1_25' title="bbox 60 2005 1671 2069">
    <p class='ocr_par' dir='ltr' id='par_1_25' title="bbox 60 2005 1671 2069">
     <span class='ocr_line' id='line_1_26' title="bbox 60 2005 1671 2069; baseline -0.001 -13"><span class='ocrx_word' id='word_1_154' title='bbox 60 2007 194 2057; x_wconf 82' lang='lat' dir='ltr'>stola</span> <span class='ocrx_word' id='word_1_155' title='bbox 232 2008 309 2057; x_wconf 86' lang='lat' dir='ltr'>ad</span> <span class='ocrx_word' id='word_1_156' title='bbox 336 2006 637 2058; x_wconf 86' lang='lat' dir='ltr'>Celantiam</span> <span class='ocrx_word' id='word_1_157' title='bbox 661 2010 975 2052; x_wconf 84' lang='lat' dir='ltr'>matronam</span> <span class='ocrx_word' id='word_1_158' title='bbox 1005 2005 1066 2053; x_wconf 86' lang='lat' dir='ltr'>de</span> <span class='ocrx_word' id='word_1_159' title='bbox 1093 2006 1303 2053; x_wconf 82' lang='lat' dir='ltr'>ratione</span> <span class='ocrx_word' id='word_1_160' title='bbox 1325 2006 1412 2069; x_wconf 85' lang='lat' dir='ltr'>pie</span> <span class='ocrx_word' id='word_1_161' title='bbox 1437 2007 1671 2064; x_wconf 82' lang='lat' dir='ltr'>vivendi,</span> 
     </span>
    </p>
   </div>
   <div class='ocr_carea' id='block_1_26' title="bbox 61 2075 1677 2142">
    <p class='ocr_par' dir='ltr' id='par_1_26' title="bbox 61 2075 1677 2142">
     <span class='ocr_line' id='line_1_27' title="bbox 61 2075 1677 2142; baseline -0.002 -12"><span class='ocrx_word' id='word_1_162' title='bbox 61 2090 262 2142; x_wconf 88' lang='lat' dir='ltr'>quam,</span> <span class='ocrx_word' id='word_1_163' title='bbox 289 2083 354 2128; x_wconf 89' lang='lat' dir='ltr'>ut</span> <span class='ocrx_word' id='word_1_164' title='bbox 377 2089 550 2141; x_wconf 88' lang='lat' dir='ltr'>supra</span> <span class='ocrx_word' id='word_1_165' title='bbox 567 2078 688 2140; x_wconf 87' lang='lat' dir='ltr'>jam</span> <span class='ocrx_word' id='word_1_166' title='bbox 705 2075 1050 2137; x_wconf 83' lang='lat' dir='ltr'>notavimus,</span> <span class='ocrx_word' id='word_1_167' title='bbox 1068 2075 1290 2139; x_wconf 86' lang='lat' dir='ltr'>Pelagio</span> <span class='ocrx_word' id='word_1_168' title='bbox 1313 2077 1534 2140; x_wconf 90' lang='lat' dir='ltr'>primus</span> <span class='ocrx_word' id='word_1_169' title='bbox 1562 2078 1677 2134; x_wconf 78' lang='lat' dir='ltr'>vin-</span> 
     </span>
    </p>
   </div>
   <div class='ocr_carea' id='block_1_27' title="bbox 63 2146 1674 2211">
    <p class='ocr_par' dir='ltr' id='par_1_27' title="bbox 63 2146 1674 2211">
     <span class='ocr_line' id='line_1_28' title="bbox 63 2146 1674 2211; baseline -0.003 -10"><span class='ocrx_word' id='word_1_170' title='bbox 63 2151 254 2202; x_wconf 87' lang='lat' dir='ltr'>dicare</span> <span class='ocrx_word' id='word_1_171' title='bbox 281 2149 464 2201; x_wconf 88' lang='lat' dir='ltr'>editor</span> <span class='ocrx_word' id='word_1_172' title='bbox 481 2149 708 2202; x_wconf 74' lang='lat' dir='ltr'>statuit;</span> <span class='ocrx_word' id='word_1_173' title='bbox 736 2146 984 2209; x_wconf 89' lang='lat' dir='ltr'>denique</span> <span class='ocrx_word' id='word_1_174' title='bbox 1000 2147 1267 2210; x_wconf 72' lang='lat' dir='ltr'>b‘xcerpta</span> <span class='ocrx_word' id='word_1_175' title='bbox 1290 2162 1356 2196; x_wconf 72' lang='lat' dir='ltr'>ex</span> <span class='ocrx_word' id='word_1_176' title='bbox 1378 2150 1674 2211; x_wconf 61' lang='lat' dir='ltr'>Augustini</span> 
     </span>
    </p>
   </div>
   <div class='ocr_carea' id='block_1_28' title="bbox 67 2219 1671 2284">
    <p class='ocr_par' dir='ltr' id='par_1_28' title="bbox 67 2219 1671 2284">
     <span class='ocr_line' id='line_1_29' title="bbox 67 2219 1671 2284; baseline -0.002 -14"><span class='ocrx_word' id='word_1_177' title='bbox 67 2222 199 2270; x_wconf 82' lang='lat' dir='ltr'>libro</span> <span class='ocrx_word' id='word_1_178' title='bbox 226 2221 292 2269; x_wconf 86' lang='lat' dir='ltr'>de</span> <span class='ocrx_word' id='word_1_179' title='bbox 318 2220 512 2269; x_wconf 80' lang='lat' dir='ltr'>Gratia</span> <span class='ocrx_word' id='word_1_180' title='bbox 538 2219 740 2269; x_wconf 80' lang='lat' dir='ltr'>Christi</span> <span class='ocrx_word' id='word_1_181' title='bbox 768 2223 956 2265; x_wconf 80' lang='lat' dir='ltr'>contra</span> <span class='ocrx_word' id='word_1_182' title='bbox 970 2219 1249 2281; x_wconf 80' lang='lat' dir='ltr'>Pelagium</span> <span class='ocrx_word' id='word_1_183' title='bbox 1273 2223 1318 2266; x_wconf 82' lang='lat' dir='ltr'>et</span> <span class='ocrx_word' id='word_1_184' title='bbox 1351 2219 1671 2284; x_wconf 65' lang='lat' dir='ltr'>Calestium,</span> 
     </span>
    </p>
   </div>
   <div class='ocr_carea' id='block_1_29' title="bbox 64 2288 1672 2358">
    <p class='ocr_par' dir='ltr' id='par_1_29' title="bbox 64 2288 1672 2358">
     <span class='ocr_line' id='line_1_30' title="bbox 64 2288 1672 2358; baseline -0.002 -14"><span class='ocrx_word' id='word_1_185' title='bbox 64 2305 196 2358; x_wconf 84' lang='lat' dir='ltr'>qua</span> <span class='ocrx_word' id='word_1_186' title='bbox 220 2291 297 2343; x_wconf 87' lang='lat' dir='ltr'>ad</span> <span class='ocrx_word' id='word_1_187' title='bbox 323 2291 530 2354; x_wconf 84' lang='lat' dir='ltr'>Pelagii</span> <span class='ocrx_word' id='word_1_188' title='bbox 555 2288 852 2354; x_wconf 89' lang='lat' dir='ltr'>epistolam</span> <span class='ocrx_word' id='word_1_189' title='bbox 866 2289 938 2337; x_wconf 85' lang='lat' dir='ltr'>ad</span> <span class='ocrx_word' id='word_1_190' title='bbox 955 2290 1340 2338; x_wconf 79' lang='lat' dir='ltr'>Demetriadem</span> <span class='ocrx_word' id='word_1_191' title='bbox 1361 2293 1672 2349; x_wconf 65' lang='lat' dir='ltr'>pertinent&quot;.</span> 
     </span>
    </p>
   </div>
   <div class='ocr_carea' id='block_1_30' title="bbox 63 2359 1674 2425">
    <p class='ocr_par' dir='ltr' id='par_1_30' title="bbox 63 2359 1674 2425">
     <span class='ocr_line' id='line_1_31' title="bbox 63 2359 1674 2425; baseline -0.001 -11"><span class='ocrx_word' id='word_1_192' title='bbox 63 2365 287 2415; x_wconf 85' lang='lat' dir='ltr'>Horum</span> <span class='ocrx_word' id='word_1_193' title='bbox 335 2366 530 2413; x_wconf 89' lang='lat' dir='ltr'>autem</span> <span class='ocrx_word' id='word_1_194' title='bbox 575 2359 984 2425; x_wconf 85' lang='lat' dir='ltr'>opusculorum</span> <span class='ocrx_word' id='word_1_195' title='bbox 1025 2361 1448 2410; x_wconf 88' lang='lat' dir='ltr'>consociatione</span> <span class='ocrx_word' id='word_1_196' title='bbox 1478 2367 1534 2411; x_wconf 91' lang='lat' dir='ltr'>et</span> <span class='ocrx_word' id='word_1_197' title='bbox 1574 2373 1674 2425; x_wconf 90' lang='lat' dir='ltr'>per</span> 
     </span>
    </p>
   </div>
   <div class='ocr_carea' id='block_1_31' title="bbox 66 2429 1675 2496">
    <p class='ocr_par' dir='ltr' id='par_1_31' title="bbox 66 2429 1675 2496">
     <span class='ocr_line' id='line_1_32' title="bbox 66 2429 1675 2496; baseline -0.002 -10"><span class='ocrx_word' id='word_1_198' title='bbox 66 2435 236 2486; x_wconf 81' lang='lat' dir='ltr'>notas</span> <span class='ocrx_word' id='word_1_199' title='bbox 260 2445 381 2484; x_wconf 90' lang='lat' dir='ltr'>non</span> <span class='ocrx_word' id='word_1_200' title='bbox 405 2444 577 2496; x_wconf 88' lang='lat' dir='ltr'>parca</span> <span class='ocrx_word' id='word_1_201' title='bbox 599 2443 777 2482; x_wconf 87' lang='lat' dir='ltr'>manu</span> <span class='ocrx_word' id='word_1_202' title='bbox 801 2442 1068 2494; x_wconf 86' lang='lat' dir='ltr'>aspersas</span> <span class='ocrx_word' id='word_1_203' title='bbox 1083 2429 1546 2494; x_wconf 90' lang='lat' dir='ltr'>illustratione,id</span> <span class='ocrx_word' id='word_1_204' title='bbox 1558 2433 1675 2495; x_wconf 82' lang='lat' dir='ltr'>egit</span> 
     </span>
    </p>
   </div>
   <div class='ocr_carea' id='block_1_32' title="bbox 74 2502 1674 2568">
    <p class='ocr_par' dir='ltr' id='par_1_32' title="bbox 74 2502 1674 2568">
     <span class='ocr_line' id='line_1_33' title="bbox 74 2502 1674 2568; baseline -0.002 -11"><span class='ocrx_word' id='word_1_205' title='bbox 74 2505 253 2557; x_wconf 81' lang='lat' dir='ltr'>editor</span> <span class='ocrx_word' id='word_1_206' title='bbox 277 2505 436 2556; x_wconf 89' lang='lat' dir='ltr'>omni</span> <span class='ocrx_word' id='word_1_207' title='bbox 461 2517 577 2568; x_wconf 90' lang='lat' dir='ltr'>qua</span> <span class='ocrx_word' id='word_1_208' title='bbox 598 2502 822 2554; x_wconf 88' lang='lat' dir='ltr'>valebat</span> <span class='ocrx_word' id='word_1_209' title='bbox 843 2502 1020 2552; x_wconf 90' lang='lat' dir='ltr'>animi</span> <span class='ocrx_word' id='word_1_210' title='bbox 1043 2503 1431 2563; x_wconf 90' lang='lat' dir='ltr'>contentione,</span> <span class='ocrx_word' id='word_1_211' title='bbox 1457 2508 1522 2554; x_wconf 90' lang='lat' dir='ltr'>ut</span> <span class='ocrx_word' id='word_1_212' title='bbox 1538 2503 1674 2554; x_wconf 87' lang='lat' dir='ltr'>invi-</span> 
     </span>
    </p>
   </div>
   <div class='ocr_carea' id='block_1_33' title="bbox 71 2573 1672 2640">
    <p class='ocr_par' dir='ltr' id='par_1_33' title="bbox 71 2573 1672 2640">
     <span class='ocr_line' id='line_1_34' title="bbox 71 2573 1672 2640; baseline -0.003 -12"><span class='ocrx_word' id='word_1_213' title='bbox 71 2577 242 2640; x_wconf 89' lang='lat' dir='ltr'>diam,</span> <span class='ocrx_word' id='word_1_214' title='bbox 263 2589 380 2640; x_wconf 88' lang='lat' dir='ltr'>qua</span> <span class='ocrx_word' id='word_1_215' title='bbox 391 2575 756 2639; x_wconf 88' lang='lat' dir='ltr'>Augustinus</span> <span class='ocrx_word' id='word_1_216' title='bbox 773 2573 1062 2637; x_wconf 74' lang='lat' dir='ltr'>Pelagium</span> <span class='ocrx_word' id='word_1_217' title='bbox 1078 2573 1410 2633; x_wconf 87' lang='lat' dir='ltr'>involverat,</span> <span class='ocrx_word' id='word_1_218' title='bbox 1429 2575 1487 2624; x_wconf 91' lang='lat' dir='ltr'>in</span> <span class='ocrx_word' id='word_1_219' title='bbox 1506 2579 1672 2634; x_wconf 86' lang='lat' dir='ltr'>ipsum</span> 
     </span>
    </p>
   </div>
   <div class='ocr_carea' id='block_1_34' title="bbox 71 2646 1674 2700">
    <p class='ocr_par' dir='ltr' id='par_1_34' title="bbox 71 2646 1674 2700">
     <span class='ocr_line' id='line_1_35' title="bbox 71 2646 1674 2700; baseline -0.004 1"><span class='ocrx_word' id='word_1_220' title='bbox 71 2655 367 2700; x_wconf 87' lang='lat' dir='ltr'>auctorem</span> <span class='ocrx_word' id='word_1_221' title='bbox 389 2647 712 2700; x_wconf 87' lang='lat' dir='ltr'>redundare</span> <span class='ocrx_word' id='word_1_222' title='bbox 736 2646 959 2697; x_wconf 85' lang='lat' dir='ltr'>faceret.</span> <span class='ocrx_word' id='word_1_223' title='bbox 984 2647 1052 2696; x_wconf 85' lang='lat' dir='ltr'>Et</span> <span class='ocrx_word' id='word_1_224' title='bbox 1083 2657 1222 2696; x_wconf 90' lang='lat' dir='ltr'>sane</span> <span class='ocrx_word' id='word_1_225' title='bbox 1240 2658 1376 2696; x_wconf 91' lang='lat' dir='ltr'>cum</span> <span class='ocrx_word' id='word_1_226' title='bbox 1390 2658 1505 2696; x_wconf 89' lang='lat' dir='ltr'>non</span> <span class='ocrx_word' id='word_1_227' title='bbox 1517 2648 1674 2695; x_wconf 88' lang='lat' dir='ltr'>mini-</span> 
     </span>
    </p>
   </div>
   <div class='ocr_carea' id='block_1_35' title="bbox 74 2717 1674 2783">
    <p class='ocr_par' dir='ltr' id='par_1_35' title="bbox 74 2717 1674 2783">
     <span class='ocr_line' id='line_1_36' title="bbox 74 2717 1674 2783; baseline -0.004 -10"><span class='ocrx_word' id='word_1_228' title='bbox 74 2734 233 2772; x_wconf 89' lang='lat' dir='ltr'>mum</span> <span class='ocrx_word' id='word_1_229' title='bbox 247 2733 321 2772; x_wconf 91' lang='lat' dir='ltr'>ex</span> <span class='ocrx_word' id='word_1_230' title='bbox 335 2717 651 2783; x_wconf 90' lang='lat' dir='ltr'>disciplina</span> <span class='ocrx_word' id='word_1_231' title='bbox 665 2729 787 2768; x_wconf 88' lang='lat' dir='ltr'>sua</span> <span class='ocrx_word' id='word_1_232' title='bbox 801 2717 991 2766; x_wconf 83' lang='lat' dir='ltr'>studio</span> <span class='ocrx_word' id='word_1_233' title='bbox 1011 2717 1229 2765; x_wconf 82' lang='lat' dir='ltr'>fructum</span> <span class='ocrx_word' id='word_1_234' title='bbox 1248 2720 1381 2766; x_wconf 88' lang='lat' dir='ltr'>hunc</span> <span class='ocrx_word' id='word_1_235' title='bbox 1393 2721 1674 2777; x_wconf 84' lang='lat' dir='ltr'>percepisse</span> 
     </span>
    </p>
   </div>
   <div class='ocr_carea' id='block_1_36' title="bbox 75 2785 1675 2850">
    <p class='ocr_par' dir='ltr' id='par_1_36' title="bbox 75 2785 1675 2850">
     <span class='ocr_line' id='line_1_37' title="bbox 75 2785 1675 2850; baseline -0.001 -9"><span class='ocrx_word' id='word_1_236' title='bbox 75 2805 134 2843; x_wconf 86' lang='lat' dir='ltr'>se</span> <span class='ocrx_word' id='word_1_237' title='bbox 144 2791 506 2842; x_wconf 76' lang='lat' dir='ltr'>existimaret</span> <span class='ocrx_word' id='word_1_238' title='bbox 523 2787 830 2847; x_wconf 86' lang='lat' dir='ltr'>Semlerus,</span> <span class='ocrx_word' id='word_1_239' title='bbox 850 2785 1004 2850; x_wconf 90' lang='lat' dir='ltr'>quod</span> <span class='ocrx_word' id='word_1_240' title='bbox 1032 2799 1323 2838; x_wconf 87' lang='lat' dir='ltr'>summam</span> <span class='ocrx_word' id='word_1_241' title='bbox 1334 2787 1675 2840; x_wconf 88' lang='lat' dir='ltr'>Christiana</span> 
     </span>
    </p>
   </div>
   <div class='ocr_carea' id='block_1_37' title="bbox 76 2858 1674 2924">
    <p class='ocr_par' dir='ltr' id='par_1_37' title="bbox 76 2858 1674 2924">
     <span class='ocr_line' id='line_1_38' title="bbox 76 2858 1674 2924; baseline -0.001 -10"><span class='ocrx_word' id='word_1_242' title='bbox 76 2863 355 2914; x_wconf 85' lang='lat' dir='ltr'>doctrina</span> <span class='ocrx_word' id='word_1_243' title='bbox 387 2875 504 2914; x_wconf 91' lang='lat' dir='ltr'>non</span> <span class='ocrx_word' id='word_1_244' title='bbox 537 2866 654 2912; x_wconf 90' lang='lat' dir='ltr'>tam</span> <span class='ocrx_word' id='word_1_245' title='bbox 685 2860 744 2910; x_wconf 92' lang='lat' dir='ltr'>in</span> <span class='ocrx_word' id='word_1_246' title='bbox 782 2863 1096 2924; x_wconf 87' lang='lat' dir='ltr'>systemate</span> <span class='ocrx_word' id='word_1_247' title='bbox 1119 2858 1310 2922; x_wconf 88' lang='lat' dir='ltr'>aliquo</span> <span class='ocrx_word' id='word_1_248' title='bbox 1335 2864 1391 2911; x_wconf 91' lang='lat' dir='ltr'>et</span> <span class='ocrx_word' id='word_1_249' title='bbox 1415 2860 1674 2913; x_wconf 82' lang='lat' dir='ltr'>formulis</span> 
     </span>
    </p>
   </div>
   <div class='ocr_carea' id='block_1_38' title="bbox 27 2930 1676 2994">
    <p class='ocr_par' dir='ltr' id='par_1_38' title="bbox 27 2930 1676 2994">
     <span class='ocr_line' id='line_1_39' title="bbox 27 2930 1676 2994; baseline -0.003 -10"><span class='ocrx_word' id='word_1_250' title='bbox 27 2931 31 2966; x_wconf 64' lang='grc'><strong>⁵</strong></span> <span class='ocrx_word' id='word_1_251' title='bbox 77 2935 377 2986; x_wconf 89' lang='lat' dir='ltr'>doctorum</span> <span class='ocrx_word' id='word_1_252' title='bbox 399 2931 810 2992; x_wconf 86' lang='lat' dir='ltr'>custodiendis,</span> <span class='ocrx_word' id='word_1_253' title='bbox 824 2943 997 2994; x_wconf 82' lang='lat' dir='ltr'>quam</span> <span class='ocrx_word' id='word_1_254' title='bbox 1010 2930 1201 2980; x_wconf 90' lang='lat' dir='ltr'>animo</span> <span class='ocrx_word' id='word_1_255' title='bbox 1217 2943 1278 2981; x_wconf 84' lang='lat' dir='ltr'>in</span> <span class='ocrx_word' id='word_1_256' title='bbox 1293 2943 1491 2982; x_wconf 88' lang='lat' dir='ltr'>verum</span> <span class='ocrx_word' id='word_1_257' title='bbox 1505 2937 1676 2980; x_wconf 87' lang='lat' dir='ltr'>numi-</span> 
     </span>
    </p>
   </div>
   <div class='ocr_carea' id='block_1_39' title="bbox 27 3001 1676 3070">
    <p class='ocr_par' dir='ltr' id='par_1_39' title="bbox 27 3001 1676 3070">
     <span class='ocr_line' id='line_1_40' title="bbox 27 3001 1676 3070; baseline -0.001 -14"><span class='ocrx_word' id='word_1_258' title='bbox 27 3001 32 3040; x_wconf 61' lang='grc' dir='ltr'>ι</span> <span class='ocrx_word' id='word_1_259' title='bbox 77 3007 164 3056; x_wconf 88' lang='lat' dir='ltr'>nis</span> <span class='ocrx_word' id='word_1_260' title='bbox 185 3005 592 3070; x_wconf 86' lang='lat' dir='ltr'>cultumjuxta</span> <span class='ocrx_word' id='word_1_261' title='bbox 606 3001 895 3054; x_wconf 85' lang='lat' dir='ltr'>luculenta</span> <span class='ocrx_word' id='word_1_262' title='bbox 917 3001 1125 3052; x_wconf 87' lang='lat' dir='ltr'>Christi</span> <span class='ocrx_word' id='word_1_263' title='bbox 1148 3007 1435 3066; x_wconf 85' lang='lat' dir='ltr'>pracepta</span> <span class='ocrx_word' id='word_1_264' title='bbox 1455 3016 1676 3068; x_wconf 90' lang='lat' dir='ltr'>compo-</span> 
     </span>
    </p>
   </div>
   <div class='ocr_carea' id='block_1_40' title="bbox 27 3073 1676 3150">
    <p class='ocr_par' dir='ltr' id='par_1_40' title="bbox 27 3073 1676 3150">
     <span class='ocr_line' id='line_1_41' title="bbox 27 3073 1676 3150; baseline -0.002 -21"><span class='ocrx_word' id='word_1_265' title='bbox 27 3077 32 3150; x_wconf 62' lang='grc' dir='ltr'><em>ξ</em></span> <span class='ocrx_word' id='word_1_266' title='bbox 78 3079 266 3129; x_wconf 92' lang='lat' dir='ltr'>nendo</span> <span class='ocrx_word' id='word_1_267' title='bbox 293 3075 572 3150; x_wconf 80' lang='lat' dir='ltr'>contineri</span> <span class='ocrx_word' id='word_1_268' title='bbox 595 3074 910 3150; x_wconf 74' lang='lat' dir='ltr'>didicisset,</span> <span class='ocrx_word' id='word_1_269' title='bbox 933 3074 999 3150; x_wconf 83' lang='lat' dir='ltr'>id</span> <span class='ocrx_word' id='word_1_270' title='bbox 1014 3078 1176 3150; x_wconf 72' lang='lat' dir='ltr'>quod</span> <span class='ocrx_word' id='word_1_271' title='bbox 1190 3073 1348 3150; x_wconf 90' lang='lat' dir='ltr'>nulla</span> <span class='ocrx_word' id='word_1_272' title='bbox 1380 3087 1497 3125; x_wconf 91' lang='lat' dir='ltr'>non</span> <span class='ocrx_word' id='word_1_273' title='bbox 1519 3087 1676 3126; x_wconf 89' lang='lat' dir='ltr'>occa-</span> 
     </span>
    </p>
   </div>
   <div class='ocr_carea' id='block_1_41' title="bbox 28 3143 1674 3212">
    <p class='ocr_par' dir='ltr' id='par_1_41' title="bbox 28 3143 1674 3212">
     <span class='ocr_line' id='line_1_42' title="bbox 28 3143 1674 3212; baseline -0.001 -13"><span class='ocrx_word' id='word_1_274' title='bbox 28 3143 34 3182; x_wconf 63' lang='grc' dir='ltr'>λ</span> <span class='ocrx_word' id='word_1_275' title='bbox 81 3151 237 3202; x_wconf 90' lang='lat' dir='ltr'>sione</span> <span class='ocrx_word' id='word_1_276' title='bbox 260 3151 325 3199; x_wconf 89' lang='lat' dir='ltr'>in</span> <span class='ocrx_word' id='word_1_277' title='bbox 349 3147 574 3212; x_wconf 87' lang='lat' dir='ltr'>scriptis</span> <span class='ocrx_word' id='word_1_278' title='bbox 601 3147 723 3196; x_wconf 89' lang='lat' dir='ltr'>suis</span> <span class='ocrx_word' id='word_1_279' title='bbox 740 3145 942 3208; x_wconf 89' lang='lat' dir='ltr'>repetit</span> <span class='ocrx_word' id='word_1_280' title='bbox 954 3148 1012 3195; x_wconf 91' lang='lat' dir='ltr'>et</span> <span class='ocrx_word' id='word_1_281' title='bbox 1026 3143 1301 3207; x_wconf 84' lang='lat' dir='ltr'>inculcat;</span> <span class='ocrx_word' id='word_1_282' title='bbox 1319 3158 1437 3196; x_wconf 90' lang='lat' dir='ltr'>non</span> <span class='ocrx_word' id='word_1_283' title='bbox 1453 3151 1674 3209; x_wconf 88' lang='lat' dir='ltr'>poterat</span> 
     </span>
    </p>
   </div>
   <div class='ocr_carea' id='block_1_42' title="bbox 79 3216 1673 3280">
    <p class='ocr_par' dir='ltr' id='par_1_42' title="bbox 79 3216 1673 3280">
     <span class='ocr_line' id='line_1_43' title="bbox 79 3216 1673 3280; baseline -0.003 -8"><span class='ocrx_word' id='word_1_284' title='bbox 79 3234 189 3272; x_wconf 89' lang='lat' dir='ltr'>non</span> <span class='ocrx_word' id='word_1_285' title='bbox 210 3233 350 3272; x_wconf 88' lang='lat' dir='ltr'>cum</span> <span class='ocrx_word' id='word_1_286' title='bbox 372 3221 636 3271; x_wconf 88' lang='lat' dir='ltr'>universe</span> <span class='ocrx_word' id='word_1_287' title='bbox 660 3216 942 3269; x_wconf 78' lang='lat' dir='ltr'>Africanis</span> <span class='ocrx_word' id='word_1_288' title='bbox 955 3217 1236 3280; x_wconf 82' lang='lat' dir='ltr'>Patribus,</span> <span class='ocrx_word' id='word_1_289' title='bbox 1256 3221 1380 3268; x_wconf 90' lang='lat' dir='ltr'>tum</span> <span class='ocrx_word' id='word_1_290' title='bbox 1391 3221 1673 3277; x_wconf 80' lang='lat' dir='ltr'>Augustino</span> 
     </span>
    </p>
   </div>
   <div class='ocr_carea' id='block_1_43' title="bbox 78 3287 1675 3359">
    <p class='ocr_par' dir='ltr' id='par_1_43' title="bbox 78 3287 1675 3359">
     <span class='ocr_line' id='line_1_44' title="bbox 78 3287 1675 3359; baseline -0.003 -15"><span class='ocrx_word' id='word_1_291' title='bbox 78 3294 366 3359; x_wconf 88' lang='lat' dir='ltr'>pracipue</span> <span class='ocrx_word' id='word_1_292' title='bbox 388 3303 518 3343; x_wconf 89' lang='lat' dir='ltr'>esse</span> <span class='ocrx_word' id='word_1_293' title='bbox 539 3289 836 3351; x_wconf 82' lang='lat' dir='ltr'>infensior,</span> <span class='ocrx_word' id='word_1_294' title='bbox 859 3300 1103 3351; x_wconf 90' lang='lat' dir='ltr'>quorum</span> <span class='ocrx_word' id='word_1_295' title='bbox 1125 3287 1446 3351; x_wconf 88' lang='lat' dir='ltr'>sedulitate,</span> <span class='ocrx_word' id='word_1_296' title='bbox 1465 3289 1675 3340; x_wconf 88' lang='lat' dir='ltr'>machi-</span> 
     </span>
    </p>
   </div>
   <div class='ocr_carea' id='block_1_44' title="bbox 31 3359 1673 3428">
    <p class='ocr_par' dir='ltr' id='par_1_44' title="bbox 31 3359 1673 3428">
     <span class='ocr_line' id='line_1_45' title="bbox 31 3359 1673 3428; baseline -0.003 -12"><span class='ocrx_word' id='word_1_297' title='bbox 31 3361 38 3400; x_wconf 74' lang='grc'><em>⁵</em></span> <span class='ocrx_word' id='word_1_298' title='bbox 80 3365 165 3416; x_wconf 89' lang='lat' dir='ltr'>nis</span> <span class='ocrx_word' id='word_1_299' title='bbox 189 3371 246 3418; x_wconf 87' lang='lat' dir='ltr'>et</span> <span class='ocrx_word' id='word_1_300' title='bbox 269 3363 498 3428; x_wconf 85' lang='lat' dir='ltr'>scriptis</span> <span class='ocrx_word' id='word_1_301' title='bbox 523 3361 578 3412; x_wconf 89' lang='lat' dir='ltr'>id</span> <span class='ocrx_word' id='word_1_302' title='bbox 600 3361 865 3412; x_wconf 74' lang='lat' dir='ltr'>effectum</span> <span class='ocrx_word' id='word_1_303' title='bbox 889 3371 1018 3410; x_wconf 90' lang='lat' dir='ltr'>esse</span> <span class='ocrx_word' id='word_1_304' title='bbox 1051 3363 1282 3410; x_wconf 89' lang='lat' dir='ltr'>noverat</span> <span class='ocrx_word' id='word_1_305' title='bbox 1305 3359 1673 3424; x_wconf 89' lang='lat' dir='ltr'>potissimum</span> 
     </span>
    </p>
   </div>
   <div class='ocr_carea' id='block_1_45' title="bbox 32 3429 1673 3498">
    <p class='ocr_par' dir='ltr' id='par_1_45' title="bbox 32 3429 1673 3498">
     <span class='ocr_line' id='line_1_46' title="bbox 32 3429 1673 3498; baseline -0.004 -9"><span class='ocrx_word' id='word_1_306' title='bbox 32 3429 38 3470; x_wconf 68' lang='grc' dir='ltr'><strong>ἶ</strong></span> <span class='ocrx_word' id='word_1_307' title='bbox 80 3442 202 3489; x_wconf 85' lang='lat' dir='ltr'>uta</span> <span class='ocrx_word' id='word_1_308' title='bbox 233 3449 368 3489; x_wconf 90' lang='lat' dir='ltr'>vero</span> <span class='ocrx_word' id='word_1_309' title='bbox 414 3432 733 3498; x_wconf 87' lang='lat' dir='ltr'>disciplina</span> <span class='ocrx_word' id='word_1_310' title='bbox 783 3429 1122 3483; x_wconf 75' lang='lat' dir='ltr'>Christiana</span> <span class='ocrx_word' id='word_1_311' title='bbox 1165 3443 1339 3481; x_wconf 87' lang='lat' dir='ltr'>sensu</span> <span class='ocrx_word' id='word_1_312' title='bbox 1377 3434 1446 3482; x_wconf 89' lang='lat' dir='ltr'>ad</span> <span class='ocrx_word' id='word_1_313' title='bbox 1472 3431 1673 3483; x_wconf 91' lang='lat' dir='ltr'>inanes</span> 
     </span>
    </p>
   </div>
   <div class='ocr_carea' id='block_1_46' title="bbox 33 3503 1670 3570">
    <p class='ocr_par' dir='ltr' id='par_1_46' title="bbox 33 3503 1670 3570">
     <span class='ocr_line' id='line_1_47' title="bbox 33 3503 1670 3570; baseline -0.003 -10"><span class='ocrx_word' id='word_1_314' title='bbox 33 3503 40 3550; x_wconf 67' lang='grc' dir='ltr'><strong><em>ἶ</em></strong></span> <span class='ocrx_word' id='word_1_315' title='bbox 80 3510 162 3562; x_wconf 87' lang='lat' dir='ltr'>vel</span> <span class='ocrx_word' id='word_1_316' title='bbox 173 3508 407 3562; x_wconf 87' lang='lat' dir='ltr'>frivolas</span> <span class='ocrx_word' id='word_1_317' title='bbox 423 3507 596 3560; x_wconf 87' lang='lat' dir='ltr'>etiam</span> <span class='ocrx_word' id='word_1_318' title='bbox 609 3504 1067 3570; x_wconf 84' lang='lat' dir='ltr'>quastiunculas</span> <span class='ocrx_word' id='word_1_319' title='bbox 1088 3503 1264 3554; x_wconf 90' lang='lat' dir='ltr'>animi</span> <span class='ocrx_word' id='word_1_320' title='bbox 1286 3506 1670 3555; x_wconf 82' lang='lat' dir='ltr'>abducerentur.</span> 
     </span>
    </p>
   </div>
   <div class='ocr_carea' id='block_1_47' title="bbox 357 3647 1391 3712">
    <p class='ocr_par' dir='ltr' id='par_1_47' title="bbox 357 3647 1391 3712">
     <span class='ocr_line' id='line_1_48' title="bbox 357 3647 1391 3712; baseline -0.006 -8"><span class='ocrx_word' id='word_1_321' title='bbox 357 3653 451 3704; x_wconf 87' lang='lat' dir='ltr'>III.</span> <span class='ocrx_word' id='word_1_322' title='bbox 486 3649 713 3702; x_wconf 72' lang='lat' dir='ltr'>Libellus</span> <span class='ocrx_word' id='word_1_323' title='bbox 745 3647 873 3712; x_wconf 78' lang='lat' dir='ltr'>ﬁdei</span> <span class='ocrx_word' id='word_1_324' title='bbox 902 3647 974 3698; x_wconf 84' lang='lat' dir='ltr'>ad</span> <span class='ocrx_word' id='word_1_325' title='bbox 995 3647 1391 3698; x_wconf 85' lang='lat' dir='ltr'>Innocentium.</span> 
     </span>
    </p>
   </div>
   <div class='ocr_carea' id='block_1_48' title="bbox 139 3772 1676 3845">
    <p class='ocr_par' dir='ltr' id='par_1_48' title="bbox 139 3772 1676 3845">
     <span class='ocr_line' id='line_1_49' title="bbox 139 3772 1676 3845; baseline -0.002 -15"><span class='ocrx_word' id='word_1_326' title='bbox 139 3779 364 3845; x_wconf 82' lang='lat' dir='ltr'>Duplex</span> <span class='ocrx_word' id='word_1_327' title='bbox 385 3781 578 3829; x_wconf 84' lang='lat' dir='ltr'>exstat</span> <span class='ocrx_word' id='word_1_328' title='bbox 599 3775 778 3839; x_wconf 87' lang='lat' dir='ltr'>hujus</span> <span class='ocrx_word' id='word_1_329' title='bbox 800 3772 1002 3836; x_wconf 86' lang='lat' dir='ltr'>Libelli,</span> <span class='ocrx_word' id='word_1_330' title='bbox 1024 3773 1210 3836; x_wconf 89' lang='lat' dir='ltr'>lectio,</span> <span class='ocrx_word' id='word_1_331' title='bbox 1227 3785 1363 3837; x_wconf 90' lang='lat' dir='ltr'>una,</span> <span class='ocrx_word' id='word_1_332' title='bbox 1379 3785 1512 3838; x_wconf 88' lang='lat' dir='ltr'>qua</span> <span class='ocrx_word' id='word_1_333' title='bbox 1527 3775 1676 3827; x_wconf 89' lang='lat' dir='ltr'>inter</span> 
     </span>
    </p>
   </div>
   <div class='ocr_carea' id='block_1_49' title="bbox 41 3845 1674 3916">
    <p class='ocr_par' dir='ltr' id='par_1_49' title="bbox 41 3845 1674 3916">
     <span class='ocr_line' id='line_1_50' title="bbox 41 3845 1674 3916; baseline -0.001 -16"><span class='ocrx_word' id='word_1_334' title='bbox 41 3863 45 3900; x_wconf 75' lang='grc' dir='ltr'><strong>ἰ</strong></span> <span class='ocrx_word' id='word_1_335' title='bbox 86 3850 528 3916; x_wconf 84' lang='lat' dir='ltr'>Hieronymiana</span> <span class='ocrx_word' id='word_1_336' title='bbox 552 3848 738 3911; x_wconf 89' lang='lat' dir='ltr'>Opera</span> <span class='ocrx_word' id='word_1_337' title='bbox 760 3845 1060 3910; x_wconf 88' lang='lat' dir='ltr'>reperitur,</span> <span class='ocrx_word' id='word_1_338' title='bbox 1083 3845 1308 3908; x_wconf 87' lang='lat' dir='ltr'>integra</span> <span class='ocrx_word' id='word_1_339' title='bbox 1330 3857 1556 3909; x_wconf 87' lang='lat' dir='ltr'>acvera,</span> <span class='ocrx_word' id='word_1_340' title='bbox 1573 3847 1674 3898; x_wconf 90' lang='lat' dir='ltr'>sed</span> 
     </span>
    </p>
   </div>
   <div class='ocr_carea' id='block_1_50' title="bbox 87 3916 1674 3984">
    <p class='ocr_par' dir='ltr' id='par_1_50' title="bbox 87 3916 1674 3984">
     <span class='ocr_line' id='line_1_51' title="bbox 87 3916 1674 3984; baseline -0.006 -8"><span class='ocrx_word' id='word_1_341' title='bbox 87 3925 348 3976; x_wconf 87' lang='lat' dir='ltr'>lemmate</span> <span class='ocrx_word' id='word_1_342' title='bbox 363 3936 375 3972; x_wconf 90' lang='lat'><strong>:</strong></span> <span class='ocrx_word' id='word_1_343' title='bbox 391 3919 698 3984; x_wconf 70' lang='lat' dir='ltr'>Explicatio</span> <span class='ocrx_word' id='word_1_344' title='bbox 711 3917 854 3980; x_wconf 79' lang='lat' dir='ltr'>ﬁdei,</span> <span class='ocrx_word' id='word_1_345' title='bbox 882 3917 954 3965; x_wconf 87' lang='lat' dir='ltr'>ad</span> <span class='ocrx_word' id='word_1_346' title='bbox 967 3916 1272 3964; x_wconf 81' lang='lat' dir='ltr'>Damasum</span> <span class='ocrx_word' id='word_1_347' title='bbox 1286 3917 1560 3982; x_wconf 83' lang='lat' dir='ltr'>inscripta</span> <span class='ocrx_word' id='word_1_348' title='bbox 1577 3918 1674 3980; x_wconf 89' lang='lat' dir='ltr'>;al-</span> 
     </span>
    </p>
   </div>
   <div class='ocr_carea' id='block_1_51' title="bbox 44 3987 1674 4056">
    <p class='ocr_par' dir='ltr' id='par_1_51' title="bbox 44 3987 1674 4056">
     <span class='ocr_line' id='line_1_52' title="bbox 44 3987 1674 4056; baseline -0.005 -9"><span class='ocrx_word' id='word_1_349' title='bbox 44 4033 47 4042; x_wconf 85' lang='lat'>.</span> <span class='ocrx_word' id='word_1_350' title='bbox 90 4001 202 4048; x_wconf 85' lang='lat' dir='ltr'>tera</span> <span class='ocrx_word' id='word_1_351' title='bbox 239 4005 374 4047; x_wconf 90' lang='lat' dir='ltr'>vero</span> <span class='ocrx_word' id='word_1_352' title='bbox 409 3989 832 4056; x_wconf 80' lang='lat' dir='ltr'>Augustinianis</span> <span class='ocrx_word' id='word_1_353' title='bbox 856 3987 1204 4038; x_wconf 75' lang='lat' dir='ltr'>Sermonibus</span> <span class='ocrx_word' id='word_1_354' title='bbox 1226 3987 1289 4036; x_wconf 85' lang='lat' dir='ltr'>de</span> <span class='ocrx_word' id='word_1_355' title='bbox 1312 3992 1542 4052; x_wconf 84' lang='lat' dir='ltr'>tempore</span> <span class='ocrx_word' id='word_1_356' title='bbox 1564 3990 1674 4040; x_wconf 80' lang='lat' dir='ltr'>im-</span> 
     </span>
    </p>
   </div>
   <div class='ocr_carea' id='block_1_52' title="bbox 46 4059 1676 4130">
    <p class='ocr_par' dir='ltr' id='par_1_52' title="bbox 46 4059 1676 4130">
     <span class='ocr_line' id='line_1_53' title="bbox 46 4059 1676 4130; baseline -0.003 -16"><span class='ocrx_word' id='word_1_357' title='bbox 46 4111 47 4114; x_wconf 44' lang='grc' dir='ltr'><strong>η</strong></span> <span class='ocrx_word' id='word_1_358' title='bbox 90 4068 272 4130; x_wconf 85' lang='lat' dir='ltr'>mista,</span> <span class='ocrx_word' id='word_1_359' title='bbox 285 4076 460 4130; x_wconf 86' lang='lat' dir='ltr'>quam</span> <span class='ocrx_word' id='word_1_360' title='bbox 473 4060 922 4126; x_wconf 81' lang='lat' dir='ltr'>prafatiuncula,</span> <span class='ocrx_word' id='word_1_361' title='bbox 939 4059 1108 4122; x_wconf 90' lang='lat' dir='ltr'>quasi</span> <span class='ocrx_word' id='word_1_362' title='bbox 1118 4061 1676 4130; x_wconf 78' lang='lat' dir='ltr'>Augustini,antecedit,</span> 
     </span>
    </p>
   </div>
   <div class='ocr_carea' id='block_1_53' title="bbox 46 4129 1678 4204">
    <p class='ocr_par' dir='ltr' id='par_1_53' title="bbox 46 4129 1678 4204">
     <span class='ocr_line' id='line_1_54' title="bbox 46 4129 1678 4204; baseline -0.004 -15"><span class='ocrx_word' id='word_1_363' title='bbox 46 4149 48 4156; x_wconf 78' lang='lat'><strong><em>&#39;</em></strong></span> <span class='ocrx_word' id='word_1_364' title='bbox 90 4129 436 4204; x_wconf 86' lang='lat' dir='ltr'>interpolata,</span> <span class='ocrx_word' id='word_1_365' title='bbox 470 4139 527 4186; x_wconf 88' lang='lat' dir='ltr'>et</span> <span class='ocrx_word' id='word_1_366' title='bbox 569 4131 960 4204; x_wconf 86' lang='lat' dir='ltr'>adsermonis</span> <span class='ocrx_word' id='word_1_367' title='bbox 983 4129 1271 4204; x_wconf 75' lang='lat' dir='ltr'>popularis</span> <span class='ocrx_word' id='word_1_368' title='bbox 1305 4131 1678 4204; x_wconf 77' lang='lat' dir='ltr'>habitumde-</span> 
     </span>
    </p>
   </div>
   <div class='ocr_carea' id='block_1_54' title="bbox 91 4201 1678 4266">
    <p class='ocr_par' dir='ltr' id='par_1_54' title="bbox 91 4201 1678 4266">
     <span class='ocr_line' id='line_1_55' title="bbox 91 4201 1678 4266; baseline -0.005 -6"><span class='ocrx_word' id='word_1_369' title='bbox 91 4201 247 4262; x_wconf 58' lang='lat' dir='ltr'>fiexa:</span> <span class='ocrx_word' id='word_1_370' title='bbox 276 4208 434 4260; x_wconf 88' lang='lat' dir='ltr'>Prior</span> <span class='ocrx_word' id='word_1_371' title='bbox 456 4205 627 4258; x_wconf 84' lang='lat' dir='ltr'>etiam</span> <span class='ocrx_word' id='word_1_372' title='bbox 648 4203 710 4255; x_wconf 89' lang='lat' dir='ltr'>in</span> <span class='ocrx_word' id='word_1_373' title='bbox 732 4203 912 4253; x_wconf 82' lang='lat' dir='ltr'>Caroli</span> <span class='ocrx_word' id='word_1_374' title='bbox 931 4201 1120 4266; x_wconf 77' lang='lat' dir='ltr'>Magni</span> <span class='ocrx_word' id='word_1_375' title='bbox 1141 4201 1299 4252; x_wconf 85' lang='lat' dir='ltr'>libris</span> <span class='ocrx_word' id='word_1_376' title='bbox 1325 4201 1395 4253; x_wconf 89' lang='lat' dir='ltr'>de</span> <span class='ocrx_word' id='word_1_377' title='bbox 1410 4202 1678 4266; x_wconf 85' lang='lat' dir='ltr'>Imagini-</span> 
     </span>
    </p>
   </div>
   <div class='ocr_carea' id='block_1_55' title="bbox 92 4273 1675 4340">
    <p class='ocr_par' dir='ltr' id='par_1_55' title="bbox 92 4273 1675 4340">
     <span class='ocr_line' id='line_1_56' title="bbox 92 4273 1675 4340; baseline -0.001 -13"><span class='ocrx_word' id='word_1_378' title='bbox 92 4281 176 4330; x_wconf 77' lang='lat' dir='ltr'>bus</span> <span class='ocrx_word' id='word_1_379' title='bbox 201 4281 311 4334; x_wconf 88' lang='lat' dir='ltr'>sub</span> <span class='ocrx_word' id='word_1_380' title='bbox 337 4275 669 4340; x_wconf 82' lang='lat' dir='ltr'>Hieronymi</span> <span class='ocrx_word' id='word_1_381' title='bbox 693 4275 925 4325; x_wconf 89' lang='lat' dir='ltr'>nomine</span> <span class='ocrx_word' id='word_1_382' title='bbox 948 4279 1004 4324; x_wconf 92' lang='lat' dir='ltr'>et</span> <span class='ocrx_word' id='word_1_383' title='bbox 1027 4275 1086 4322; x_wconf 90' lang='lat' dir='ltr'>in</span> <span class='ocrx_word' id='word_1_384' title='bbox 1111 4273 1333 4324; x_wconf 91' lang='lat' dir='ltr'>Baronii</span> <span class='ocrx_word' id='word_1_385' title='bbox 1359 4274 1675 4326; x_wconf 81' lang='lat' dir='ltr'>Annalibus</span> 
     </span>
    </p>
   </div>
   <div class='ocr_carea' id='block_1_56' title="bbox 93 4345 1675 4412">
    <p class='ocr_par' dir='ltr' id='par_1_56' title="bbox 93 4345 1675 4412">
     <span class='ocr_line' id='line_1_57' title="bbox 93 4345 1675 4412; baseline -0.003 -10"><span class='ocrx_word' id='word_1_386' title='bbox 93 4353 156 4404; x_wconf 85' lang='lat' dir='ltr'>ad</span> <span class='ocrx_word' id='word_1_387' title='bbox 179 4366 271 4405; x_wconf 90' lang='lat' dir='ltr'>an.</span> <span class='ocrx_word' id='word_1_388' title='bbox 297 4349 402 4406; x_wconf 78' lang='grc'>417</span> <span class='ocrx_word' id='word_1_389' title='bbox 441 4345 900 4412; x_wconf 88' lang='lat' dir='ltr'>deprehenditur,</span> <span class='ocrx_word' id='word_1_390' title='bbox 934 4357 1008 4396; x_wconf 89' lang='lat' dir='ltr'>ex</span> <span class='ocrx_word' id='word_1_391' title='bbox 1039 4345 1315 4396; x_wconf 87' lang='lat' dir='ltr'>Vaticano</span> <span class='ocrx_word' id='word_1_392' title='bbox 1339 4345 1553 4406; x_wconf 90' lang='lat' dir='ltr'>codice,</span> <span class='ocrx_word' id='word_1_393' title='bbox 1576 4348 1675 4410; x_wconf 87' lang='lat' dir='ltr'>qui</span> 
     </span>
    </p>
   </div>
   <div class='ocr_carea' id='block_1_57' title="bbox 93 4415 1676 4484">
    <p class='ocr_par' dir='ltr' id='par_1_57' title="bbox 93 4415 1676 4484">
     <span class='ocr_line' id='line_1_58' title="bbox 93 4415 1676 4484; baseline -0.003 -10"><span class='ocrx_word' id='word_1_394' title='bbox 93 4425 266 4478; x_wconf 86' lang='lat' dir='ltr'>varias</span> <span class='ocrx_word' id='word_1_395' title='bbox 292 4420 505 4475; x_wconf 89' lang='lat' dir='ltr'>Zozimi</span> <span class='ocrx_word' id='word_1_396' title='bbox 540 4429 704 4484; x_wconf 84' lang='lat' dir='ltr'>papa</span> <span class='ocrx_word' id='word_1_397' title='bbox 725 4416 996 4481; x_wconf 88' lang='lat' dir='ltr'>epistolas</span> <span class='ocrx_word' id='word_1_398' title='bbox 1015 4415 1366 4479; x_wconf 88' lang='lat' dir='ltr'>continebat,</span> <span class='ocrx_word' id='word_1_399' title='bbox 1390 4417 1676 4482; x_wconf 89' lang='lat' dir='ltr'>descripta</span> 
     </span>
    </p>
   </div>
   <div class='ocr_carea' id='block_1_58' title="bbox 94 4487 1675 4552">
    <p class='ocr_par' dir='ltr' id='par_1_58' title="bbox 94 4487 1675 4552">
     <span class='ocr_line' id='line_1_59' title="bbox 94 4487 1675 4552; baseline -0.002 -7"><span class='ocrx_word' id='word_1_400' title='bbox 94 4501 144 4546; x_wconf 91' lang='lat' dir='ltr'>et</span> <span class='ocrx_word' id='word_1_401' title='bbox 167 4509 270 4548; x_wconf 90' lang='lat' dir='ltr'>suo</span> <span class='ocrx_word' id='word_1_402' title='bbox 294 4491 516 4548; x_wconf 88' lang='lat' dir='ltr'>auctori</span> <span class='ocrx_word' id='word_1_403' title='bbox 541 4489 846 4541; x_wconf 89' lang='lat' dir='ltr'>vindicata.</span> <span class='ocrx_word' id='word_1_404' title='bbox 872 4490 953 4538; x_wconf 90' lang='lat' dir='ltr'>Ac</span> <span class='ocrx_word' id='word_1_405' title='bbox 977 4499 1050 4538; x_wconf 90' lang='lat' dir='ltr'>ex</span> <span class='ocrx_word' id='word_1_406' title='bbox 1066 4487 1415 4551; x_wconf 89' lang='lat' dir='ltr'>eo,quidem,</span> <span class='ocrx_word' id='word_1_407' title='bbox 1441 4490 1594 4552; x_wconf 83' lang='lat' dir='ltr'>quo‘d</span> <span class='ocrx_word' id='word_1_408' title='bbox 1613 4491 1675 4542; x_wconf 91' lang='lat' dir='ltr'>in</span> 
     </span>
    </p>
   </div>
   <div class='ocr_carea' id='block_1_59' title="bbox 94 4557 1676 4624">
    <p class='ocr_par' dir='ltr' id='par_1_59' title="bbox 94 4557 1676 4624">
     <span class='ocr_line' id='line_1_60' title="bbox 94 4557 1676 4624; baseline -0.001 -6"><span class='ocrx_word' id='word_1_409' title='bbox 94 4567 264 4620; x_wconf 86' lang='lat' dir='ltr'>Caroli</span> <span class='ocrx_word' id='word_1_410' title='bbox 286 4567 401 4619; x_wconf 91' lang='lat' dir='ltr'>isto</span> <span class='ocrx_word' id='word_1_411' title='bbox 417 4562 711 4616; x_wconf 89' lang='lat' dir='ltr'>volumine</span> <span class='ocrx_word' id='word_1_412' title='bbox 722 4560 1044 4620; x_wconf 88' lang='lat' dir='ltr'>adducitur,</span> <span class='ocrx_word' id='word_1_413' title='bbox 1062 4557 1249 4622; x_wconf 84' lang='lat' dir='ltr'>colligi</span> <span class='ocrx_word' id='word_1_414' title='bbox 1267 4572 1438 4624; x_wconf 89' lang='lat' dir='ltr'>posse</span> <span class='ocrx_word' id='word_1_415' title='bbox 1452 4561 1676 4618; x_wconf 87' lang='lat' dir='ltr'>videtur</span> 
     </span>
    </p>
   </div>
   <div class='ocr_carea' id='block_1_60' title="bbox 93 4630 1678 4700">
    <p class='ocr_par' dir='ltr' id='par_1_60' title="bbox 93 4630 1678 4700">
     <span class='ocr_line' id='line_1_61' title="bbox 93 4630 1678 4700; baseline -0.009 -12"><span class='ocrx_word' id='word_1_416' title='bbox 93 4639 202 4700; x_wconf 88' lang='lat' dir='ltr'>jam</span> <span class='ocrx_word' id='word_1_417' title='bbox 227 4644 362 4691; x_wconf 89' lang='lat' dir='ltr'>ante</span> <span class='ocrx_word' id='word_1_418' title='bbox 375 4637 488 4687; x_wconf 88' lang='lat' dir='ltr'>ista</span> <span class='ocrx_word' id='word_1_419' title='bbox 512 4639 767 4697; x_wconf 87' lang='lat' dir='ltr'>tempora</span> <span class='ocrx_word' id='word_1_420' title='bbox 781 4631 928 4682; x_wconf 91' lang='lat' dir='ltr'>hanc</span> <span class='ocrx_word' id='word_1_421' title='bbox 943 4630 1267 4695; x_wconf 87' lang='lat' dir='ltr'>opinionem</span> <span class='ocrx_word' id='word_1_422' title='bbox 1285 4631 1460 4682; x_wconf 89' lang='lat' dir='ltr'>fuisse</span> <span class='ocrx_word' id='word_1_423' title='bbox 1480 4640 1678 4692; x_wconf 76' lang='grc' dir='ltr'>ρει-ναι-</span> 
     </span>
    </p>
   </div>
   <div class='ocr_carea' id='block_1_61' title="bbox 1696 1887 1749 1960">
    <p class='ocr_par' dir='ltr' id='par_1_61' title="bbox 1696 1887 1749 1960">
     <span class='ocr_line' id='line_1_62' title="bbox 1696 1887 1749 1960; baseline 0 0"><span class='ocrx_word' id='word_1_424' title='bbox 1696 1887 1749 1960; x_wconf 92' lang='grc' dir='ltr'><strong>Β</strong></span> 
     </span>
    </p>
   </div>
   <div class='ocr_carea' id='block_1_62' title="bbox 1763 587 3361 658">
    <p class='ocr_par' dir='ltr' id='par_1_62' title="bbox 1763 587 3361 658">
     <span class='ocr_line' id='line_1_63' title="bbox 1763 587 3361 658; baseline 0.006 -21"><span class='ocrx_word' id='word_1_425' title='bbox 1763 601 1864 638; x_wconf 90' lang='lat' dir='ltr'>sus</span> <span class='ocrx_word' id='word_1_426' title='bbox 1884 587 2127 639; x_wconf 85' lang='lat' dir='ltr'>Felicem</span> <span class='ocrx_word' id='word_1_427' title='bbox 2144 589 2557 652; x_wconf 89' lang='lat' dir='ltr'>Urgellitanum</span> <span class='ocrx_word' id='word_1_428' title='bbox 2573 592 2907 657; x_wconf 88' lang='lat' dir='ltr'>episcopum</span> <span class='ocrx_word' id='word_1_429' title='bbox 2924 600 2980 646; x_wconf 90' lang='lat' dir='ltr'>et</span> <span class='ocrx_word' id='word_1_430' title='bbox 2993 598 3136 644; x_wconf 84' lang='lat' dir='ltr'>libris</span> <span class='ocrx_word' id='word_1_431' title='bbox 3146 604 3361 658; x_wconf 84' lang='lat' dir='ltr'>quatuor</span> 
     </span>
    </p>
   </div>
   <div class='ocr_carea' id='block_1_63' title="bbox 1761 659 3364 728">
    <p class='ocr_par' dir='ltr' id='par_1_63' title="bbox 1761 659 3364 728">
     <span class='ocr_line' id='line_1_64' title="bbox 1761 659 3364 728; baseline 0.006 -20"><span class='ocrx_word' id='word_1_432' title='bbox 1761 664 1960 709; x_wconf 88' lang='lat' dir='ltr'>contra</span> <span class='ocrx_word' id='word_1_433' title='bbox 1987 659 2352 723; x_wconf 80' lang='lat' dir='ltr'>Elipandum;</span> <span class='ocrx_word' id='word_1_434' title='bbox 2370 674 2534 724; x_wconf 89' lang='lat' dir='ltr'>porro</span> <span class='ocrx_word' id='word_1_435' title='bbox 2552 664 2837 725; x_wconf 77' lang='lat' dir='ltr'>Agobardi</span> <span class='ocrx_word' id='word_1_436' title='bbox 2862 668 3215 725; x_wconf 84' lang='lat' dir='ltr'>Lugdunensis</span> <span class='ocrx_word' id='word_1_437' title='bbox 3231 671 3364 728; x_wconf 88' lang='lat' dir='ltr'>ejus-</span> 
     </span>
    </p>
   </div>
   <div class='ocr_carea' id='block_1_64' title="bbox 1761 729 3366 800">
    <p class='ocr_par' dir='ltr' id='par_1_64' title="bbox 1761 729 3366 800">
     <span class='ocr_line' id='line_1_65' title="bbox 1761 729 3366 800; baseline 0.004 -21"><span class='ocrx_word' id='word_1_438' title='bbox 1761 729 1892 780; x_wconf 87' lang='lat' dir='ltr'>dem</span> <span class='ocrx_word' id='word_1_439' title='bbox 1909 729 2110 780; x_wconf 86' lang='lat' dir='ltr'>Felicis</span> <span class='ocrx_word' id='word_1_440' title='bbox 2124 730 2449 793; x_wconf 83' lang='lat' dir='ltr'>adversarii,</span> <span class='ocrx_word' id='word_1_441' title='bbox 2463 737 2520 782; x_wconf 90' lang='lat' dir='ltr'>et</span> <span class='ocrx_word' id='word_1_442' title='bbox 2540 735 2581 782; x_wconf 85' lang='lat' dir='ltr'>Il</span> <span class='ocrx_word' id='word_1_443' title='bbox 2593 734 2740 784; x_wconf 88' lang='lat' dir='ltr'>incm</span> <span class='ocrx_word' id='word_1_444' title='bbox 2749 735 2828 784; x_wconf 87' lang='lat' dir='ltr'>ari</span> <span class='ocrx_word' id='word_1_445' title='bbox 2849 737 3136 799; x_wconf 86' lang='lat' dir='ltr'>Agobardi</span> <span class='ocrx_word' id='word_1_446' title='bbox 3154 742 3366 800; x_wconf 81' lang='lat' dir='ltr'>aequalis</span> 
     </span>
    </p>
   </div>
   <div class='ocr_carea' id='block_1_65' title="bbox 1763 800 3361 870">
    <p class='ocr_par' dir='ltr' id='par_1_65' title="bbox 1763 800 3361 870">
     <span class='ocr_line' id='line_1_66' title="bbox 1763 800 3361 870; baseline 0.006 -21"><span class='ocrx_word' id='word_1_447' title='bbox 1763 800 2005 851; x_wconf 87' lang='lat' dir='ltr'>silentio.</span> <span class='ocrx_word' id='word_1_448' title='bbox 2021 801 2182 862; x_wconf 90' lang='lat' dir='ltr'>Quod</span> <span class='ocrx_word' id='word_1_449' title='bbox 2195 802 2422 852; x_wconf 87' lang='lat' dir='ltr'>codices</span> <span class='ocrx_word' id='word_1_450' title='bbox 2440 809 2636 854; x_wconf 88' lang='lat' dir='ltr'>autem</span> <span class='ocrx_word' id='word_1_451' title='bbox 2648 805 2871 867; x_wconf 87' lang='lat' dir='ltr'>attinet,</span> <span class='ocrx_word' id='word_1_452' title='bbox 2891 811 2947 857; x_wconf 88' lang='lat' dir='ltr'>et</span> <span class='ocrx_word' id='word_1_453' title='bbox 2961 807 3195 870; x_wconf 82' lang='lat' dir='ltr'>quidem</span> <span class='ocrx_word' id='word_1_454' title='bbox 3213 811 3361 858; x_wconf 88' lang='lat' dir='ltr'>illum</span> 
     </span>
    </p>
   </div>
   <div class='ocr_carea' id='block_1_66' title="bbox 1763 871 3365 941">
    <p class='ocr_par' dir='ltr' id='par_1_66' title="bbox 1763 871 3365 941">
     <span class='ocr_line' id='line_1_67' title="bbox 1763 871 3365 941; baseline 0.002 -19"><span class='ocrx_word' id='word_1_455' title='bbox 1763 871 2066 933; x_wconf 88' lang='lat' dir='ltr'>Sirmondi,</span> <span class='ocrx_word' id='word_1_456' title='bbox 2079 873 2447 923; x_wconf 88' lang='lat' dir='ltr'>recentiorem</span> <span class='ocrx_word' id='word_1_457' title='bbox 2463 886 2697 925; x_wconf 89' lang='lat' dir='ltr'>manum</span> <span class='ocrx_word' id='word_1_458' title='bbox 2712 889 2846 926; x_wconf 90' lang='lat' dir='ltr'>eum</span> <span class='ocrx_word' id='word_1_459' title='bbox 2863 890 3100 941; x_wconf 83' lang='lat' dir='ltr'>arguere</span> <span class='ocrx_word' id='word_1_460' title='bbox 3114 879 3236 941; x_wconf 90' lang='lat' dir='ltr'>jam</span> <span class='ocrx_word' id='word_1_461' title='bbox 3251 886 3365 927; x_wconf 75' lang='lat' dir='ltr'>ante</span> 
     </span>
    </p>
   </div>
   <div class='ocr_carea' id='block_1_67' title="bbox 1762 941 3363 1000">
    <p class='ocr_par' dir='ltr' id='par_1_67' title="bbox 1762 941 3363 1000">
     <span class='ocr_line' id='line_1_68' title="bbox 1762 941 3363 1000; baseline 0.006 -9"><span class='ocrx_word' id='word_1_462' title='bbox 1762 941 2036 992; x_wconf 86' lang='lat' dir='ltr'>diximus.</span> <span class='ocrx_word' id='word_1_463' title='bbox 2063 942 2238 993; x_wconf 86' lang='lat' dir='ltr'>Addit</span> <span class='ocrx_word' id='word_1_464' title='bbox 2262 956 2392 993; x_wconf 89' lang='lat' dir='ltr'>vero</span> <span class='ocrx_word' id='word_1_465' title='bbox 2406 943 2698 996; x_wconf 84' lang='lat' dir='ltr'>librarium</span> <span class='ocrx_word' id='word_1_466' title='bbox 2715 948 2887 998; x_wconf 90' lang='lat' dir='ltr'>etiam</span> <span class='ocrx_word' id='word_1_467' title='bbox 2905 953 2962 998; x_wconf 91' lang='lat' dir='ltr'>et</span> <span class='ocrx_word' id='word_1_468' title='bbox 2976 949 3189 999; x_wconf 88' lang='lat' dir='ltr'>codicis</span> <span class='ocrx_word' id='word_1_469' title='bbox 3205 963 3363 1000; x_wconf 90' lang='lat' dir='ltr'>com-</span> 
     </span>
    </p>
   </div>
   <div class='ocr_carea' id='block_1_68' title="bbox 1761 1013 3362 1084">
    <p class='ocr_par' dir='ltr' id='par_1_68' title="bbox 1761 1013 3362 1084">
     <span class='ocr_line' id='line_1_69' title="bbox 1761 1013 3362 1084; baseline 0.004 -23"><span class='ocrx_word' id='word_1_470' title='bbox 1761 1013 2069 1076; x_wconf 86' lang='lat' dir='ltr'>positorem</span> <span class='ocrx_word' id='word_1_471' title='bbox 2119 1014 2417 1084; x_wconf 81' lang='lat' dir='ltr'>scriptura</span> <span class='ocrx_word' id='word_1_472' title='bbox 2467 1028 2590 1067; x_wconf 83' lang='lat' dir='ltr'>sua</span> <span class='ocrx_word' id='word_1_473' title='bbox 2632 1018 2876 1081; x_wconf 85' lang='lat' dir='ltr'>vestigia</span> <span class='ocrx_word' id='word_1_474' title='bbox 2901 1018 2958 1068; x_wconf 90' lang='lat' dir='ltr'>in</span> <span class='ocrx_word' id='word_1_475' title='bbox 2981 1019 3159 1070; x_wconf 86' lang='lat' dir='ltr'>Caroli</span> <span class='ocrx_word' id='word_1_476' title='bbox 3187 1033 3362 1084; x_wconf 85' lang='lat' dir='ltr'>regno</span> 
     </span>
    </p>
   </div>
   <div class='ocr_carea' id='block_1_69' title="bbox 1763 1083 3363 1154">
    <p class='ocr_par' dir='ltr' id='par_1_69' title="bbox 1763 1083 3363 1154">
     <span class='ocr_line' id='line_1_70' title="bbox 1763 1083 3363 1154; baseline 0.006 -21"><span class='ocrx_word' id='word_1_477' title='bbox 1763 1085 2046 1148; x_wconf 85' lang='lat' dir='ltr'>impressa</span> <span class='ocrx_word' id='word_1_478' title='bbox 2071 1083 2388 1147; x_wconf 83' lang='lat' dir='ltr'>relinquere</span> <span class='ocrx_word' id='word_1_479' title='bbox 2413 1087 2688 1150; x_wconf 89' lang='lat' dir='ltr'>potuisse,</span> <span class='ocrx_word' id='word_1_480' title='bbox 2731 1089 2958 1140; x_wconf 88' lang='lat' dir='ltr'>etiamsi</span> <span class='ocrx_word' id='word_1_481' title='bbox 2983 1090 3164 1140; x_wconf 87' lang='lat' dir='ltr'>Caroli</span> <span class='ocrx_word' id='word_1_482' title='bbox 3203 1083 3363 1154; x_wconf 82' lang='lat' dir='ltr'>regni</span> 
     </span>
    </p>
   </div>
   <div class='ocr_carea' id='block_1_70' title="bbox 1764 1154 3362 1223">
    <p class='ocr_par' dir='ltr' id='par_1_70' title="bbox 1764 1154 3362 1223">
     <span class='ocr_line' id='line_1_71' title="bbox 1764 1154 3362 1223; baseline 0.004 -17"><span class='ocrx_word' id='word_1_483' title='bbox 1764 1154 2005 1217; x_wconf 89' lang='lat' dir='ltr'>aqualis</span> <span class='ocrx_word' id='word_1_484' title='bbox 2056 1168 2174 1205; x_wconf 92' lang='lat' dir='ltr'>non</span> <span class='ocrx_word' id='word_1_485' title='bbox 2222 1156 2423 1212; x_wconf 77' lang='lat' dir='ltr'>fuerit;</span> <span class='ocrx_word' id='word_1_486' title='bbox 2451 1161 2552 1206; x_wconf 88' lang='lat' dir='ltr'>aut</span> <span class='ocrx_word' id='word_1_487' title='bbox 2576 1159 2834 1221; x_wconf 88' lang='lat' dir='ltr'>potuisse</span> <span class='ocrx_word' id='word_1_488' title='bbox 2860 1165 2992 1223; x_wconf 90' lang='lat' dir='ltr'>post</span> <span class='ocrx_word' id='word_1_489' title='bbox 3016 1161 3279 1212; x_wconf 88' lang='lat' dir='ltr'>Carolum</span> <span class='ocrx_word' id='word_1_490' title='bbox 3303 1161 3362 1212; x_wconf 90' lang='lat' dir='ltr'>in</span> 
     </span>
    </p>
   </div>
   <div class='ocr_carea' id='block_1_71' title="bbox 1765 1225 3360 1295">
    <p class='ocr_par' dir='ltr' id='par_1_71' title="bbox 1765 1225 3360 1295">
     <span class='ocr_line' id='line_1_72' title="bbox 1765 1225 3360 1295; baseline 0.004 -19"><span class='ocrx_word' id='word_1_491' title='bbox 1765 1225 2022 1276; x_wconf 89' lang='lat' dir='ltr'>codicem</span> <span class='ocrx_word' id='word_1_492' title='bbox 2065 1237 2238 1276; x_wconf 90' lang='lat' dir='ltr'>suum</span> <span class='ocrx_word' id='word_1_493' title='bbox 2288 1232 2666 1278; x_wconf 88' lang='lat' dir='ltr'>monumenta</span> <span class='ocrx_word' id='word_1_494' title='bbox 2710 1227 2874 1292; x_wconf 90' lang='lat' dir='ltr'>plura</span> <span class='ocrx_word' id='word_1_495' title='bbox 2895 1230 3064 1281; x_wconf 89' lang='lat' dir='ltr'>simul</span> <span class='ocrx_word' id='word_1_496' title='bbox 3088 1233 3360 1295; x_wconf 89' lang='lat' dir='ltr'>conferre,</span> 
     </span>
    </p>
   </div>
   <div class='ocr_carea' id='block_1_72' title="bbox 1766 1295 3362 1364">
    <p class='ocr_par' dir='ltr' id='par_1_72' title="bbox 1766 1295 3362 1364">
     <span class='ocr_line' id='line_1_73' title="bbox 1766 1295 3362 1364; baseline 0.003 -19"><span class='ocrx_word' id='word_1_497' title='bbox 1766 1308 2012 1359; x_wconf 90' lang='lat' dir='ltr'>quorum</span> <span class='ocrx_word' id='word_1_498' title='bbox 2024 1308 2207 1346; x_wconf 90' lang='lat' dir='ltr'>unum</span> <span class='ocrx_word' id='word_1_499' title='bbox 2229 1295 2300 1346; x_wconf 86' lang='lat' dir='ltr'>ad</span> <span class='ocrx_word' id='word_1_500' title='bbox 2319 1295 2500 1347; x_wconf 89' lang='lat' dir='ltr'>Caroli</span> <span class='ocrx_word' id='word_1_501' title='bbox 2517 1297 2669 1361; x_wconf 90' lang='lat' dir='ltr'>regis</span> <span class='ocrx_word' id='word_1_502' title='bbox 2682 1303 2908 1364; x_wconf 88' lang='lat' dir='ltr'>tempus</span> <span class='ocrx_word' id='word_1_503' title='bbox 2921 1301 3210 1364; x_wconf 89' lang='lat' dir='ltr'>attineret;</span> <span class='ocrx_word' id='word_1_504' title='bbox 3232 1305 3362 1350; x_wconf 83' lang='lat' dir='ltr'>unde</span> 
     </span>
    </p>
   </div>
   <div class='ocr_carea' id='block_1_73' title="bbox 1766 1366 3359 1429">
    <p class='ocr_par' dir='ltr' id='par_1_73' title="bbox 1766 1366 3359 1429">
     <span class='ocr_line' id='line_1_74' title="bbox 1766 1366 3359 1429; baseline 0.003 -13"><span class='ocrx_word' id='word_1_505' title='bbox 1766 1371 1960 1416; x_wconf 87' lang='lat' dir='ltr'>tamen</span> <span class='ocrx_word' id='word_1_506' title='bbox 1972 1379 2088 1416; x_wconf 90' lang='lat' dir='ltr'>non</span> <span class='ocrx_word' id='word_1_507' title='bbox 2101 1367 2262 1429; x_wconf 84' lang='lat' dir='ltr'>sequi</span> <span class='ocrx_word' id='word_1_508' title='bbox 2274 1366 2795 1428; x_wconf 78' lang='lat' dir='ltr'>concludit,catera</span> <span class='ocrx_word' id='word_1_509' title='bbox 2808 1377 3179 1423; x_wconf 83' lang='lat' dir='ltr'>monumenta</span> <span class='ocrx_word' id='word_1_510' title='bbox 3190 1375 3359 1422; x_wconf 86' lang='lat' dir='ltr'>eodem</span> 
     </span>
    </p>
   </div>
   <div class='ocr_carea' id='block_1_74' title="bbox 1768 1437 3362 1506">
    <p class='ocr_par' dir='ltr' id='par_1_74' title="bbox 1768 1437 3362 1506">
     <span class='ocr_line' id='line_1_75' title="bbox 1768 1437 3362 1506; baseline 0 -18"><span class='ocrx_word' id='word_1_511' title='bbox 1768 1441 2020 1502; x_wconf 89' lang='lat' dir='ltr'>tempore</span> <span class='ocrx_word' id='word_1_512' title='bbox 2043 1438 2164 1501; x_wconf 89' lang='lat' dir='ltr'>jam</span> <span class='ocrx_word' id='word_1_513' title='bbox 2191 1441 2314 1488; x_wconf 90' lang='lat' dir='ltr'>tum</span> <span class='ocrx_word' id='word_1_514' title='bbox 2327 1437 2575 1502; x_wconf 89' lang='lat' dir='ltr'>primum</span> <span class='ocrx_word' id='word_1_515' title='bbox 2591 1452 2722 1490; x_wconf 89' lang='lat' dir='ltr'>esse</span> <span class='ocrx_word' id='word_1_516' title='bbox 2739 1441 3078 1506; x_wconf 88' lang='lat' dir='ltr'>conscripta.</span> <span class='ocrx_word' id='word_1_517' title='bbox 3099 1444 3220 1494; x_wconf 91' lang='lat' dir='ltr'>Imo</span> <span class='ocrx_word' id='word_1_518' title='bbox 3235 1446 3362 1492; x_wconf 77' lang='lat' dir='ltr'>hant-</span> 
     </span>
    </p>
   </div>
   <div class='ocr_carea' id='block_1_75' title="bbox 1767 1507 3363 1574">
    <p class='ocr_par' dir='ltr' id='par_1_75' title="bbox 1767 1507 3363 1574">
     <span class='ocr_line' id='line_1_76' title="bbox 1767 1507 3363 1574; baseline 0.003 -16"><span class='ocrx_word' id='word_1_519' title='bbox 1767 1509 2182 1573; x_wconf 88' lang='lat' dir='ltr'>professionem</span> <span class='ocrx_word' id='word_1_520' title='bbox 2208 1507 2338 1560; x_wconf 83' lang='lat' dir='ltr'>ﬁdei</span> <span class='ocrx_word' id='word_1_521' title='bbox 2367 1515 2497 1573; x_wconf 89' lang='lat' dir='ltr'>post</span> <span class='ocrx_word' id='word_1_522' title='bbox 2509 1510 2771 1561; x_wconf 87' lang='lat' dir='ltr'>Carolum</span> <span class='ocrx_word' id='word_1_523' title='bbox 2788 1511 2946 1562; x_wconf 91' lang='lat' dir='ltr'>libris</span> <span class='ocrx_word' id='word_1_524' title='bbox 2963 1512 3034 1563; x_wconf 88' lang='lat' dir='ltr'>de</span> <span class='ocrx_word' id='word_1_525' title='bbox 3053 1516 3363 1574; x_wconf 79' lang='lat' dir='ltr'>imaginibus</span> 
     </span>
    </p>
   </div>
   <div class='ocr_carea' id='block_1_76' title="bbox 1766 1579 3363 1644">
    <p class='ocr_par' dir='ltr' id='par_1_76' title="bbox 1766 1579 3363 1644">
     <span class='ocr_line' id='line_1_77' title="bbox 1766 1579 3363 1644; baseline 0.004 -15"><span class='ocrx_word' id='word_1_526' title='bbox 1766 1579 1958 1630; x_wconf 79' lang='lat' dir='ltr'>inferri</span> <span class='ocrx_word' id='word_1_527' title='bbox 1983 1579 2243 1644; x_wconf 90' lang='lat' dir='ltr'>potuisse</span> <span class='ocrx_word' id='word_1_528' title='bbox 2267 1579 2340 1629; x_wconf 90' lang='lat' dir='ltr'>ab</span> <span class='ocrx_word' id='word_1_529' title='bbox 2369 1592 2436 1630; x_wconf 90' lang='lat' dir='ltr'>eo</span> <span class='ocrx_word' id='word_1_530' title='bbox 2455 1580 2552 1642; x_wconf 86' lang='lat' dir='ltr'>qui</span> <span class='ocrx_word' id='word_1_531' title='bbox 2574 1579 2750 1631; x_wconf 88' lang='lat' dir='ltr'>libros</span> <span class='ocrx_word' id='word_1_532' title='bbox 2771 1581 3136 1641; x_wconf 85' lang='lat' dir='ltr'>describeret,</span> <span class='ocrx_word' id='word_1_533' title='bbox 3155 1589 3211 1635; x_wconf 91' lang='lat' dir='ltr'>et</span> <span class='ocrx_word' id='word_1_534' title='bbox 3236 1596 3363 1635; x_wconf 89' lang='lat' dir='ltr'>mu-</span> 
     </span>
    </p>
   </div>
   <div class='ocr_carea' id='block_1_77' title="bbox 1767 1650 3360 1719">
    <p class='ocr_par' dir='ltr' id='par_1_77' title="bbox 1767 1650 3360 1719">
     <span class='ocr_line' id='line_1_78' title="bbox 1767 1650 3360 1719; baseline 0.001 -19"><span class='ocrx_word' id='word_1_535' title='bbox 1767 1650 2090 1701; x_wconf 90' lang='lat' dir='ltr'>nimentum</span> <span class='ocrx_word' id='word_1_536' title='bbox 2113 1654 2170 1700; x_wconf 90' lang='lat' dir='ltr'>et</span> <span class='ocrx_word' id='word_1_537' title='bbox 2189 1650 2523 1713; x_wconf 71' lang='lat' dir='ltr'>praesidium</span> <span class='ocrx_word' id='word_1_538' title='bbox 2543 1653 2648 1702; x_wconf 89' lang='lat' dir='ltr'>hoc</span> <span class='ocrx_word' id='word_1_539' title='bbox 2664 1651 2776 1702; x_wconf 91' lang='lat' dir='ltr'>illis</span> <span class='ocrx_word' id='word_1_540' title='bbox 2797 1653 3000 1705; x_wconf 90' lang='lat' dir='ltr'>deesse</span> <span class='ocrx_word' id='word_1_541' title='bbox 3025 1667 3176 1719; x_wconf 88' lang='lat' dir='ltr'>agre</span> <span class='ocrx_word' id='word_1_542' title='bbox 3199 1657 3360 1704; x_wconf 84' lang='lat' dir='ltr'>ferret.</span> 
     </span>
    </p>
   </div>
   <div class='ocr_carea' id='block_1_78' title="bbox 1769 1720 3364 1787">
    <p class='ocr_par' dir='ltr' id='par_1_78' title="bbox 1769 1720 3364 1787">
     <span class='ocr_line' id='line_1_79' title="bbox 1769 1720 3364 1787; baseline 0.004 -16"><span class='ocrx_word' id='word_1_543' title='bbox 1769 1723 1853 1771; x_wconf 86' lang='lat' dir='ltr'>Ita</span> <span class='ocrx_word' id='word_1_544' title='bbox 1877 1720 2129 1772; x_wconf 91' lang='lat' dir='ltr'>stabilita</span> <span class='ocrx_word' id='word_1_545' title='bbox 2155 1733 2260 1771; x_wconf 91' lang='lat' dir='ltr'>sua</span> <span class='ocrx_word' id='word_1_546' title='bbox 2285 1721 2572 1772; x_wconf 87' lang='lat' dir='ltr'>sententia</span> <span class='ocrx_word' id='word_1_547' title='bbox 2597 1723 2858 1775; x_wconf 89' lang='lat' dir='ltr'>concedit</span> <span class='ocrx_word' id='word_1_548' title='bbox 2883 1729 3092 1787; x_wconf 89' lang='lat' dir='ltr'>tamen,</span> <span class='ocrx_word' id='word_1_549' title='bbox 3126 1739 3242 1776; x_wconf 90' lang='lat' dir='ltr'>non</span> <span class='ocrx_word' id='word_1_550' title='bbox 3267 1725 3364 1777; x_wconf 87' lang='lat' dir='ltr'>diu</span> 
     </span>
    </p>
   </div>
   <div class='ocr_carea' id='block_1_79' title="bbox 1766 1791 3366 1860">
    <p class='ocr_par' dir='ltr' id='par_1_79' title="bbox 1766 1791 3366 1860">
     <span class='ocr_line' id='line_1_80' title="bbox 1766 1791 3366 1860; baseline 0.003 -20"><span class='ocrx_word' id='word_1_551' title='bbox 1766 1797 1896 1856; x_wconf 90' lang='lat' dir='ltr'>post</span> <span class='ocrx_word' id='word_1_552' title='bbox 1913 1791 2092 1842; x_wconf 90' lang='lat' dir='ltr'>Caroli</span> <span class='ocrx_word' id='word_1_553' title='bbox 2112 1791 2303 1855; x_wconf 80' lang='lat' dir='ltr'>Magni</span> <span class='ocrx_word' id='word_1_554' title='bbox 2321 1797 2554 1843; x_wconf 85' lang='lat' dir='ltr'>atatem</span> <span class='ocrx_word' id='word_1_555' title='bbox 2571 1792 2711 1844; x_wconf 90' lang='lat' dir='ltr'>illud</span> <span class='ocrx_word' id='word_1_556' title='bbox 2729 1795 3062 1860; x_wconf 89' lang='lat' dir='ltr'>contigisse.</span> <span class='ocrx_word' id='word_1_557' title='bbox 3076 1799 3194 1844; x_wconf 83' lang='lat' dir='ltr'>Nam</span> <span class='ocrx_word' id='word_1_558' title='bbox 3208 1799 3366 1846; x_wconf 80' lang='lat' dir='ltr'>nemi-</span> 
     </span>
    </p>
   </div>
   <div class='ocr_carea' id='block_1_80' title="bbox 1772 1861 3366 1928">
    <p class='ocr_par' dir='ltr' id='par_1_80' title="bbox 1772 1861 3366 1928">
     <span class='ocr_line' id='line_1_81' title="bbox 1772 1861 3366 1928; baseline 0.003 -18"><span class='ocrx_word' id='word_1_559' title='bbox 1772 1861 1865 1925; x_wconf 88' lang='lat' dir='ltr'>gii,</span> <span class='ocrx_word' id='word_1_560' title='bbox 1909 1861 2007 1924; x_wconf 90' lang='lat' dir='ltr'>qui</span> <span class='ocrx_word' id='word_1_561' title='bbox 2051 1861 2240 1912; x_wconf 89' lang='lat' dir='ltr'>medio</span> <span class='ocrx_word' id='word_1_562' title='bbox 2287 1861 2500 1912; x_wconf 87' lang='lat' dir='ltr'>saculo</span> <span class='ocrx_word' id='word_1_563' title='bbox 2547 1875 2700 1912; x_wconf 87' lang='lat' dir='ltr'>nono</span> <span class='ocrx_word' id='word_1_564' title='bbox 2751 1863 2912 1925; x_wconf 83' lang='lat' dir='ltr'>vixit,</span> <span class='ocrx_word' id='word_1_565' title='bbox 2959 1865 3366 1928; x_wconf 80' lang='lat' dir='ltr'>Lugdunensis</span> 
     </span>
    </p>
   </div>
   <div class='ocr_carea' id='block_1_81' title="bbox 1775 1932 3369 1996">
    <p class='ocr_par' dir='ltr' id='par_1_81' title="bbox 1775 1932 3369 1996">
     <span class='ocr_line' id='line_1_82' title="bbox 1775 1932 3369 1996; baseline 0 -13"><span class='ocrx_word' id='word_1_566' title='bbox 1775 1932 2044 1996; x_wconf 89' lang='lat' dir='ltr'>episcopi,</span> <span class='ocrx_word' id='word_1_567' title='bbox 2071 1932 2463 1982; x_wconf 88' lang='lat' dir='ltr'>testimonium</span> <span class='ocrx_word' id='word_1_568' title='bbox 2489 1934 2718 1996; x_wconf 88' lang='lat' dir='ltr'>profert,</span> <span class='ocrx_word' id='word_1_569' title='bbox 2731 1935 2830 1996; x_wconf 89' lang='lat' dir='ltr'>qui</span> <span class='ocrx_word' id='word_1_570' title='bbox 2855 1935 2913 1984; x_wconf 90' lang='lat' dir='ltr'>in</span> <span class='ocrx_word' id='word_1_571' title='bbox 2937 1933 3077 1985; x_wconf 89' lang='lat' dir='ltr'>libro</span> <span class='ocrx_word' id='word_1_572' title='bbox 3089 1935 3150 1984; x_wconf 87' lang='lat' dir='ltr'>de</span> <span class='ocrx_word' id='word_1_573' title='bbox 3186 1936 3369 1984; x_wconf 70' lang='lat' dir='ltr'>Tribus</span> 
     </span>
    </p>
   </div>
   <div class='ocr_carea' id='block_1_82' title="bbox 1777 2001 3369 2071">
    <p class='ocr_par' dir='ltr' id='par_1_82' title="bbox 1777 2001 3369 2071">
     <span class='ocr_line' id='line_1_83' title="bbox 1777 2001 3369 2071; baseline 0.003 -19"><span class='ocrx_word' id='word_1_574' title='bbox 1777 2003 2050 2067; x_wconf 77' lang='lat' dir='ltr'>Epistolis,</span> <span class='ocrx_word' id='word_1_575' title='bbox 2095 2015 2217 2066; x_wconf 87' lang='lat' dir='ltr'>cap.</span> <span class='ocrx_word' id='word_1_576' title='bbox 2267 2001 2354 2065; x_wconf 85' lang='lat'>39,</span> <span class='ocrx_word' id='word_1_577' title='bbox 2383 2003 2472 2054; x_wconf 85' lang='lat' dir='ltr'>vel</span> <span class='ocrx_word' id='word_1_578' title='bbox 2511 2017 2581 2054; x_wconf 81' lang='lat' dir='ltr'>ex</span> <span class='ocrx_word' id='word_1_579' title='bbox 2631 2006 2842 2068; x_wconf 88' lang='lat' dir='ltr'>codice,</span> <span class='ocrx_word' id='word_1_580' title='bbox 2868 2004 2956 2057; x_wconf 91' lang='lat' dir='ltr'>vel</span> <span class='ocrx_word' id='word_1_581' title='bbox 2993 2006 3114 2070; x_wconf 89' lang='lat' dir='ltr'>ipse</span> <span class='ocrx_word' id='word_1_582' title='bbox 3149 2007 3369 2071; x_wconf 82' lang='lat' dir='ltr'>primus</span> 
     </span>
    </p>
   </div>
   <div class='ocr_carea' id='block_1_83' title="bbox 1776 2073 3369 2140">
    <p class='ocr_par' dir='ltr' id='par_1_83' title="bbox 1776 2073 3369 2140">
     <span class='ocr_line' id='line_1_84' title="bbox 1776 2073 3369 2140; baseline 0.001 -16"><span class='ocrx_word' id='word_1_583' title='bbox 1776 2073 2108 2136; x_wconf 86' lang='lat' dir='ltr'>Hieronymi</span> <span class='ocrx_word' id='word_1_584' title='bbox 2123 2073 2457 2125; x_wconf 84' lang='lat' dir='ltr'>hancildem</span> <span class='ocrx_word' id='word_1_585' title='bbox 2477 2074 2832 2138; x_wconf 84' lang='lat' dir='ltr'>appellat.Ab</span> <span class='ocrx_word' id='word_1_586' title='bbox 2849 2075 2957 2126; x_wconf 90' lang='lat' dir='ltr'>hoc</span> <span class='ocrx_word' id='word_1_587' title='bbox 2983 2078 3229 2140; x_wconf 86' lang='lat' dir='ltr'>proximi</span> <span class='ocrx_word' id='word_1_588' title='bbox 3253 2089 3369 2126; x_wconf 86' lang='lat' dir='ltr'>sunt</span> 
     </span>
    </p>
   </div>
   <div class='ocr_carea' id='block_1_84' title="bbox 1776 2145 3366 2199">
    <p class='ocr_par' dir='ltr' id='par_1_84' title="bbox 1776 2145 3366 2199">
     <span class='ocr_line' id='line_1_85' title="bbox 1776 2145 3366 2199; baseline 0.002 -3"><span class='ocrx_word' id='word_1_589' title='bbox 1776 2147 1834 2196; x_wconf 89' lang='lat' dir='ltr'>in</span> <span class='ocrx_word' id='word_1_590' title='bbox 1859 2145 2058 2196; x_wconf 87' lang='lat' dir='ltr'>eadem</span> <span class='ocrx_word' id='word_1_591' title='bbox 2075 2145 2361 2195; x_wconf 89' lang='lat' dir='ltr'>sententia</span> <span class='ocrx_word' id='word_1_592' title='bbox 2387 2145 2600 2196; x_wconf 89' lang='lat' dir='ltr'>saculo</span> <span class='ocrx_word' id='word_1_593' title='bbox 2617 2145 2958 2197; x_wconf 89' lang='lat' dir='ltr'>duodecimo</span> <span class='ocrx_word' id='word_1_594' title='bbox 2979 2147 3287 2198; x_wconf 81' lang='lat' dir='ltr'>Gratianus</span> <span class='ocrx_word' id='word_1_595' title='bbox 3313 2155 3366 2199; x_wconf 87' lang='lat' dir='ltr'>et</span> 
     </span>
    </p>
   </div>
   <div class='ocr_carea' id='block_1_85' title="bbox 1777 2215 3368 2280">
    <p class='ocr_par' dir='ltr' id='par_1_85' title="bbox 1777 2215 3368 2280">
     <span class='ocr_line' id='line_1_86' title="bbox 1777 2215 3368 2280; baseline 0.001 -14"><span class='ocrx_word' id='word_1_596' title='bbox 1777 2217 2045 2279; x_wconf 84' lang='lat' dir='ltr'>Magister</span> <span class='ocrx_word' id='word_1_597' title='bbox 2068 2215 2512 2277; x_wconf 84' lang='lat' dir='ltr'>Sententiarum,</span> <span class='ocrx_word' id='word_1_598' title='bbox 2531 2221 2661 2278; x_wconf 91' lang='lat' dir='ltr'>post</span> <span class='ocrx_word' id='word_1_599' title='bbox 2687 2217 2954 2280; x_wconf 88' lang='lat' dir='ltr'>Thomas,</span> <span class='ocrx_word' id='word_1_600' title='bbox 2971 2219 3368 2268; x_wconf 79' lang='lat' dir='ltr'>Bonaveutura</span> 
     </span>
    </p>
   </div>
   <div class='ocr_carea' id='block_1_86' title="bbox 1775 2283 3367 2350">
    <p class='ocr_par' dir='ltr' id='par_1_86' title="bbox 1775 2283 3367 2350">
     <span class='ocr_line' id='line_1_87' title="bbox 1775 2283 3367 2350; baseline 0.003 -14"><span class='ocrx_word' id='word_1_601' title='bbox 1775 2291 1832 2337; x_wconf 90' lang='lat' dir='ltr'>et</span> <span class='ocrx_word' id='word_1_602' title='bbox 1857 2283 2180 2336; x_wconf 88' lang='lat' dir='ltr'>scholastici</span> <span class='ocrx_word' id='word_1_603' title='bbox 2193 2284 2589 2347; x_wconf 88' lang='lat' dir='ltr'>reliqui.Quod</span> <span class='ocrx_word' id='word_1_604' title='bbox 2613 2287 3008 2350; x_wconf 83' lang='lat' dir='ltr'>Augustinum</span> <span class='ocrx_word' id='word_1_605' title='bbox 3032 2289 3237 2339; x_wconf 85' lang='lat' dir='ltr'>attinet</span> <span class='ocrx_word' id='word_1_606' title='bbox 3261 2301 3367 2340; x_wconf 80' lang='lat' dir='ltr'>nec</span> 
     </span>
    </p>
   </div>
   <div class='ocr_carea' id='block_1_87' title="bbox 1773 2355 3368 2418">
    <p class='ocr_par' dir='ltr' id='par_1_87' title="bbox 1773 2355 3368 2418">
     <span class='ocr_line' id='line_1_88' title="bbox 1773 2355 3368 2418; baseline 0.002 -11"><span class='ocrx_word' id='word_1_607' title='bbox 1773 2357 1930 2407; x_wconf 89' lang='lat' dir='ltr'>hunc</span> <span class='ocrx_word' id='word_1_608' title='bbox 1953 2367 2202 2406; x_wconf 90' lang='lat' dir='ltr'>errorem</span> <span class='ocrx_word' id='word_1_609' title='bbox 2214 2355 2394 2406; x_wconf 87' lang='lat' dir='ltr'>Caroli</span> <span class='ocrx_word' id='word_1_610' title='bbox 2412 2355 2600 2418; x_wconf 85' lang='lat' dir='ltr'>Magni</span> <span class='ocrx_word' id='word_1_611' title='bbox 2616 2361 2785 2407; x_wconf 86' lang='lat' dir='ltr'>atate</span> <span class='ocrx_word' id='word_1_612' title='bbox 2802 2357 2981 2408; x_wconf 88' lang='lat' dir='ltr'>fuisse</span> <span class='ocrx_word' id='word_1_613' title='bbox 2997 2363 3260 2409; x_wconf 89' lang='lat' dir='ltr'>exortum</span> <span class='ocrx_word' id='word_1_614' title='bbox 3275 2371 3368 2410; x_wconf 87' lang='lat' dir='ltr'>ea-</span> 
     </span>
    </p>
   </div>
   <div class='ocr_carea' id='block_1_88' title="bbox 1774 2425 3369 2492">
    <p class='ocr_par' dir='ltr' id='par_1_88' title="bbox 1774 2425 3369 2492">
     <span class='ocr_line' id='line_1_89' title="bbox 1774 2425 3369 2492; baseline 0.001 -14"><span class='ocrx_word' id='word_1_615' title='bbox 1774 2427 1904 2478; x_wconf 88' lang='lat' dir='ltr'>dem</span> <span class='ocrx_word' id='word_1_616' title='bbox 1928 2427 2148 2476; x_wconf 89' lang='lat' dir='ltr'>ratione</span> <span class='ocrx_word' id='word_1_617' title='bbox 2169 2425 2547 2483; x_wconf 89' lang='lat' dir='ltr'>demonstrat,</span> <span class='ocrx_word' id='word_1_618' title='bbox 2577 2429 2674 2478; x_wconf 86' lang='lat' dir='ltr'>sed</span> <span class='ocrx_word' id='word_1_619' title='bbox 2698 2428 2946 2492; x_wconf 89' lang='lat' dir='ltr'>primum</span> <span class='ocrx_word' id='word_1_620' title='bbox 2963 2441 3092 2480; x_wconf 91' lang='lat' dir='ltr'>esse</span> <span class='ocrx_word' id='word_1_621' title='bbox 3115 2430 3369 2481; x_wconf 87' lang='lat' dir='ltr'>ostendit</span> 
     </span>
    </p>
   </div>
   <div class='ocr_carea' id='block_1_89' title="bbox 1775 2497 3369 2550">
    <p class='ocr_par' dir='ltr' id='par_1_89' title="bbox 1775 2497 3369 2550">
     <span class='ocr_line' id='line_1_90' title="bbox 1775 2497 3369 2550; baseline 0 -2"><span class='ocrx_word' id='word_1_622' title='bbox 1775 2497 2142 2549; x_wconf 77' lang='lat' dir='ltr'>Guillelmum</span> <span class='ocrx_word' id='word_1_623' title='bbox 2165 2497 2541 2548; x_wconf 87' lang='lat' dir='ltr'>Parisiensem</span> <span class='ocrx_word' id='word_1_624' title='bbox 2551 2503 2842 2549; x_wconf 90' lang='lat' dir='ltr'>auctorem</span> <span class='ocrx_word' id='word_1_625' title='bbox 2862 2499 3060 2550; x_wconf 87' lang='lat' dir='ltr'>saculi</span> <span class='ocrx_word' id='word_1_626' title='bbox 3075 2503 3260 2548; x_wconf 77' lang='lat' dir='ltr'>decimi</span> <span class='ocrx_word' id='word_1_627' title='bbox 3277 2507 3369 2549; x_wconf 82' lang='lat' dir='ltr'>ter-</span> 
     </span>
    </p>
   </div>
   <div class='ocr_carea' id='block_1_90' title="bbox 1776 2567 3373 2633">
    <p class='ocr_par' dir='ltr' id='par_1_90' title="bbox 1776 2567 3373 2633">
     <span class='ocr_line' id='line_1_91' title="bbox 1776 2567 3373 2633; baseline -0.003 -13"><span class='ocrx_word' id='word_1_628' title='bbox 1776 2569 1852 2630; x_wconf 85' lang='lat' dir='ltr'>tii,</span> <span class='ocrx_word' id='word_1_629' title='bbox 1881 2569 1978 2632; x_wconf 90' lang='lat' dir='ltr'>qui</span> <span class='ocrx_word' id='word_1_630' title='bbox 2001 2568 2059 2618; x_wconf 89' lang='lat' dir='ltr'>in</span> <span class='ocrx_word' id='word_1_631' title='bbox 2081 2568 2209 2618; x_wconf 89' lang='lat' dir='ltr'>libri</span> <span class='ocrx_word' id='word_1_632' title='bbox 2234 2567 2306 2618; x_wconf 90' lang='lat' dir='ltr'>de</span> <span class='ocrx_word' id='word_1_633' title='bbox 2335 2568 2586 2619; x_wconf 73' lang='lat' dir='ltr'>l’eccatis</span> <span class='ocrx_word' id='word_1_634' title='bbox 2618 2573 2675 2619; x_wconf 91' lang='lat' dir='ltr'>et</span> <span class='ocrx_word' id='word_1_635' title='bbox 2695 2569 2848 2620; x_wconf 89' lang='lat' dir='ltr'>vitiis</span> <span class='ocrx_word' id='word_1_636' title='bbox 2869 2569 3133 2633; x_wconf 72' lang='lat' dir='ltr'>capitem</span> <span class='ocrx_word' id='word_1_637' title='bbox 3151 2573 3373 2619; x_wconf 78' lang='lat' dir='ltr'>testimo-</span> 
     </span>
    </p>
   </div>
   <div class='ocr_carea' id='block_1_91' title="bbox 1773 2639 3371 2705">
    <p class='ocr_par' dir='ltr' id='par_1_91' title="bbox 1773 2639 3371 2705">
     <span class='ocr_line' id='line_1_92' title="bbox 1773 2639 3371 2705; baseline 0.002 -15"><span class='ocrx_word' id='word_1_638' title='bbox 1773 2640 1933 2690; x_wconf 90' lang='lat' dir='ltr'>nium</span> <span class='ocrx_word' id='word_1_639' title='bbox 1959 2640 2068 2689; x_wconf 89' lang='lat' dir='ltr'>sub</span> <span class='ocrx_word' id='word_1_640' title='bbox 2093 2639 2402 2702; x_wconf 88' lang='lat' dir='ltr'>Augustini</span> <span class='ocrx_word' id='word_1_641' title='bbox 2417 2640 2646 2690; x_wconf 87' lang='lat' dir='ltr'>nomine</span> <span class='ocrx_word' id='word_1_642' title='bbox 2669 2652 2743 2690; x_wconf 87' lang='lat' dir='ltr'>ex</span> <span class='ocrx_word' id='word_1_643' title='bbox 2759 2639 2860 2690; x_wconf 91' lang='lat' dir='ltr'>illa</span> <span class='ocrx_word' id='word_1_644' title='bbox 2874 2641 3371 2705; x_wconf 85' lang='lat' dir='ltr'>ﬂdeiprofessione</span> 
     </span>
    </p>
   </div>
   <div class='ocr_carea' id='block_1_92' title="bbox 1775 2709 3372 2776">
    <p class='ocr_par' dir='ltr' id='par_1_92' title="bbox 1775 2709 3372 2776">
     <span class='ocr_line' id='line_1_93' title="bbox 1775 2709 3372 2776; baseline 0.001 -16"><span class='ocrx_word' id='word_1_645' title='bbox 1775 2715 2049 2771; x_wconf 89' lang='lat' dir='ltr'>arcessat,</span> <span class='ocrx_word' id='word_1_646' title='bbox 2069 2709 2192 2761; x_wconf 88' lang='lat' dir='ltr'>sive</span> <span class='ocrx_word' id='word_1_647' title='bbox 2209 2714 2272 2760; x_wconf 92' lang='lat' dir='ltr'>ut</span> <span class='ocrx_word' id='word_1_648' title='bbox 2284 2722 2385 2773; x_wconf 91' lang='lat' dir='ltr'>pro</span> <span class='ocrx_word' id='word_1_649' title='bbox 2405 2710 2751 2774; x_wconf 85' lang='lat' dir='ltr'>Hieronymo</span> <span class='ocrx_word' id='word_1_650' title='bbox 2767 2712 3164 2776; x_wconf 86' lang='lat' dir='ltr'>Augustinum</span> <span class='ocrx_word' id='word_1_651' title='bbox 3177 2729 3263 2774; x_wconf 87' lang='lat' dir='ltr'>per</span> <span class='ocrx_word' id='word_1_652' title='bbox 3273 2717 3372 2762; x_wconf 80' lang='lat' dir='ltr'>ali-</span> 
     </span>
    </p>
   </div>
   <div class='ocr_carea' id='block_1_93' title="bbox 1775 2781 3368 2846">
    <p class='ocr_par' dir='ltr' id='par_1_93' title="bbox 1775 2781 3368 2846">
     <span class='ocr_line' id='line_1_94' title="bbox 1775 2781 3368 2846; baseline 0 -14"><span class='ocrx_word' id='word_1_653' title='bbox 1775 2792 1950 2845; x_wconf 88' lang='lat' dir='ltr'>quam</span> <span class='ocrx_word' id='word_1_654' title='bbox 1960 2781 2393 2844; x_wconf 81' lang='lat' dir='ltr'>incogitantiam</span> <span class='ocrx_word' id='word_1_655' title='bbox 2406 2782 2704 2846; x_wconf 90' lang='lat' dir='ltr'>acceperit,</span> <span class='ocrx_word' id='word_1_656' title='bbox 2719 2795 2852 2832; x_wconf 90' lang='lat' dir='ltr'>cum</span> <span class='ocrx_word' id='word_1_657' title='bbox 2863 2787 3002 2833; x_wconf 89' lang='lat' dir='ltr'>tunc</span> <span class='ocrx_word' id='word_1_658' title='bbox 3011 2795 3102 2833; x_wconf 90' lang='lat' dir='ltr'>om</span> <span class='ocrx_word' id='word_1_659' title='bbox 3110 2796 3216 2835; x_wconf 89' lang='lat' dir='ltr'>nes</span> <span class='ocrx_word' id='word_1_660' title='bbox 3229 2785 3368 2833; x_wconf 83' lang='lat' dir='ltr'>illum</span> 
     </span>
    </p>
   </div>
   <div class='ocr_carea' id='block_1_94' title="bbox 1775 2851 3368 2917">
    <p class='ocr_par' dir='ltr' id='par_1_94' title="bbox 1775 2851 3368 2917">
     <span class='ocr_line' id='line_1_95' title="bbox 1775 2851 3368 2917; baseline 0.003 -15"><span class='ocrx_word' id='word_1_661' title='bbox 1775 2851 1907 2903; x_wconf 82' lang='lat' dir='ltr'>ildei</span> <span class='ocrx_word' id='word_1_662' title='bbox 1929 2853 2340 2916; x_wconf 80' lang='lat' dir='ltr'>professionem</span> <span class='ocrx_word' id='word_1_663' title='bbox 2364 2865 2438 2903; x_wconf 90' lang='lat' dir='ltr'>ex</span> <span class='ocrx_word' id='word_1_664' title='bbox 2465 2852 2577 2902; x_wconf 80' lang='lat' dir='ltr'>fide</span> <span class='ocrx_word' id='word_1_665' title='bbox 2603 2854 2856 2917; x_wconf 83' lang='lat' dir='ltr'>Magistri</span> <span class='ocrx_word' id='word_1_666' title='bbox 2875 2855 3200 2906; x_wconf 87' lang='lat' dir='ltr'>etGratiani</span> <span class='ocrx_word' id='word_1_667' title='bbox 3235 2856 3368 2907; x_wconf 83' lang='lat' dir='ltr'>Hie-</span> 
     </span>
    </p>
   </div>
   <div class='ocr_carea' id='block_1_95' title="bbox 1776 2923 3370 2988">
    <p class='ocr_par' dir='ltr' id='par_1_95' title="bbox 1776 2923 3370 2988">
     <span class='ocr_line' id='line_1_96' title="bbox 1776 2923 3370 2988; baseline 0.001 -14"><span class='ocrx_word' id='word_1_668' title='bbox 1776 2935 2016 2986; x_wconf 89' lang='lat' dir='ltr'>ronymo</span> <span class='ocrx_word' id='word_1_669' title='bbox 2061 2923 2281 2984; x_wconf 89' lang='lat' dir='ltr'>darent,</span> <span class='ocrx_word' id='word_1_670' title='bbox 2331 2923 2448 2974; x_wconf 90' lang='lat' dir='ltr'>sive</span> <span class='ocrx_word' id='word_1_671' title='bbox 2485 2935 2558 2974; x_wconf 91' lang='lat' dir='ltr'>ex</span> <span class='ocrx_word' id='word_1_672' title='bbox 2594 2923 2789 2974; x_wconf 85' lang='lat' dir='ltr'>codice</span> <span class='ocrx_word' id='word_1_673' title='bbox 2813 2923 3004 2988; x_wconf 90' lang='lat' dir='ltr'>aliquo</span> <span class='ocrx_word' id='word_1_674' title='bbox 3039 2937 3370 2976; x_wconf 87' lang='lat' dir='ltr'>sermonum</span> 
     </span>
    </p>
   </div>
   <div class='ocr_carea' id='block_1_96' title="bbox 1775 2993 3371 3059">
    <p class='ocr_par' dir='ltr' id='par_1_96' title="bbox 1775 2993 3371 3059">
     <span class='ocr_line' id='line_1_97' title="bbox 1775 2993 3371 3059; baseline 0.002 -14"><span class='ocrx_word' id='word_1_675' title='bbox 1775 2995 1921 3058; x_wconf 82' lang='lat' dir='ltr'>ejus,</span> <span class='ocrx_word' id='word_1_676' title='bbox 1946 2993 2007 3044; x_wconf 91' lang='lat' dir='ltr'>in</span> <span class='ocrx_word' id='word_1_677' title='bbox 2031 3005 2202 3056; x_wconf 90' lang='lat' dir='ltr'>quem</span> <span class='ocrx_word' id='word_1_678' title='bbox 2220 2993 2377 3044; x_wconf 83' lang='lat' dir='ltr'>illata</span> <span class='ocrx_word' id='word_1_679' title='bbox 2393 2993 2517 3056; x_wconf 87' lang='lat' dir='ltr'>jam</span> <span class='ocrx_word' id='word_1_680' title='bbox 2539 2998 2662 3044; x_wconf 87' lang='lat' dir='ltr'>erat</span> <span class='ocrx_word' id='word_1_681' title='bbox 2685 2994 2812 3046; x_wconf 86' lang='lat' dir='ltr'>hac</span> <span class='ocrx_word' id='word_1_682' title='bbox 2824 2995 2950 3057; x_wconf 78' lang='lat' dir='ltr'>ﬁdei</span> <span class='ocrx_word' id='word_1_683' title='bbox 2963 2995 3222 3059; x_wconf 76' lang='lat' dir='ltr'>professio</span> <span class='ocrx_word' id='word_1_684' title='bbox 3238 3009 3371 3047; x_wconf 86' lang='lat' dir='ltr'>cum</span> 
     </span>
    </p>
   </div>
   <div class='ocr_carea' id='block_1_97' title="bbox 1776 3064 3373 3130">
    <p class='ocr_par' dir='ltr' id='par_1_97' title="bbox 1776 3064 3373 3130">
     <span class='ocr_line' id='line_1_98' title="bbox 1776 3064 3373 3130; baseline 0.003 -16"><span class='ocrx_word' id='word_1_685' title='bbox 1776 3064 2059 3115; x_wconf 88' lang='lat' dir='ltr'>sermonis</span> <span class='ocrx_word' id='word_1_686' title='bbox 2093 3064 2346 3116; x_wconf 87' lang='lat' dir='ltr'>exordio.</span> <span class='ocrx_word' id='word_1_687' title='bbox 2381 3065 2747 3116; x_wconf 82' lang='lat' dir='ltr'>Guillelmum</span> <span class='ocrx_word' id='word_1_688' title='bbox 2770 3070 2990 3130; x_wconf 89' lang='lat' dir='ltr'>postea,</span> <span class='ocrx_word' id='word_1_689' title='bbox 3015 3066 3205 3130; x_wconf 88' lang='lat' dir='ltr'>inquit</span> <span class='ocrx_word' id='word_1_690' title='bbox 3223 3068 3373 3118; x_wconf 88' lang='lat' dir='ltr'>Lau-</span> 
     </span>
    </p>
   </div>
   <div class='ocr_carea' id='block_1_98' title="bbox 1774 3134 3370 3200">
    <p class='ocr_par' dir='ltr' id='par_1_98' title="bbox 1774 3134 3370 3200">
     <span class='ocr_line' id='line_1_99' title="bbox 1774 3134 3370 3200; baseline 0.001 -15"><span class='ocrx_word' id='word_1_691' title='bbox 1774 3135 1962 3196; x_wconf 90' lang='lat' dir='ltr'>noius,</span> <span class='ocrx_word' id='word_1_692' title='bbox 1989 3138 2341 3198; x_wconf 86' lang='lat' dir='ltr'>exceperunt</span> <span class='ocrx_word' id='word_1_693' title='bbox 2361 3134 2476 3198; x_wconf 90' lang='lat' dir='ltr'>alii,</span> <span class='ocrx_word' id='word_1_694' title='bbox 2504 3135 2600 3198; x_wconf 90' lang='lat' dir='ltr'>qui</span> <span class='ocrx_word' id='word_1_695' title='bbox 2623 3135 2750 3186; x_wconf 89' lang='lat' dir='ltr'>aliis</span> <span class='ocrx_word' id='word_1_696' title='bbox 2760 3137 2936 3187; x_wconf 89' lang='lat' dir='ltr'>rebus</span> <span class='ocrx_word' id='word_1_697' title='bbox 2959 3149 3092 3188; x_wconf 90' lang='lat' dir='ltr'>cum</span> <span class='ocrx_word' id='word_1_698' title='bbox 3117 3146 3370 3200; x_wconf 79' lang='lat' dir='ltr'>vacarent,</span> 
     </span>
    </p>
   </div>
   <div class='ocr_carea' id='block_1_99' title="bbox 1771 3205 3372 3272">
    <p class='ocr_par' dir='ltr' id='par_1_99' title="bbox 1771 3205 3372 3272">
     <span class='ocr_line' id='line_1_100' title="bbox 1771 3205 3372 3272; baseline 0.002 -16"><span class='ocrx_word' id='word_1_699' title='bbox 1771 3207 1831 3257; x_wconf 89' lang='lat' dir='ltr'>in</span> <span class='ocrx_word' id='word_1_700' title='bbox 1853 3205 2159 3257; x_wconf 88' lang='lat' dir='ltr'>mandatos</span> <span class='ocrx_word' id='word_1_701' title='bbox 2190 3205 2340 3269; x_wconf 90' lang='lat' dir='ltr'>typis</span> <span class='ocrx_word' id='word_1_702' title='bbox 2364 3205 2675 3269; x_wconf 85' lang='lat' dir='ltr'>Augustini</span> <span class='ocrx_word' id='word_1_703' title='bbox 2693 3218 2991 3258; x_wconf 88' lang='lat' dir='ltr'>sermones</span> <span class='ocrx_word' id='word_1_704' title='bbox 3008 3208 3372 3272; x_wconf 86' lang='lat' dir='ltr'>noninquisi-</span> 
     </span>
    </p>
   </div>
   <div class='ocr_carea' id='block_1_100' title="bbox 1771 3276 3376 3342">
    <p class='ocr_par' dir='ltr' id='par_1_100' title="bbox 1771 3276 3376 3342">
     <span class='ocr_line' id='line_1_101' title="bbox 1771 3276 3376 3342; baseline 0.002 -14"><span class='ocrx_word' id='word_1_705' title='bbox 1771 3281 1994 3338; x_wconf 89' lang='lat' dir='ltr'>verunt,</span> <span class='ocrx_word' id='word_1_706' title='bbox 2027 3276 2128 3327; x_wconf 91' lang='lat' dir='ltr'>sed</span> <span class='ocrx_word' id='word_1_707' title='bbox 2153 3277 2332 3327; x_wconf 90' lang='lat' dir='ltr'>misso</span> <span class='ocrx_word' id='word_1_708' title='bbox 2363 3281 2558 3340; x_wconf 84' lang='lat' dir='ltr'>potius</span> <span class='ocrx_word' id='word_1_709' title='bbox 2573 3278 2633 3327; x_wconf 91' lang='lat' dir='ltr'>in</span> <span class='ocrx_word' id='word_1_710' title='bbox 2655 3277 3060 3342; x_wconf 86' lang='lat' dir='ltr'>compendium</span> <span class='ocrx_word' id='word_1_711' title='bbox 3085 3280 3277 3330; x_wconf 91' lang='lat' dir='ltr'>studio</span> <span class='ocrx_word' id='word_1_712' title='bbox 3290 3279 3376 3331; x_wconf 88' lang='lat' dir='ltr'>in-</span> 
     </span>
    </p>
   </div>
   <div class='ocr_carea' id='block_1_101' title="bbox 1773 3347 3376 3412">
    <p class='ocr_par' dir='ltr' id='par_1_101' title="bbox 1773 3347 3376 3412">
     <span class='ocr_line' id='line_1_102' title="bbox 1773 3347 3376 3412; baseline 0.001 -14"><span class='ocrx_word' id='word_1_713' title='bbox 1773 3348 1998 3399; x_wconf 88' lang='lat' dir='ltr'>dicibus</span> <span class='ocrx_word' id='word_1_714' title='bbox 2022 3347 2279 3399; x_wconf 89' lang='lat' dir='ltr'>contenti</span> <span class='ocrx_word' id='word_1_715' title='bbox 2291 3347 2347 3398; x_wconf 92' lang='lat' dir='ltr'>id</span> <span class='ocrx_word' id='word_1_716' title='bbox 2369 3348 2731 3412; x_wconf 89' lang='lat' dir='ltr'>arripuerunt</span> <span class='ocrx_word' id='word_1_717' title='bbox 2753 3349 2908 3412; x_wconf 89' lang='lat' dir='ltr'>quod</span> <span class='ocrx_word' id='word_1_718' title='bbox 2923 3360 3118 3402; x_wconf 86' lang='lat' dir='ltr'>causa</span> <span class='ocrx_word' id='word_1_719' title='bbox 3127 3353 3186 3402; x_wconf 90' lang='lat' dir='ltr'>et</span> <span class='ocrx_word' id='word_1_720' title='bbox 3203 3356 3376 3400; x_wconf 79' lang='lat' dir='ltr'>tracta-</span> 
     </span>
    </p>
   </div>
   <div class='ocr_carea' id='block_1_102' title="bbox 1775 3417 3371 3486">
    <p class='ocr_par' dir='ltr' id='par_1_102' title="bbox 1775 3417 3371 3486">
     <span class='ocr_line' id='line_1_103' title="bbox 1775 3417 3371 3486; baseline 0.003 -17"><span class='ocrx_word' id='word_1_721' title='bbox 1775 3420 1928 3470; x_wconf 91' lang='lat' dir='ltr'>tibus</span> <span class='ocrx_word' id='word_1_722' title='bbox 1973 3417 2366 3484; x_wconf 87' lang='lat' dir='ltr'>opitularetur.</span> <span class='ocrx_word' id='word_1_723' title='bbox 2413 3420 2496 3469; x_wconf 89' lang='lat' dir='ltr'>Ac</span> <span class='ocrx_word' id='word_1_724' title='bbox 2552 3419 2646 3469; x_wconf 89' lang='lat' dir='ltr'>hic</span> <span class='ocrx_word' id='word_1_725' title='bbox 2689 3417 2859 3471; x_wconf 89' lang='lat' dir='ltr'>liceat</span> <span class='ocrx_word' id='word_1_726' title='bbox 2891 3421 3065 3471; x_wconf 88' lang='lat' dir='ltr'>etiam</span> <span class='ocrx_word' id='word_1_727' title='bbox 3109 3420 3371 3486; x_wconf 87' lang='lat' dir='ltr'>ejusdem</span> 
     </span>
    </p>
   </div>
   <div class='ocr_carea' id='block_1_103' title="bbox 1773 3489 3371 3554">
    <p class='ocr_par' dir='ltr' id='par_1_103' title="bbox 1773 3489 3371 3554">
     <span class='ocr_line' id='line_1_104' title="bbox 1773 3489 3371 3554; baseline 0.001 -10"><span class='ocrx_word' id='word_1_728' title='bbox 1773 3491 2012 3544; x_wconf 89' lang='lat' dir='ltr'>Launoii</span> <span class='ocrx_word' id='word_1_729' title='bbox 2057 3491 2287 3542; x_wconf 89' lang='lat' dir='ltr'>brevem</span> <span class='ocrx_word' id='word_1_730' title='bbox 2311 3489 2778 3554; x_wconf 88' lang='lat' dir='ltr'>disputationem,</span> <span class='ocrx_word' id='word_1_731' title='bbox 2806 3503 2923 3554; x_wconf 89' lang='lat' dir='ltr'>qua</span> <span class='ocrx_word' id='word_1_732' title='bbox 2942 3491 3034 3542; x_wconf 90' lang='lat' dir='ltr'>via</span> <span class='ocrx_word' id='word_1_733' title='bbox 3055 3503 3123 3544; x_wconf 87' lang='lat' dir='ltr'>ac</span> <span class='ocrx_word' id='word_1_734' title='bbox 3150 3493 3371 3546; x_wconf 87' lang='lat' dir='ltr'>ratione</span> 
     </span>
    </p>
   </div>
   <div class='ocr_carea' id='block_1_104' title="bbox 1774 3561 3375 3627">
    <p class='ocr_par' dir='ltr' id='par_1_104' title="bbox 1774 3561 3375 3627">
     <span class='ocr_line' id='line_1_105' title="bbox 1774 3561 3375 3627; baseline 0 -13"><span class='ocrx_word' id='word_1_735' title='bbox 1774 3563 1989 3614; x_wconf 83' lang='lat' dir='ltr'>factum</span> <span class='ocrx_word' id='word_1_736' title='bbox 2015 3562 2108 3625; x_wconf 91' lang='lat' dir='ltr'>sit,</span> <span class='ocrx_word' id='word_1_737' title='bbox 2134 3566 2199 3613; x_wconf 89' lang='lat' dir='ltr'>ut</span> <span class='ocrx_word' id='word_1_738' title='bbox 2226 3561 2340 3613; x_wconf 89' lang='lat' dir='ltr'>ista</span> <span class='ocrx_word' id='word_1_739' title='bbox 2353 3561 2486 3613; x_wconf 84' lang='lat' dir='ltr'>ildei</span> <span class='ocrx_word' id='word_1_740' title='bbox 2505 3561 2786 3626; x_wconf 84' lang='lat' dir='ltr'>professio</span> <span class='ocrx_word' id='word_1_741' title='bbox 2807 3563 3054 3627; x_wconf 88' lang='lat' dir='ltr'>utrique,</span> <span class='ocrx_word' id='word_1_742' title='bbox 3072 3566 3375 3627; x_wconf 81' lang='lat' dir='ltr'>Hieronymo</span> 
     </span>
    </p>
   </div>
   <div class='ocr_carea' id='block_1_105' title="bbox 1773 3632 3376 3700">
    <p class='ocr_par' dir='ltr' id='par_1_105' title="bbox 1773 3632 3376 3700">
     <span class='ocr_line' id='line_1_106' title="bbox 1773 3632 3376 3700; baseline 0.001 -14"><span class='ocrx_word' id='word_1_743' title='bbox 1773 3639 1832 3686; x_wconf 90' lang='lat' dir='ltr'>et</span> <span class='ocrx_word' id='word_1_744' title='bbox 1858 3634 2204 3698; x_wconf 88' lang='lat' dir='ltr'>Augustino,</span> <span class='ocrx_word' id='word_1_745' title='bbox 2233 3633 2697 3696; x_wconf 75' lang='lat' dir='ltr'>subjectafuerit,</span> <span class='ocrx_word' id='word_1_746' title='bbox 2715 3632 2986 3686; x_wconf 88' lang='lat' dir='ltr'>inserere.</span> <span class='ocrx_word' id='word_1_747' title='bbox 3002 3635 3234 3687; x_wconf 86' lang='lat' dir='ltr'>Fatetur</span> <span class='ocrx_word' id='word_1_748' title='bbox 3245 3637 3376 3700; x_wconf 83' lang='lat' dir='ltr'>qui-</span> 
     </span>
    </p>
   </div>
   <div class='ocr_carea' id='block_1_106' title="bbox 1774 3703 3380 3771">
    <p class='ocr_par' dir='ltr' id='par_1_106' title="bbox 1774 3703 3380 3771">
     <span class='ocr_line' id='line_1_107' title="bbox 1774 3703 3380 3771; baseline 0 -13"><span class='ocrx_word' id='word_1_749' title='bbox 1774 3706 1908 3758; x_wconf 89' lang='lat' dir='ltr'>dem</span> <span class='ocrx_word' id='word_1_750' title='bbox 1922 3705 2070 3756; x_wconf 87' lang='lat' dir='ltr'>scitu</span> <span class='ocrx_word' id='word_1_751' title='bbox 2087 3703 2484 3756; x_wconf 75' lang='lat' dir='ltr'>difﬁcillimum</span> <span class='ocrx_word' id='word_1_752' title='bbox 2497 3716 2628 3757; x_wconf 90' lang='lat' dir='ltr'>esse</span> <span class='ocrx_word' id='word_1_753' title='bbox 2643 3709 2702 3756; x_wconf 91' lang='lat' dir='ltr'>et</span> <span class='ocrx_word' id='word_1_754' title='bbox 2712 3705 3176 3771; x_wconf 86' lang='lat' dir='ltr'>uniuscujusque</span> <span class='ocrx_word' id='word_1_755' title='bbox 3186 3710 3380 3768; x_wconf 85' lang='lat' dir='ltr'>conjec-</span> 
     </span>
    </p>
   </div>
   <div class='ocr_carea' id='block_1_107' title="bbox 1775 3775 3378 3840">
    <p class='ocr_par' dir='ltr' id='par_1_107' title="bbox 1775 3775 3378 3840">
     <span class='ocr_line' id='line_1_108' title="bbox 1775 3775 3378 3840; baseline 0.002 -13"><span class='ocrx_word' id='word_1_756' title='bbox 1775 3781 1920 3827; x_wconf 83' lang='lat' dir='ltr'>turis</span> <span class='ocrx_word' id='word_1_757' title='bbox 1955 3777 2208 3840; x_wconf 87' lang='lat' dir='ltr'>permitti</span> <span class='ocrx_word' id='word_1_758' title='bbox 2230 3775 2454 3827; x_wconf 88' lang='lat' dir='ltr'>debere.</span> <span class='ocrx_word' id='word_1_759' title='bbox 2483 3791 2506 3821; x_wconf 75' lang='grc' dir='ltr'><strong>α</strong></span> <span class='ocrx_word' id='word_1_760' title='bbox 2531 3777 2637 3826; x_wconf 84' lang='lat' dir='ltr'>Ha</span> <span class='ocrx_word' id='word_1_761' title='bbox 2675 3781 2890 3838; x_wconf 88' lang='lat' dir='ltr'>autem,</span> <span class='ocrx_word' id='word_1_762' title='bbox 2919 3777 3132 3840; x_wconf 89' lang='lat' dir='ltr'>inquit,</span> <span class='ocrx_word' id='word_1_763' title='bbox 3157 3777 3218 3828; x_wconf 89' lang='lat' dir='ltr'>in</span> <span class='ocrx_word' id='word_1_764' title='bbox 3241 3779 3378 3830; x_wconf 88' lang='lat' dir='ltr'>Hie-</span> 
     </span>
    </p>
   </div>
   <div class='ocr_carea' id='block_1_108' title="bbox 1775 3845 3372 3912">
    <p class='ocr_par' dir='ltr' id='par_1_108' title="bbox 1775 3845 3372 3912">
     <span class='ocr_line' id='line_1_109' title="bbox 1775 3845 3372 3912; baseline 0.001 -14"><span class='ocrx_word' id='word_1_765' title='bbox 1775 3859 2014 3912; x_wconf 91' lang='lat' dir='ltr'>ronymo</span> <span class='ocrx_word' id='word_1_766' title='bbox 2039 3858 2214 3909; x_wconf 89' lang='lat' dir='ltr'>quam</span> <span class='ocrx_word' id='word_1_767' title='bbox 2245 3845 2306 3896; x_wconf 92' lang='lat' dir='ltr'>in</span> <span class='ocrx_word' id='word_1_768' title='bbox 2327 3846 2656 3909; x_wconf 87' lang='lat' dir='ltr'>Augustino</span> <span class='ocrx_word' id='word_1_769' title='bbox 2678 3847 3062 3910; x_wconf 87' lang='lat' dir='ltr'>expeditiores</span> <span class='ocrx_word' id='word_1_770' title='bbox 3090 3847 3372 3902; x_wconf 86' lang='lat' dir='ltr'>videntur.</span> 
     </span>
    </p>
   </div>
   <div class='ocr_carea' id='block_1_109' title="bbox 1775 3917 3374 3982">
    <p class='ocr_par' dir='ltr' id='par_1_109' title="bbox 1775 3917 3374 3982">
     <span class='ocr_line' id='line_1_110' title="bbox 1775 3917 3374 3982; baseline 0.002 -14"><span class='ocrx_word' id='word_1_771' title='bbox 1775 3918 1922 3969; x_wconf 78' lang='lat' dir='ltr'>Medi</span> <span class='ocrx_word' id='word_1_772' title='bbox 1949 3921 2267 3982; x_wconf 90' lang='lat' dir='ltr'>suppetunt</span> <span class='ocrx_word' id='word_1_773' title='bbox 2288 3929 2529 3968; x_wconf 88' lang='lat' dir='ltr'>numero</span> <span class='ocrx_word' id='word_1_774' title='bbox 2543 3921 2676 3968; x_wconf 91' lang='lat' dir='ltr'>tres.</span> <span class='ocrx_word' id='word_1_775' title='bbox 2693 3917 2965 3976; x_wconf 86' lang='lat' dir='ltr'>Primum,</span> <span class='ocrx_word' id='word_1_776' title='bbox 2981 3918 3030 3968; x_wconf 89' lang='lat' dir='ltr'>si</span> <span class='ocrx_word' id='word_1_777' title='bbox 3043 3922 3270 3982; x_wconf 87' lang='lat' dir='ltr'>reperta</span> <span class='ocrx_word' id='word_1_778' title='bbox 3283 3925 3374 3971; x_wconf 90' lang='lat' dir='ltr'>est</span> 
     </span>
    </p>
   </div>
   <div class='ocr_carea' id='block_1_110' title="bbox 1776 3986 3372 4055">
    <p class='ocr_par' dir='ltr' id='par_1_110' title="bbox 1776 3986 3372 4055">
     <span class='ocr_line' id='line_1_111' title="bbox 1776 3986 3372 4055; baseline -0.001 -14"><span class='ocrx_word' id='word_1_779' title='bbox 1776 3986 2060 4049; x_wconf 81' lang='grc' dir='ltr'>ἀδέσποτος,</span> <span class='ocrx_word' id='word_1_780' title='bbox 2089 3992 2227 4038; x_wconf 92' lang='lat' dir='ltr'>tunc</span> <span class='ocrx_word' id='word_1_781' title='bbox 2242 3987 2506 4039; x_wconf 88' lang='lat' dir='ltr'>librarius</span> <span class='ocrx_word' id='word_1_782' title='bbox 2531 3987 2868 4039; x_wconf 87' lang='lat' dir='ltr'>eruditionis</span> <span class='ocrx_word' id='word_1_783' title='bbox 2885 3987 3240 4055; x_wconf 89' lang='lat' dir='ltr'>nonnullius,</span> <span class='ocrx_word' id='word_1_784' title='bbox 3257 4005 3372 4040; x_wconf 87' lang='lat' dir='ltr'>cum</span> 
     </span>
    </p>
   </div>
   <div class='ocr_carea' id='block_1_111' title="bbox 1774 4059 3375 4123">
    <p class='ocr_par' dir='ltr' id='par_1_111' title="bbox 1774 4059 3375 4123">
     <span class='ocr_line' id='line_1_112' title="bbox 1774 4059 3375 4123; baseline -0.001 -11"><span class='ocrx_word' id='word_1_785' title='bbox 1774 4061 1834 4112; x_wconf 90' lang='lat' dir='ltr'>in</span> <span class='ocrx_word' id='word_1_786' title='bbox 1858 4072 1927 4112; x_wconf 87' lang='lat' dir='ltr'>ea</span> <span class='ocrx_word' id='word_1_787' title='bbox 1946 4059 2230 4111; x_wconf 86' lang='lat' dir='ltr'>Joviniani</span> <span class='ocrx_word' id='word_1_788' title='bbox 2253 4071 2493 4122; x_wconf 88' lang='lat' dir='ltr'>errores,</span> <span class='ocrx_word' id='word_1_789' title='bbox 2507 4071 2653 4123; x_wconf 91' lang='lat' dir='ltr'>quos</span> <span class='ocrx_word' id='word_1_790' title='bbox 2665 4060 3051 4122; x_wconf 86' lang='lat' dir='ltr'>Hieronymus</span> <span class='ocrx_word' id='word_1_791' title='bbox 3077 4063 3375 4110; x_wconf 80' lang='lat' dir='ltr'>confutave-</span> 
     </span>
    </p>
   </div>
   <div class='ocr_carea' id='block_1_112' title="bbox 1775 4130 3372 4196">
    <p class='ocr_par' dir='ltr' id='par_1_112' title="bbox 1775 4130 3372 4196">
     <span class='ocr_line' id='line_1_113' title="bbox 1775 4130 3372 4196; baseline 0.001 -13"><span class='ocrx_word' id='word_1_792' title='bbox 1775 4136 1880 4196; x_wconf 91' lang='lat' dir='ltr'>rat,</span> <span class='ocrx_word' id='word_1_793' title='bbox 1906 4131 2186 4193; x_wconf 90' lang='lat' dir='ltr'>damnari,</span> <span class='ocrx_word' id='word_1_794' title='bbox 2209 4134 2335 4182; x_wconf 87' lang='lat' dir='ltr'>tum</span> <span class='ocrx_word' id='word_1_795' title='bbox 2361 4130 2728 4194; x_wconf 89' lang='lat' dir='ltr'>scriptionem</span> <span class='ocrx_word' id='word_1_796' title='bbox 2752 4130 3018 4182; x_wconf 86' lang='lat' dir='ltr'>idoneam</span> <span class='ocrx_word' id='word_1_797' title='bbox 3041 4143 3192 4195; x_wconf 86' lang='lat' dir='ltr'>esse,</span> <span class='ocrx_word' id='word_1_798' title='bbox 3215 4143 3372 4185; x_wconf 85' lang='lat' dir='ltr'>eam-</span> 
     </span>
    </p>
   </div>
   <div class='ocr_carea' id='block_1_113' title="bbox 1775 4202 3373 4266">
    <p class='ocr_par' dir='ltr' id='par_1_113' title="bbox 1775 4202 3373 4266">
     <span class='ocr_line' id='line_1_114' title="bbox 1775 4202 3373 4266; baseline 0.001 -13"><span class='ocrx_word' id='word_1_799' title='bbox 1775 4216 1886 4266; x_wconf 87' lang='lat' dir='ltr'>que</span> <span class='ocrx_word' id='word_1_800' title='bbox 1913 4202 2244 4266; x_wconf 88' lang='lat' dir='ltr'>Hieronymi</span> <span class='ocrx_word' id='word_1_801' title='bbox 2275 4203 2504 4265; x_wconf 89' lang='lat' dir='ltr'>placitis</span> <span class='ocrx_word' id='word_1_802' title='bbox 2527 4202 2852 4252; x_wconf 89' lang='lat' dir='ltr'>consentire</span> <span class='ocrx_word' id='word_1_803' title='bbox 2874 4203 3240 4266; x_wconf 88' lang='lat' dir='ltr'>perspiceret,</span> <span class='ocrx_word' id='word_1_804' title='bbox 3265 4203 3373 4255; x_wconf 89' lang='lat' dir='ltr'>hoc</span> 
     </span>
    </p>
   </div>
   <div class='ocr_carea' id='block_1_114' title="bbox 1775 4272 3373 4340">
    <p class='ocr_par' dir='ltr' id='par_1_114' title="bbox 1775 4272 3373 4340">
     <span class='ocr_line' id='line_1_115' title="bbox 1775 4272 3373 4340; baseline 0.001 -14"><span class='ocrx_word' id='word_1_805' title='bbox 1775 4287 1920 4340; x_wconf 89' lang='lat' dir='ltr'>opus</span> <span class='ocrx_word' id='word_1_806' title='bbox 1944 4273 2024 4324; x_wconf 90' lang='lat' dir='ltr'>illi</span> <span class='ocrx_word' id='word_1_807' title='bbox 2047 4275 2294 4325; x_wconf 88' lang='lat' dir='ltr'>tribuere</span> <span class='ocrx_word' id='word_1_808' title='bbox 2316 4286 2433 4324; x_wconf 88' lang='lat' dir='ltr'>non</span> <span class='ocrx_word' id='word_1_809' title='bbox 2459 4272 2762 4325; x_wconf 89' lang='lat' dir='ltr'>dubitavit.</span> <span class='ocrx_word' id='word_1_810' title='bbox 2780 4272 3017 4338; x_wconf 89' lang='lat' dir='ltr'>Deinde,</span> <span class='ocrx_word' id='word_1_811' title='bbox 3033 4274 3082 4324; x_wconf 89' lang='lat' dir='ltr'>si</span> <span class='ocrx_word' id='word_1_812' title='bbox 3095 4276 3373 4339; x_wconf 89' lang='lat' dir='ltr'>professio</span> 
     </span>
    </p>
   </div>
   <div class='ocr_carea' id='block_1_115' title="bbox 1775 4343 3367 4409">
    <p class='ocr_par' dir='ltr' id='par_1_115' title="bbox 1775 4343 3367 4409">
     <span class='ocr_line' id='line_1_116' title="bbox 1775 4343 3367 4409; baseline 0.001 -12"><span class='ocrx_word' id='word_1_813' title='bbox 1775 4359 1908 4397; x_wconf 89' lang='lat' dir='ltr'>cum</span> <span class='ocrx_word' id='word_1_814' title='bbox 1934 4346 2142 4409; x_wconf 88' lang='lat' dir='ltr'>Pelagii</span> <span class='ocrx_word' id='word_1_815' title='bbox 2168 4343 2336 4396; x_wconf 91' lang='lat' dir='ltr'>titulo</span> <span class='ocrx_word' id='word_1_816' title='bbox 2357 4350 2416 4396; x_wconf 90' lang='lat' dir='ltr'>et</span> <span class='ocrx_word' id='word_1_817' title='bbox 2439 4344 2819 4408; x_wconf 89' lang='lat' dir='ltr'>inscrlptione</span> <span class='ocrx_word' id='word_1_818' title='bbox 2842 4343 3073 4397; x_wconf 89' lang='lat' dir='ltr'>inventa</span> <span class='ocrx_word' id='word_1_819' title='bbox 3095 4351 3202 4407; x_wconf 91' lang='lat' dir='ltr'>est,</span> <span class='ocrx_word' id='word_1_820' title='bbox 3229 4351 3367 4398; x_wconf 89' lang='lat' dir='ltr'>tunc</span> 
     </span>
    </p>
   </div>
   <div class='ocr_carea' id='block_1_116' title="bbox 1771 4415 3372 4481">
    <p class='ocr_par' dir='ltr' id='par_1_116' title="bbox 1771 4415 3372 4481">
     <span class='ocr_line' id='line_1_117' title="bbox 1771 4415 3372 4481; baseline -0.001 -13"><span class='ocrx_word' id='word_1_821' title='bbox 1771 4417 2038 4470; x_wconf 87' lang='lat' dir='ltr'>librarius</span> <span class='ocrx_word' id='word_1_822' title='bbox 2061 4417 2286 4481; x_wconf 86' lang='lat' dir='ltr'>pietatis</span> <span class='ocrx_word' id='word_1_823' title='bbox 2296 4417 2632 4468; x_wconf 88' lang='lat' dir='ltr'>nonnullius</span> <span class='ocrx_word' id='word_1_824' title='bbox 2647 4415 2995 4478; x_wconf 84' lang='lat' dir='ltr'>doluit,eam,</span> <span class='ocrx_word' id='word_1_825' title='bbox 3012 4429 3144 4479; x_wconf 85' lang='lat' dir='ltr'>qua</span> <span class='ocrx_word' id='word_1_826' title='bbox 3159 4418 3268 4469; x_wconf 89' lang='lat' dir='ltr'>sibi</span> <span class='ocrx_word' id='word_1_827' title='bbox 3288 4421 3372 4467; x_wconf 88' lang='lat' dir='ltr'>vi-</span> 
     </span>
    </p>
   </div>
   <div class='ocr_carea' id='block_1_117' title="bbox 1774 4487 3372 4554">
    <p class='ocr_par' dir='ltr' id='par_1_117' title="bbox 1774 4487 3372 4554">
     <span class='ocr_line' id='line_1_118' title="bbox 1774 4487 3372 4554; baseline 0 -12"><span class='ocrx_word' id='word_1_828' title='bbox 1774 4491 2016 4542; x_wconf 89' lang='lat' dir='ltr'>debatur</span> <span class='ocrx_word' id='word_1_829' title='bbox 2038 4491 2271 4554; x_wconf 84' lang='lat' dir='ltr'>optima,</span> <span class='ocrx_word' id='word_1_830' title='bbox 2306 4487 2517 4552; x_wconf 86' lang='lat' dir='ltr'>Pelagii</span> <span class='ocrx_word' id='word_1_831' title='bbox 2539 4499 2752 4539; x_wconf 89' lang='lat' dir='ltr'>nomen</span> <span class='ocrx_word' id='word_1_832' title='bbox 2786 4499 2904 4552; x_wconf 83' lang='lat' dir='ltr'>pra</span> <span class='ocrx_word' id='word_1_833' title='bbox 2948 4499 3011 4540; x_wconf 84' lang='lat' dir='ltr'>se</span> <span class='ocrx_word' id='word_1_834' title='bbox 3033 4489 3196 4554; x_wconf 88' lang='lat' dir='ltr'>ferre,</span> <span class='ocrx_word' id='word_1_835' title='bbox 3221 4489 3372 4542; x_wconf 89' lang='lat' dir='ltr'>odio-</span> 
     </span>
    </p>
   </div>
   <div class='ocr_carea' id='block_1_118' title="bbox 1779 4557 3372 4623">
    <p class='ocr_par' dir='ltr' id='par_1_118' title="bbox 1779 4557 3372 4623">
     <span class='ocr_line' id='line_1_119' title="bbox 1779 4557 3372 4623; baseline -0.001 -12"><span class='ocrx_word' id='word_1_836' title='bbox 1779 4574 1910 4612; x_wconf 91' lang='lat' dir='ltr'>sum</span> <span class='ocrx_word' id='word_1_837' title='bbox 1934 4573 2147 4611; x_wconf 89' lang='lat' dir='ltr'>nomen</span> <span class='ocrx_word' id='word_1_838' title='bbox 2175 4557 2414 4610; x_wconf 90' lang='lat' dir='ltr'>sustulit</span> <span class='ocrx_word' id='word_1_839' title='bbox 2433 4563 2492 4610; x_wconf 87' lang='lat' dir='ltr'>et</span> <span class='ocrx_word' id='word_1_840' title='bbox 2512 4557 2829 4623; x_wconf 85' lang='lat' dir='ltr'>gloriosum</span> <span class='ocrx_word' id='word_1_841' title='bbox 2851 4557 3008 4610; x_wconf 89' lang='lat' dir='ltr'>aliud</span> <span class='ocrx_word' id='word_1_842' title='bbox 3019 4563 3302 4610; x_wconf 81' lang='lat' dir='ltr'>memoratis</span> <span class='ocrx_word' id='word_1_843' title='bbox 3313 4563 3372 4610; x_wconf 84' lang='lat' dir='ltr'>de</span> 
     </span>
    </p>
   </div>
   <div class='ocr_carea' id='block_1_119' title="bbox 1780 4629 3375 4694">
    <p class='ocr_par' dir='ltr' id='par_1_119' title="bbox 1780 4629 3375 4694">
     <span class='ocr_line' id='line_1_120' title="bbox 1780 4629 3375 4694; baseline 0 -10"><span class='ocrx_word' id='word_1_844' title='bbox 1780 4633 1974 4684; x_wconf 89' lang='lat' dir='ltr'>causis</span> <span class='ocrx_word' id='word_1_845' title='bbox 2043 4631 2363 4682; x_wconf 87' lang='lat' dir='ltr'>substituit.</span> <span class='ocrx_word' id='word_1_846' title='bbox 2425 4632 2572 4681; x_wconf 89' lang='lat' dir='ltr'>Tum</span> <span class='ocrx_word' id='word_1_847' title='bbox 2639 4629 2906 4694; x_wconf 85' lang='lat' dir='ltr'>denique,</span> <span class='ocrx_word' id='word_1_848' title='bbox 2978 4632 3026 4682; x_wconf 88' lang='lat' dir='ltr'>si</span> <span class='ocrx_word' id='word_1_849' title='bbox 3089 4631 3375 4685; x_wconf 82' lang='lat' dir='ltr'>confessio</span> 
     </span>
    </p>
   </div>
   <div class='ocr_carea' id='block_1_120' title="bbox 97 4677 3376 4776">
    <p class='ocr_par' dir='ltr' id='par_1_120' title="bbox 97 4677 3376 4776">
     <span class='ocr_line' id='line_1_121' title="bbox 97 4677 3376 4776; baseline -0.003 -12"><span class='ocrx_word' id='word_1_850' title='bbox 97 4677 660 4776; x_wconf 54' lang='lat' dir='ltr'>accedit</span> <span class='ocrx_word' id='word_1_851' title='bbox 673 4705 845 4776; x_wconf 84' lang='lat' dir='ltr'>etiam</span> <span class='ocrx_word' id='word_1_852' title='bbox 869 4677 1180 4754; x_wconf 54' lang='lat' dir='ltr'>aucloritas</span> <span class='ocrx_word' id='word_1_853' title='bbox 1203 4702 1415 4776; x_wconf 81' lang='lat' dir='ltr'>codicis</span> <span class='ocrx_word' id='word_1_854' title='bbox 1438 4677 1550 4756; x_wconf 59' lang='lat' dir='ltr'>nis.</span> <span class='ocrx_word' id='word_1_855' title='bbox 1574 4677 1676 4760; x_wconf 51' lang='lat' dir='ltr'>ci:-</span> <span class='ocrx_word' id='word_1_856' title='bbox 1695 4677 1754 4751; x_wconf 85' lang='lat' dir='ltr'>D</span> <span class='ocrx_word' id='word_1_857' title='bbox 1780 4701 2106 4776; x_wconf 71' lang='grc' dir='ltr'>ἀνεπίγραφος</span> <span class='ocrx_word' id='word_1_858' title='bbox 2123 4702 2280 4754; x_wconf 88' lang='lat' dir='ltr'>illata</span> <span class='ocrx_word' id='word_1_859' title='bbox 2320 4706 2415 4776; x_wconf 79' lang='lat' dir='ltr'>est</span> <span class='ocrx_word' id='word_1_860' title='bbox 2463 4701 2662 4764; x_wconf 91' lang='lat' dir='ltr'>codici,</span> <span class='ocrx_word' id='word_1_861' title='bbox 2677 4701 2768 4776; x_wconf 41' lang='lat' dir='ltr'>“in</span> <span class='ocrx_word' id='word_1_862' title='bbox 2795 4677 2922 4776; x_wconf 28' lang='lat' dir='ltr'>lquo</span> <span class='ocrx_word' id='word_1_863' title='bbox 2957 4707 3170 4776; x_wconf 74' lang='lat' dir='ltr'>cateia</span> <span class='ocrx_word' id='word_1_864' title='bbox 3205 4715 3376 4768; x_wconf 88' lang='lat' dir='ltr'>opera</span> 
     </span>
    </p>
   </div>
   <div class='ocr_carea' id='block_1_121' title="bbox 95 4775 1677 4843">
    <p class='ocr_par' dir='ltr' id='par_1_121' title="bbox 95 4775 1677 4843">
     <span class='ocr_line' id='line_1_122' title="bbox 95 4775 1677 4843; baseline -0.002 -11"><span class='ocrx_word' id='word_1_865' title='bbox 95 4775 318 4843; x_wconf 82' lang='lat' dir='ltr'>jusdam</span> <span class='ocrx_word' id='word_1_866' title='bbox 343 4778 541 4834; x_wconf 89' lang='lat' dir='ltr'>Carolo</span> <span class='ocrx_word' id='word_1_867' title='bbox 557 4777 762 4840; x_wconf 86' lang='lat' dir='ltr'>Magno</span> <span class='ocrx_word' id='word_1_868' title='bbox 775 4775 894 4838; x_wconf 89' lang='lat' dir='ltr'>jam</span> <span class='ocrx_word' id='word_1_869' title='bbox 914 4787 1066 4838; x_wconf 86' lang='lat' dir='ltr'>rege,</span> <span class='ocrx_word' id='word_1_870' title='bbox 1091 4775 1340 4826; x_wconf 90' lang='lat' dir='ltr'>necdum</span> <span class='ocrx_word' id='word_1_871' title='bbox 1365 4779 1677 4842; x_wconf 84' lang='lat' dir='ltr'>imperatore,</span> 
     </span>
    </p>
   </div>
   <div class='ocr_carea' id='block_1_122' title="bbox 101 4846 1682 4919">
    <p class='ocr_par' dir='ltr' id='par_1_122' title="bbox 101 4846 1682 4919">
     <span class='ocr_line' id='line_1_123' title="bbox 101 4846 1682 4919; baseline -0.001 -17"><span class='ocrx_word' id='word_1_872' title='bbox 101 4855 301 4919; x_wconf 89' lang='lat' dir='ltr'>scripti,</span> <span class='ocrx_word' id='word_1_873' title='bbox 321 4864 494 4918; x_wconf 88' lang='lat' dir='ltr'>quem</span> <span class='ocrx_word' id='word_1_874' title='bbox 513 4863 550 4902; x_wconf 89' lang='lat' dir='ltr'>a</span> <span class='ocrx_word' id='word_1_875' title='bbox 563 4847 776 4900; x_wconf 84' lang='lat' dir='ltr'>Jacobo</span> <span class='ocrx_word' id='word_1_876' title='bbox 793 4846 1092 4897; x_wconf 83' lang='lat' dir='ltr'>Sirmondo</span> <span class='ocrx_word' id='word_1_877' title='bbox 1108 4846 1530 4919; x_wconf 82' lang='lat' dir='ltr'>inspiciendum</span> <span class='ocrx_word' id='word_1_878' title='bbox 1541 4865 1682 4900; x_wconf 86' lang='lat' dir='ltr'>acce—</span> 
     </span>
    </p>
   </div>
   <div class='ocr_carea' id='block_1_123' title="bbox 100 4917 1680 4987">
    <p class='ocr_par' dir='ltr' id='par_1_123' title="bbox 100 4917 1680 4987">
     <span class='ocr_line' id='line_1_124' title="bbox 100 4917 1680 4987; baseline -0.002 -12"><span class='ocrx_word' id='word_1_879' title='bbox 100 4917 250 4987; x_wconf 82' lang='lat' dir='ltr'>perat</span> <span class='ocrx_word' id='word_1_880' title='bbox 273 4917 583 4982; x_wconf 77' lang='lat' dir='ltr'>Launoius,</span> <span class='ocrx_word' id='word_1_881' title='bbox 596 4919 694 4983; x_wconf 89' lang='lat' dir='ltr'>qui</span> <span class='ocrx_word' id='word_1_882' title='bbox 711 4923 904 4969; x_wconf 89' lang='lat' dir='ltr'>tamen</span> <span class='ocrx_word' id='word_1_883' title='bbox 918 4929 1036 4968; x_wconf 90' lang='lat' dir='ltr'>non</span> <span class='ocrx_word' id='word_1_884' title='bbox 1055 4917 1128 4968; x_wconf 86' lang='lat' dir='ltr'>ad</span> <span class='ocrx_word' id='word_1_885' title='bbox 1142 4917 1295 4969; x_wconf 89' lang='lat' dir='ltr'>illam</span> <span class='ocrx_word' id='word_1_886' title='bbox 1312 4923 1542 4972; x_wconf 87' lang='lat' dir='ltr'>atatem</span> <span class='ocrx_word' id='word_1_887' title='bbox 1567 4939 1680 4972; x_wconf 89' lang='lat' dir='ltr'>eum</span> 
     </span>
    </p>
   </div>
   <div class='ocr_carea' id='block_1_124' title="bbox 101 4989 1684 5058">
    <p class='ocr_par' dir='ltr' id='par_1_124' title="bbox 101 4989 1684 5058">
     <span class='ocr_line' id='line_1_125' title="bbox 101 4989 1684 5058; baseline -0.003 -11"><span class='ocrx_word' id='word_1_888' title='bbox 101 4998 392 5058; x_wconf 89' lang='lat' dir='ltr'>pertinere,</span> <span class='ocrx_word' id='word_1_889' title='bbox 411 4995 513 5047; x_wconf 91' lang='lat' dir='ltr'>sed</span> <span class='ocrx_word' id='word_1_890' title='bbox 525 5006 560 5044; x_wconf 92' lang='lat' dir='ltr'>a</span> <span class='ocrx_word' id='word_1_891' title='bbox 574 4989 887 5044; x_wconf 89' lang='lat' dir='ltr'>recentiore</span> <span class='ocrx_word' id='word_1_892' title='bbox 902 5001 1080 5040; x_wconf 89' lang='lat' dir='ltr'>manu</span> <span class='ocrx_word' id='word_1_893' title='bbox 1097 4990 1373 5055; x_wconf 89' lang='lat' dir='ltr'>scriptum</span> <span class='ocrx_word' id='word_1_894' title='bbox 1391 4993 1684 5046; x_wconf 81' lang='lat' dir='ltr'>existima-</span> 
     </span>
    </p>
   </div>
   <div class='ocr_carea' id='block_1_125' title="bbox 102 5060 1684 5122">
    <p class='ocr_par' dir='ltr' id='par_1_125' title="bbox 102 5060 1684 5122">
     <span class='ocr_line' id='line_1_126' title="bbox 102 5060 1684 5122; baseline 0.001 -7"><span class='ocrx_word' id='word_1_895' title='bbox 102 5066 207 5120; x_wconf 89' lang='lat' dir='ltr'>bat.</span> <span class='ocrx_word' id='word_1_896' title='bbox 235 5071 300 5121; x_wconf 91' lang='lat' dir='ltr'>In</span> <span class='ocrx_word' id='word_1_897' title='bbox 323 5065 668 5122; x_wconf 88' lang='lat' dir='ltr'>Coisliniauo</span> <span class='ocrx_word' id='word_1_898' title='bbox 692 5062 863 5112; x_wconf 90' lang='lat' dir='ltr'>etiam</span> <span class='ocrx_word' id='word_1_899' title='bbox 887 5060 1066 5112; x_wconf 90' lang='lat' dir='ltr'>veteri</span> <span class='ocrx_word' id='word_1_900' title='bbox 1089 5061 1354 5114; x_wconf 88' lang='lat' dir='ltr'>ms.libro</span> <span class='ocrx_word' id='word_1_901' title='bbox 1379 5064 1461 5114; x_wconf 91' lang='lat' dir='ltr'>sic</span> <span class='ocrx_word' id='word_1_902' title='bbox 1476 5067 1684 5116; x_wconf 87' lang='lat' dir='ltr'>inscribi</span> 
     </span>
    </p>
   </div>
   <div class='ocr_carea' id='block_1_126' title="bbox 102 5131 1682 5202">
    <p class='ocr_par' dir='ltr' id='par_1_126' title="bbox 102 5131 1682 5202">
     <span class='ocr_line' id='line_1_127' title="bbox 102 5131 1682 5202; baseline -0.001 -14"><span class='ocrx_word' id='word_1_903' title='bbox 102 5144 228 5191; x_wconf 88' lang='lat' dir='ltr'>nota</span> <span class='ocrx_word' id='word_1_904' title='bbox 248 5139 592 5192; x_wconf 84' lang='lat' dir='ltr'>Vallarsius:</span> <span class='ocrx_word' id='word_1_905' title='bbox 638 5131 956 5198; x_wconf 84' lang='lat' dir='ltr'>Symbolum</span> <span class='ocrx_word' id='word_1_906' title='bbox 983 5132 1109 5193; x_wconf 83' lang='lat' dir='ltr'>ﬁdei</span> <span class='ocrx_word' id='word_1_907' title='bbox 1133 5147 1168 5180; x_wconf 89' lang='lat' dir='ltr'>a</span> <span class='ocrx_word' id='word_1_908' title='bbox 1185 5132 1328 5184; x_wconf 86' lang='lat' dir='ltr'>beato</span> <span class='ocrx_word' id='word_1_909' title='bbox 1351 5135 1682 5202; x_wconf 78' lang='lat' dir='ltr'>Hieronymo</span> 
     </span>
    </p>
   </div>
   <div class='ocr_carea' id='block_1_127' title="bbox 103 5203 1680 5276">
    <p class='ocr_par' dir='ltr' id='par_1_127' title="bbox 103 5203 1680 5276">
     <span class='ocr_line' id='line_1_128' title="bbox 103 5203 1680 5276; baseline 0.001 -19"><span class='ocrx_word' id='word_1_910' title='bbox 103 5213 444 5276; x_wconf 76' lang='lat' dir='ltr'>compositum</span> <span class='ocrx_word' id='word_1_911' title='bbox 466 5215 511 5258; x_wconf 92' lang='lat' dir='ltr'>et</span> <span class='ocrx_word' id='word_1_912' title='bbox 536 5212 716 5258; x_wconf 78' lang='lat' dir='ltr'>sancto</span> <span class='ocrx_word' id='word_1_913' title='bbox 736 5219 892 5268; x_wconf 72' lang='lat' dir='ltr'>papa:</span> <span class='ocrx_word' id='word_1_914' title='bbox 915 5203 1149 5276; x_wconf 83' lang='lat' dir='ltr'>Damaso</span> <span class='ocrx_word' id='word_1_915' title='bbox 1166 5204 1232 5252; x_wconf 88' lang='lat' dir='ltr'>ab</span> <span class='ocrx_word' id='word_1_916' title='bbox 1243 5206 1422 5256; x_wconf 82' lang='lat' dir='ltr'>eodem</span> <span class='ocrx_word' id='word_1_917' title='bbox 1439 5209 1680 5260; x_wconf 82' lang='lat' dir='ltr'>missum.</span> 
     </span>
    </p>
   </div>
   <div class='ocr_carea' id='block_1_128' title="bbox 105 5275 1686 5335">
    <p class='ocr_par' dir='ltr' id='par_1_128' title="bbox 105 5275 1686 5335">
     <span class='ocr_line' id='line_1_129' title="bbox 105 5275 1686 5335; baseline -0.001 -5"><span class='ocrx_word' id='word_1_918' title='bbox 105 5280 391 5335; x_wconf 84' lang='lat' dir='ltr'>Enimvero</span> <span class='ocrx_word' id='word_1_919' title='bbox 403 5278 747 5332; x_wconf 88' lang='lat' dir='ltr'>contrariam</span> <span class='ocrx_word' id='word_1_920' title='bbox 759 5275 1102 5326; x_wconf 89' lang='lat' dir='ltr'>sententiam</span> <span class='ocrx_word' id='word_1_921' title='bbox 1119 5278 1312 5326; x_wconf 89' lang='lat' dir='ltr'>tuetur</span> <span class='ocrx_word' id='word_1_922' title='bbox 1322 5279 1614 5332; x_wconf 85' lang='lat' dir='ltr'>Launoius</span> <span class='ocrx_word' id='word_1_923' title='bbox 1631 5284 1686 5330; x_wconf 91' lang='lat' dir='ltr'>in</span> 
     </span>
    </p>
   </div>
   <div class='ocr_carea' id='block_1_129' title="bbox 106 5345 1687 5418">
    <p class='ocr_par' dir='ltr' id='par_1_129' title="bbox 106 5345 1687 5418">
     <span class='ocr_line' id='line_1_130' title="bbox 106 5345 1687 5418; baseline 0.003 -19"><span class='ocrx_word' id='word_1_924' title='bbox 106 5354 364 5412; x_wconf 86' lang='lat' dir='ltr'>peculiari</span> <span class='ocrx_word' id='word_1_925' title='bbox 389 5365 560 5418; x_wconf 89' lang='lat' dir='ltr'>super</span> <span class='ocrx_word' id='word_1_926' title='bbox 582 5352 691 5402; x_wconf 84' lang='lat' dir='ltr'>hoc</span> <span class='ocrx_word' id='word_1_927' title='bbox 719 5345 980 5412; x_wconf 84' lang='lat' dir='ltr'>symbolo</span> <span class='ocrx_word' id='word_1_928' title='bbox 996 5345 1414 5410; x_wconf 88' lang='lat' dir='ltr'>dissertatione,</span> <span class='ocrx_word' id='word_1_929' title='bbox 1441 5365 1576 5407; x_wconf 84' lang='lat' dir='ltr'>mox</span> <span class='ocrx_word' id='word_1_930' title='bbox 1600 5353 1687 5404; x_wconf 87' lang='lat' dir='ltr'>di-</span> 
     </span>
    </p>
   </div>
   <div class='ocr_carea' id='block_1_130' title="bbox 111 5420 1686 5488">
    <p class='ocr_par' dir='ltr' id='par_1_130' title="bbox 111 5420 1686 5488">
     <span class='ocr_line' id='line_1_131' title="bbox 111 5420 1686 5488; baseline 0.004 -18"><span class='ocrx_word' id='word_1_931' title='bbox 111 5427 308 5478; x_wconf 85' lang='lat' dir='ltr'>sertius</span> <span class='ocrx_word' id='word_1_932' title='bbox 335 5425 643 5487; x_wconf 85' lang='lat' dir='ltr'>laudanda,</span> <span class='ocrx_word' id='word_1_933' title='bbox 667 5420 1023 5486; x_wconf 88' lang='lat' dir='ltr'>argumentis</span> <span class='ocrx_word' id='word_1_934' title='bbox 1045 5431 1161 5470; x_wconf 91' lang='lat' dir='ltr'>non</span> <span class='ocrx_word' id='word_1_935' title='bbox 1185 5434 1324 5472; x_wconf 77' lang='lat' dir='ltr'>sane</span> <span class='ocrx_word' id='word_1_936' title='bbox 1353 5421 1593 5488; x_wconf 86' lang='lat' dir='ltr'>levibus,</span> <span class='ocrx_word' id='word_1_937' title='bbox 1609 5425 1686 5476; x_wconf 89' lang='lat' dir='ltr'>si-</span> 
     </span>
    </p>
   </div>
   <div class='ocr_carea' id='block_1_131' title="bbox 111 5489 1687 5562">
    <p class='ocr_par' dir='ltr' id='par_1_131' title="bbox 111 5489 1687 5562">
     <span class='ocr_line' id='line_1_132' title="bbox 111 5489 1687 5562; baseline 0.003 -20"><span class='ocrx_word' id='word_1_938' title='bbox 111 5493 272 5548; x_wconf 86' lang='lat' dir='ltr'>lentio</span> <span class='ocrx_word' id='word_1_939' title='bbox 315 5511 519 5562; x_wconf 91' lang='lat' dir='ltr'>nempe</span> <span class='ocrx_word' id='word_1_940' title='bbox 543 5493 765 5547; x_wconf 89' lang='lat' dir='ltr'>concilii</span> <span class='ocrx_word' id='word_1_941' title='bbox 791 5489 1318 5562; x_wconf 83' lang='lat' dir='ltr'>Fraucofordiensis</span> <span class='ocrx_word' id='word_1_942' title='bbox 1363 5504 1454 5544; x_wconf 88' lang='lat' dir='ltr'>an.</span> <span class='ocrx_word' id='word_1_943' title='bbox 1503 5495 1603 5548; x_wconf 84' lang='lat'>797</span> <span class='ocrx_word' id='word_1_944' title='bbox 1629 5497 1687 5546; x_wconf 90' lang='lat' dir='ltr'>in</span> 
     </span>
    </p>
   </div>
   <div class='ocr_carea' id='block_1_132' title="bbox 113 5561 1691 5634">
    <p class='ocr_par' dir='ltr' id='par_1_132' title="bbox 113 5561 1691 5634">
     <span class='ocr_line' id='line_1_133' title="bbox 113 5561 1691 5634; baseline 0.002 -19"><span class='ocrx_word' id='word_1_945' title='bbox 113 5576 277 5619; x_wconf 87' lang='lat' dir='ltr'>causa</span> <span class='ocrx_word' id='word_1_946' title='bbox 297 5561 554 5634; x_wconf 78' lang='lat' dir='ltr'>Elipandi</span> <span class='ocrx_word' id='word_1_947' title='bbox 577 5564 832 5620; x_wconf 80' lang='lat' dir='ltr'>Toletani</span> <span class='ocrx_word' id='word_1_948' title='bbox 853 5561 1102 5627; x_wconf 88' lang='lat' dir='ltr'>episcopi</span> <span class='ocrx_word' id='word_1_949' title='bbox 1125 5567 1181 5612; x_wconf 91' lang='lat' dir='ltr'>et</span> <span class='ocrx_word' id='word_1_950' title='bbox 1196 5576 1296 5626; x_wconf 89' lang='lat' dir='ltr'>pro</span> <span class='ocrx_word' id='word_1_951' title='bbox 1321 5564 1615 5618; x_wconf 84' lang='lat' dir='ltr'>catholica</span> <span class='ocrx_word' id='word_1_952' title='bbox 1631 5567 1691 5617; x_wconf 87' lang='lat' dir='ltr'>fl-</span> 
     </span>
    </p>
   </div>
   <div class='ocr_carea' id='block_1_133' title="bbox 113 5634 1693 5703">
    <p class='ocr_par' dir='ltr' id='par_1_133' title="bbox 113 5634 1693 5703">
     <span class='ocr_line' id='line_1_134' title="bbox 113 5634 1693 5703; baseline 0.003 -18"><span class='ocrx_word' id='word_1_953' title='bbox 113 5635 194 5688; x_wconf 89' lang='lat' dir='ltr'>dei</span> <span class='ocrx_word' id='word_1_954' title='bbox 217 5641 517 5693; x_wconf 90' lang='lat' dir='ltr'>traditione</span> <span class='ocrx_word' id='word_1_955' title='bbox 539 5643 737 5691; x_wconf 90' lang='lat' dir='ltr'>contra</span> <span class='ocrx_word' id='word_1_956' title='bbox 761 5634 1062 5688; x_wconf 84' lang='lat' dir='ltr'>hareticos</span> <span class='ocrx_word' id='word_1_957' title='bbox 1075 5635 1387 5688; x_wconf 88' lang='lat' dir='ltr'>asserenda</span> <span class='ocrx_word' id='word_1_958' title='bbox 1401 5638 1532 5700; x_wconf 87' lang='lat' dir='ltr'>acti,</span> <span class='ocrx_word' id='word_1_959' title='bbox 1547 5638 1693 5703; x_wconf 87' lang='lat' dir='ltr'>etip-</span> 
     </span>
    </p>
   </div>
   <div class='ocr_carea' id='block_1_134' title="bbox 171 5805 1695 5878">
    <p class='ocr_par' dir='ltr' id='par_1_134' title="bbox 171 5805 1695 5878">
     <span class='ocr_line' id='line_1_135' title="bbox 171 5805 1695 5878; baseline -0.002 -15"><span class='ocrx_word' id='word_1_960' title='bbox 171 5809 198 5842; x_wconf 70' lang='grc'>’⁸</span> <span class='ocrx_word' id='word_1_961' title='bbox 219 5813 298 5865; x_wconf 89' lang='lat' dir='ltr'>De</span> <span class='ocrx_word' id='word_1_962' title='bbox 343 5812 582 5878; x_wconf 84' lang='lat' dir='ltr'>longiori</span> <span class='ocrx_word' id='word_1_963' title='bbox 625 5808 1028 5864; x_wconf 86' lang='lat' dir='ltr'>dissertatione</span> <span class='ocrx_word' id='word_1_964' title='bbox 1077 5805 1164 5860; x_wconf 89' lang='lat' dir='ltr'>vel</span> <span class='ocrx_word' id='word_1_965' title='bbox 1193 5805 1384 5872; x_wconf 89' lang='lat' dir='ltr'>potius</span> <span class='ocrx_word' id='word_1_966' title='bbox 1420 5809 1695 5873; x_wconf 84' lang='lat' dir='ltr'>panegyri</span> 
     </span>
    </p>
   </div>
   <div class='ocr_carea' id='block_1_135' title="bbox 117 5879 1695 5948">
    <p class='ocr_par' dir='ltr' id='par_1_135' title="bbox 117 5879 1695 5948">
     <span class='ocr_line' id='line_1_136' title="bbox 117 5879 1695 5948; baseline -0.001 -16"><span class='ocrx_word' id='word_1_967' title='bbox 117 5894 280 5944; x_wconf 84' lang='lat' dir='ltr'>quam</span> <span class='ocrx_word' id='word_1_968' title='bbox 301 5885 570 5938; x_wconf 86' lang='lat' dir='ltr'>haretico</span> <span class='ocrx_word' id='word_1_969' title='bbox 592 5895 830 5948; x_wconf 74' lang='lat' dir='ltr'>prorsus</span> <span class='ocrx_word' id='word_1_970' title='bbox 846 5881 1064 5932; x_wconf 89' lang='lat' dir='ltr'>calamo</span> <span class='ocrx_word' id='word_1_971' title='bbox 1078 5881 1138 5931; x_wconf 89' lang='lat' dir='ltr'>in</span> <span class='ocrx_word' id='word_1_972' title='bbox 1159 5880 1308 5932; x_wconf 90' lang='lat' dir='ltr'>hanc</span> <span class='ocrx_word' id='word_1_973' title='bbox 1325 5879 1559 5932; x_wconf 89' lang='lat' dir='ltr'>Semleri</span> <span class='ocrx_word' id='word_1_974' title='bbox 1575 5881 1695 5931; x_wconf 88' lang='lat' dir='ltr'>edi-</span> 
     </span>
    </p>
   </div>
   <div class='ocr_carea' id='block_1_136' title="bbox 120 5951 1693 6014">
    <p class='ocr_par' dir='ltr' id='par_1_136' title="bbox 120 5951 1693 6014">
     <span class='ocr_line' id='line_1_137' title="bbox 120 5951 1693 6014; baseline 0 -12"><span class='ocrx_word' id='word_1_975' title='bbox 120 5955 319 6009; x_wconf 88' lang='lat' dir='ltr'>tionem</span> <span class='ocrx_word' id='word_1_976' title='bbox 341 5957 639 6010; x_wconf 87' lang='lat' dir='ltr'>contexuit</span> <span class='ocrx_word' id='word_1_977' title='bbox 651 5954 1166 6012; x_wconf 77' lang='lat' dir='ltr'>Schanemannus,</span> <span class='ocrx_word' id='word_1_978' title='bbox 1189 5956 1497 6014; x_wconf 87' lang='lat' dir='ltr'>sequentes</span> <span class='ocrx_word' id='word_1_979' title='bbox 1512 5951 1693 6003; x_wconf 89' lang='lat' dir='ltr'>lineas</span> 
     </span>
    </p>
   </div>
   <div class='ocr_carea' id='block_1_137' title="bbox 382 6043 844 6113">
    <p class='ocr_par' dir='ltr' id='par_1_137' title="bbox 382 6043 844 6113">
     <span class='ocr_line' id='line_1_138' title="bbox 382 6043 844 6113; baseline -0.013 -5"><span class='ocrx_word' id='word_1_980' title='bbox 382 6055 640 6113; x_wconf 72' lang='lat' dir='ltr'>PATROL.</span> <span class='ocrx_word' id='word_1_981' title='bbox 679 6043 844 6104; x_wconf 87' lang='lat' dir='ltr'>XXI.</span> 
     </span>
    </p>
   </div>
   <div class='ocr_carea' id='block_1_138' title="bbox 1779 4771 3376 4839">
    <p class='ocr_par' dir='ltr' id='par_1_138' title="bbox 1779 4771 3376 4839">
     <span class='ocr_line' id='line_1_139' title="bbox 1779 4771 3376 4839; baseline 0.001 -12"><span class='ocrx_word' id='word_1_982' title='bbox 1779 4775 2113 4839; x_wconf 86' lang='lat' dir='ltr'>Hieronymi</span> <span class='ocrx_word' id='word_1_983' title='bbox 2149 4773 2352 4834; x_wconf 78' lang='lat' dir='ltr'>forent,</span> <span class='ocrx_word' id='word_1_984' title='bbox 2399 4777 2539 4825; x_wconf 90' lang='lat' dir='ltr'>tunc</span> <span class='ocrx_word' id='word_1_985' title='bbox 2576 4785 2651 4825; x_wconf 88' lang='lat' dir='ltr'>ex</span> <span class='ocrx_word' id='word_1_986' title='bbox 2673 4771 2768 4824; x_wconf 90' lang='lat' dir='ltr'>illa</span> <span class='ocrx_word' id='word_1_987' title='bbox 2791 4772 3005 4824; x_wconf 84' lang='lat' dir='ltr'>codicis</span> <span class='ocrx_word' id='word_1_988' title='bbox 3037 4773 3192 4826; x_wconf 91' lang='lat' dir='ltr'>illius</span> <span class='ocrx_word' id='word_1_989' title='bbox 3217 4788 3376 4828; x_wconf 90' lang='lat' dir='ltr'>com-</span> 
     </span>
    </p>
   </div>
   <div class='ocr_carea' id='block_1_139' title="bbox 1778 4845 3376 4912">
    <p class='ocr_par' dir='ltr' id='par_1_139' title="bbox 1778 4845 3376 4912">
     <span class='ocr_line' id='line_1_140' title="bbox 1778 4845 3376 4912; baseline 0.001 -14"><span class='ocrx_word' id='word_1_990' title='bbox 1778 4848 2040 4912; x_wconf 87' lang='lat' dir='ltr'>pactione</span> <span class='ocrx_word' id='word_1_991' title='bbox 2077 4845 2410 4910; x_wconf 81' lang='lat' dir='ltr'>Hieronymi</span> <span class='ocrx_word' id='word_1_992' title='bbox 2433 4858 2644 4896; x_wconf 89' lang='lat' dir='ltr'>nomen</span> <span class='ocrx_word' id='word_1_993' title='bbox 2669 4845 2888 4910; x_wconf 88' lang='lat' dir='ltr'>accepit</span> <span class='ocrx_word' id='word_1_994' title='bbox 2908 4845 3062 4910; x_wconf 89' lang='lat' dir='ltr'>apud</span> <span class='ocrx_word' id='word_1_995' title='bbox 3083 4847 3376 4899; x_wconf 85' lang='lat' dir='ltr'>incautam</span> 
     </span>
    </p>
   </div>
   <div class='ocr_carea' id='block_1_140' title="bbox 1779 4916 3376 4984">
    <p class='ocr_par' dir='ltr' id='par_1_140' title="bbox 1779 4916 3376 4984">
     <span class='ocr_line' id='line_1_141' title="bbox 1779 4916 3376 4984; baseline -0.001 -14"><span class='ocrx_word' id='word_1_996' title='bbox 1779 4919 2190 4984; x_wconf 88' lang='lat' dir='ltr'>posteritatem.</span> <span class='ocrx_word' id='word_1_997' title='bbox 2207 4919 2370 4978; x_wconf 88' lang='lat' dir='ltr'>Quod</span> <span class='ocrx_word' id='word_1_998' title='bbox 2387 4922 2444 4968; x_wconf 89' lang='lat' dir='ltr'>et</span> <span class='ocrx_word' id='word_1_999' title='bbox 2465 4916 2592 4968; x_wconf 90' lang='lat' dir='ltr'>aliis</span> <span class='ocrx_word' id='word_1_1000' title='bbox 2617 4917 2881 4968; x_wconf 87' lang='lat' dir='ltr'>Patribus</span> <span class='ocrx_word' id='word_1_1001' title='bbox 2902 4931 3020 4968; x_wconf 89' lang='lat' dir='ltr'>non</span> <span class='ocrx_word' id='word_1_1002' title='bbox 3031 4928 3157 4968; x_wconf 88' lang='lat' dir='ltr'>raro</span> <span class='ocrx_word' id='word_1_1003' title='bbox 3176 4921 3376 4969; x_wconf 79' lang='lat' dir='ltr'>accidit.</span> 
     </span>
    </p>
   </div>
   <div class='ocr_carea' id='block_1_141' title="bbox 1781 4988 3374 5054">
    <p class='ocr_par' dir='ltr' id='par_1_141' title="bbox 1781 4988 3374 5054">
     <span class='ocr_line' id='line_1_142' title="bbox 1781 4988 3374 5054; baseline -0.001 -12"><span class='ocrx_word' id='word_1_1004' title='bbox 1781 4991 1868 5042; x_wconf 88' lang='lat' dir='ltr'>Ad</span> <span class='ocrx_word' id='word_1_1005' title='bbox 1893 4990 2286 5054; x_wconf 85' lang='lat' dir='ltr'>Augustinum</span> <span class='ocrx_word' id='word_1_1006' title='bbox 2308 4988 2463 5052; x_wconf 88' lang='lat' dir='ltr'>quod</span> <span class='ocrx_word' id='word_1_1007' title='bbox 2485 4989 2746 5052; x_wconf 90' lang='lat' dir='ltr'>pertinet,</span> <span class='ocrx_word' id='word_1_1008' title='bbox 2770 5001 2864 5040; x_wconf 90' lang='lat' dir='ltr'>res</span> <span class='ocrx_word' id='word_1_1009' title='bbox 2894 4988 3063 5053; x_wconf 85' lang='lat' dir='ltr'>paulo</span> <span class='ocrx_word' id='word_1_1010' title='bbox 3088 4988 3374 5040; x_wconf 80' lang='lat' dir='ltr'>dimcilius</span> 
     </span>
    </p>
   </div>
   <div class='ocr_carea' id='block_1_142' title="bbox 1782 5059 3377 5125">
    <p class='ocr_par' dir='ltr' id='par_1_142' title="bbox 1782 5059 3377 5125">
     <span class='ocr_line' id='line_1_143' title="bbox 1782 5059 3377 5125; baseline -0.001 -13"><span class='ocrx_word' id='word_1_1011' title='bbox 1782 5066 1954 5125; x_wconf 80' lang='lat' dir='ltr'>atque</span> <span class='ocrx_word' id='word_1_1012' title='bbox 1987 5060 2306 5125; x_wconf 87' lang='lat' dir='ltr'>imperitius</span> <span class='ocrx_word' id='word_1_1013' title='bbox 2343 5065 2634 5112; x_wconf 88' lang='lat' dir='ltr'>transacta</span> <span class='ocrx_word' id='word_1_1014' title='bbox 2656 5065 2746 5112; x_wconf 90' lang='lat' dir='ltr'>est</span> <span class='ocrx_word' id='word_1_1015' title='bbox 2771 5075 2782 5107; x_wconf 88' lang='lat'><strong>:</strong></span> <span class='ocrx_word' id='word_1_1016' title='bbox 2810 5059 3098 5111; x_wconf 76' lang='lat' dir='ltr'>difﬁcilius</span> <span class='ocrx_word' id='word_1_1017' title='bbox 3123 5059 3377 5123; x_wconf 85' lang='lat' dir='ltr'>quidem,</span> 
     </span>
    </p>
   </div>
   <div class='ocr_carea' id='block_1_143' title="bbox 1783 5129 3374 5197">
    <p class='ocr_par' dir='ltr' id='par_1_143' title="bbox 1783 5129 3374 5197">
     <span class='ocr_line' id='line_1_144' title="bbox 1783 5129 3374 5197; baseline -0.001 -13"><span class='ocrx_word' id='word_1_1018' title='bbox 1783 5135 1918 5197; x_wconf 87' lang='lat' dir='ltr'>quia</span> <span class='ocrx_word' id='word_1_1019' title='bbox 1941 5133 2190 5197; x_wconf 86' lang='lat' dir='ltr'>Oportuit</span> <span class='ocrx_word' id='word_1_1020' title='bbox 2213 5131 2557 5196; x_wconf 87' lang='lat' dir='ltr'>professioni</span> <span class='ocrx_word' id='word_1_1021' title='bbox 2568 5131 2704 5182; x_wconf 85' lang='lat' dir='ltr'>ildei</span> <span class='ocrx_word' id='word_1_1022' title='bbox 2728 5129 3056 5182; x_wconf 90' lang='lat' dir='ltr'>concionale</span> <span class='ocrx_word' id='word_1_1023' title='bbox 3075 5131 3374 5182; x_wconf 84' lang='lat' dir='ltr'>exordium</span> 
     </span>
    </p>
   </div>
   <div class='ocr_carea' id='block_1_144' title="bbox 1784 5202 3378 5270">
    <p class='ocr_par' dir='ltr' id='par_1_144' title="bbox 1784 5202 3378 5270">
     <span class='ocr_line' id='line_1_145' title="bbox 1784 5202 3378 5270; baseline -0.002 -15"><span class='ocrx_word' id='word_1_1024' title='bbox 1784 5205 2022 5270; x_wconf 84' lang='lat' dir='ltr'>prailgi,</span> <span class='ocrx_word' id='word_1_1025' title='bbox 2060 5209 2126 5255; x_wconf 91' lang='lat' dir='ltr'>ut</span> <span class='ocrx_word' id='word_1_1026' title='bbox 2157 5205 2255 5267; x_wconf 89' lang='lat' dir='ltr'>qui</span> <span class='ocrx_word' id='word_1_1027' title='bbox 2279 5203 2409 5254; x_wconf 85' lang='lat' dir='ltr'>ﬂdei</span> <span class='ocrx_word' id='word_1_1028' title='bbox 2435 5202 2660 5254; x_wconf 90' lang='lat' dir='ltr'>libellus</span> <span class='ocrx_word' id='word_1_1029' title='bbox 2684 5203 2870 5265; x_wconf 86' lang='lat' dir='ltr'>reipsa</span> <span class='ocrx_word' id='word_1_1030' title='bbox 2893 5214 3081 5252; x_wconf 90' lang='lat' dir='ltr'>sermo</span> <span class='ocrx_word' id='word_1_1031' title='bbox 3101 5215 3219 5252; x_wconf 89' lang='lat' dir='ltr'>non</span> <span class='ocrx_word' id='word_1_1032' title='bbox 3235 5207 3378 5265; x_wconf 90' lang='lat' dir='ltr'>erat,</span> 
     </span>
    </p>
   </div>
   <div class='ocr_carea' id='block_1_145' title="bbox 1786 5273 3377 5338">
    <p class='ocr_par' dir='ltr' id='par_1_145' title="bbox 1786 5273 3377 5338">
     <span class='ocr_line' id='line_1_146' title="bbox 1786 5273 3377 5338; baseline -0.002 -11"><span class='ocrx_word' id='word_1_1033' title='bbox 1786 5289 1975 5328; x_wconf 89' lang='lat' dir='ltr'>sermo</span> <span class='ocrx_word' id='word_1_1034' title='bbox 1998 5275 2286 5326; x_wconf 89' lang='lat' dir='ltr'>videretur</span> <span class='ocrx_word' id='word_1_1035' title='bbox 2310 5293 2320 5323; x_wconf 93' lang='lat'><strong>:</strong></span> <span class='ocrx_word' id='word_1_1036' title='bbox 2348 5273 2669 5338; x_wconf 89' lang='lat' dir='ltr'>imperitius</span> <span class='ocrx_word' id='word_1_1037' title='bbox 2691 5285 2847 5334; x_wconf 91' lang='lat' dir='ltr'>vero,</span> <span class='ocrx_word' id='word_1_1038' title='bbox 2867 5273 3004 5336; x_wconf 90' lang='lat' dir='ltr'>quia</span> <span class='ocrx_word' id='word_1_1039' title='bbox 3031 5273 3236 5324; x_wconf 85' lang='lat' dir='ltr'>beatus</span> <span class='ocrx_word' id='word_1_1040' title='bbox 3259 5275 3377 5324; x_wconf 84' lang='lat' dir='ltr'>Au—</span> 
     </span>
    </p>
   </div>
   <div class='ocr_carea' id='block_1_146' title="bbox 1785 5344 3375 5414">
    <p class='ocr_par' dir='ltr' id='par_1_146' title="bbox 1785 5344 3375 5414">
     <span class='ocr_line' id='line_1_147' title="bbox 1785 5344 3375 5414; baseline -0.003 -15"><span class='ocrx_word' id='word_1_1041' title='bbox 1785 5349 2055 5414; x_wconf 89' lang='lat' dir='ltr'>gustinus</span> <span class='ocrx_word' id='word_1_1042' title='bbox 2080 5345 2334 5398; x_wconf 92' lang='lat' dir='ltr'>libellum</span> <span class='ocrx_word' id='word_1_1043' title='bbox 2357 5346 2486 5396; x_wconf 80' lang='lat' dir='ltr'>ﬁdei</span> <span class='ocrx_word' id='word_1_1044' title='bbox 2499 5348 2815 5414; x_wconf 87' lang='lat' dir='ltr'>generatim</span> <span class='ocrx_word' id='word_1_1045' title='bbox 2833 5348 3000 5414; x_wconf 85' lang='lat' dir='ltr'>etper</span> <span class='ocrx_word' id='word_1_1046' title='bbox 3014 5344 3375 5395; x_wconf 87' lang='lat' dir='ltr'>aversionem</span> 
     </span>
    </p>
   </div>
   <div class='ocr_carea' id='block_1_147' title="bbox 1787 5413 3378 5485">
    <p class='ocr_par' dir='ltr' id='par_1_147' title="bbox 1787 5413 3378 5485">
     <span class='ocr_line' id='line_1_148' title="bbox 1787 5413 3378 5485; baseline -0.004 -13"><span class='ocrx_word' id='word_1_1047' title='bbox 1787 5413 1998 5485; x_wconf 75' lang='lat' dir='ltr'>rejecit.</span> <span class='ocrx_word' id='word_1_1048' title='bbox 2047 5420 2116 5469; x_wconf 91' lang='lat' dir='ltr'>Et</span> <span class='ocrx_word' id='word_1_1049' title='bbox 2150 5430 2290 5469; x_wconf 90' lang='lat' dir='ltr'>sane</span> <span class='ocrx_word' id='word_1_1050' title='bbox 2339 5429 2472 5480; x_wconf 89' lang='lat' dir='ltr'>qua</span> <span class='ocrx_word' id='word_1_1051' title='bbox 2520 5419 2582 5466; x_wconf 91' lang='lat' dir='ltr'>in</span> <span class='ocrx_word' id='word_1_1052' title='bbox 2635 5429 2702 5466; x_wconf 90' lang='lat' dir='ltr'>eo</span> <span class='ocrx_word' id='word_1_1053' title='bbox 2748 5413 2820 5466; x_wconf 91' lang='lat' dir='ltr'>de</span> <span class='ocrx_word' id='word_1_1054' title='bbox 2851 5413 3027 5466; x_wconf 91' lang='lat' dir='ltr'>libero</span> <span class='ocrx_word' id='word_1_1055' title='bbox 3051 5416 3282 5467; x_wconf 90' lang='lat' dir='ltr'>arbitrio</span> <span class='ocrx_word' id='word_1_1056' title='bbox 3305 5414 3378 5466; x_wconf 88' lang='lat' dir='ltr'>ad</span> 
     </span>
    </p>
   </div>
   <div class='ocr_carea' id='block_1_148' title="bbox 1788 5485 3383 5550">
    <p class='ocr_par' dir='ltr' id='par_1_148' title="bbox 1788 5485 3383 5550">
     <span class='ocr_line' id='line_1_149' title="bbox 1788 5485 3383 5550; baseline -0.004 -6"><span class='ocrx_word' id='word_1_1057' title='bbox 1788 5490 2122 5544; x_wconf 83' lang='lat' dir='ltr'>utrumlibet</span> <span class='ocrx_word' id='word_1_1058' title='bbox 2134 5487 2366 5541; x_wconf 78' lang='lat' dir='ltr'>nexibili</span> <span class='ocrx_word' id='word_1_1059' title='bbox 2389 5493 2446 5538; x_wconf 90' lang='lat' dir='ltr'>et</span> <span class='ocrx_word' id='word_1_1060' title='bbox 2467 5485 2858 5538; x_wconf 74' lang='lat' dir='ltr'>commuiabili</span> <span class='ocrx_word' id='word_1_1061' title='bbox 2881 5486 3169 5546; x_wconf 91' lang='lat' dir='ltr'>dicuntur,</span> <span class='ocrx_word' id='word_1_1062' title='bbox 3193 5489 3383 5550; x_wconf 85' lang='lat' dir='ltr'>poste—</span> 
     </span>
    </p>
   </div>
   <div class='ocr_carea' id='block_1_149' title="bbox 1787 5557 3377 5624">
    <p class='ocr_par' dir='ltr' id='par_1_149' title="bbox 1787 5557 3377 5624">
     <span class='ocr_line' id='line_1_150' title="bbox 1787 5557 3377 5624; baseline -0.004 -10"><span class='ocrx_word' id='word_1_1063' title='bbox 1787 5565 2032 5614; x_wconf 88' lang='lat' dir='ltr'>rioribus</span> <span class='ocrx_word' id='word_1_1064' title='bbox 2076 5563 2225 5614; x_wconf 85' lang='lat' dir='ltr'>beati</span> <span class='ocrx_word' id='word_1_1065' title='bbox 2251 5559 2562 5624; x_wconf 83' lang='lat' dir='ltr'>Augustini</span> <span class='ocrx_word' id='word_1_1066' title='bbox 2598 5557 2970 5621; x_wconf 88' lang='lat' dir='ltr'>dogmatibus</span> <span class='ocrx_word' id='word_1_1067' title='bbox 2995 5570 3112 5608; x_wconf 88' lang='lat' dir='ltr'>non</span> <span class='ocrx_word' id='word_1_1068' title='bbox 3141 5557 3377 5608; x_wconf 89' lang='lat' dir='ltr'>omnino</span> 
     </span>
    </p>
   </div>
   <div class='ocr_carea' id='block_1_150' title="bbox 1791 5631 3378 5694">
    <p class='ocr_par' dir='ltr' id='par_1_150' title="bbox 1791 5631 3378 5694">
     <span class='ocr_line' id='line_1_151' title="bbox 1791 5631 3378 5694; baseline -0.006 -7"><span class='ocrx_word' id='word_1_1069' title='bbox 1791 5634 2159 5688; x_wconf 89' lang='lat' dir='ltr'>concordant.</span> <span class='ocrx_word' id='word_1_1070' title='bbox 2189 5649 2213 5680; x_wconf 73' lang='grc' dir='ltr'><strong>ιο</strong></span> <span class='ocrx_word' id='word_1_1071' title='bbox 2239 5634 2376 5684; x_wconf 83' lang='lat' dir='ltr'>Hac</span> <span class='ocrx_word' id='word_1_1072' title='bbox 2400 5631 2710 5682; x_wconf 89' lang='lat' dir='ltr'>Launoius.</span> <span class='ocrx_word' id='word_1_1073' title='bbox 2725 5631 3128 5694; x_wconf 88' lang='lat' dir='ltr'>Superestjam</span> <span class='ocrx_word' id='word_1_1074' title='bbox 3143 5634 3208 5680; x_wconf 89' lang='lat' dir='ltr'>ut</span> <span class='ocrx_word' id='word_1_1075' title='bbox 3231 5640 3378 5693; x_wconf 90' lang='lat' dir='ltr'>quos</span> 
     </span>
    </p>
   </div>
   <div class='ocr_carea' id='block_1_151' title="bbox 1791 5797 3400 5868">
    <p class='ocr_par' dir='ltr' id='par_1_151' title="bbox 1791 5797 3400 5868">
     <span class='ocr_line' id='line_1_152' title="bbox 1791 5797 3400 5868; baseline -0.001 -12"><span class='ocrx_word' id='word_1_1076' title='bbox 1791 5804 2114 5856; x_wconf 88' lang='lat' dir='ltr'>exscribere</span> <span class='ocrx_word' id='word_1_1077' title='bbox 2157 5803 2353 5855; x_wconf 88' lang='lat' dir='ltr'>visum</span> <span class='ocrx_word' id='word_1_1078' title='bbox 2381 5807 2489 5865; x_wconf 88' lang='lat' dir='ltr'>est,</span> <span class='ocrx_word' id='word_1_1079' title='bbox 2536 5801 2746 5868; x_wconf 87' lang='lat' dir='ltr'>quibus</span> <span class='ocrx_word' id='word_1_1080' title='bbox 2782 5800 3049 5866; x_wconf 90' lang='lat' dir='ltr'>perlectis</span> <span class='ocrx_word' id='word_1_1081' title='bbox 3083 5799 3278 5852; x_wconf 90' lang='lat' dir='ltr'>statim</span> <span class='ocrx_word' id='word_1_1082' title='bbox 3312 5797 3400 5864; x_wconf 71' lang='lat' dir='ltr'>de</span> 
     </span>
    </p>
   </div>
   <div class='ocr_carea' id='block_1_152' title="bbox 1793 5872 3386 5938">
    <p class='ocr_par' dir='ltr' id='par_1_152' title="bbox 1793 5872 3386 5938">
     <span class='ocr_line' id='line_1_153' title="bbox 1793 5872 3386 5938; baseline -0.004 -9"><span class='ocrx_word' id='word_1_1083' title='bbox 1793 5875 2140 5930; x_wconf 89' lang='lat' dir='ltr'>Semleriana</span> <span class='ocrx_word' id='word_1_1084' title='bbox 2177 5875 2510 5926; x_wconf 89' lang='lat' dir='ltr'>recensione</span> <span class='ocrx_word' id='word_1_1085' title='bbox 2535 5874 2880 5926; x_wconf 88' lang='lat' dir='ltr'>sententiam</span> <span class='ocrx_word' id='word_1_1086' title='bbox 2905 5873 3049 5925; x_wconf 79' lang='lat' dir='ltr'>ferre</span> <span class='ocrx_word' id='word_1_1087' title='bbox 3073 5872 3279 5938; x_wconf 87' lang='lat' dir='ltr'>poterit</span> <span class='ocrx_word' id='word_1_1088' title='bbox 3303 5873 3386 5925; x_wconf 89' lang='lat' dir='ltr'>vir</span> 
     </span>
    </p>
   </div>
   <div class='ocr_carea' id='block_1_153' title="bbox 1793 5947 2483 6000">
    <p class='ocr_par' dir='ltr' id='par_1_153' title="bbox 1793 5947 2483 6000">
     <span class='ocr_line' id='line_1_154' title="bbox 1793 5947 2483 6000; baseline -0.007 0"><span class='ocrx_word' id='word_1_1089' title='bbox 1793 5947 2128 6000; x_wconf 85' lang='lat' dir='ltr'>catholicus.</span> <span class='ocrx_word' id='word_1_1090' title='bbox 2319 5949 2483 5997; x_wconf 81' lang='lat' dir='ltr'>Ebi&#39;r.</span> 
     </span>
    </p>
   </div>
   <div class='ocr_carea' id='block_1_154' title="bbox 3026 6036 3090 6094">
    <p class='ocr_par' dir='ltr' id='par_1_154' title="bbox 3026 6036 3090 6094">
     <span class='ocr_line' id='line_1_155' title="bbox 3026 6036 3090 6094; baseline 0 0"><span class='ocrx_word' id='word_1_1091' title='bbox 3026 6036 3090 6094; x_wconf 87' lang='grc'>37</span> 
     </span>
    </p>
   </div>
  </div>
