3894 6414
554 403 692 459 1163

549 517 622 569 ab
644 516 879 568 inventa
903 511 1278 577 typographia
1302 511 1549 563 editores
1573 511 1666 561 hic
1689 509 1913 561 libellus
1940 514 2147 561 nactus
2178 515 2223 582 Α

551 587 736 649 fuerit,
765 585 1012 637 breviter
1034 582 1135 633 sed
1160 595 1317 634 more
1339 585 1539 634 nostro
1567 592 1996 634 recenseamus.

1202 672 1351 722 Smc.
1393 683 1490 722 xv.

616 752 769 807 1467.
816 752 993 801 Romae
1037 750 1187 814 apud
1237 750 1422 801 Udalr.
1466 749 1701 810 Gallum,
1748 748 1925 799 in-fol.
1958 748 2144 811 Expo-

551 827 679 877 sitio
709 822 842 875 ﬁdei
869 823 1018 873 beati
1041 822 1377 885 Hieronymi
1394 822 1710 885 presbyteri
1731 820 1802 870 ad
1827 821 2142 870 Damasum

549 907 786 961 papam;
812 894 872 945 in
901 905 1016 956 qua
1036 893 1290 945 haereses
1315 892 1590 957 plurimas
1604 892 1673 942 de
1690 891 1968 943 Trinitate
1985 892 2041 942 et
2056 891 2143 940 in-

549 966 878 1019 carnatione
922 965 1022 1015 ubi
1066 965 1238 1027 impie
1292 964 1603 1015 sentientes
1652 963 1908 1025 damnat,
1943 966 2143 1025 petens

549 1049 715 1089 suam
739 1037 912 1087 (idem
936 1049 970 1087 a
1003 1038 1251 1087 Damaso
1276 1035 1633 1099 comprobari
1660 1054 1671 1082 :
1698 1034 1845 1084 inter
1862 1033 2143 1097 Epistolas

550 1121 653 1160 seu
678 1106 967 1172 Opuscula
988 1106 1546 1171 Hieronymi,absque
1570 1105 1669 1155 loci
1692 1110 1737 1154 el
1757 1105 1894 1153 anni
1922 1105 2145 1166 indicio,

549 1179 650 1231 sed
667 1178 1029 1243 probabiliter
1043 1179 1115 1230 ab
1133 1191 1198 1228 eo
1216 1190 1390 1240 quem
1410 1176 1775 1228 laudavimus
1794 1176 2144 1239 typographo

548 1248 914 1313 eodemquel.
935 1254 993 1301 et
1014 1262 1065 1300 a.
1091 1250 1391 1312 impressa,
1418 1253 1576 1311 parte
1597 1260 1635 1307 1,
1658 1252 1817 1298 tract.
1840 1246 1887 1310 1,
1906 1246 2147 1311 epistola

547 1319 602 1375 ἓ.
619 1322 707 1372 Ad
733 1332 969 1371 manum
994 1321 1161 1372 nobis
1188 1325 1275 1370 est
1300 1320 1522 1370 iteratio
1548 1317 1890 1369 Basileensis
1910 1331 1961 1368 a.
1990 1317 2147 1381 M89,

548 1392 646 1443 ubi
672 1396 865 1444 exstat
888 1390 980 1443 fol.
1003 1404 1126 1442 vm.
1156 1391 1476 1442 Editionem
1508 1390 1657 1441 hanc
1676 1390 2145 1452 sequiturNorim-

548 1462 845 1526 bergensis
867 1461 1091 1519 a.1495;
1121 1462 1220 1513 sed
1238 1462 1296 1512 in
1313 1460 1685 1512 Basileensia.
1708 1459 1863 1521 1497,
1881 1468 1924 1507 el
1942 1463 2143 1520 Ludgu-

546 1534 715 1585 nensi
736 1531 888 1593 1513,
904 1533 1065 1583 deest
1091 1532 1218 1584 haec
1232 1532 1830 1596 Expositio.Romanas
1844 1531 2147 1594 Schweyn—

544 1605 716 1656 hemii
744 1610 802 1656 et
832 1604 1115 1655 l‘annartii
1138 1604 1420 1655 editiones
1444 1616 1562 1654 non
1576 1606 1908 1667 suppetunt.

607 1675 766 1730 1470.
794 1676 1085 1739 Moguntiae
1110 1675 1261 1738 apud
1286 1676 1423 1725 Pelr.
1449 1674 1926 1737 SchoifferJu-lbl.
1944 1673 2144 1724 Hiero-

543 1760 758 1810 nymus
796 1748 1039 1798 Damaso
1069 1760 1363 1811 exponens
1389 1745 1560 1797 fidem
1598 1759 1764 1797 suam
1811 1746 1902 1796 vel
1938 1758 2141 1808 appro-

546 1818 792 1870 bandam
820 1819 910 1869 vel
940 1817 1334 1880 corrigendam
1354 1832 1368 1879 ;
1388 1818 1539 1868 inter
1561 1817 1893 1878 Hieronymi
1917 1817 2139 1880 Episto-

543 1889 627 1939 las
652 1890 709 1940 h.
736 1889 845 1950 ω,
878 1889 1131 1939 distinct.
1149 1888 1201 1951 2,
1227 1888 1389 1952 epist.
1417 1892 1465 1939 4.

609 1959 738 2008 Sine
778 1974 928 2007 anno
979 1964 1023 2007 et
1069 1958 1764 2021 loco,in—f01.ExplanaLio
1800 1958 1930 2008 fidei
1955 1958 2139 2008 sancti

543 2030 875 2093 Hieronymi
897 2030 969 2081 ad
996 2032 1308 2081 Damasum
1329 2030 1506 2092 ;inter
1518 2029 1803 2092 Epistolos
1819 2035 1874 2079 et
1890 2033 2139 2077 Traclalus

544 2102 891 2164 Hieronymi,
937 2101 1200 2152 editionis
1244 2101 1640 2161 innominatze,
1687 2101 1788 2151 sed
1816 2113 1948 2164 qua:
1982 2101 2140 2152 aetati

542 2172 886 2237 praecedenti
915 2185 1128 2236 suppar
1152 2172 1395 2224 videtur.
1426 2174 1604 2236 Epist.
1636 2170 1721 2225 15.

599 2244 757 2297 1494.
807 2244 1021 2292 Βαείιίεε
1067 2244 1217 2307 apud
1247 2244 1332 2293 J0.
1374 2243 1694 2306 Amerbach,
1720 2241 1890 2293 in-fol.
1918 2244 2140 2307 Augus-

543 2316 643 2367 tini
661 2328 848 2366 sermo
872 2315 940 2367 de
972 2320 1173 2366 sancta
1196 2316 1503 2373 Trinitate;
1549 2315 1697 2365 inter
1736 2316 2040 2365 Sermones
2070 2313 2140 2364 de

539 2389 814 2450 Tempore
841 2388 894 2437 b.
928 2398 977 2437 a.
1010 2390 1067 2438 et
1090 2386 1215 2437 loco
1240 2386 1492 2449 primum
1517 2398 1650 2437 cum
1683 2386 1856 2436 variis
1882 2386 2007 2436 aliis
2032 2384 2141 2436 col-

537 2457 883 2509 lectionibus
910 2457 1196 2521 vulgatos,
1211 2470 1396 2508 sermo
1417 2456 1535 2511 191.
1556 2459 1619 2506 In
1633 2457 1834 2508 eadem
1847 2459 2139 2505 collectione

535 2529 748 2581 inserta
770 2530 1012 2592 integrae
1037 2528 1288 2592 Operum
1330 2528 1565 2579 editioni
1588 2528 1942 2579 Erasmianze
1974 2526 2134 2589 1542,

540 2606 693 2652 tomo
719 2602 788 2665 X,
813 2614 980 2665 pagg.
1006 2598 1325 2659 1018-10820,
1352 2600 1412 2650 in
1436 2599 1525 2651 ed.
1564 2601 1774 2651 Lovan.
1801 2613 1926 2650 exc.
1960 2599 2136 2650 Paris.

538 2671 697 2735 1586,
733 2676 772 2722 t.
798 2672 868 2734 Χ,
894 2685 946 2735 p.
984 2669 1218 2725 547-48:
1242 2672 1303 2723 in
1326 2672 1415 2723 ed.
1440 2671 2035 2735 Benedictinarejecta
2049 2674 2140 2721 est

537 2743 596 2794 in
614 2741 1004 2806 Appendicem
1029 2742 1168 2792 torni
1205 2742 1274 2803 V,
1308 2754 1470 2792 num.
1495 2740 1618 2795 ‘236.
1646 2742 1707 2790 de
1730 2741 1834 2804 ﬁde
1854 2741 2141 2790 catholico-

536 2829 682 2877 rum,
710 2814 784 2865 1V
814 2814 986 2877 juxta
1003 2817 1279 2877 Antuerp.
1304 2812 1769 2878 descriptionem,
1797 2827 1849 2877 p.
1876 2811 2135 2866 2274-276.

1182 2904 1334 2955 SEO.
1366 2916 1486 2955 xvr.

602 2981 757 3037 1516.
782 2982 1001 3032 Basilcae
1024 2981 1175 3046 apud
1197 2981 1909 3047 Froben.,in-fol.Symboli
1934 2983 2133 3046 expla-

536 3054 693 3106 natio
716 3054 791 3107 ad
815 3055 1229 3115 Damasum;in
1244 3054 1333 3105 ed.
1359 3055 1608 3119 Operum
1628 3054 1957 3118 Hieronymi
1976 3056 2135 3104 Eras-

536 3126 745 3190 Iniana,
772 3131 925 3178 tomo
949 3125 1127 3186 ll,fol.
1146 3125 1214 3179 56
1240 3126 1295 3177 b.
1324 3127 1593 3177 Erasmus
1617 3126 1839 3178 nullum
1858 3140 1930 3177 ex
1946 3126 2134 3176 omni-

538 3200 646 3278 bus
675 3198 943 3278 omnino,
962 3210 1111 3278 quin
1148 3198 1297 3278 inter
1320 3198 1649 3261 Hieronymi
1675 3198 1957 3278 epistolas
1970 3210 2129 3278 repe-
2162 3204 2209 3278 ί]

539 3270 780 3331 riuntur,
830 3269 1103 3331 symbolis
1150 3268 1319 3319 istius
1368 3283 1495 3321 esse
1530 3274 1744 3333 censet,
1792 3268 1895 3321 sed
1926 3268 1997 3319 de
2020 3269 2131 3320 hoc

538 3340 681 3391 nihil
704 3339 952 3403 amplius
980 3340 1202 3391 statuit.

602 3411 760 3465 1549.
811 3411 1095 3474 (Parisiis),
1144 3410 1319 3465 in—l“).
1349 3411 1643 3463 Confessio
1682 3411 1813 3461 fidei
1840 3411 2137 3462 catholica:

542 3484 734 3544 (quam
776 3493 810 3533 a
854 3482 1069 3533 sanctis
1104 3482 1365 3533 Patribus
1407 3482 1737 3545 accepimus
1775 3486 1833 3532 et
1854 3481 1946 3545 pio
1972 3482 2140 3531 corde

540 3553 843 3613 credimus)
871 3554 1021 3603 beati
1046 3553 1379 3617 Hieronymi
1398 3554 1589 3604 verbis
1600 3565 1878 3616 expressa
1895 3566 1907 3613 ;
1922 3553 1980 3602 in
1995 3568 2141 3611 opere

541 3624 723 3675 Caroli
747 3624 932 3685 Magni
952 3624 1021 3673 de
1039 3624 1414 3686 Imaginibus,
1443 3623 1584 3675 libro
1610 3635 1696 3686 III,
1723 3636 1844 3687 cap.
1872 3624 1919 3676 1.
1954 3626 2141 3675 Prima

543 3696 719 3760 hujus
744 3694 929 3759 operis
954 3694 1128 3745 editio
1154 3695 1301 3745 facta
1317 3701 1406 3746 est
1430 3695 1486 3747 h.
1505 3708 1575 3754 a.,
1595 3695 1720 3746 loco
1742 3708 1877 3746 vero
1899 3694 2142 3745 occulta-

540 3773 616 3831 to,
640 3779 675 3818 a
700 3769 787 3817 Jo.
819 3765 960 3817 Tilio
1007 3765 1281 3817 Meldensi
1310 3767 1578 3831 episcopo
1599 3806 1613 3831 ,
1649 3767 1919 3818 simulato
1942 3766 2140 3817 itidem

541 3839 775 3891 nomine
800 3837 1032 3902 Etiphili
1049 3852 1062 3900 ;
1082 3838 1143 3888 in
1166 3851 1280 3902 qua
1298 3838 1425 3890 hmo
1449 3839 1734 3890 confessio
1758 3844 1950 3890 exstat
1972 3851 2137 3902 pagg.

539 3909 753 3965 291-97.
798 3912 1005 3961 Curata
1047 3914 1155 3971 est,
1207 3910 1415 3961 deinde
1455 3923 1576 3961 non
1618 3923 1735 3961 una
1771 3911 2075 3974 descriptio
2108 3923 2143 3959 a

542 3983 742 4035 Melch.
769 3980 1043 4033 Goldasto
1067 3986 1125 4033 et
1154 3981 1829 4033 Phil.Pareo.Novissima
1854 3988 1940 4033 est
1957 3982 2138 4032 Christ.

543 4059 690 4119 Aug.
726 4053 1051 4104 Heumanni
1076 4054 1454 4113 Hannoveraa,
1482 4053 1639 4117 1731,
1664 4054 1820 4117 in-8’,
1848 4054 1945 4105 ubi
1967 4054 2061 4105 hic
2085 4053 2143 4104 li-

544 4126 727 4178 bellus
757 4129 951 4177 exstat
992 4137 1158 4188 pagg.
1205 4123 1426 4179 259-64.
1476 4125 1604 4187 Sed,
1639 4126 1794 4188 quod
1821 4126 2039 4187 mirere,
2068 4140 2141 4178 ne

541 4199 782 4251 verbum
817 4196 1049 4259 quidem
1069 4196 1143 4247 ad
1166 4197 1435 4248 eumdem
1459 4198 1686 4248 monuit
1711 4198 1909 4249 editor.

604 4268 729 4323 15...
750 4270 966 4331 Romae,
998 4267 1183 4319 in-fol.
1214 4268 1551 4332 Explanatio
1577 4269 1823 4334 symboli
1847 4270 1921 4320 ad
1947 4271 2147 4321 Dama-

544 4353 694 4400 sum,
746 4340 808 4390 in
854 4339 1135 4403 Operibus
1182 4339 1511 4405 Hieronymi
1552 4341 1641 4393 ed.
1696 4341 1853 4393 Marii
1892 4342 2143 4404 Victorii,

544 4418 701 4465 tomo
748 4413 846 4475 XI,
889 4412 1045 4475 episl.
1096 4410 1181 4465 17.
1230 4411 1289 4462 in
1339 4414 1619 4478 exemplis
1650 4413 2066 4466 Parisiensibus
2090 4426 2141 4465 a.

552 4485 704 4548 1643,
729 4495 857 4548 pag.
889 4482 975 4539 60.

1798 398 2140 448 PELAGIUS
2174 396 2601 448 BRITANNUS.

3717 400 3849 454 1164

2253 511 2515 560 Annalib.
2542 510 2615 560 ad
2658 521 2751 560 an.
2778 508 2901 572 417,
2928 509 3137 559 Zosimi
3164 521 3325 573 papa:
3350 509 3375 563 1
3402 524 3416 572 ;
3443 512 3504 561 in
3533 511 3675 561 edit.
3704 512 3851 561 Man-

2246 584 2643 709 ῗόεέἒτῖοὲιαοω
2691 580 2866 644 1741),
2918 583 3072 632 torno
3116 581 3235 644 Vll,
3260 595 3420 634 num.
3445 580 3639 642 31-36.
3679 594 3847 646 pagg.

2865 751 3015 801 Sza'o.
3068 760 3218 802 xvu.

2306 840 2463 895 1663.
2532 839 2863 890 Parisiis.....
2915 837 3052 891 in-8°
3109 840 3194 889 J0.
3258 839 3497 889 Launoii
3564 842 3850 894 Constan-

2245 913 2461 973 liensis,
2473 910 2807 962 Parisiensis
2821 909 3420 972 theologi,dissertatio
3433 911 3504 963 de
3518 927 3638 961 vero
3647 921 3847 961 auctore

2243 982 2623 1036 Professionis
2669 980 2820 1043 lidei,
2846 992 2979 1043 quae
3009 980 3253 1044 Pelagio,
3281 981 3633 1046 Hieronymo
3649 988 3711 1035 et
3735 987 3847 1036 Au-

2244 1056 2475 1121 gustino
2502 1052 2673 1104 tribui
2696 1051 2859 1103 solet.
2878 1053 2943 1102 In
2975 1052 3064 1103 ed.
3092 1052 3340 1116 Operum
3361 1054 3489 1116 ejus
3519 1055 3849 1108 Coloniensi

2246 1126 2405 1183 1731,
2436 1128 2627 1176 exstat
2655 1128 2808 1174 tomo
2828 1124 2896 1185 II,
2923 1128 3081 1185 parte
3103 1135 3165 1185 II,
3192 1136 3358 1189 pagg.
3383 1123 3634 1180 305-324.

2309 1196 2461 1252 1673.
2498 1194 2748 1255 Parisiis,
2784 1194 2934 1257 apud
2968 1194 3081 1244 Seb.
3107 1196 3274 1244 Marc.
3316 1196 3623 1260 Cramoisy,
3647 1197 3842 1248 in-l'ol.

2246 1267 2543 1321 Confessio
2567 1279 2670 1318 seu
2692 1264 2920 1317 libellus
2946 1264 3077 1317 fidei
3100 1278 3135 1317 a
3156 1266 3380 1331 Pelagio
3406 1281 3477 1319 ex
3491 1267 3733 1321 Oriente
3752 1271 3847 1319 Ro-

2244 1352 2401 1392 mam
2425 1339 2644 1390 missus
2673 1337 2746 1389 ad
2771 1336 2966 1389 sedem
2987 1338 3393 1402 apostolicam;
3418 1339 3477 1389 in
3495 1341 3585 1391 Jo.
3608 1343 3843 1389 Garnerii

2244 1408 2748 1463 dissertationibus
2776 1408 2846 1458 ad
2872 1408 3006 1459 Mar.
3037 1410 3365 1461 Mercatoris
3389 1421 3578 1474 Opera,
3609 1410 3840 1461 dissert.

2244 1483 2297 1543 5,
2322 1495 2453 1546 qua:
2477 1486 2566 1533 est
2588 1481 2649 1530 de
2673 1479 2910 1541 Libellis,
2934 1479 3060 1542 ﬁdei
3083 1480 3238 1530 editis
3262 1497 3297 1530 α
3316 1481 3649 1546 Pelagianis,
3668 1495 3838 1547 pagg.

2308 1624 2614 1677 Garnerius
2649 1635 2791 1674 usus
2816 1627 2906 1674 est
2932 1622 2993 1673 in
3015 1622 3124 1674 hoc
3147 1622 3336 1674 libello
3369 1624 3839 1688 repraesentando

2244 1696 2573 1761 apographo
2590 1694 2801 1745 codicis
2813 1693 3037 1757 antiqui
3050 1695 3107 1744 P.
3123 1693 3691 1760 Sirmondi,ejusdem
3712 1698 3835 1744 haud

2163 1780 2216 1852 B
2242 1770 2411 1850 άυΡίθ
2436 1780 2618 1852 quem,
2633 1768 2705 1852 a1?
2725 1765 3638 1852 8.9d??‘,.‘?°919949‘33¥999°De.”
3640 1772 3839 1852 39‘?”

2239 1841 2425 1891 noius.
2452 1842 2577 1902 Ipse
2600 1843 2814 1900 autem,
2835 1840 2897 1888 ut
2912 1837 3216 1889 Garnerius
3240 1838 3505 1901 affirmat,
3523 1851 3631 1890 sua
3661 1850 3836 1889 manu

2241 1911 2592 1974 descriptum
2605 1909 2870 1960 editurus
2898 1912 3036 1971 erat,
3061 1908 3313 1960 nisieum
3332 1910 3726 1973 pmverlisset
3741 1910 3836 1960 Ba-

2241 1981 2456 2032 ronius.
2515 1982 2919 2031 Correctiorem
2953 1983 3147 2030 tamen
3191 1979 3482 2043 aliquanto
3522 1980 3838 2031 Baroniana

2242 2052 2483 2103 lectione
2498 2052 2643 2101 hane
2657 2063 2823 2101 suam
2836 2050 3228 2102 recensionem
3238 2064 3367 2102 esse
3379 2053 3646 2111 pollicetur
3658 2052 3832 2099 editor.

2240 2125 2376 2174 Tres
2401 2127 2597 2173 autem
2624 2122 2775 2172 illius
2799 2127 2989 2185 partes
3006 2121 3154 2185 fecit,
3179 2134 3423 2185 quarum
3437 2125 3651 2183 primum
3673 2122 3837 2171 Theo—

2242 2195 2501 2258 logieam,
2552 2193 2790 2244 alteram
2846 2193 3266 2255 Economicam,
3316 2194 3541 2245 tertiam
3581 2194 3833 2243 Ethicam

2240 2266 2404 2327 dixit,
2432 2268 2821 2327 praetereaque
2843 2265 3097 2317 numeris
3113 2266 3432 2317 sectionum
3443 2264 3530 2319 “26.
3546 2264 3831 2316 distinxit.

2240 2336 2544 2387 Contendit
2577 2336 2843 2386 eumdem
2872 2336 3079 2388 deinde
3108 2349 3276 2401 pagg.
3302 2334 3538 2392 309-311
3567 2349 3701 2389 cum
3722 2339 3835 2389 (ἓως

2241 2408 2390 2458 lestii
2438 2406 2720 2470 symbolo,
2770 2407 2925 2470 quod
2961 2408 3249 2472 integrum
3271 2408 3409 2460 item
3435 2408 3543 2459 sibi
3561 2408 3724 2460 visus
3745 2414 3831 2459 est

2242 2479 2429 2529 edere.
2457 2480 2631 2529 Notas
2648 2478 2822 2529 etiam
2835 2479 3137 2539 addidit,in
3153 2480 3366 2544 quibus
3381 2492 3578 2531 verum
3590 2492 3825 2531 sensum

2240 2550 2703 2614 uniuscujusque
2728 2554 2846 2602 tam
2875 2556 3137 2615 apertum
3161 2563 3336 2616 quam
3366 2555 3578 2604 tectum
3608 2552 3822 2616 aperire

2240 2622 2484 2674 studuit.

2862 2722 3013 2773 δΕΟ.
3044 2734 3215 2774 XXlII.

2302 2816 2459 2873 1705.
2487 2818 2715 2868 London
2733 2818 2955 2884 printed
2977 2819 3042 2885 by
3078 2820 3115 2869 I.
3144 2821 3414 2885 Downing
3438 2822 3527 2885 for
3545 2821 3606 2872 R.
3639 2822 3825 2885 Symp-

2234 2905 2349 2954 son,
2376 2896 2509 2954 etc.,
2532 2891 2696 2943 in-8o.
2726 2891 3041 2956 Pelagius’s
3066 2892 3241 2944 Creed
3269 2897 3399 2944 sent
3420 2892 3559 2946 with
3582 2905 3617 2943 a
3646 2894 3828 2943 Letter

2236 2961 2568 3025 (fragmenta
2589 2962 2911 3025 litterarum)
2934 2968 2990 3015 to
3014 2966 3164 3028 Pope
3190 2966 3465 3015 Innocent
3487 2965 3590 3015 but
3614 2964 3825 3027 ﬁnding

2237 3032 2353 3083 him
2392 3032 2557 3097 dead,
2620 3034 2936 3085 translated
2979 3035 3094 3085 and
3117 3035 3433 3086 illustrated
3459 3036 3533 3098 by
3577 3035 3654 3086 W.
3692 3035 3823 3082 Wall

2236 3104 2410 3168 (vicar
2432 3104 2492 3155 in
2516 3104 2838 3156 Shoreham
2866 3105 2927 3155 in
2945 3107 3147 3169 Kent);
3176 3106 3235 3157 in
3256 3106 3383 3168 ejus
3408 3107 3626 3170 History
3651 3106 3715 3167 of
3736 3107 3819 3154 1η-

2234 3176 2640 3238 fani-Baptism.
2672 3181 2816 3240 part.
2864 3189 2902 3227 1.
2951 3190 3073 3241 cap.
3111 3176 3197 3241 19,
3242 3178 3275 3241 §
3299 3176 3365 3231 ‘29
3390 3182 3445 3229 et
3478 3177 3562 3231 30.
3587 3190 3679 3242 pp.
3705 3176 3815 3230 249.

2237 3246 2358 3301 263.
2388 3248 2585 3300 Notior
2608 3250 2919 3312 praeclarus
2946 3248 3039 3300 hic
3063 3249 3205 3300 liber
3227 3249 3484 3301 redditus
3507 3253 3597 3301 est
3616 3250 3675 3300 in
3698 3254 3818 3300 Cer~

2240 3319 2447 3382 mania,
2471 3332 2540 3370 ex
2569 3332 2683 3383 quo
2706 3321 2872 3372 Joan.
2898 3320 3119 3373 Ludov.
3147 3320 3510 3372 Schlosserus
3531 3334 3662 3373 eum
3686 3321 3822 3372 idio-

2240 3396 2391 3442 mate
2414 3390 2592 3442 latino
2627 3391 2866 3444 donavit
2888 3396 2947 3444 et
2980 3392 3190 3443 excudi
3216 3392 3349 3444 fecit
3370 3392 3596 3444 duobus
3634 3392 3822 3444 itidem

2238 3463 2627 3515 voluminibus
2656 3464 2817 3516 ἰπὶ-4η.
2846 3466 3066 3516 Bremte
3098 3464 3253 3527 1748,
3278 3466 3337 3515 in
3371 3477 3616 3528 quorum
3650 3465 3823 3530 primo

2239 3548 2405 3598 pagg.
2434 3533 2662 3589 372-391
2693 3536 2815 3599 ipse
2843 3537 3037 3587 textus
3060 3536 3234 3599 hujus
3272 3548 3397 3600 sym
3410 3536 3537 3600 boli,
3561 3536 3822 3601 adjuncta

2240 3608 2498 3658 versione
2522 3606 2779 3669 Anglica,
2803 3608 2956 3658 notis
2982 3613 3179 3658 autem
3207 3607 3394 3659 Wallii
3437 3608 3637 3660 Latine
3654 3608 3821 3659 textui

2240 3678 2434 3730 statim
2449 3678 2745 3741 subjectis,
2765 3684 2823 3730 et
2838 3680 3115 3743 appositis
3128 3680 3185 3729 in
3202 3681 3315 3730 imo
3332 3680 3586 3745 margine
3608 3680 3820 3732 Schlos-

2242 3751 2351 3801 seri
2382 3751 3000 3814 animadversionibus,
3028 3753 3351 3804 exhibetur.

2303 3822 2460 3876 1706.
2508 3823 2743 3871 Parisiis
2787 3823 2938 3888 apud
2979 3824 3180 3873 Ludov.
3208 3823 3500 3875 Roulland.
3525 3823 3697 3876 in-fol.
3725 3825 3818 3875 Ex-

2240 3895 2493 3961 planatio
2521 3896 2774 3960 Symboli
2797 3897 2866 3947 ad
2894 3898 3238 3955 Damasum;
3258 3899 3318 3948 in
3344 3900 3496 3948 tomo
3517 3897 3566 3947 V
3583 3896 3817 3961 Operum

2241 3968 2595 4031 Hieronymi,
2630 3970 2718 4019 ed.
2770 3968 3102 4031 Martianaai,
3142 3982 3195 4033 p.
3234 3967 3336 4023 1‘22
3367 3981 3453 4032 sq.
3494 3969 3621 4021 Non
3642 3980 3816 4033 opera:

2241 4039 2492 4103 pretium
2540 4040 2709 4091 duxit
2732 4040 3103 4093 Martianmus
3136 4042 3406 4094 lectorem
3424 4039 3727 4093 admonere
3757 4039 3816 4090 de

2241 4118 2475 4165 auctore
2488 4112 2662 4176 hujus
2681 4112 2941 4176 symboli,
2956 4113 3070 4164 imo
3088 4114 3308 4164 Erasmi
3323 4124 3640 4174 censuram,
3659 4124 3815 4176 quam

2240 4187 2374 4238 huic
2405 4189 2462 4236 et
2486 4186 2717 4249 reliquis
2735 4186 3017 4248 symbolis
3041 4197 3173 4248 quae
3197 4186 3255 4236 in
3279 4186 3617 4249 Hieronymo
3632 4198 3813 4237 occur-

2243 4262 2379 4310 runt
2404 4256 2776 4321 praamiserat,
2804 4260 3056 4320 repetere
3083 4258 3222 4308 satis
3243 4258 3462 4309 habuit.

2308 4328 2464 4384 i742.
2502 4328 2713 4377 Veronae
2757 4328 2935 4380 in—fol.
2962 4329 3296 4394 Explanitio
3326 4327 3579 4394 Symboli
3618 4327 3692 4380 ad
3713 4330 3809 4379 Da-

2242 4413 2502 4463 masum;
2527 4400 2587 4451 in
2611 4401 2697 4450 ed.
2735 4402 2985 4466 Operum
3013 4401 3380 4463 Vallarsiana,
3406 4405 3559 4452 torno
3578 4403 3663 4465 XI,
3687 4406 3811 4466 part.

2246 4488 2306 4537 ιι,
2333 4487 2499 4538 pagg.
2528 4472 2775 4532 146-150,
2800 4474 2859 4525 in
2900 4473 2989 4525 ed.
3020 4476 3237 4526 Veneta
3255 4473 3450 4537 (1771),
3484 4473 3640 4538 ibid.,
3667 4486 3814 4539 pagg.

609 4546 765 4611 1592?.
812 4546 1029 4617 Romm,
1079 4554 1255 4606 in-fol.
1286 4556 1536 4608 Libellus
1560 4557 1693 4609 fidei
1722 4557 1927 4620 Pelagii
1953 4557 2025 4608 ad
2050 4559 2143 4609 In-
2172 4597 2224 4620 η
2248 4550 2496 4606 902-205.
2526 4548 2833 4601 Preemissa
2860 4553 2952 4600 est
2972 4548 3459 4613 admonitiojusta
3477 4552 3536 4600 et
3563 4548 3694 4600 huic
3708 4546 3815 4599 loco

547 4629 880 4683 nocentium
895 4597 1029 4679 cuni
1044 4627 1284 4691 epistola
1303 4629 1699 4685 transmissus,
1714 4629 1773 4679 in
1785 4597 1925 4680 ϐεδε.
1942 4631 2144 4678 Baronii
2172 4597 2227 4670 D
2249 4630 2399 4688 apta.
3301 4597 3321 4613 ’
3618 4656 3621 4659 ›

551 4813 879 4827 m

1314 4967 1622 5133 EX
1649 4967 2791 5136 POSITION
2805 4968 3090 5135 ES

925 5302 1098 5443 IN
1202 5296 2127 5443 EPISTOLAS

2240 5295 2837 5447 SANCTI
2929 5299 3454 5443 PAULI.

555 5566 865 5649 (Exeusm
926 5569 1079 5630 sunt
1149 5565 1255 5628 hae
1319 5561 1796 5644 Expositiones
1856 5561 1920 5623 in
1979 5560 2365 5641 Appendice
2425 5564 2507 5627 ad
2561 5566 2775 5631 sancti
2838 5565 3218 5648 Hieronymi
3280 5566 3519 5647 Opera,
3588 5564 3800 5629 Patrol.

1810 5663 1967 5720 inin.
2024 5658 2211 5729 ΧΧΧ.
2267 5663 2395 5724 col.
2449 5660 2615 5743 615)
