3894 6418
599 589 1212 694 LIBELLUS
1281 603 1627 700 FIDEI
1694 614 1875 708 AD
1939 575 2842 727 INNOCENTIUM
2915 635 2986 729 Ι.

707 739 981 824 (Editus
1030 753 1138 814 est
1186 751 1294 818 hic
1343 754 1635 824 Libellus
1687 761 1936 830 Patrol.
1995 772 2129 834 tom
2181 771 2448 855 XLVIII,
2505 781 2635 845 col.
2689 783 2884 870 488.)

134 913 3440 986 _____________________

959 1049 1502 1128 EPISTOLA
1585 1060 1734 1130 AD
1809 1063 2640 1146 DEMETRIADEM.

119 1188 365 1276 (Hanc
411 1195 780 1279 Epistolam
831 1205 1082 1274 videsis
1131 1206 1306 1277 inter
1352 1213 1572 1296 Opera
1619 1223 1858 1286 sancto
1909 1222 2314 1308 Hieronymo
2363 1231 2710 1310 attributa,
2757 1235 3004 1304 Patrol.
3050 1245 3210 1308 tom.
3255 1244 3440 1348 XXX,

1671 1333 1920 1421 initio.)

126 1484 3432 1554 ____________________

1461 1617 1694 1682 OPUS
1734 1622 2105 1690 DUBIUM.

767 1775 1312 1858 EPISTOLA
1389 1785 1536 1856 AD
1607 1786 2242 1869 CELANTIAM
2315 1798 2778 1876 VIDUAM.

235 1923 460 2012 (Hanc
511 1933 726 2001 habes
777 1937 952 2004 inter
998 1939 1337 2023 Epistolas
1388 1947 1605 2014 sancti
1659 1948 2068 2035 Hieronymi,
2124 1955 2376 2024 Patrol.
2432 1963 2591 2026 tom.
2655 1963 2844 2044 XXII,
2899 1971 3032 2036 col.
3089 1971 3315 2062 1204.)

721 2200 985 2250 ονειυι
1029 2206 1368 2270 QUORUM
1407 2211 1911 2264 FRAGMENTA
1950 2218 2259 2268 rma!

1281 2209 1368 2256 ιιι
1407 2211 1911 2264 FRAGMENTA
1950 2218 2290 2268 τωυκ
2331 2224 2819 2276 επιεσκτ.

403 2343 1512 2475 ευσοιοαιλει
1649 2359 1912 2483 EX

1649 2359 1912 2483 EX
2041 2366 3109 2502 SCRIPTUBA.

1001 2534 1257 2624 (Adisis
1308 2542 1561 2610 Patrol.
1615 2549 1782 2613 tom.
1837 2549 2104 2632 XLVIII,
2150 2556 2283 2620 col.
2335 2556 2528 2646 593.)

1047 2795 1058 2803 .
1131 2701 1513 2799 LIBER
1583 2707 1752 2802 DE
1821 2711 2398 2814 NATURA.

1423 2853 1664 2942 (lbz'd.,
1719 2863 1852 2928 col.
1905 2861 2100 2952 598.)

1043 2991 1470 3087 LIBER
1561 2997 1754 3091 AD
1847 2999 2449 3103 VIDUAM.

1429 3141 1671 3232 (Ibz'd.,
1727 3149 1860 3214 col.
1903 3149 2099 3238 597.)

1075 3288 1622 3368 EPISTOLA
1686 3293 1838 3365 ΑΙ)
1910 3295 2388 3374 AMICUM.

1403 3423 1648 3514 (10221.,
1703 3430 1834 3495 col.
1887 3428 2083 3518 609.)

857 3569 1404 3647 EPISTOLA
1479 3573 1626 3646 AD
1702 3574 2446 3656 INNOCENTIUM
2518 3586 2588 3673 Ι,

773 3705 792 3716 ·
1393 3704 1636 3794 (Ibid,
1691 3711 1819 3775 col.
1875 3709 2072 3798 010.)

605 3851 1180 3949 EPISTOLA,
1259 3871 1374 3917 seu
1447 3853 2038 3930 CHARTULA
2099 3859 2863 3970 PURGATIONIS,

1171 3989 1276 4035 AD
1319 3989 1698 4036 κηποι-οη
1749 3989 2296 4041 Λυσιας-πωπω.

65 4095 332 4186 (Ibid,
373 4097 506 4162 col.
539 4097 694 4176 608,
735 4115 999 4166 necnon
1028 4095 1203 4166 inter
1231 4073 1451 4182 Opera
1480 4101 1696 4166 sancti
1725 4101 2103 4187 Augustini,
2141 4104 2396 4173 Patro].
2428 4113 2590 4176 tom.
2626 4111 2834 4194 XLIV,
2871 4118 3005 4184 col.
3039 4119 3171 4186 352
3199 4122 3383 4212 sqq.)
3537 4173 3552 4186 .

370 4245 855 4364 LIBRI
985 4247 1228 4366 DE
1347 4227 2014 4371 LIBEBO
2154 4238 3091 4390 .ABBITRIO.
3205 4363 3210 4367 .

484 4426 680 4516 (Quae
731 4434 1100 4514 supersunt
1147 4433 1374 4515 legere
1425 4435 1531 4499 est
1577 4433 1822 4501 Patro].
1879 4439 2041 4502 tom.
2096 4437 2365 4505 XLVIII.
2418 4444 2549 4508 col.
2601 4445 2724 4509 611
2782 4445 2969 4536 sqq.)

1140 4724 1402 4771 θυεμ
1451 4725 1768 4772 omo
1823 4726 2296 4777 DBPBRBI’I’A.

849 4834 1190 4932 LIBRI
1259 4835 1579 4931 TRES
1645 4835 1817 4930 DE
1882 4837 2605 4940 TRINITATE.

589 4984 926 5074 (Consule
975 4985 1372 5056 Garnerium
1421 4987 1600 5054 dicto
1647 4985 1897 5065 Patrol,
1951 4992 2112 5054 tom.
2164 4989 2432 5071 XLVIII,
2479 4997 2611 5062 col.
2667 4997 2865 5087 587.)

863 5132 1482 5209 EPISTOLA
1597 5135 1760 5208 AD
1881 5133 2565 5212 PAULINUM.

986 5266 1198 5357 (Vide
1246 5268 1640 5334 Garnorium
1682 5267 1795 5335 cit.
1849 5269 2008 5347 loc.,
2064 5271 2193 5334 col.
2247 5271 2441 5360 596.)

507 5415 1040 5492 EPISTOLA
1139 5415 1283 5487 AD
1388 5396 2153 5488 CONSTANTIUM
2257 5417 2908 5500 EPISCOPUM.

1241 5545 1452 5634 (Vide
1501 5548 1918 5629 Garnerium,
1975 5547 2182 5638 272221.)

669 5698 1198 5774 EPISTOLA
1246 5697 1395 5771 AD
1447 5695 1951 5772 SANCTUM
2007 5700 2751 5794 AUGUSTINUM,

542 5837 744 5904 POST
835 5834 1265 5902 ADVENTUM
1350 5833 1663 5899 PELAGII
1758 5833 1834 5898 IN
1921 5834 2446 5905 PALrESTlNAM
2541 5842 2872 5912 SCRIPTA

943 5946 1279 6040 ‘(Confer
1328 5948 1746 6028 Garnerium,
1801 5946 1998 6026 z‘bz’d.,
2053 5951 2183 6016 col.
2235 5951 2432 6041 606.)
