3894 6464
515 507 2056 516 ——————.___.——.___——__—i

513 513 2917 557 Wi
2159 555 2166 557 _
2205 513 3766 557 __—___—___——_————I

545 546 2395 557 __—__—_______’,,

1848 693 2075 741 EODEM
2117 690 2428 739 TEMPORE
2438 722 2450 733 .

571 870 1842 1099 JULIANUS
2070 859 3714 1093 ECLANENSIS

1436 1202 2033 1329 EPISCOPUS
2132 1197 2849 1327 PELAGIANUS.

1627 1397 2702 1439 *Μ’-

765 1582 990 1728 DE
1131 1574 1523 1723 VITA
1669 1571 1876 1717 ET
2022 1560 2768 1712 SCRIPTIS
2905 1561 3532 1710 JULIANI

1829 1783 2407 1891 miserrimis
2430 1860 2455 1900 .

1496 2000 2011 2096 Auctore
2141 1988 2776 2088 Garnerio.

1319 2188 1520 2277 (Vz'd.
1574 2185 1826 2253 Patrol.
1881 2185 2041 2248 tom.
2095 2178 2371 2257 XLVIII,
2427 2179 2559 2245 col.
2609 2177 2741 2243 286
2793 2176 2982 2269 sqq.)

966 2521 1518 2628 OPERUM
1646 2514 2506 2634 EDITIONUMQ
2531 2512 2692 2616 UE
2810 2510 3327 2618 JULIANl

1724 2720 2569 2834 BECENSIO,
2670 2874 2673 2877 Ι

1286 2907 1895 3007 AUGTORE
2000 2903 3034 3001 SCHCENEMANNO

1405 3086 1741 3151 (Bibliotheca
1777 3085 1973 3132 Patrum
2010 3084 2298 3131 Latinorum
2335 3080 2881 3142 historico-litterario.)

1085 3351 1118 3414 §
1152 3352 1194 3401 l.
1247 3350 1519 3403 SCRIPTA.

566 3496 651 3546 Ex
674 3493 963 3556 omnibus,
989 3491 1059 3543 de
1079 3490 1293 3555 quibus
1310 3493 1465 3542 certo
1482 3491 1711 3540 constat
1732 3485 1947 3538 Juliani
1966 3484 2107 3537 scri-

507 3563 866 3629 ptis,nullum
881 3564 1174 3626 integrum
1186 3562 1260 3629 ad
1272 3573 1381 3612 nos
1398 3559 1681 3629 pervenit,
1698 3562 1782 3607 sed
1796 3557 2109 3621 fragmenta

510 3628 736 3687 tantum
758 3645 876 3685 non
902 3630 1216 3683 admodum
1239 3628 1428 3680 lacera
1442 3628 1675 3691 quidem
1692 3632 1751 3678 et
1772 3638 1897 3678 rara
1922 3631 2109 3677 trans-

511 3706 686 3757 missa
698 3707 852 3755 sunt.
871 3701 998 3753 Alia
1010 3701 1172 3765 plane
1183 3701 1525 3750 interierunt.
1540 3702 1675 3750 Sunt
1684 3704 1850 3747 autem
1866 3698 2111 3762 genuina

509 3788 755 3841 quorum
781 3775 1104 3838 fragmenta
1124 3775 1227 3824 aut
1256 3772 1503 3836 vestigia
1519 3769 1721 3822 saltem
1745 3774 1980 3841 restant.

574 3850 623 3903 1.
659 3846 906 3912 Epistota
944 3846 1017 3894 ad
1049 3844 1330 3893 Zosimum
1362 3845 1564 3907 prima,
1589 3842 1758 3906 cujus
1778 3840 1940 3912 solus
1961 3841 2109 3912 Mer-

510 3922 665 3972 cator
688 3910 971 3981 meminit,
994 3916 1052 3967 et
1075 3915 1254 3967 verba
1277 3914 1763 3965 Subnotationum
1776 3911 1920 3962 libro
1931 3924 1978 3962 c.
1997 3910 2030 3965 6
2052 3916 2109 3962 et

508 3993 540 4045 9
556 3990 818 4052 inseruit,
834 4001 869 4040 a
878 3989 907 4038 J
914 4002 951 4039 u
960 3988 1107 4038 liano
1120 3990 1307 4037 tamen
1320 3998 1420 4049 pro
1438 3986 1562 4036 suis
1580 3984 1777 4049 agnita
1789 3987 1877 4046 (a).
1891 3984 2110 4034 Garne-

509 4064 627 4114 rius
647 4062 709 4112 in
730 4061 844 4112 ﬂne
869 4057 1292 4109 dissertationis
1315 4057 1536 4120 quintae
1550 4060 1621 4106 ad
1637 4057 1877 4105 Marium
1900 4056 2111 4105 Merca-

512 4142 713 4196 torem,
730 4136 767 4183 t.
785 4134 830 4194 I,
846 4143 973 4196 pag.
992 4128 1097 4183 333
1110 4142 1219 4192 sq.,
1238 4141 1305 4181 ea
1315 4127 1656 4192 composuit,
1676 4126 1898 4177 innotis
1909 4140 2110 4186 quoque

507 4207 579 4258 ad
617 4204 851 4256 laudata
885 4203 1371 4253 Subnotationum
1407 4198 1533 4250 loca
1556 4196 1997 4261 comparandus.
2024 4198 2109 4248 Ex

509 4280 550 4343 ej
560 4290 629 4330 us
647 4274 939 4328 sententia
953 4275 1168 4337 scripta
1183 4273 1293 4323 fuit
1306 4284 1399 4343 an.
1413 4269 1775 4343 417,_cir_citer
1788 4276 2108 4343 autumnum,

568 4347 620 4402 2.
654 4345 899 4413 Epistola
942 4344 1249 4394 communis
1270 4342 1319 4391 ei
1341 4355 1460 4390 cum
1494 4339 1752 4413 plurimis
1785 4340 2105 4413 (octodecim)

507 4411 820 4483 Pelagianis
839 4416 1116 4481 episcopis,
1142 4428 1311 4479 quam
1340 4412 1768 4462 Thessalonicam
1785 4412 1876 4472 (ad
1902 4411 2109 4474 Rufum

508 4490 831 4556 episcopum)
855 4489 1138 4537 miserunt.
1158 4486 1249 4537 Sic
1272 4485 1640 4556 Augustinus
1652 4485 1886 4534 denotat
1897 4484 2109 4547 episto-

510 4554 643 4627 lam,
666 4554 841 4626 quam
853 4561 913 4612 in
937 4557 1215 4623 singulari
1235 4568 1404 4627 opere
1426 4567 1490 4605 1v
1513 4554 1789 4606 librorum
1812 4556 1883 4606 ad
1910 4557 2110 4627 Bonifa-

509 4625 660 4685 cium
676 4625 1011 4697 episcopum
1032 4631 1355 4680 Romanum
1371 4625 1588 4677 directo
1600 4627 1847 4677 refutare
1865 4626 2107 4689 studuit,

508 4707 565 4756 in
580 4716 823 4769 quorum
837 4703 1019 4754 tribus
1040 4699 1453 4765 posterioribus
1468 4699 1642 4749 etiam
1667 4697 1988 4768 fragmenta
1998 4700 2109 4757 ejus

508 4776 887 4840 reperiuntur,
914 4786 950 4824 a
976 4772 1249 4825 Garnerio
1289 4770 1522 4834 ibidem,
1567 4770 1666 4820 ubi
1691 4770 2105 4831 antecedentia,

508 4848 744 4900 collecta
766 4851 825 4897 et
846 4845 920 4897 ad
943 4844 1187 4898 formam
1214 4843 1515 4907 pristinam
1549 4840 1792 4905 digesta.

567 4918 617 4974 3.
654 4918 803 4968 Libri
831 4917 855 4965 1
869 4916 912 4966 V
928 4916 1001 4965 ad
1022 4914 1380 4964 Turbantium
1401 4913 1729 4977 episcopum,
1754 4912 2009 4961 adversus
2032 4911 2102 4961 li-

504 4991 660 5040 brum
681 4990 927 5055 primum
938 4986 1233 5055 Augustini
1249 4985 1312 5034 de
1328 4984 1787 5049 Concupiscentia.
1805 4985 2101 5048 Scriptian.

503 5053 740 5116 ineunte
761 5060 888 5122 419,
907 5062 1008 5112 aut
1036 5053 1145 5109 sub
1161 5056 1538 5123 praicedentis
1559 5057 1797 5108 exitum.
1811 5060 2103 5117 Fragmenta

503 5147 702 5187 eorum
738 5134 1051 5196 supersunt
1074 5130 1131 5181 in
1164 5130 1346 5181 tribus
1377 5130 1690 5193 Augustini
1711 5128 2013 5193 operibus;
2042 5127 2103 5178 in

507 5207 647 5258 libro
663 5217 706 5256 n
724 5203 796 5255 de
818 5204 1064 5267 Nuptiis,
1086 5204 1143 5253 in
1160 5201 1320 5253 libris
1336 5214 1439 5253 sex
1451 5206 1653 5253 contra
1667 5203 1695 5251 J
1705 5202 1963 5251 ulianum
1974 5200 2103 5250 etin

505 5277 686 5341 Opere
698 5277 1043 5340 imperfecto.
1059 5277 1138 5325 Re
1143 5274 1439 5338 periuntur
1448 5287 1521 5324 au
1529 5278 1644 5324 tem
1655 5274 2101 5335 magnaqatedam

503 5360 575 5399 ex
600 5348 746 5399 libro
781 5350 966 5411 primo
994 5359 1171 5410 parva
1193 5358 1266 5397 ex
1309 5344 1543 5408 reliquis
1566 5343 1815 5394 duobus.
1848 5341 2101 5393 Primum

505 5420 658 5471 enim
682 5418 1004 5471 confutavit
1018 5418 1376 5482 Augustinus
1398 5416 1543 5467 libro
1561 5426 1668 5465 suo
1693 5424 1735 5464 ti
1761 5414 1832 5465 de
1858 5414 2101 5477 Nuptiis,

502 5490 696 5543 relatis
705 5490 982 5543 Verbatim
1007 5502 1215 5555 quaacu
1223 5499 1393 5552 mque
1408 5486 1743 5539 continebat
1757 5484 2016 5537 chartula
2027 5497 2102 5536 ex

562 5664 631 5726 (a)
648 5663 837 5716 Minus
852 5668 1115 5716 accurate
1125 5661 1251 5714 haec
1270 5658 1442 5712 tradit
1457 5661 1647 5710 Caveus
1663 5660 1737 5725 (T.
1756 5659 1798 5722 1,
1817 5674 1878 5725 p.
1902 5656 2004 5713 407
2017 5660 2097 5711 ed.

502 5735 651 5785 Oxon
661 5775 673 5787 .
688 5737 829 5799 nov.)
838 5773 851 5799 ,
870 5737 1008 5786 duas
1027 5745 1490 5786 commemorans
1501 5733 1720 5783 Juliani
1733 5733 1806 5784 ad
1817 5733 1862 5781 Ζ
1865 5733 1943 5782 osi
1948 5747 2099 5782 mum

498 5806 760 5869 epistolas,
794 5822 932 5871 quas
964 5807 1304 5871 Augustinus
1328 5805 1479 5854 libris
1498 5811 1735 5870 quatuor
1756 5805 1829 5854 ad
1862 5805 2098 5867 Bonifa-

498 5876 643 5924 cium
665 5878 976 5939 refutaverit
986 5893 1003 5938 ;
1021 5886 1067 5927 et
1089 5881 1326 5938 deinceps
1353 5894 1364 5926 :
1389 5878 1480 5927 Ex
1496 5878 1582 5927 his
1604 5877 1831 5927 alteram
1843 5892 1949 5928 esse
1959 5883 2101 5927 octo-

501 5945 666 6015 decim
681 5949 1051 6013 episcoporum
1076 5948 1387 6000 Siculorum
1409 5950 1631 5999 nomine
1654 5950 1913 6015 scriptam
1942 5956 1987 5999 et
2004 5950 2098 6002 Li-

504 6014 712 6068 bellum
732 6018 863 6071 tidei
887 6020 1125 6071 inscribi.
1166 6024 1285 6073 Imo
1309 6033 1482 6089 quam
1508 6022 1691 6087 primo
1714 6014 1857 6076 libro
1887 6022 2098 6075 refutat

2213 3343 2320 3394 hoc
2336 3342 2464 3405 ipso
2476 3340 2621 3391 libro
2635 3339 2817 3404 primo
2826 3345 3095 3405 excerpta
3106 3339 3397 3393 etValerio
3408 3342 3608 3394 comiti
3618 3346 3789 3404 oblata,

2209 3418 2384 3477 atque
2406 3424 2506 3476 per
2519 3410 2787 3475 Alypium
2810 3412 3138 3476 Augustino
3150 3412 3360 3474 missa;
3387 3423 3503 3476 qua
3518 3425 3594 3465 ex
3604 3414 3793 3467 charta

2207 3485 2376 3535 etiam
2404 3483 2837 3546 inscriptionem
2862 3481 3139 3534 librorum
3160 3483 3455 3535 novimus:
3483 3488 3686 3536 Contra
3697 3502 3791 3548 eos,

2208 3556 2305 3618 qui
2326 3554 2566 3618 Nuptias
2597 3554 2885 3613 damnant,
2906 3559 2951 3602 et
2974 3554 3183 3617 fructus
3213 3568 3402 3603 earum
3426 3554 3639 3606 diabolo
3665 3561 3794 3608 assi-

2206 3629 2399 3689 gnant.
2416 3627 2501 3675 Ex
2511 3623 2669 3675 libris
2689 3636 2794 3676 sex
2817 3629 3018 3676 contra
3037 3624 3330 3678 Julianum
3356 3632 3606 3690 quatuor
3618 3636 3796 3693 poste-

2206 3697 2386 3748 riores
2416 3696 2497 3747 ita
2518 3700 2783 3760 pugnant
2813 3708 2947 3747 cum
2994 3701 3239 3759 quatuor
3276 3697 3492 3749 Juliani
3534 3698 3719 3765 libris,
3736 3708 3797 3753 ut

2206 3780 2324 3820 non
2339 3770 2562 3819 tantum
2584 3766 2715 3817 libri
2738 3766 2919 3830 libris,
2946 3767 3049 3819 sed
3072 3769 3259 3832 capita
3272 3780 3502 3833 quoque
3518 3772 3795 3836 capitibus

2206 3838 2602 3903 respondeant.
2636 3839 2887 3909 (Garner.
2906 3839 2967 3887 in
2998 3840 3138 3903 App.
3174 3840 3248 3889 ad
3277 3840 3403 3891 diss.
3427 3840 3459 3895 6
3504 3842 3567 3891 de
3587 3844 3797 3909 scriptis

2203 3925 2306 3976 pro
2332 3910 2514 3959 haeresi
2530 3910 2731 3974 Pelag.,
2754 3908 2969 3974 p.388.)
2996 3912 3078 3963 De
3099 3911 3339 3965 historia
3363 3924 3561 3965 eorum
3589 3918 3654 3967 in
3676 3908 3798 3981 ipsa

2210 3984 2436 4034 dissert.
2463 3982 2495 4035 6
2516 3994 2645 4046 pag.
2669 3981 2773 4036 349
2796 3985 3021 4034 tractat.

2273 4053 2323 4108 4.
2379 4052 2535 4103 Liber
2587 4055 2649 4103 de
2702 4054 3011 4103 constantis:
3077 4053 3211 4104 bono
3270 4061 3461 4106 contra
3508 4052 3797 4124 perﬁdiam

2206 4125 2514 4187 Manichaei,
2550 4124 2718 4188 cujus
2743 4125 3065 4189 fragmenta
3096 4125 3314 4189 aliquot
3337 4130 3594 4181 servavit
3625 4132 3799 4183 Beda.

2206 4198 2463 4321 Segiptus
2505 4196 2629 4259 fuit,
2660 4195 2857 4271 judice
2879 4200 3167 4262 Garnerio,
3200 4204 3334 4262 post
3354 4200 3753 4262 expulsionem
3774 4216 3802 4255 e

2208 4282 2270 4321 se
2313 4281 2345 4320 e
2376 4280 2498 4320 sua.

2208 4280 2345 4321 sede
2376 4280 2498 4320 sua.

2269 4340 2319 4401 5.
2350 4340 2501 4389 Libri
2527 4343 2638 4388 octo
2656 4337 2737 4388 ad
2750 4340 2950 4403 ﬂorum
2984 4339 3452 4409 (Beneventanum)
3488 4345 3801 4411 episcopum

2208 4412 2462 4461 adversus
2503 4410 2798 4459 secundum
2822 4410 3021 4460 librum
3064 4412 3362 4476 Augustini
3404 4416 3466 4464 de
3507 4410 3742 4481 Nuptiis
3765 4424 3806 4466 ct

2207 4483 2652 4547 concupiscentia.
2690 4482 2909 4547 Scripti,
2960 4487 3028 4535 ut
3073 4484 3378 4537 Garnerius
3401 4490 3729 4551 contendit,
3753 4490 3809 4540 in

2207 4556 2413 4616 Cilicia,
2440 4552 2543 4605 sed
2564 4552 2838 4618 publicati
2866 4556 3101 4605 demum
3124 4555 3273 4607 circa
3294 4567 3507 4609 annum
3533 4558 3668 4624 426,
3694 4573 3809 4625 quo

2207 4640 2280 4679 ex
2292 4626 2671 4679 Italiaiterum
2682 4626 3233 4690 Constantinopolim
3243 4628 3461 4692 fugisse
3470 4642 3609 4682 eum
3622 4634 3809 4697 tingit.

2206 4700 2468 4762 Quinque
2480 4700 2695 4763 priores
2710 4698 2857 4760 libri,
2869 4703 2973 4750 aut
2982 4699 3155 4751 etiam
3168 4712 3271 4751 sex
3286 4703 3465 4763 integri
3484 4706 3745 4753 habentur
3761 4708 3809 4752 in

2132 4754 2186 4828 Β
2207 4754 2393 4834 Opere
2400 4754 2731 4833 imperfecto
2742 4754 3053 4833 Augustini
3068 4776 3266 4822 contra
3282 4754 3600 4825 secundam
3611 4777 3639 4822 J
3646 4778 3811 4824 uliani

2205 4844 2658 4907 responsionem.
2682 4842 2899 4893 Pendet
2915 4854 3046 4893 vero
3063 4844 3436 4907 superstitum
3444 4856 3740 4898 numerus
3754 4851 3813 4895 ab

2203 4917 2330 4980 ipsa
2340 4913 2653 4978 Augustini
2668 4913 2854 4978 operis
2868 4913 3265 4978 descriptione,
3277 4927 3445 4980 super
3455 4928 3569 4981 qua
3587 4919 3813 4983 Vigne-

2205 4988 2271 5038 rii
2296 4987 2639 5037 sententiam
2656 4985 2870 5049 optime
2883 4984 3155 5038 refutavit
3169 4988 3470 5040 Garnerius
3488 4989 3545 5041 in
3567 4993 3739 5042 notis
3751 4992 3809 5038 ad

2203 5059 2648 5111 Subnotationes
2677 5057 3005 5109 Mercatoris
3028 5058 3168 5122 Opp.
3189 5062 3227 5109 t.
3256 5060 3296 5110 Ι.
3321 5071 3448 5124 pag.
3475 5058 3544 5115 34
3570 5073 3749 5126 seqq.

2264 5129 2315 5183 6.
2340 5129 2495 5178 Liber
2528 5129 2590 5178 de
2617 5131 2832 5190 Amore,
2860 5131 2973 5179 sive
3019 5132 3447 5181 Commentam'us
3476 5134 3537 5181 in
3569 5134 3811 5185 Cantica

2204 5202 2569 5253 Canticorum.
2592 5200 2759 5252 Solus
2774 5202 2925 5253 Beda
2946 5201 3124 5266 hujus
3140 5204 3325 5267 operis
3341 5204 3706 5258 mentionem
3733 5207 3813 5256 fa-

2200 5274 2295 5333 cit,
2322 5278 2381 5324 et
2392 5272 2620 5323 duobus
2632 5274 2811 5337 libris,
2823 5272 2999 5325 altero
3016 5274 3087 5325 de
3102 5278 3327 5335 Amore,
3345 5275 3521 5329 altero
3532 5280 3812 5327 Conamen-

2202 5345 2362 5406 tario,
2386 5345 2865 5409 comprehensum
2878 5345 3056 5398 fuisse
3067 5345 3245 5398 notat.
3273 5347 3447 5399 Addit
3461 5349 3645 5400 etiam
3665 5350 3814 5400 serio

2200 5421 2362 5481 ptum
2378 5428 2506 5467 esse
2523 5418 2823 5468 occasione
2834 5416 3010 5468 duelli
3025 5419 3151 5483 ejus
3166 5432 3299 5471 cum
3311 5421 3809 5481 Augustino.0uare,

2201 5499 2335 5539 cum
2356 5500 2463 5539 nec
2473 5489 2854 5553 Augustinus,
2868 5502 2972 5541 nec
2983 5490 3085 5553 qui
3105 5503 3239 5543 cum
3252 5496 3505 5555 eoerant,
3529 5492 3672 5556 ejus
3688 5504 3811 5544 me-

2200 5658 2712 5724 Augustinus,non
2733 5659 2947 5713 Juliani
2972 5661 3095 5723 fuit,
3116 5666 3175 5715 et
3193 5662 3241 5715 si
3258 5661 3477 5713 Libellus
3499 5662 3635 5727 ﬁdei“
3650 5664 3814 5714 esset

2199 5745 2273 5785 ex
2317 5731 2387 5782 iis
2431 5742 2579 5794 quas
2622 5733 2834 5784 ibidem
2861 5733 2955 5784 ille
2979 5732 3198 5798 refellit,
3234 5747 3351 5787 non
3375 5739 3602 5787 tantum
3629 5746 3811 5789 vana:

2199 5815 2388 5870 operae
2423 5805 2729 5856 Garnerius
2758 5806 3170 5871 insumpsisset
3202 5808 3262 5858 in
3284 5821 3351 5860 eo
3378 5807 3610 5860 Juliano
3637 5820 3812 5861 asse-

2199 5877 2394 5941 rendo,
2419 5876 2522 5928 sed
2543 5875 2707 5929 facile
2727 5890 2803 5931 ex
2823 5877 3079 5932 locorum
3101 5881 3251 5934 inter
3285 5894 3346 5934 se
3370 5881 3810 5946 comparatione

2198 5970 2290 6010 res
2314 5951 2519 6007 conﬁci
2547 5956 2786 6016 poterat.
