3894 6420
156 351 317 408 1169

1056 357 1346 410 OPERUM
1382 359 1470 409 ET
1505 356 1899 410 EDITIONUM
1934 357 2219 413 PELAGII
2253 362 2615 416 RECENSIO.

3333 371 3472 427 1170

146 472 483 549 minarum,
498 475 698 541 conjici
719 480 912 539 potest
926 478 1267 542 posteriores
1283 477 1578 529 esselibris
1592 484 1700 526 octo
1712 479 1773 526 ad
1797 475 1851 548 Α
1882 487 2021 527 num
2034 477 2260 540 Syrum,
2279 491 2382 529 seu
2406 481 2806 544 presbyterum
2831 482 3171 549 Palastina,
3184 486 3475 549 quiaMer-

154 544 429 609 Florum,
448 548 657 612 quibus
679 551 995 603 refutandis
1013 551 1106 605 ille
1128 553 1478 604 immortuus
1512 558 1616 603 est.
1637 554 1774 603 Gar-

1880 552 2070 622 catore
2082 550 2355 622 magister
2367 552 2951 617 PelagiiCalestiique
2962 557 3126 606 dictus
3139 560 3469 622 iuit;aiterum

153 617 379 693 nerius
405 621 692 693 posterius
715 623 1098 686 essejudicat,
1122 629 1421 689 propterea
1443 624 1595 687 quod
1622 629 1776 676 totus
1874 620 2187 685 Julianum,
2214 621 2321 673 hac
2345 624 2598 676 maxime
2622 624 2691 675 de
2715 638 2890 677 causa
2915 617 3324 693 quodintegra
3356 631 3472 683 fere

157 688 498 743 imitatione
522 691 802 745 Theodori
816 688 1619 758 Mopsuesteni,quiamatorie
1632 695 1776 747 scri-

146 761 349 823 pserit
382 762 440 813 in
467 763 715 821 Cantica,
749 766 1103 830 compositus
1132 767 1408 819 videatur.
1438 768 1777 830 Fragmenta

143 832 395 897 aliquot
408 846 481 885 ex
497 835 649 886 Beda
659 835 1083 889 collectahabes
1100 838 1251 902 apud
1268 840 1528 891 eumdem
1550 839 1607 889 in
1632 839 1772 904 App.

147 904 237 952 ad
258 904 392 955 dies.
422 905 455 959 6
482 906 612 971 Opp.
639 912 673 957 t.
699 909 742 959 Ι.
761 923 885 973 pag.
912 906 1016 963 388
1041 922 1128 973 sq.

220 975 407 1024 Dubia
436 982 577 1029 sunt
610 982 713 1029 aut
747 980 979 1031 omnino
1021 980 1161 1043 falso
1209 980 1438 1033 Juliano
1482 982 1720 1045 ascripta
1758 998 1770 1033 :

147 1045 414 1109 Epistola
458 1046 666 1113 Pelagii
709 1050 783 1099 ad
826 1051 1236 1114 Demetriadem,
1274 1064 1406 1116 qua
1429 1058 1494 1104 ut
1515 1052 1773 1106 diversos

145 1118 424 1169 maxime
440 1125 707 1172 auctores
730 1123 934 1185 partim
949 1122 1309 1188 ignorantia,
1326 1123 1773 1189 partimingenio

148 1189 484 1242 hominum
499 1191 712 1251 debuit,
726 1206 832 1245 nec
847 1194 1096 1258 effugere
1114 1196 1317 1260 potuit,
1335 1195 1643 1259 quominus
1655 1198 1773 1244 huic

153 1261 546 1313 tribueretur.
571 1264 934 1328 Augustinus
958 1278 1124 1331 porro
1144 1266 1205 1318 in
1228 1270 1606 1332 operecontra
1627 1266 1773 1318 duas

150 1332 612 1397 Pelagianorum
639 1334 911 1399 epistolas
926 1337 995 1388 ad
1014 1337 1386 1400 Bonifacium,
1403 1337 1545 1389 libro
1568 1336 1769 1401 primo,

147 1403 625 1468 redarguendam
643 1406 750 1458 sibi
764 1409 1322 1473 sumpsitepistolam
1335 1414 1609 1471 tanquam
1620 1411 1772 1457 Julia-

151 1475 241 1539 ni,
268 1477 511 1528 Romam
522 1478 780 1538 missam,
798 1492 974 1542 quam
996 1480 1091 1532 ille
1115 1484 1309 1532 tamen
1333 1493 1499 1532 suam
1523 1492 1651 1532 esse
1667 1492 1771 1531 ne-

148 1547 324 1610 gavit
347 1547 441 1600 his
457 1549 648 1601 verbis
669 1566 680 1598 :
707 1551 1078 1615 Facitquoque
1088 1552 1425 1615 Augustinus
1443 1552 1770 1600 mentionem

149 1617 423 1680 epistola,
452 1634 620 1683 quam
645 1636 681 1670 a
702 1636 784 1670 me
809 1622 887 1670 ait
908 1623 1136 1672 Romam
1176 1622 1339 1685 fuisse
1361 1622 1650 1681 directam;
1682 1622 1771 1671 sed

142 1688 331 1738 verba
380 1705 502 1754 quae
539 1692 736 1755 posuit,
769 1693 1110 1757 nequivimus
1147 1708 1253 1757 quo
1292 1694 1355 1743 de
1375 1695 1571 1758 scripto
1602 1693 1773 1758 loque-

150 1765 318 1809 retur
339 1776 642 1826 agnoscere.
659 1763 807 1813 Nam
830 1764 905 1814 ad
931 1765 975 1813 Ζ
977 1765 1213 1814 osimum
1235 1766 1515 1829 quondam
1538 1764 1684 1814 illius
1701 1765 1769 1813 ci-

1876 703 1947 743 ex
1970 704 2037 744 eo
2050 694 2279 757 pagina
2303 694 2362 744 in
2386 694 2496 745 isto
2516 695 2648 746 ildei
2670 695 2875 758 libello,
2890 708 3062 759 quem
3071 712 3273 751 recens
3285 702 3335 753 ei
3354 705 3470 751 vin-

1875 762 2136 815 dicatum
2152 765 2352 828 iverat,
2371 767 2730 830 transcripta
2751 770 3121 832 reperiantur,
3142 772 3477 824 undestatuii

1874 838 2100 886 tantum
2128 849 2203 887 ex
2224 836 2335 888 hoc
2353 836 2498 889 libro
2520 838 2844 903 profecisse,
2868 846 2931 893 ut
2955 855 3124 893 suum
3141 842 3275 894 fidei
3300 847 3469 893 Libel-

1873 904 1993 957 lum
2028 906 2275 959 voluerit
2304 920 2434 959 esse
2474 908 2763 961 Ruﬁniani
2788 923 2933 974 pene
2959 913 3363 977 compendium
3389 916 3468 979 (ε).

2432 1068 2456 1127 ἓ
2479 1066 2529 1121 2.
2557 1069 2894 1121 EDITIONES.

1942 1194 2100 1250 1668.
2137 1198 2369 1265 Parisiis
2399 1200 2550 1263 apud
2575 1200 2951 1251 Sebastianum
2995 1204 3227 1256 Marbre.
3262 1233 3319 1242 —
3346 1207 3469 1257 Cra-

1876 1269 2069 1334 moisy,
2112 1271 2251 1333 regis
2291 1272 2597 1335 lypogr.via
2619 1272 2875 1336 Jacobaea,
2905 1274 3000 1323 sub
3028 1275 3184 1325 Cicon
3196 1277 3281 1339 iis,
3317 1277 3462 1331 in-l'iu

1868 1339 2085 1392 Juliani
2110 1341 2443 1393 Eclanensis
2466 1343 2717 1407 episcopi
2750 1344 3002 1396 Libellus
3015 1346 3145 1397 ﬁdei
3170 1347 3384 1398 missus
3395 1348 3468 1399 ad

1870 1412 2066 1463 sedem
2100 1411 2467 1475 apostolicam
2506 1414 2566 1464 in
2603 1426 2776 1465 causa
2800 1415 3251 1480 Pelagianorum.
3279 1419 3469 1470 Prodit

1869 1494 2027 1534 nunc
2048 1483 2297 1546 primum
2322 1496 2394 1535 ex
2419 1484 2616 1536 codice
2632 1487 2946 1538 Veronensi
2970 1500 3103 1539 cum
3115 1490 3268 1541 notis
3281 1494 3337 1541 et
3357 1490 3468 1542 dis-

1870 1553 2277 1605 sertationibus
2310 1555 2492 1607 tribus
2537 1555 2824 1609 historicis
2855 1559 3019 1610 Joan.
3057 1559 3310 1612 Garnerii
3346 1573 3461 1613 soc.

1866 1624 2007 1675 Jesu
2041 1626 2230 1689 presb.

1936 1696 2123 1759 Digna
2134 1700 2333 1749 notatu
2353 1702 2491 1747 sunt
2505 1709 2637 1760 qua
2661 1698 2732 1750 de
2747 1700 3047 1753 occasione
3065 1702 3244 1765 hujus
3267 1702 3464 1755 editio-

1865 1766 1956 1839 nis
1975 1766 2097 1839 ipse
2118 1767 2367 1839 prodidit
2393 1768 2718 1830 Garnerius,
2742 1787 2771 1819 «
2794 1772 2982 1835 Hunc,
3002 1774 3275 1839 inquiens,
3300 1776 3465 1827 Pater

142 1832 342 1913 uitatis
364 1834 674 1913 episcopum
685 1850 845 1900 super
856 1836 942 1885 his
963 1837 1342 1913 quaestionibus
1364 1838 1501 1913 duas
1523 1836 1768 1913 epistolas
1788 1839 1842 1913 B
1866 1838 2115 1913 iactibus
2150 1838 2507 1903 Sirmondus,
2539 1854 2612 1913 ex
2645 1842 2839 1893 codice
2871 1832 3211 1908 Veronensi,
3237 1832 3371 1897 cum
3402 1845 3463 1896 in

145 1903 430 1980 destinavi
443 1923 460 1980 ,j
490 1922 677 1980 verum
698 1924 756 1959 eo
798 1914 1028 1974 tempore
1052 1926 1160 1975 quo
1185 1911 1365 1961 adhuc
1398 1908 1556 1959 libros
1582 1909 1769 1971 (contra
1788 1903 1839 1913 ”
1866 1909 2026 1960 Italia
2046 1914 2385 1973 versaretur,
2410 1912 2714 1976 ascripsit
2737 1925 2842 1966 sua
2862 1927 3060 1980 manu,
3084 1903 3339 1980 mihique
3363 1916 3463 1968 ali-

152 1974 421 2038 primum
436 1979 744 2042 Augustini
770 1981 841 2033 de
867 1982 1094 2046 Nuptiis
1109 1985 1168 2034 et
1182 1980 1601 2043 concupiscentia)
1619 1994 1767 2029 exor-

142 2061 246 2118 sus
278 2063 391 2097 non
414 2065 569 2099 eram
587 2052 675 2114 (a).
695 2053 945 2105 Alterius
965 2066 1099 2118 ergo
1109 2068 1240 2105 cum
1259 2054 1580 2118 fragmenta
1594 2066 1766 2111 super-

152 2117 306 2183 Sim.
319 2120 563 2173 alteram
574 2127 732 2187 patet
755 2137 990 2189 prorsus
1013 2117 1391 2178 intercidisse.
1409 2126 1585 2177 Secus
1602 2130 1763 2171 tamen

150 2192 367 2243 statuit
391 2192 721 2246 Garnerius.
749 2197 919 2248 Ponit
941 2198 1096 2248 enim
1125 2197 1362 2249 alteram
1381 2196 1453 2248 ad
1471 2194 1763 2246 Zosimum

142 2261 458 2325 epistolam
484 2265 756 2330 scriptam
788 2267 971 2320 fuisse
994 2268 1310 2320 octodecim
1342 2268 1760 2333 episcoporum;

141 2334 517 2389 subscribere
534 2327 841 2391 Τιῖᾶοιοινὶω
868 2340 1077 2391 Zosimi
1097 2327 1475 2389 delrectantium
1494 2327 1697 2387 nomine
1718 2327 1764 2384 et

143 2416 287 2456 cum
301 2405 446 2459 forte
457 2407 517 2458 in
534 2420 747 2461 manus
771 2412 900 2474 ejus
916 2410 1220 2462 incidisset
1236 2409 1462 2459 Libellus
1486 2408 1613 2472 ﬁdei
1633 2421 1763 2470 quo-

139 2476 786 2542 rumdamepiscoporum
815 2481 888 2530 ad
916 2482 1309 2547 metropolitam
1327 2496 1488 2530 suum
1528 2478 1761 2530 nomine

142 2547 532 2611 Augustinum
557 2550 829 2614 directus,
853 2553 913 2604 in
946 2566 1060 2616 quo
1083 2557 1300 2617 negant
1324 2552 1432 2604 sibi
1456 2563 1557 2616 per
1584 2550 1757 2600 ﬁdem

143 2630 324 2669 suam
349 2618 517 2672 licere
534 2621 889 2674 damnationi
900 2621 1580 2687 Pelagianorum,utjussi
1600 2627 1756 2682 erant,

144 2702 177 2759 s
191 2689 521 2744 ubscribere
543 2705 557 2754 ;
578 2691 730 2744 hanc
746 2694 929 2759 ipsam
945 2706 1140 2746 veram
1162 2693 1315 2746 illam
1342 2691 1642 2757 epistolam
1664 2692 1759 2741 Ju-

86 2762 93 2767 '
143 2758 289 2812 liani
311 2763 734 2816 assertionibus
749 2758 921 2830 super
931 2765 1072 2817 alias
1088 2764 1438 2817 assertiones
1463 2774 1758 2815 coacerva-

143 2832 246 2894 tis,
274 2845 392 2884 non
416 2834 550 2885 item
572 2836 843 2900 probatis,
858 2837 1169 2888 contendit.
1185 2836 1419 2889 Utenim
1431 2835 1541 2887 alia
1558 2835 1753 2885 mitta-

147 2917 309 2967 mus,
336 2918 468 2968 qua
495 2907 625 2968 jure
648 2909 967 2972 meritoque
996 2914 1197 2960 contra
1220 2921 1355 2960 eum
1385 2907 1754 2972 disputarunt

140 2976 253 3026 viri
264 2977 718 3032 accuratissima
730 2980 1005 3033 doctrina
1016 2987 1074 3033 et
1085 2981 1220 3032 certi
1226 2983 1243 3041 j
1252 2979 1726 3044 udicii,Norisius(b)
1735 3017 1749 3041 ,

139 3047 526 3100 Constantius
538 3050 597 3112 (c)
610 3055 668 3102 et
678 3051 934 3104 Rubaus
953 3052 1045 3116 (εἰ),
1063 3053 1121 3103 id
1136 3053 1325 3117 ipsum
1340 3051 1532 3103 statim
1544 3054 1748 3099 veritate

139 3123 322 3183 caret,
349 3121 503 3184 quod
525 3120 708 3173 altera
732 3136 804 3174 ex
816 3123 1063 3186 duabus,
1088 3136 1234 3188 quas
1257 3122 1328 3174 ad
1354 3122 1648 3174 Zosimum
1662 3121 1748 3172 di-

137 3189 369 3242 rexisse
383 3191 682 3256 professus
695 3199 785 3246 est
806 3195 1064 3259 epistolis
1087 3208 1203 3246 non
1227 3207 1331 3245 suo
1346 3194 1632 3255 solius,sed
1646 3196 1748 3253 epi-

1867 1980 2099 2043 quando
2131 1980 2402 2044 ostendit,
2429 1987 2486 2033 et
2509 1984 2814 2045 gratulatus
2844 1987 3254 2050 extemporalem
3276 1988 3338 2036 de
3360 2002 3464 2037 au-

1866 2057 2003 2100 ctore
2022 2056 2067 2100 et
2092 2057 2322 2115 tempore
2345 2053 2703 2117 conjecturam
2727 2055 2885 2109 dedit
2896 2056 3301 2109 illustrandum
3313 2059 3464 2110 notis

1865 2127 1921 2173 et
1946 2122 2097 2186 typis
2121 2122 2585 2174 mandandum.»
2611 2127 2817 2178 Mirum
2840 2128 3049 2192 quippe
3064 2141 3180 2179 non
3202 2133 3292 2180 est
3311 2129 3462 2192 quod

1864 2192 2311 2257 extemporalem
2326 2206 2492 2245 suam
2513 2197 2923 2261 conjecturam,
2955 2199 3254 2250 Sirmondo
3264 2211 3460 2264 appro-

1862 2264 2076 2325 batam,
2120 2267 2415 2327 tantopere
2459 2267 2682 2332 foverit,
2722 2272 2780 2320 et
2802 2269 2945 2320 nihil
2969 2270 3019 2321 ei
3048 2270 3294 2335 ofﬁcere,
3318 2271 3460 2323 nihil

1862 2347 1979 2385 non
2011 2347 2138 2385 eam
2174 2336 2396 2400 juvare,
2432 2338 2703 2389 omnibus
2743 2353 3085 2404 persuasum
3109 2354 3235 2392 esse
3270 2341 3455 2394 vellet.

1862 2407 2033 2469 Atqui
2057 2406 2117 2456 in
2137 2419 2244 2457 ms.
2264 2407 2458 2459 codice
2476 2409 2631 2461 unde
2652 2410 2907 2463 libellum
2931 2413 3270 2465 Sirmondus
3293 2412 3458 2465 eruit.

1860 2476 2001 2527 nihil
2036 2490 2208 2541 super
2232 2479 2377 2530 tituli
2403 2478 2527 2530 loco
2551 2482 2804 2545 positum
2827 2488 2967 2545 erat,
2993 2488 3200 2547 prater
3216 2486 3457 2546 quasdam

1859 2548 2326 2600 evanescentium
2340 2550 2659 2603 litterarum
2672 2553 3062 2619 figuras,quas
3076 2557 3164 2604 ille
3172 2558 3247 2605 sic
3256 2569 3461 2616 expres-

1857 2619 1932 2670 sit
1963 2621 2130 2671 IVLI.
2169 2621 2523 2673 Benedictini
2545 2625 2738 2675 autem
2771 2630 2829 2677 et
2851 2639 2985 2677 cum
3019 2626 3090 2677 iis
3112 2627 3366 2679 Rubaus
3389 2626 3461 2677 le-

1856 2690 2075 2754 gendas
2121 2697 2361 2743 censent
2393 2694 2558 2745 INLI.
2606 2695 2801 2759 incipit
2842 2697 3090 2759 Libellus,
3136 2702 3202 2749 ut
3228 2697 3456 2761 initium

1855 2762 2162 2833 concordet
2184 2762 2310 2814 fini:
2325 2764 2564 2828 Explicit
2590 2767 2834 2831 Libellus,
2845 2768 2972 2829 ﬁdei
2996 2768 3128 2833 SIC;
3148 2780 3293 2832 quas
3316 2767 3460 2821 litte-

1853 2832 2171 2885 rasibidem
2196 2846 2320 2887 sua
2344 2848 2448 2886 con
2450 2836 2695 2900 jectura
2708 2839 3112 2891 convenienter
3126 2840 3456 2903 interpreta-

1852 2908 2267 2960 turGarnerius
2280 2908 2593 2958 Siculorum
2627 2910 3038 2974 (episcoporum)
3074 2911 3458 2973 ;Benedictini

1849 2979 2062 3030 rectius
2078 2979 2425 3029 Saces-dolum
2435 2980 2560 3029 Jesu
2575 2981 3116 3034 Christi.Exhibetur
3126 2988 3290 3031 autem
3303 2984 3463 3031 Libel-

1847 3047 1939 3100 lus
1956 3050 2088 3101 ﬂdei
2106 3050 2164 3101 in
2181 3055 2428 3113 quatuor
2442 3054 2632 3115 partes
2644 3051 3010 3116 distributus,
3024 3055 3170 3115 eique
3181 3055 3457 3103 succedunt

1845 3121 2212 3174 dissertatiol
2235 3121 2296 3171 de
2321 3128 2555 3187 tempore
2571 3129 2618 3172 et
2644 3129 2861 3173 auctore
2885 3124 3097 3185 Libelli;
3128 3124 3269 3176 diss.
3294 3126 3364 3188 II,
3389 3125 3453 3174 de

1854 3191 1972 3241 Vita
1995 3197 2039 3240 et
2062 3191 2304 3242 moribus
2320 3192 2537 3242 Juliani
2553 3209 2571 3253 ;
2587 3192 2727 3245 diss.
2754 3196 2848 3259 III,
2873 3195 2936 3244 de
2959 3194 3449 3259 Subscriptionibus

135 3249 450 3328 scoporuin
474 3249 928 3331 octodecim,qui
950 3267 1022 3319 ad
1046 3268 1256 3319 Rufum
1279 3249 1743 3319 Thessalonice—u-
1773 3249 1821 3324 C
1851 3266 1911 3315 in
1933 3279 2098 3314 causa
2132 3249 2598 3328 Pelagianorum,-
2636 3249 2847 3329 quarto
2864 3267 3111 3330 denique
3135 3249 3260 3319 loco
3292 3269 3448 3318 nota

138 3346 270 3386 sem
282 3335 640 3398 scripserunt
664 3337 834 3399 (unde
850 3338 958 3389 hoc
974 3338 1232 3403 fingendi
1247 3338 1357 3402 ipsi
1367 3338 1590 3390 occasio
1602 3343 1746 3386 enata

135 3407 252 3463 est)
271 3406 504 3459 nomine
519 3407 730 3472 scripta
742 3409 928 3461 fuerit.
956 3410 1320 3462 Conﬁdenter
1336 3409 1565 3473 quidem
1583 3409 1644 3459 in
1668 3421 1747 3460 re-

138 3490 327 3528 censu
351 3478 695 3543 scriptorum
714 3479 933 3532 Juliani
948 3481 1169 3543 asserit,
1190 3482 1560 3533 Mercatorem
1569 3480 1746 3544 hujus

140 3546 674 3602 libellimeminisse
700 3552 756 3613 (t.
783 3553 824 3611 Ι,
859 3564 989 3616 pag.
1015 3550 1136 3616 388)
1160 3564 1174 3613 ;
1206 3552 1309 3604 sed
1332 3553 1543 3604 frustra
1557 3551 1744 3602 locum

139 3619 311 3671 illum
356 3620 429 3671 ab
455 3633 522 3672 eo
562 3621 801 3674 indicari
829 3636 1044 3689 speres,
1091 3629 1149 3676 et
1182 3625 1229 3675 si
1253 3624 1455 3679 instes.
1479 3623 1748 3675 fatebitur

139 3691 225 3750 (in
250 3691 402 3742 notis
446 3693 519 3743 ad
548 3693 803 3745 libellum
851 3699 890 3746 t.
929 3697 950 3745 Ι
986 3696 1123 3760 Opp.
1159 3696 1505 3757 Mercatoris,
1542 3707 1596 3759 p.
1623 3693 1743 3758 327)

142 3775 281 3815 eum
305 3775 420 3814 non
445 3764 558 3815 nisi
585 3764 655 3816 de
671 3781 788 3815 una
811 3765 979 3828 cujus
1011 3766 1213 3820 num.i
1241 3766 1593 3818 mentionem
1624 3767 1748 3817 feci-

141 3846 296 3893 mus,
323 3834 722 3887 testimonium
746 3837 966 3889 tulisse.
987 3837 1153 3889 Enim
1167 3851 1299 3890 vero
1310 3851 1425 3890 non
1439 3842 1746 3891 contentus

141 3907 255 3958 fuit
290 3907 617 3970 Garnerius,
632 3921 749 3959 uno
759 3908 903 3960 libro
915 3909 1172 3961 ditiorem
1189 3911 1649 3972 fecisseJulianum,
1661 3912 1746 3956 sed

140 3980 320 4032 homo
342 3978 641 4044 opiniosus
656 3980 766 4031 hac
789 3980 1227 4045 qualiscumque
1238 3981 1370 4033 fidei
1394 3981 1746 4045 professione

142 4049 299 4102 ultro
312 4063 460 4101 usus
483 4054 590 4113 est,
609 4053 673 4102 ad
688 4050 843 4102 aliud
860 4051 1149 4115 quoddam
1171 4051 1747 4116 opusipsiacquiren-

142 4121 304 4174 dum.
336 4122 539 4173 Exstat
561 4134 769 4186 nempe
799 4122 950 4172 Liber
971 4124 1097 4187 ﬁdei
1121 4123 1303 4174 Graeci
1327 4122 1650 4187 cujusdam,
1682 4127 1746 4174 ut

143 4190 393 4253 videtur,
418 4193 491 4243 ab
513 4192 733 4244 incerto
758 4193 1008 4257 quodam
1030 4194 1093 4245 in
1122 4194 1389 4245 Latinum
1422 4205 1746 4246 sermonem

143 4274 477 4320 conversus,
496 4263 799 4327 aditusque
823 4264 1071 4327 primum
1095 4265 1578 4316 eCorbeiensibus
1600 4277 1741 4315 mss.

144 4337 202 4388 S.
241 4334 509 4385 Germani
532 4334 603 4387 de
646 4335 830 4386 Pratis
864 4337 1135 4388 aJacobo
1180 4336 1499 4399 Sirmondo,
1532 4336 1629 4400 qui
1673 4336 1746 4389 de

146 4409 381 4458 auctore
392 4404 534 4457 nihil
555 4405 793 4458 deﬁnire
816 4407 1021 4459 maluit
1036 4418 1210 4470 quam
1226 4405 1522 4458 allucinari
1554 4407 1745 4470 Hujus

150 4489 290 4530 vero
302 4490 419 4528 non
435 4482 726 4529 auctorem
754 4478 945 4543 modo,
966 4478 1065 4539 sed
1088 4478 1458 4542 interpretem
1472 4478 1641 4529 simul
1656 4481 1745 4528 de-

144 4547 519 4613 prehendisse
545 4548 827 4601 sibivisus
851 4554 941 4602 est
966 4550 1273 4602 Garnerius
1296 4549 1565 4602 :alterum
1585 4550 1745 4602 Rull-

216 4663 283 4729 (a)
302 4664 471 4727 Apud
500 4665 895 4729 Augustinum
925 4666 1019 4718 lib.
1048 4679 1068 4718 1
1092 4665 1194 4730 Op.
1213 4666 1461 4730 Imperii,
1491 4680 1538 4718 c.
1561 4665 1649 4721 17.
1684 4694 1740 4703 -

148 4734 516 4799 Augustinus
552 4736 849 4800 respondit
872 4753 883 4787 :
912 4738 1032 4786 Haec
1056 4736 1273 4801 epistola
1301 4752 1415 4786 non
1447 4742 1515 4785 est
1538 4737 1613 4787 ad
1634 4737 1743 4786 Zo-

148 4809 367 4865 simum,
406 4807 495 4856 sed
517 4806 592 4856 ad
628 4821 711 4857 eos
733 4808 1072 4872 seducendos,
1097 4808 1195 4871 qui
1221 4809 1398 4858 Romae
1414 4814 1626 4871 possent
1650 4809 1746 4858 tali

146 4877 398 4928 suasione
416 4877 614 4940 seduci,
638 4882 749 4929 etc.
774 4877 1082 4930 Garnerius
1108 4879 1200 4943 (ad
1221 4880 1360 4944 Opp.
1397 4880 1745 4942 Mercatoris,

149 4956 186 5002 t.
215 4948 257 5007 Ι,
282 4960 410 5013 pag.
439 4948 559 5013 317)
585 4948 850 5002 Calestio
874 4962 1003 5001 eam
1025 4950 1291 5003 vindicat.

213 5019 276 5083 (ὁ)
293 5021 356 5070 In
379 5019 620 5070 Censura
645 5020 922 5085 Garnerii,
949 5026 1104 5072 tomo
1122 5023 1195 5072 IV
1208 5022 1370 5086 Opp..
1386 5034 1421 5073 a
1435 5021 1748 5074 Balleriniis

146 5090 531 5144 collectorum.
563 5091 624 5143 Ei
645 5091 887 5144 debetur
919 5092 1246 5157 conjectura
1276 5094 1547 5156 scriptam
1572 5094 1750 5144 fuisse

148 5161 451 5226 epistolam
466 5163 537 5214 ab
555 5163 846 5227 episcopis
858 5162 1127 5215 diacesis
1140 5163 1523 5227 Aquileiensis
1546 5164 1618 5216 ad
1630 5176 1752 5215 me-

156 5232 478 5298 tropolitam
496 5235 908 5299 Augustinum,
932 5236 1028 5299 qui
1047 5235 1242 5286 sedem
1260 5248 1425 5288 suam
1442 5238 1515 5289 ab
1535 5249 1627 5288 an.
1647 5235 1751 5291 408

150 5309 242 5357 sat
264 5305 433 5369 longo
480 5306 758 5369 temporis
806 5306 1010 5370 spatio,
1057 5306 1105 5356 si
1130 5305 1580 5372 chronographis
1604 5307 1751 5359 ﬁdes

150 5376 430 5433 habenda,
459 5377 661 5429 tenuit.

216 5448 274 5510 (ε)
299 5448 363 5498 In
394 5446 608 5497 Notitia
636 5447 965 5512 scriptorum
1010 5463 1123 5498 non
1169 5449 1503 5499 exstantium
1545 5465 1659 5512 qua
1682 5450 1756 5499 ad

151 5517 427 5568 Zosimum
453 5519 702 5579 attinent,
725 5532 781 5568 n.
813 5517 1046 5581 ii,§98.
1074 5532 1131 5580 β.
1162 5518 1317 5574 1001.

216 5590 284 5654 (d)
320 5592 387 5641 In
411 5591 654 5641 Monum.
691 5589 882 5641 Eccles.
931 5591 1186 5655 Aquilri.,
1214 5606 1256 5642 c.
1290 5590 1375 5646 14.
1432 5607 1486 5656 p.
1515 5591 1636 5655 118,
1661 5592 1759 5643 ite-

155 5673 396 5725 rumque
429 5661 487 5712 in
514 5666 679 5713 tract.
716 5662 787 5713 de
811 5663 1025 5712 Peccato
1050 5662 1211 5727 orig.,
1257 5678 1374 5727 cap.
1402 5661 1493 5724 11,
1517 5677 1640 5727 pag.
1668 5660 1756 5725 43,

80 5782 83 5783 ν
154 5732 252 5785 ubi
275 5731 536 5797 pluribus
584 5733 790 5785 Norisii
822 5734 1170 5786 sententiam
1210 5733 1433 5786 astruit.
1480 5735 1585 5785 His
1614 5733 1761 5786 adde

158 5804 481 5857 Walchium
503 5805 564 5857 in
592 5805 830 5855 Historie
850 5805 946 5855 der
975 5806 1115 5855 Κείς.
1148 5810 1209 5865 t.,
1235 5806 1328 5869 IV,
1365 5819 1417 5870 p.
1450 5805 1552 5860 677
1578 5817 1662 5868 sq.

225 5877 280 5939 (ο)
295 5876 349 5928 Si
368 5876 617 5941 amplius
627 5889 870 5929 acumen
891 5878 1015 5940 ejus
1029 5890 1202 5929 nosse
1214 5878 1394 5941 cupis.
1407 5877 1532 5928 vide
1543 5894 1656 5938 qua
1671 5878 1759 5924 de—

1852 3336 2143 3388 uberiores
2159 3336 2219 3387 in
2230 3337 2529 3400 Libellum,
2555 3337 2766 3400 quibus
2787 3338 3228 3403 comparationis
3251 3337 3449 3390 etillu-

1847 3408 2140 3459 strationis
2166 3419 2344 3459 causa
2370 3407 2806 3472 pramittuntur
2839 3425 2851 3460 :
2897 3409 2953 3463 1ο
2984 3409 3212 3459 Libellus
3251 3409 3379 3473 fidei
3411 3424 3447 3457 a

1845 3479 2061 3543 Pelagio
2116 3479 2346 3528 Romam
2410 3479 2609 3529 missus
2657 3480 2733 3529 ad
2774 3480 3150 3531 Innocentium
3190 3481 3445 3544 Papam;

1845 3549 1899 3604 2°
1936 3552 2265 3614 Fragmenta
2298 3549 2482 3599 Libelli
2530 3550 2657 3614 ﬁdei
2687 3566 2724 3600 α
2752 3551 2985 3603 Οωιεειίο
3007 3552 3193 3616 scripti
3215 3550 3305 3611 ;3“
3330 3551 3450 3600 Ex-

1845 3628 2025 3687 cerpta
2066 3637 2133 3670 ea:
2154 3621 2377 3686 epistola
2417 3622 2645 3672 Calestii
2676 3623 2749 3672 ad
2771 3623 2986 3673 clericos
3025 3624 3297 3673 Romanos
3320 3622 3446 3684 (illa,

1846 3706 2020 3757 quam
2043 3693 2409 3756 Augustinus
2420 3693 2634 3746 Juliani
2651 3707 2783 3746 esse
2801 3696 3137 3759 putaverat),
3154 3709 3268 3743 cum
3282 3692 3449 3743 obser-

1845 3763 2149 3813 vationibus
2192 3765 2255 3812 de
2296 3768 2544 3826 tempore,
2588 3769 2821 3827 auctore,
2867 3770 2998 3828 etc.,
3042 3766 3172 3829 ejus;
3201 3766 3255 3818 4ο
3289 3764 3450 3828 Sym-

1846 3834 2026 3883 bolum
2058 3833 2320 3883 Theodori
2360 3834 2737 3899 Mopsuesteni,
2768 3835 3053 3899 interprete
3093 3837 3273 3886 Mario
3302 3836 3447 3885 Mer-

1846 3911 2020 3955 catore
2046 3923 2059 3964 ;
2099 3904 2445 3968 additurque
2487 3905 2783 3969 Appendix
2827 3906 2889 3955 de
2910 3905 3135 3955 Aniano
3158 3906 3448 3968 interprete

1847 3975 2206 4027 homiliarum
2244 3976 2419 4026 sancti
2447 3976 2835 4041 Chrysostomi,
2860 3983 2905 4026 et
2929 3976 3219 4025 breviatore
3243 3976 3449 4026 Codicis

1852 4047 2225 4107 Theodosiani,
2240 4059 2373 4110 qua
2385 4047 2577 4099 omnia
2587 4059 2704 4098 una
2717 4060 2851 4099 cum
2862 4047 3063 4100 multis
3074 4048 3199 4100 aliis
3210 4048 3281 4100 ad
3300 4051 3449 4097 histo-

1846 4119 1990 4170 riam
2004 4117 2322 4182 Pelagiana
2336 4117 2582 4170 haresis
2595 4120 3177 4182 spectantibus,fusius
3191 4125 3390 4169 tractata
3400 4126 3445 4166 et

1844 4190 1999 4242 edita
2022 4190 2312 4241 suntcum
2336 4189 2617 4253 Operibus
2640 4190 2799 4241 Marii
2822 4190 3167 4242 Mercatoris.
3192 4189 3300 4242 Sed
3323 4192 3447 4239 Gar-

1844 4261 2039 4313 nerius
2063 4260 2371 4325 aliquando
2395 4273 2463 4312 ea
2486 4273 2621 4312 cum
2642 4261 2752 4312 hoc
2783 4261 2913 4313 fidei
2938 4259 3154 4314 Libello
3175 4260 3442 4326 peculiari

1842 4331 2132 4384 volumine
2165 4331 2430 4383 editurus
2469 4336 2608 4396 erat,
2647 4332 2705 4381 ni
2728 4332 2852 4396 ipse
2880 4334 3161 4384 Mercator
3184 4331 3446 4384 tardioris

1844 4415 2021 4455 mora
2047 4403 2352 4468 impatiens
2391 4407 2618 4454 mutare
2652 4404 2999 4454 sententiam
3032 4404 3330 4467 coegisset.
3358 4402 3447 4455 Sic

1845 4480 2042 4527 tamen
2064 4486 2186 4526 non
2211 4486 2447 4539 prorsus
2470 4486 2505 4524 a
2536 4486 2600 4525 se
2622 4474 2926 4538 impetrare
2951 4474 3154 4539 potuit,
3185 4474 3325 4537 quin
3346 4473 3448 4525 ali-

1843 4558 1959 4609 qua
1992 4544 2197 4597 saltem
2229 4557 2304 4596 ex
2336 4544 2600 4609 pluribus
2634 4557 2742 4596 suo
2775 4544 3067 4609 gustanda
3095 4544 3293 4597 lectori
3314 4556 3447 4610 pro-

1846 4664 2101 4726 tempore
2123 4659 2406 4713 versionis
2430 4659 2608 4723 hujus
2643 4660 3047 4713 constituendo
3070 4673 3141 4713 ex
3154 4659 3449 4714 Gennadio

1849 4733 2015 4785 elicit.
2042 4748 2073 4781 «
2095 4733 2223 4783 Non
2248 4731 2371 4783 sine
2396 4742 2591 4792 causa,
2616 4731 2813 4795 inquit,
2827 4733 3158 4784 Gennadius
3180 4734 3250 4785 de
3272 4732 3448 4785 Julia-

1845 4818 1958 4855 no:
2009 4807 2301 4859 ParusQUiur
2356 4817 2590 4852 HERBSII
2634 4806 2835 4853 Pauor:
2879 4819 2931 4853 ιη
2972 4821 3027 4854 se
3071 4819 3326 4854 APERIBE'I‘.
3366 4806 3451 4855 In-

1848 4874 2057 4926 dicavit
2079 4874 2233 4926 enim
2258 4873 2570 4935 Julianum,
2604 4879 2917 4939 antequam
2957 4874 3198 4928 haresis
3242 4876 3449 4940 Pelagii

1846 4946 2035 5010 palam
2062 4945 2418 5009 proderetur,
2444 4958 2570 4997 eam
2596 4944 2657 4997 in
2680 4945 3112 5011 alioaperuisse,
3129 4946 3337 4997 Rufino
3350 4947 3451 4996 sci-

1845 5017 1997 5075 licet,
2011 5017 2180 5080 cujus
2194 5016 2616 5069 confessionem
2628 5017 2847 5068 Latinis
2865 5016 3163 5081 legendam
3179 5017 3450 5080 prabuis-

1850 5093 1954 5139 set.
1984 5088 2131 5138 I-Iinc
2157 5100 2294 5139 vero
2318 5087 2669 5152 colliguntur
2691 5087 2832 5141 duo:
2851 5088 3115 5150 alterum,
3129 5087 3447 5139 versionem

1849 5158 2135 5223 ejusmodi
2158 5158 2411 5211 edidisse
2432 5160 2746 5222 Julianum,
2778 5171 2912 5210 cum
2933 5158 3121 5210 adhuc
3136 5158 3448 5210 admodum

1846 5229 2076 5295 juvenis
2090 5229 2257 5294 foret;
2287 5230 2598 5293 alterum,a
2622 5229 2941 5293 Pelagianis
2961 5241 3089 5280 eam
3113 5229 3449 5289 errorispar-

1853 5306 1967 5354 tem
1990 5313 2120 5364 qua
2131 5306 2431 5366 peccatum
2453 5298 2726 5365 originale
2742 5302 2978 5365 spectat,
2992 5299 3257 5351 traditam
3270 5299 3449 5351 fuisse

1852 5373 2118 5439 primum,
2164 5373 2331 5436 quasi
2372 5370 2745 5423 Orientalium
2789 5370 2961 5422 ﬁdem
3006 5384 3019 5429 ;
3065 5370 3181 5422 imo
3215 5370 3446 5422 tertium

1855 5443 2145 5509 quoddam
2167 5443 2445 5506 conjecto,
2471 5441 2767 5492 Julianum
2789 5441 3000 5503 Pelagii
3019 5444 3451 5490 exhortationibus

1855 5532 1885 5568 e
1901 5517 2013 5566 vita
2040 5512 2323 5577 conjugali
2348 5512 2420 5563 ad
2445 5512 2745 5563 arctiorem
2759 5522 3104 5562 conversum
3117 5524 3261 5571 esse,
3288 5511 3451 5562 inde-

1856 5602 1969 5651 que
1992 5585 2278 5645 Memorio,
2303 5582 2513 5635 Juliani
2530 5584 2707 5646 patre,
2734 5582 3038 5645 scribente,
3056 5583 3448 5647 Augustinum

1857 5663 1928 5714 de
1954 5661 2160 5726 Pelagii
2189 5659 2455 5712 laudibus
2491 5657 2808 5718 rescivisse,
2840 5670 2973 5720 qua
2997 5657 3365 5721 postmodum
3391 5657 3448 5707 in

1856 5734 2015 5785 libris
2074 5733 2197 5785 suis
2231 5732 2437 5783 retulit.
2467 5747 2496 5778 »
2532 5758 2590 5766 —
2639 5729 3166 5780 Schanemannum
3213 5730 3361 5780 inter
3394 5734 3452 5781 et

1858 5806 2191 5856 Garnerium
2215 5803 2485 5867 dijudicet
2516 5802 2690 5853 lector
2713 5801 2987 5852 eruditus.
3016 5804 3177 5852 Enrr.
