3894 6412
992 565 2002 642 INTEBPRETA'I‘IO
2095 565 2402 638 XXVI
2507 547 3299 638 HOMILIABUM

1174 691 1464 752 anon
1495 681 2052 752 onstum-orn
2082 703 2179 750 nl
2209 701 2591 750 suam
2624 701 3105 750 mmora
3120 730 3137 760 ,

1552 825 1882 862 ΡΜΕΕὩΒΝΤΕ
1914 825 2092 860 ΑΝΙΔΝΙ
2127 825 2347 860 PROLOGO
2382 825 2446 858 AD
2481 825 2755 860 ORONTIUM.

597 923 766 1013 (VIII
794 926 1097 1009 priorum
1128 927 1760 1010 interpretationem
1786 927 2083 1009 reperies
2108 926 2174 991 in
2205 924 2494 1006 Operum
2525 923 2990 1008 Chrysostomi
3021 928 3184 990 tom.
3218 923 3342 1003 Vll,
3373 925 3502 1013 col.
3536 924 3618 987 17
3647 940 3804 1004 sqq.

512 1012 765 1082 noStrae
799 1016 1141 1083 editionis.
1175 1017 1608 1099 Reliquarum
1637 1034 1800 1083 vero
1834 1017 2013 1082 sicut
2043 1020 2110 1081 et
2142 1015 2480 1081 sermonis
2502 1015 2587 1079 ad
2620 1017 3003 1097 neOphytos
3027 1012 3650 1095 interpretationem
3681 1029 3811 1094 per

517 1121 754 1170 omnes
786 1105 927 1172 fere
960 1102 1378 1173 Parisiorum
1416 1105 1870 1172 bibliothecas
1894 1104 2150 1170 frustra
2178 1103 2758 1186 investigavimus.
2784 1103 3093 1169 Haeretici
3113 1118 3274 1170 vero
3309 1103 3637 1184 opuscula
3665 1118 3810 1166 non

514 1193 681 1258 tanti
723 1191 1010 1260 fecimus
1045 1198 1116 1261 ut
1155 1212 1390 1262 eorum
1431 1210 1644 1261 causa
1681 1190 1899 1260 nostri
1928 1189 2289 1261 voluminis
2339 1191 2852 1258 conclusionem
2892 1191 3143 1258 diutius
3183 1207 3620 1256 moraremur.
3655 1188 3811 1256 Cae-

518 1285 736 1348 terum
784 1285 1046 1350 lacunae
1097 1279 1475 1350 sarciendae
1524 1300 1851 1366 perquam
1900 1286 2280 1365 opportuna
2330 1298 2405 1348 se
2455 1281 2643 1348 dabit
2689 1281 2966 1348 occasio
3017 1297 3168 1348 cum
3218 1279 3285 1345 S.
3339 1279 3812 1362 Chrysostomi

512 1369 731 1454 Opera
765 1371 1267 1440 Graeco-Latina
1301 1372 1541 1440 edendi
1592 1376 1858 1456 tempus
1891 1369 2294 1452 advenerit.)

681 1541 1567 1617 INTEBPRETATIO
1644 1537 2342 1614 HOMILIARUM
2420 1539 2809 1616 SANCTI
2885 1536 3640 1616 CHRYSOSTOMI
3690 1581 3701 1588 -

1605 1672 1702 1730 DE
1740 1672 2116 1732 LAUDIIIUS
2155 1671 2424 1730 SANCTI
2465 1673 2722 1742 PAULI,
3105 1663 3118 1671 ’

1497 1808 1828 1843 PMCEDENTE
1881 1809 2056 1843 ANIANI
2113 1809 2333 1843 PROLOGO
2389 1808 2456 1842 AD
2509 1805 2828 1842 ΕγΑΝῡΕιωι.

1077 1911 1346 1996 (Exstat
1394 1912 1459 1976 in
1509 1916 1670 1979 tom.
1726 1912 1778 1977 lI
1819 1911 2111 1996 Operum
2159 1907 2665 1994 Chrysostomi,
2719 1911 2850 1976 col.
2909 1908 3036 1973 169
3087 1925 3229 1990 sqq.

515 2101 1154 2201 SERMONIS
1249 2101 1709 2200 SANCTI
1817 2100 2723 2198 CHRYSOSTOMI
2811 2097 2992 2194 AD
3085 2097 3820 2195 NEOPHITOS

1825 2283 2536 2415 lnierprstatio.

978 2420 1280 2507 (Videsis
1329 2423 1489 2506 quid
1539 2424 1620 2490 de
1672 2423 1968 2491 homiliis
2018 2425 2084 2488 in
2133 2423 2521 2490 Matthaeum
2572 2439 2779 2506 supra
2829 2419 3348 2507 notaverimus.)

740 2586 953 2653 LIBRI
1000 2584 1421 2653 ADVERSUS
1485 2585 1931 2652 EPISTOLAM
1983 2585 2262 2652 SANCTI
2313 2587 2754 2654 HIERONYMI
2803 2587 2907 2652 AD
2958 2579 3627 2653 CTESIPIIONTEM.’

1778 2728 2008 2812 (Opus
2058 2727 2553 2812 deperditum.)

514 2913 3792 2970 υ

525 3107 1412 3268 ΞΕΒΕΕΤᾸΕ
1577 3108 2616 3256 VABIANTES
2773 3107 3807 3257 LECTIONES

833 3392 962 3498 IN
1087 3391 1495 3500 RUFINI
1626 3391 2661 3500 ECCLESIASTICAM
2789 3392 3503 3525 HISTORIAM,
3751 3523 3759 3530 _

518 3613 705 3708 EX
770 3612 971 3710 MS.
1043 3613 1745 3709 TABULARII
1813 3611 2664 3712 CAPITULARIS
2731 3615 3805 3715 FOROJULIENSIS'3

579 3887 1038 3942 I’rmfatiunculw
1061 3888 1252 3940 Ruﬁni
1275 3889 1378 3941 col.
1395 3889 1517 3944 463.
1544 3889 1847 3954 subiungit
1866 3902 1976 3941 ms.
1996 3891 2116 3940 Haec

517 3961 677 4010 etiam
702 3961 768 4012 Χ.
799 3959 933 4009 libro
956 3960 1334 4010 Ecclesiasticx
1359 3961 1604 4010 Historia
1625 3962 1988 4014 continentur.

579 4033 644 4082 In
669 4031 918 4083 Elencho
934 4030 1006 4082 ad
1031 4032 1134 4083 col.
1169 4030 1290 4086 465.
1317 4044 1440 4096 cap.
1466 4033 1618 4083 XIX.
1640 4045 1749 4083 ms.
1777 4033 1924 4096 patri
1951 4033 2118 4084 Cons-

520 4104 752 4164 tantino,
796 4115 900 4166 pro
919 4102 1090 4164 fratri
1118 4103 1451 4165 Constantio,
1479 4104 1670 4156 habet.
1699 4104 2117 4166 Subsequentis

2219 3899 2382 3956 prout
2425 3892 2722 3942 moderatio
2772 3891 3025 3956 EpiscOpi
3061 3891 3301 3942 voluerit.
3352 3893 3563 3943 Iterum
3603 3889 3809 3941 rectius

2223 3963 2356 4015 Can.
2410 3965 2610 4016 XVIII.
2649 3979 2808 4014 nemo
2830 3979 2952 4014 eum
2977 3963 3075 4028 qui
3098 3964 3171 4014 ad
3192 3963 3367 4014 alium
3389 3962 3632 4028 pertinet,
3653 3961 3808 4011 susci-

2218 4037 2372 4100 piens
2396 4049 2498 4100 pro
2523 4035 2674 4088 edito
2697 4035 3238 4101 subripiens.Confer
3253 4048 3379 4100 sup.
3393 4035 3522 4086 Can.
3539 4034 3602 4085 V.
3629 4046 3704 4085 ex
3717 4047 3809 4094 quo

2221 4107 2434 4158 veritas
2456 4107 2720 4159 lectionis
2736 4108 3045 4160 constabit.
3077 4110 3210 4159 Can.
3236 4105 3809 4158 XXI.Pautinian~:sts

515 4176 708 4226 autem
731 4173 974 4238 Capituli
997 4179 1178 4226 totam
1201 4174 1352 4227 hanc
1364 4175 1686 4240 pericopam
1699 4179 1868 4238 tacet,
1881 4176 2118 4238 Luciferi

515 4251 926 4308 caeterorumque
949 4246 1343 4311 Episcoporum
1371 4246 1801 4298 Catholicorum.

574 4315 845 4369 Historias
881 4316 1024 4368 libro
1059 4322 1114 4368 et
1140 4330 1262 4381 cap.
1302 4317 1368 4374 1.,
1393 4316 1496 4368 col.
1525 4316 1629 4372 468
1653 4323 1773 4370 not.
1799 4334 1840 4379 e,
1867 4330 1979 4383 ms,
2005 4334 2116 4368 ere-

515 4389 662 4446 dens,
693 4387 1038 4438 dissimulare
1069 4388 1215 4451 aliis,
1241 4400 1341 4453 pro
1365 4389 1598 4453 credens,
1617 4389 1665 4438 si
1695 4389 2059 4440 dissimularet
2082 4406 2118 4440 a

515 4459 732 4510 talibus.

578 4532 708 4595 Cap.
734 4532 800 4582 II.
829 4535 960 4595 post
979 4530 1130 4588 med.
1156 4543 1266 4584 ms.
1289 4531 1600 4591 fsimultatio
1623 4532 1990 4596 Sacerdotum,
2016 4545 2118 4599 pro

517 4602 814 4666 simulatio,
859 4608 989 4663 etc.,
1027 4602 1183 4666 quod
1209 4607 1265 4654 et
1287 4603 1482 4656 verius
1507 4603 1760 4668 videtur,
1785 4617 2119 4670 quanquam

519 4673 714 4724 minus
759 4674 1044 4736 Latinum,
1094 4675 1145 4725 si
1177 4688 1278 4739 pro
1300 4675 1570 4726 simultate
1613 4677 1939 4742 accipiatur.
1983 4679 2117 4732 Mox

516 4744 812 4808 complures
841 4745 1016 4798 habet
1039 4759 1139 4810 pro
1165 4747 1365 4811 plures.

578 4816 710 4878 Cap.
736 4816 831 4865 III.
857 4816 962 4868 col.
989 4817 1111 4872 469.
1138 4823 1257 4871 not.
1283 4835 1326 4870 c.
1353 4832 1464 4872 ms.
1503 4820 1724 4871 dicendo
1748 4834 1849 4886 pro
1883 4821 2115 4874 dicendi.

577 4886 708 4950 Cap.
735 4886 830 4937 IV.
858 4887 986 4939 lnit.
1022 4901 1132 4940 ms.
1156 4891 1504 4941 Maximinus
1527 4905 1628 4956 pro
1651 4893 2053 4945 Maximianus.

578 4958 708 5022 Cap.
734 4959 800 5006 V.
828 4963 948 5011 not.
989 4958 1036 5010 ὑ.
1071 4965 1222 5013 tacet
1258 4962 1318 5010 in
1356 4963 1637 5022 voculam,
1671 4969 1796 5016 tum
1819 4968 2022 5029 quarto
2045 4967 2118 5017 ab

515 5027 622 5079 hoc
647 5041 820 5080 versu
847 5029 1011 5094 vobis,
1035 5035 1094 5082 et
1128 5031 1300 5095 paulo
1325 5038 1456 5097 post
1479 5033 1551 5085 ad
1582 5040 1700 5086 not.
1727 5051 1768 5084 c.
1797 5027 1972 5086 tamen
2001 5036 2115 5088 Col.

516 5097 636 5152 472.
662 5112 810 5152 vers.
835 5099 884 5154 5.
911 5114 1020 5152 ms.
1049 5107 1239 5152 aderat
1268 5103 1528 5167 conciliis,
1551 5117 1654 5169 pro
1679 5107 1919 5157 consiliis
1942 5123 1955 5160 :
1980 5113 2036 5160 et
2057 5107 2118 5158 in

514 5170 626 5222 [ine
655 5175 854 5220 statuta.
873 5172 1203 5237 ﬁngentibus
1237 5185 1338 5239 pro
1361 5176 1661 5238 ﬁgentibus.

575 5243 705 5306 Cap.
733 5243 828 5294 VI.
855 5243 962 5295 col.
987 5243 1108 5298 473.
1135 5249 1254 5296 not.
1281 5261 1333 5296 a.
1360 5259 1470 5298 ms.
1496 5263 1563 5298 ex
1597 5249 1763 5300 nullis
1786 5251 2117 5302 exstantibus

509 5312 685 5386 factus
709 5319 798 5375 est,
827 5320 923 5364 aut
947 5329 1014 5364 ea:
1037 5315 1152 5365 alia
1176 5317 1498 5382 substantia,
1523 5332 1624 5384 pro
1656 5321 2035 5386 substantibus,
2061 5328 2119 5374 ct

513 5385 864 5436 subsistentia.
891 5388 1025 5439 Mox
1040 5389 1179 5440 Can.
1205 5389 1272 5440 V.
1291 5405 1388 5454 per
1403 5391 1804 5455 impatientiam
1817 5406 1916 5457 pro
1937 5385 2118 5458 impa-

511 5458 716 5510 tientia.
756 5459 892 5510 Can.
920 5461 986 5510 V.
1027 5476 1094 5509 ne
1135 5476 1293 5525 quem
1315 5461 1362 5511 si
1387 5463 1534 5512 alius
1569 5463 1864 5527 Episcopus
1904 5477 2006 5529 pro
2051 5481 2118 5514 ne

512 5544 668 5592 quem
681 5529 844 5594 alius,
861 5535 917 5582 et
934 5543 1070 5582 mox
1085 5533 1144 5582 in
1159 5535 1390 5598 singulis
1401 5533 1620 5583 urbibus
1631 5540 1791 5598 atque
1801 5537 2114 5598 provinciis.

512 5602 646 5652 Can.
694 5603 784 5652 VI.
821 5603 1234 5654 suburbicarum
1283 5619 1384 5669 pro
1421 5605 1942 5656 suburbicariarum.
1981 5609 2113 5660 Call.

513 5672 668 5724 XIII.
715 5671 893 5725 ferme
933 5676 1165 5740 rectius,
1210 5677 1470 5725 militiam
1496 5676 1814 5739 abjecerant,
1840 5685 1886 5725 cl
1927 5695 2119 5729 rursus
2181 5703 2188 5712 ι

514 5741 655 5792 hanc
691 5744 998 5795 ambierant
1049 5759 1150 5811 pro
1195 5748 1268 5797 ad
1314 5749 1455 5798 hanc
1500 5748 1766 5798 abierunt.
1794 5751 1928 5801 Can.
1969 5751 2117 5802 XIV.

2221 4190 2320 4242 pro
2334 4178 2688 4230 Paulianistae
2707 4194 2718 4230 :
2737 4185 2794 4232 et
2816 4181 2875 4232 in
2900 4180 3012 4232 [Ine
3029 4180 3204 4244 legum
3227 4179 3368 4229 ratio
3391 4191 3490 4244 pro
3501 4177 3758 4227 reverenti
3777 4192 3805 4224 I.

2283 4251 2414 4313 Cap.
2442 4252 2588 4302 VIII.
2615 4251 2740 4304 init.
2765 4251 2879 4304 col.
2905 4251 3028 4306 476.
3057 4265 3164 4304 ms.
3190 4267 3306 4316 qua
3327 4250 3624 4301 exstiterint
3653 4249 3806 4300 :sub—

2222 4323 2484 4384 sequenti
2507 4335 2654 4374 vers.
2685 4329 2837 4376 tacet
2851 4324 3065 4374 mulier.
3090 4326 3225 4375 Post
3251 4322 3399 4376 med.
3419 4321 3520 4376 col.
3551 4321 3652 4378 477
3672 4321 3806 4374 satis

2221 4393 2366 4444 bene
2389 4399 2626 4442 uteretur
2649 4395 2824 4448 habet
2853 4409 2954 4460 pro
2976 4401 3252 4445 uterentur
3276 4411 3287 4446 :
3311 4399 3369 4448 et
3391 4406 3541 4448 nono
3563 4397 3809 4460 postver-

2222 4477 2292 4515 su
2317 4469 2466 4516 tacet
2489 4481 2552 4514 ac
2570 4467 2855 4519 humilius.

2283 4538 2414 4601 Cap.
2462 4539 2557 4590 IX.
2603 4545 2736 4604 post
2770 4541 2919 4593 med.
2947 4539 3053 4592 col.
3080 4538 3205 4602 479,
3239 4540 3410 4589 habiti
3428 4545 3572 4602 sunt,
3608 4544 3736 4600 etc.,
3759 4541 3808 4588 et

2223 4621 2358 4660 mox
2377 4624 2548 4674 parvo
2583 4623 2686 4676 pro
2707 4612 2936 4676 parvulo
2957 4611 3065 4674 ;14.
3091 4617 3222 4677 post
3246 4625 3419 4664 versu
3439 4618 3596 4674 atque
3617 4624 3721 4676 pro
3744 4607 3808 4660 ad

2221 4695 2366 4744 quae:
2393 4685 2454 4732 10
2477 4687 2608 4745 post
2637 4695 2828 4743 versu,
2852 4681 2982 4748 plus
3004 4683 3180 4735 habet
3201 4683 3376 4733 denuo
3399 4688 3750 4733 revertuntur.

2281 4751 2410 4815 Cap.
2444 4753 2514 4804 X.
2539 4766 2686 4805 vers.
2713 4753 2800 4808 17.
2827 4756 2900 4807 ab
2923 4755 3056 4807 init.
3080 4767 3206 4819 cap.
3230 4755 3277 4804 si
3301 4755 3396 4820 qui
3419 4755 3722 4818 experti.....

2221 4824 2776 4888 noverinlconferant,
2803 4827 3018 4879 rectius
3036 4841 3049 4878 :
3064 4831 3121 4879 et
3136 4827 3195 4878 in
3207 4827 3322 4878 tlne
3345 4826 3520 4878 col.ne
3537 4839 3804 4891 praesume-

2219 4900 2312 4958 ret,
2370 4900 2428 4946 ct
2471 4897 2648 4948 sinere
2699 4897 2983 4949 vide—retur.
3029 4898 3142 4950 Col.
3189 4896 3310 4952 482.
3349 4912 3399 4950 v.
3447 4897 3531 4956 10.
3578 4913 3643 4948 ex
3695 4899 3802 4960 ipsa

2221 4981 2399 5030 opera.
2442 4972 2497 5018 et
2522 4980 2659 5020 mox
2684 4976 2936 5020 maturus
2965 4983 3068 5034 pro
3097 4971 3417 5020 matutinus.

2281 5039 2411 5102 Cap.
2446 5039 2537 5090 XI.
2572 5039 2693 5092 init.
2729 5057 2795 5091 ea:
2830 5043 2930 5092 hac
2965 5043 3076 5092 luce
3105 5041 3333 5090 decessit.
3367 5039 3477 5092 C01.
3513 5039 3633 5095 484.
3667 5053 3721 5090 v.
3757 5037 3798 5091 4-

2219 5109 2306 5158 sed
2325 5108 2391 5158 ab
2408 5110 2515 5173 his,
2553 5111 2725 5164 tacita
2759 5119 2803 5163 et
2829 5113 3032 5179 copula
3053 5113 3410 5165 intermedia.

2283 5180 2412 5245 Cap.
2439 5181 2592 5235 XIII.
2621 5183 2725 5236 col.
2754 5183 2877 5238 486.
2911 5199 2961 5237 v.
2988 5184 3075 5240 14.
3101 5185 3163 5234 in
3183 5184 3433 5248 perﬁdia.

2283 5251 2412 5317 Cap.
2445 5253 2594 5305 XIV.
2619 5255 2724 5307 col.
2764 5256 2886 5311 487.
2922 5271 2972 5310 v.
3002 5257 3051 5311 7.
3076 5271 3376 5322 puerorum
3407 5255 3792 5306 multitudinem

2219 5338 2389 5388 supra
2413 5340 2588 5388 oram,
2614 5332 2722 5378 etc.

2285 5396 2415 5460 Cap.
2443 5399 2590 5449 XVI.
2609 5399 2714 5450 col.
2743 5399 2866 5454 488.
2892 5414 2944 5451 v.
2971 5398 3191 5465 penult.
3231 5398 3446 5448 invidiae
3475 5398 3689 5449 horror.

2284 5471 2414 5532 caP-
2442 5470 2616 5520 XVII.
2644 5471 2750 5522 col.
2785 5472 2906 5525 489.
2948 5486 3093 5524 vers.
3119 5471 3170 5525 8.
3197 5471 3531 5534 reliquerant
3566 5484 3664 5534 pro
3687 5465 3788 5516 reti-

2224 5538 2435 5602 nebant,
2471 5546 2528 5591 (‘t
2551 5555 2687 5593 mox
2713 5543 2939 5608 perculit
2965 5556 3064 5607 pro
3085 5542 3338 5607 perpulit.
3364 5541 3477 5594 Col.
3497 5541 3616 5598 490.
3643 5554 3696 5593 v.
3721 5536 3788 5592 H-

2223 5611 2350 5660 Eccc
2369 5614 2584 5675 prulloc
2599 5621 2692 5674 cst,
2717 5619 2774 5665 et
2798 5615 3033 5678 decipere
3055 5628 3156 5678 pro
3179 5614 3367 5678 decipi.

2285 5683 2415 5744 Cap,
2447 5685 2594 5734 XIX.
2619 5685 2724 5750 col,
2752 5685 2874 5739 492.
2911 5700 2966 5737 v.
3007 5685 3076 5739 ‘24
3129 5686 3405 5735 concedas.

2284 5755 2414 5818 Cap.
2445 5757 2565 5807 XX.
2591 5757 2662 5808 ad
2689 5760 2784 5808 lin.
2809 5759 3102 5807 deserenda:
3127 5771 3225 5823 pro
3251 5757 3594 5808 destruenda.

573 5875 882 5952 :‘IfCitgmm
914 5881 1165 5952 monitum
1193 5881 1429 5952 volumus
1454 5895 1564 5936 nos.
1607 5883 1659 5930 in
1687 5884 1776 5931 hoc
1812 5885 2122 5934 Vuriautium
2159 5886 2343 5947 indice,
2375 5895 2658 5938 nostrorum
2688 5905 2924 5939 versuum
2958 5894 3409 5952 columnarumque
3439 5891 3785 5939 distinctionem

515 5936 879 5985 arithmeticam
911 5941 1067 5987 fuisse
1093 5949 1304 5993 secutos.
1331 5946 1467 5992 Ευιτ.
