3894 6422
140 414 284 471 1177

202 529 339 594 Cap.
366 527 572 582 XXIII.
602 530 722 583 init.
750 531 1126 581 Maximinum
1148 544 1249 598 pro
1292 532 1622 583 Maximum.

203 601 343 666 Cap.
386 600 562 653 XXV.
592 613 650 652 ν.
696 601 781 657 16.
807 603 879 654 ab
913 604 1037 655 init.
1055 617 1175 669 cap.
1209 605 1397 654 animo
1422 603 1656 668 leprosus
1690 608 1747 656 et.

139 683 284 722 mox
329 673 652 723 secutoribus
676 687 775 739 pro
796 675 1153 728 sectatoribus.

204 744 342 808 Cap.
368 744 597 795 XXVII.
628 749 756 809 post
776 746 898 797 init.
917 747 1228 796 Constantio
1251 745 1559 797 conhibente
1578 747 1749 795 viven-

143 820 207 877 te,
230 827 477 877 quorum
501 815 746 867 alterum
770 817 1004 869 alterius
1028 818 1318 882 glossema
1344 823 1461 879 est,
1495 817 1750 881 illudque

137 896 246 948 pro
271 886 589 934 connivente
616 888 1056 950 praeferendum.
1093 889 1182 940 Ad
1220 889 1317 940 ﬁn.
1343 890 1389 937 si
1422 888 1496 936 ibi
1522 888 1662 951 talis,
1689 894 1747 940 et.

140 968 282 1007 mox
303 961 655 1020 praeposterus
675 960 753 1022 (ut
776 960 1014 1022 videtur)
1050 972 1150 1024 pro
1173 974 1561 1024 prmproperus.

209 1029 343 1091 Cap.
371 1028 629 1079 XXVIII.
656 1028 715 1079 in
739 1030 838 1081 fin.
864 1036 1134 1093 quantum
1160 1036 1295 1080 notae
1320 1042 1421 1095 pro
1445 1045 1616 1079 noxae.

206 1099 341 1163 Cap.
369 1098 577 1149 XXIX.
606 1100 755 1151 med.
776 1102 823 1149 Ε
825 1105 842 1148 ι
858 1103 991 1165 quia
1016 1102 1153 1150 duas
1176 1101 1499 1150 substantias
1523 1115 1636 1150 non
1659 1099 1746 1149 di-

139 1169 321 1218 cimus
344 1169 406 1217 in
438 1168 559 1231 Deo,
586 1186 679 1219 nec
697 1177 800 1220 tres
822 1172 1186 1221 subsistentias
1200 1172 1370 1222 dicere
1389 1171 1648 1221 debemus.

207 1241 340 1304 Cap.
367 1241 552 1291 XXX.
576 1246 705 1305 post
729 1243 852 1294 init.
882 1248 1029 1294 tacet
1051 1245 1235 1307 priore
1258 1243 1381 1294 loco
1404 1241 1647 1292 Eusebio.

209 1312 342 1375 Cap.
370 1311 576 1363 XXXI.
605 1312 755 1364 med.
784 1314 1095 1377 diligentius
1115 1316 1378 1380 exposuit.

207 1383 343 1446 Cap.
370 1383 601 1433 XXXV.
630 1397 685 1435 v.
723 1383 791 1438 10
816 1386 889 1437 ab
913 1385 1167 1450 init.cap.
1198 1390 1393 1435 matres
1406 1390 1453 1435 et
1475 1384 1583 1434 viri
1586 1383 1745 1448 juve-

146 1467 252 1513 nes,
282 1453 621 1517 virginesque
643 1454 1047 1517 immensa,etc.
1078 1456 1218 1507 satis
1244 1456 1506 1520 probe,et
1529 1453 1739 1506 verius.

144 1593 179 1642 ά
202 1523 338 1603 Cap.
368 1523 627 1577 XXXVI.
656 1526 765 1577 sub
797 1526 902 1577 init
945 1526 1017 1574 ad
1058 1526 1251 1576 horam
1275 1525 1618 1576 undecimam
1641 1536 1741 1589 pro

181 1608 431 1642 ecimam.

181 1608 431 1645 ecimam.

832 1669 965 1719 LIB.
992 1670 1058 1719 II.

208 1782 348 1846 Cap.
396 1782 435 1832 Ι.
484 1794 537 1833 v.
581 1780 628 1835 5.
681 1783 753 1834 ab
796 1784 922 1836 init.
952 1796 1072 1848 cap.
1107 1784 1446 1849 ductoresque
1470 1785 1658 1844 nostri,
1685 1789 1742 1837 et

145 1865 284 1903 mox
310 1853 502 1902 darent
524 1866 625 1918 pro
650 1854 926 1904 dederunt.
954 1856 1187 1907 Decimo
1203 1856 1275 1908 ab
1289 1857 1397 1908 hoc
1410 1867 1578 1908 versu
1592 1858 1742 1907 tacet

143 1925 208 1973 ei.
248 1927 317 1975 In
364 1924 479 1975 fine
522 1936 643 1989 cap.
690 1927 916 1990 suscepit
949 1925 1157 1979 deinde
1192 1943 1379 1977 novem
1410 1942 1614 1977 menses
1640 1939 1740 1991 pro

142 2001 274 2057 octo,
304 1994 444 2046 falso
471 1999 682 2047 tamen.
715 1996 857 2047 Vide
880 1998 1096 2049 nosibi.

209 2068 343 2130 Cap.
377 2066 443 2116 Il.
468 2079 616 2117 vers.
643 2066 693 2119 2.
723 2068 783 2117 de
806 2068 1024 2118 militia.

209 2139 342 2201 Cap.
370 2138 462 2187 IlI.
509 2137 729 2189 decimo
774 2152 807 2189 a
852 2140 965 2191 line
1010 2153 1180 2192 versu
1212 2146 1255 2190 et
1285 2140 1548 2205 copulam
1573 2143 1740 2197 tacet.

139 2221 277 2259 cum
302 2208 475 2259 habet
510 2209 634 2257 Tria
664 2209 838 2259 millia
865 2216 907 2259 et
933 2226 989 2260 eo
1016 2212 1271 2276 amplius,
1298 2212 1470 2264 tacito
1494 2212 1676 2264 simul.

207 2281 340 2343 Cap.
380 2280 471 2330 1V.
521 2293 670 2332 vers.
709 2280 757 2334 1.
793 2282 906 2331 vita
940 2298 952 2333 :
987 2287 1042 2334 et
1067 2283 1171 2335 col.
1206 2282 1327 2337 512.
1354 2296 1498 2335 vers.
1526 2283 1612 2337 13.
1644 2284 1741 2348 qui

140 2367 192 2400 se
218 2351 574 2401 deduccerant.
602 2352 719 2404 Col.
759 2352 880 2408 513.
908 2358 1024 2405 not.
1056 2355 1108 2403 d.
1137 2360 1283 2408 tacet
1309 2355 1394 2404 die
1424 2356 1562 2419 ipsa,
1586 2356 1739 2418 quod

140 2426 199 2473 et
235 2422 432 2473 verius
456 2426 613 2486 puto.

205 2494 339 2555 Cap.
370 2492 440 2541 V.
463 2505 609 2543 vers.
637 2492 686 2547 3.
721 2498 871 2546 tacet
890 2510 986 2559 per
1006 2510 1072 2544 se.

206 2564 338 2626 Cap.
374 2564 466 2614 VI.
502 2568 619 2616 not.
640 2566 686 2629 j.
704 2566 901 2615 Lucius
923 2568 1134 2627 omnia,
1163 2573 1268 2617 etc.

199 2636 333 2698 Cap.
360 2635 479 2685 VII.
526 2648 672 2686 vers.
720 2634 769 2689 οὶ.
822 2637 1060 2686 nebulosi
1102 2638 1356 2689 ductoris.
1397 2640 1457 2690 Et
1481 2638 1585 2691 col.
1616 2637 1737 2693 517.

138 2719 290 2758 vers.
318 2703 647 2770 5.descripta
671 2713 817 2770 sunt,
843 2708 1081 2772 legimus.

208 2778 342 2840 Cap.
368 2777 513 2828 VIII.
541 2777 613 2829 ad
631 2780 748 2829 nol.
776 2794 819 2828 e.
845 2779 1128 2843 Apeteliote
1155 2793 1255 2845 pro
1277 2779 1529 2844 Apeliote.

207 2848 339 2911 Cap.
372 2848 467 2898 IX.
520 2861 658 2898 vers.
708 2847 759 2900 2.
795 2853 946 2901 tacet
977 2850 1127 2899 nobis
1160 2850 1365 2902 deinde
1389 2851 1518 2915 plus
1548 2851 1738 2915 habet,

138 2918 416 2967 olivarum
436 2918 833 2982 plantationem
857 2936 1066 2985 quoque
1087 2922 1328 2983 Domini,
1356 2926 1461 2973 etc.
1488 2922 1599 2973 Co].
1617 2922 1737 2975 518.

136 3002 285 3041 vers.
333 2988 420 3043 29.
469 2995 619 3041 tacet
647 2993 901 3056 prapria;
932 3006 1078 3044 vers.
1107 2992 1192 3047 38.
1218 2999 1263 3042 et
1288 3009 1635 3058 quaecumque
1668 2994 1741 3042 ad

142 3061 366 3124 victum,
392 3065 503 3113 etc.
537 3061 651 3113 Col.
689 3061 904 3127 519.,ad
934 3066 1056 3116 not.
1081 3080 1121 3115 e.
1152 3065 1392 3129 impendi
1418 3077 1517 3129 pro
1540 3065 1742 3129 impen-

140 3133 282 3183 dere.

206 3205 338 3267 Cap.
366 3203 462 3254 XI.
490 3207 609 3255 not.
636 3220 686 3272 g.
713 3207 838 3254 tunc
861 3206 1167 3257 consulares
1195 3222 1206 3257 :
1234 3208 1347 3259 sub
1370 3208 1743 3259 ﬂn.revocarit

137 3287 243 3339 pro
266 3279 547 3324 revocaret.

204 3348 334 3411 Cap.
364 3347 486 3397 XII.
506 3359 650 3398 vers.
677 3347 881 3401 ultimo
906 3364 1135 3413 regnum
1146 3357 1352 3413 gerente
1364 3363 1464 3414 pro
1480 3355 1733 3415 rem,etc.

1063 418 1307 471 INDEX.
1346 417 1685 470 LOCORUM
1722 418 1820 470 EX
1854 417 2080 469 SACRA
2116 417 2528 470 SCRIPTURA.

3311 410 3450 468 1178

1917 532 2049 597 Cap.
2074 532 2198 583 XV.
2224 544 2373 585 vers.
2408 530 2458 586 6.
2483 528 2710 594 ﬁdeliter
2726 539 2828 593 pro
2852 528 3093 592 ﬁdenter,

1913 604 2045 669 Cap.
2072 604 2219 656 XVI.
2256 616 2405 656 vers.
2431 602 2479 657 1.
2514 602 2730 651 dictata.
2758 612 2905 652 vers.
2926 599 2975 654 4.
3003 602 3166 663 negat
3188 597 3448 669 seimpio-

1846 690 1973 725 rum
1990 668 2141 741 posse
2164 674 2339 738 verba,
2364 678 2473 727 etc.
2498 672 2691 725 Paullo
2716 675 2850 723 ante
2872 675 2987 722 not.
3020 670 3056 719 h
3081 674 3232 721 tacet
3256 668 3450 741 impia,

1845 739 2020 799 versu
2065 750 2268 799 octavo
2315 758 2349 797 a
2380 746 2511 807 ﬁne,
2556 744 2835 794 Maximus
2859 743 2955 806 qui
2976 756 3028 790 se
3050 746 3290 790 exuetere
3326 739 3452 805 [sic]

1845 818 2062 881 tyranui
2096 817 2353 880 infamia.
2395 817 2694 881 legitimnm
2716 814 3016 878 principem
3040 812 3245 876 gestiret
3265 815 3443 860 osten-

1845 888 1996 938 dere:
2028 888 2276 940 Omnino
2311 888 2525 947 verius,
2561 891 2787 939 tantum
2811 884 2963 948 quod
2989 882 3172 933 fraudi
3196 894 3327 933 esse
3352 893 3445 945 po-
3518 948 3519 951 η

1847 963 1974 1021 test,
2015 960 2252 1010 verbum
2286 964 2540 1019 exuetere,
2574 957 2635 1008 in
2675 957 2789 1008 duo
2823 953 3127 1019 dispertias
3151 968 3218 1002 ea:
3241 956 3403 1001 vetere
3430 967 3442 1002 :

1845 1030 2040 1094 sicque
2063 1030 2252 1081 locum
2268 1029 2430 1094 refigi
2452 1029 2641 1081 velim.
2660 1027 2863 1079 Confer
2872 1024 3120 1091 praeced.
3139 1035 3266 1094 cap.
3281 1023 3439 1094 XIV.

1904 1093 2036 1166 Cap.
2066 1102 2192 1152 XX.
2228 1093 2437 1165 medio,
2469 1104 2620 1152 tacet
2653 1099 2768 1151 duo
2792 1097 2971 1149 verba
2992 1094 3124 1145 verti
3147 1093 3242 1155 vel,
3267 1093 3442 1145 ferme

1844 1172 2204 1224 concinnius.
2280 1186 2293 1196 °

1905 1244 2035 1308 Cap.
2072 1244 2250 1295 XXII.
2279 1242 2384 1295 col.
2416 1241 2537 1296 529.
2563 1254 2708 1294 vers.
2736 1239 2785 1295 3.
2811 1241 2944 1303 post
2964 1241 3084 1289 not.
3110 1236 3253 1286 b.res
3275 1238 3445 1299 gestas

1841 1315 1913 1365 ad
1936 1317 2319 1380 Imperatorem
2341 1314 2602 1377 referunt.

1903 1379 2033 1451 Cap.
2063 1387 2268 1438 XXIII.
2294 1398 2447 1439 vers.
2476 1385 2529 1440 6.
2552 1389 2609 1437 et
2633 1384 2681 1438 7.
2709 1387 2903 1433 cuncta
2932 1396 3048 1445 quae
3069 1379 3143 1429 ad
3162 1391 3440 1451 summum

1837 1448 2274 1523 pavimentorum
2290 1456 2685 1521 levabantur,et
2700 1467 2837 1506 mox
2853 1451 3088 1502 immisis
3102 1465 3193 1523 pro
3208 1448 3433 1523 immen-

1839 1520 1930 1582 sis.
1962 1529 2083 1582 Col.
2125 1527 2246 1585 530.
2272 1535 2421 1594 post.
2448 1529 2598 1581 med.
2626 1526 2809 1592 templi
2828 1524 3038 1588 foribus
3061 1520 3314 1594 obseratis
3337 1532 3438 1583 pro

1841 1601 2164 1667 temporibus
2184 1591 2467 1651 obsirvatis
2493 1617 2505 1651 :
2526 1591 2738 1651 ibidem
2762 1595 3119 1667 undecimoa
3143 1591 3257 1643 ﬁne
3267 1603 3438 1667 versu

1840 1662 1993 1726 tacet
2015 1672 2195 1725 radio.
2237 1672 2351 1726 Col.
2384 1671 2483 1727 531
2511 1672 2635 1723 init.
2662 1670 2729 1720 ab
2750 1668 2882 1733 ipsis
2914 1664 3167 1717 Gentibus
3188 1674 3289 1728 pro
3307 1662 3445 1712 Gen-

1838 1743 2035 1808 tilibus,
2084 1749 2141 1796 et
2188 1744 2292 1796 col.
2338 1742 2461 1799 533.
2500 1756 2551 1795 v.
2587 1742 2637 1796 4.
2684 1746 2731 1790 et
2771 1739 2947 1790 Soron
2973 1736 3144 1801 Apim
3173 1734 3443 1798 primoex

1837 1816 2234 1879 compositione,
2257 1821 2373 1880 post
2407 1829 2526 1864 vero
2548 1827 2661 1879 per,
2686 1816 2796 1864 etc.

1900 1874 2031 1950 Cap.
2058 1874 2239 1938 xxv".
2257 1874 2434 1939 'vers.
2475 1885 2524 1938 7.
2548 1874 2684 1949 plus
2714 1882 2886 1934 habet
2908 1879 3089 1950 digna
3120 1874 3435 1950 dignatione

1837 1946 2105 2022 numinis,
2130 1963 2187 2009 et
2204 1957 2277 2009 ad
2300 1962 2421 2009 not.
2444 1972 2495 2021 g.
2520 1946 2781 2018 irrepebat
2802 1965 2903 2016 pro
2927 1948 3179 2022 erepebat.
3206 1946 3324 1999 Sub
3351 1956 3445 2022 caf

1838 2028 1972 2092 pitis
1997 2020 2172 2079 finem
2201 2020 2498 2092 ceterisque
2516 2025 2806 2090 fraudibus
2828 2034 2929 2088 pro
2952 2020 3352 2092 caecisque,_etc.
3387 2020 3444 2092 et

1838 2087 1970 2151 mox
2023 2100 2258 2151 omnino
2302 2087 2524 2159 verius,
2570 2094 2788 2145 incertis
2818 2087 3063 2157 patribus
3086 2103 3186 2155 pro
3215 2087 3441 2159 incestis,

1839 2171 2333 2234 quemadmodum
2346 2175 2405 2221 et
2426 2170 2487 2221 in
2508 2158 2769 2235 Egiitione
2790 2170 2995 2238 nostra
3014 2160 3183 2238 velim
3200 2158 3442 2238 restitui.

1901 2245 2034 2307 Cap.
2065 2243 2272 2293 XXVI.
2289 2242 2399 2293 sub
2414 2241 2511 2291 ﬁn.
2538 2231 2627 2289 sed
2635 2236 2860 2310 fecerint
2882 2247 2983 2310 pro
2995 2233 3084 2310 sed
3102 2231 3441 2310 profecerint.

1900 2304 2032 2378 Cap.
2059 2313 2291 2364 XXVII.
2318 2312 2422 2364 col.
2458 2310 2579 2365 536.
2599 2322 2746 2361 vers.
2774 2307 2823 2361 1.
2856 2311 2912 2358 et
2938 2304 2988 2359 2.
3011 2304 3224 2355 iterum
3249 2304 3442 2378 rectis-

1839 2370 1997 2435 sime.
2010 2385 2116 2433 veri
2150 2384 2246 2432 Dei
2274 2382 2490 2446 templa,
2516 2380 2863 2443 Ecclesiaeque
2882 2380 3207 2446 constructa,
3238 2370 3442 2446 ad__cu-

1837 2456 1930 2520 jus
1958 2455 2218 2507 lectionis
2256 2442 2428 2506 ﬁdem
2452 2442 2613 2517 refigi
2637 2456 2695 2503 et
2717 2442 2870 2514 apud
2894 2460 3001 2498 nos
3028 2445 3219 2520 locum
3243 2442 3441 2520 velim.

1840 2515 2013 2589 atque
2037 2526 2174 2577 illud
2187 2525 2342 2586 celsae,
2363 2524 2517 2590 quod
2547 2515 2619 2576 ex
2635 2525 2936 2575 Barraeano
2953 2515 3263 2581 exemplari
3288 2525 3442 2566 acce-

1839 2598 2050 2663 pimus,
2077 2597 2352 2661 expungi.

1902 2657 2256 2732 Cap.XXIX.
2270 2657 2415 2719 Vers.
2435 2665 2521 2721 12.
2540 2662 2924 2715 commendatae
2935 2672 3034 2726 pro
3050 2657 3448 2732 commendata.

1902 2730 2033 2805 Cap.
2060 2739 2240 2790 XXX.
2268 2739 2326 2790 in
2342 2738 2439 2790 ﬁn.
2472 2737 2612 2787 vobis
2635 2749 2842 2799 magna
2852 2730 3087 2797 pernicie
3104 2742 3204 2795 pro
3233 2742 3443 2793 magna

1839 2816 1928 2863 etc
1941 2849 1952 2860 .

1901 2883 2034 2946 Cap.
2073 2882 2329 2932 XXXIII.
2356 2894 2408 2931 v.
2435 2878 2519 2933 11.
2549 2875 2764 2929 abinit.
2795 2887 2924 2939 cap.
2945 2869 3437 2946 secuturamEuge-

1837 2954 1931 3002 nio
1955 2944 2056 3017 pro
2078 2967 2337 3012 securam,
2366 2956 2471 3002 etc.
2497 2952 2554 3001 et
2578 2961 2722 2999 vers.
2750 2946 2835 3000 16.
2863 2944 3098 3007 rectius,
3121 2955 3439 3017 prasumse-

1836 3013 1973 3073 rant
1986 3024 2235 3089 plurium
2265 3033 2685 3075 numerozmox
2707 3019 2887 3083 primo
2912 3017 2995 3089 illi
3007 3027 3108 3089 pro
3122 3013 3312 3079 primi,
3329 3017 3432 3089 etc.

1837 3084 2055 3148 Ibidem
2078 3100 2212 3146 ante
2237 3099 2353 3146 not.
2375 3109 2416 3145 ε.
2444 3090 2629 3157 paullo
2648 3089 2852 3142 melius
2876 3088 2950 3137 ad
2972 3086 3133 3136 solita
3153 3098 3254 3149 pro
3279 3084 3352 3134 ad
3363 3098 3439 3157 so-

1840 3166 1954 3215 lida
1981 3182 2031 3215 se
2054 3167 2221 3227 vertit,
2252 3168 2353 3217 eic.
2372 3167 2429 3216 et
2447 3155 2619 3215 tertio
2649 3162 2720 3213 ab
2745 3160 2855 3212 hoc
2878 3172 3052 3211 versu
3070 3157 3223 3221 justa
3249 3155 3441 3221 praelia

1840 3239 1961 3301 ista,
1987 3242 2092 3289 etc.
2127 3237 2315 3289 tacitis
2344 3236 2518 3289 etiam
2548 3232 2769 3286 voculis
2792 3228 3171 3292 intermedils,
3204 3232 3263 3276 ut
3282 3231 3436 3292 puto.

1899 3369 2120 3403 EXPLICIT
2169 3369 2310 3403 LIBER
2354 3367 2599 3402 ΠΙΞΤΟἎΙέΕ
2654 3361 3043 3398 ΒαοιεειΑετισΔς
3095 3358 3372 3395 FBLICITBB.

154 3517 3433 3559 ψ

768 3751 1507 3914 INDEX
1679 3744 2824 3913 LOCORUM

498 4044 791 4166 nx
963 4043 1667 4165 SAGBA.

1840 4039 3070 4165 SGBIPTUBA

603 4248 716 4304 QUI
760 4247 828 4294 IN
875 4246 1103 4294 RUFINI
1145 4246 1464 4293 OPERIBUS
1507 4245 1782 4292 SPARSIM
1824 4244 2262 4302 LAUDANTUR,
2311 4244 2442 4291 AUT
2487 4244 2972 4292 EXPLICANTUR.

138 4494 215 4556 (In
250 4496 345 4542 hoc
378 4495 546 4542 Iudice
582 4500 841 4542 revocatur
875 4496 1023 4542 lector
1055 4495 1117 4542 ad
1150 4505 1387 4541 numeros
1420 4491 1474 4538 in
1509 4493 1676 4540 Ruﬁni
1712 4493 1958 4616 Operibu;
1991 4498 2037 4539 et
2079 4493 2133 4539 in
2181 4492 2466 4553 Appendice
2518 4493 2577 4539 ad
2613 4493 2848 4541 Ruﬁnum
2882 4488 3116 4537 crassiori
3152 4489 3439 4537 charactere

1652 4568 1927 4615 expressos.

1652 4568 1927 4615 expressos.

787 4771 1100 4825 GENESIS.

139 4866 278 4928 Cap.
311 4861 508 4913 XLIX.
545 4861 757 4912 Vocavit
790 4866 971 4911 autem
990 4862 1130 4924 ﬁlios
1151 4877 1291 4925 suos,
1317 4867 1362 4911 et
1387 4861 1527 4911 dixit
1555 4878 1566 4912 ε
1598 4862 1736 4911 Con-

201 4934 527 4998 gregamini,
556 4938 614 4981 ut
637 4933 970 4982 annunciem
994 4933 1152 4995 vobis,
1172 4949 1289 4998 quae
1309 4948 1598 4984 occursura
1611 4938 1739 4982 sunt

204 5005 349 5054 vobis
366 5005 426 5053 in
451 5004 777 5067 novissimis,
803 5005 935 5069 Pag.
1669 5002 1739 5057 24

781 5118 1067 5170 EXODUS
1078 5156 1089 5167 .

139 5211 273 5273 Cap.
303 5208 398 5259 IV.
422 5207 587 5257 Israel
605 5208 1002 5272 primogenitus
1024 5223 1189 5260 meus.
1671 5207 1740 5262 25

136 5280 288 5332 XIII.
315 5279 382 5328 Et
410 5279 512 5328 erit
538 5281 648 5328 vita
669 5294 925 5343 suspensa
948 5285 1071 5328 ante
1093 5280 1269 5331 oculos
1293 5285 1426 5342 tuos,
1467 5285 1512 5329 et
1538 5279 1740 5329 timebis

202 5366 297 5415 per
316 5350 460 5400 diem
475 5356 521 5400 et
556 5355 778 5415 noctem,
808 5355 916 5402 etc.
1672 5351 1741 5407 86

400 5518 404 5520 ἡ
607 5439 1266 5501 DEUTERONOMIUM.

140 5534 277 5595 Cap.
319 5532 386 5581 II.
427 5530 564 5580 Cum
606 5529 861 5579 divideret
895 5529 1147 5579 Excelsus
1191 5535 1382 5594 gentes,
1418 5532 1606 5582 statuit
1649 5537 1745 5582 ter-

205 5602 386 5650 minos
408 5601 650 5665 gentium
674 5602 970 5650 secundum
985 5616 1297 5661 numerum.
1676 5603 1743 5656 77

145 5672 381 5724 XXXII.
409 5672 611 5721 Audite
644 5673 751 5722 haec
788 5687 969 5721 omnes
990 5677 1165 5736 gentes
1191 5693 1202 5720 :
1238 5672 1465 5721 auribus
1488 5674 1745 5738 pe1cipite

209 5758 410 5805 omnes,
441 5745 538 5807 qui
558 5743 814 5794 habitatis
837 5743 1030 5804 orbem,
1056 5744 1255 5807 quique
1276 5745 1550 5807 terrigenae
1574 5751 1621 5794 et
1641 5744 1746 5807 ﬁlii

211 5816 522 5876 hominum,
568 5815 733 5866 simul
783 5816 844 5864 in
884 5831 1060 5865 unum
1105 5816 1246 5866 dives
1289 5822 1335 5865 et
1378 5830 1602 5881 pauper.
1641 5818 1747 5882 Ap-

208 5886 380 5950 pend.
1645 5886 1746 5941 479

152 5959 385 6010 XXXII.
423 5959 511 6009 Eae
539 5958 702 6007 vineis
734 5959 1091 6009 Sodomorum
1118 5959 1237 6007 vitis
1260 5974 1463 6020 eorum,
1482 5963 1527 6008 et
1549 5959 1751 6022 palmes

1907 4786 2094 4821 eorum
2126 4772 2188 4821 de
2218 4771 2512 4832 Gomorris,
2536 4786 2647 4823 uva
2666 4784 2880 4834 eorum,
2904 4756 3015 4821 uva
3025 4768 3171 4835 fellis
3192 4775 3238 4821 et
3260 4769 3440 4820 botrus

1897 4843 2299 4906 amarissimus
2316 4844 2464 4907 ipsis.
3369 4837 3437 4892 88

2503 4931 2771 4984 ESAIAS.

1838 5023 1970 5086 Cap.
2006 5022 2103 5073 III.
2149 5022 2227 5072 Vae
2263 5021 2461 5071 animae
2488 5036 2695 5085 eorum,
2732 5021 2830 5085 qui
2852 5020 3217 5084 cogitaverunt
3240 5017 3443 5081 cogita-

1808 5141 1812 5145 .
1900 5094 2099 5143 tionem
2116 5094 2409 5158 pessimam
2432 5093 2687 5144 adversus
2709 5093 3010 5156 semetipsos
3039 5089 3285 5150 dicentes,
3306 5088 3441 5139 Alli-

1899 5179 2084 5229 gemus
2109 5164 2340 5228 justum,
2361 5165 2497 5229 quia
2521 5164 2736 5215 inutilis
2759 5168 2829 5213 est
2852 5161 3022 5211 nobis.
3368 5158 3437 5215 83

1838 5237 1929 5288 III.
1979 5235 2245 5287 Dominus
2287 5237 2347 5285 in
2370 5236 2636 5301 judicirm
2672 5234 2857 5296 veniet,
2894 5247 3018 5283 cum
3061 5230 3361 5282 senioribus
3395 5238 3439 5281 et

1898 5307 2237 5372 principibus
2253 5307 2466 5373 populi.

1840 5371 1908 5430 νζ
1944 5371 2234 5442 Expectavi
2256 5371 2537 5441 iut'faceret
2564 5391 2743 5436 uvam,
2765 5374 2888 5437 fecit
2902 5378 3082 5425 autem
3097 5373 3306 5438 spinas.
3372 5371 3440 5427 85

1841 5452 1959 5503 VII.
2000 5451 2160 5513 Virgo
2184 5449 2459 5513 concipiet,
2485 5455 2529 5496 et
2552 5447 2729 5512 pariet
2749 5445 2950 5510 filium.
3373 5442 3442 5499 73

1845 5533 2020 5585 XXV.
2046 5531 2112 5580 Ει
2135 5530 2291 5594 faciet
2321 5528 2587 5578 Dominus
2612 5526 2751 5577 Deus
2786 5525 3026 5577 Sabaoth
3048 5524 3299 5575 omnibus
3322 5539 3443 5588 gen-

1906 5603 2062 5667 tibus,
2096 5603 2154 5652 in
2197 5606 2375 5651 monte
2406 5600 2504 5649 isto
2539 5597 2711 5647 bibent
2735 5597 3000 5660 laetitiam,
3029 5596 3204 5647 bibent
3228 5595 3440 5667 vinum,
3527 5620 3538 5633 -

1906 5665 2181 5737 ungentur
2206 5677 2475 5737 unguento
2501 5671 2555 5721 in
2581 5675 2757 5720 monte
2780 5669 2897 5719 isto.
3373 5665 3442 5720 82

1844 5747 2049 5797 XXVI.
2084 5747 2375 5809 Resurgent
2393 5742 2611 5802 mortui,
2636 5747 2682 5791 et
2704 5741 3110 5791 suscitabuntur
3121 5738 3218 5803 qui
3240 5738 3444 5809 sunt

1906 5816 2220 5882 sepulchris.
2255 5806 2270 5809 ⁷
3338 5806 3441 5882 05

1848 5880 2106 5939 XXXVI.
2134 5888 2399 5950 Mulieres,
2434 5903 2548 5951 quae
2583 5885 2771 5934 venitis
2808 5899 2842 5932 a
2885 5882 3194 5948 spectaculo,
3249 5880 3442 5951 venite;

1912 5974 2017 6008 non
2039 5960 2183 6008 enim
2207 5964 2275 6007 est
2299 5948 2531 6023 populus
2557 5956 2754 6007 habens
2772 5954 3106 6005 intellectum.
3373 5948 3442 6004 96
