3894 6402
491 375 629 431 1179

490 492 551 542 L.
588 488 822 539 Peceatis
849 488 1046 536 nostris
1066 485 1361 534 venundati
1379 497 1586 533 sumus.
2017 474 2082 528 77

489 565 549 614 L.
584 562 820 612 Dorsum
864 574 1040 607 meum
1083 557 1205 606 dedi
1253 557 1326 605 ad
1367 553 1598 618 ﬂagella,
1642 556 1690 601 et
1725 547 1982 600 maxillas
2013 546 2091 618 ad

548 633 781 698 palmas,
804 636 849 680 et
876 630 1071 690 faciem
1092 643 1201 677 non
1224 616 1412 685 averti,
1439 627 1544 677 etc.
1576 697 1583 698 ί
1786 694 1795 698 _
1822 693 1834 698 _
1870 693 1879 698 _
2016 616 2085 673 83

491 693 602 759 LII.
643 706 843 765 Quibus
874 719 989 752 non
1026 706 1097 751 est
1119 700 1526 751 annunciatum
1552 697 1614 746 de
1635 710 1711 755 eo,
1743 693 2085 765 videbunt,_et

552 779 648 842 qui
660 761 793 825 vnon
814 774 1114 824 audierunt
1138 771 1451 836 intelligent.
1503 841 1506 842 ν

492 832 627 902 LIII.
650 847 879 898 Domine
903 846 1027 910 quis
1049 844 1274 894 credidit
1290 832 1509 892 auditui
1534 844 1731 888 nostro.
1976 905 1985 910 _
2017 832 2088 887 84

491 922 627 973 LIII.
666 920 817 969 Sicut
860 905 1037 981 agnus
1082 930 1265 966 coram
1292 914 1537 963 tondente
1564 926 1634 971 se,
1663 923 1776 959 non
1794 905 2088 981 aperuit‘os

551 1006 731 1051 suum,
760 991 819 1039 in
845 975 1153 1040 humilitate
1167 986 1448 1049 judicium
1476 984 1609 1048 ejus.
1909 1048 1921 1051 _
2021 975 2090 1051 85

496 1065 660 1115 LVII.
694 1048 968 1112 Recubans
1013 1048 1271 1109 dormivit
1315 1062 1375 1106 ut
1398 1056 1493 1115 leo,
1516 1060 1561 1105 et
1588 1057 1647 1103 ut
1671 1051 1881 1102 catulus
1905 1048 2089 1108 leonis,

552 1134 675 1198 quis
698 1132 972 1183 su-scitabit
996 1135 1157 1181 cum?
1640 1161 1650 1169 -
1898 1193 1912 1198 _
2020 1119 2089 1174 86

490 1193 654 1257 LVII.
692 1206 878 1269 Supra
915 1219 1074 1268 quem
1096 1202 1385 1267 aperuistis
1413 1215 1469 1249 os
1498 1202 1745 1259 vestrum,
1769 1201 1816 1245 et
1839 1193 2092 1269 adversus

552 1292 711 1343 quem
730 1263 1019 1325 i'elaxastis
1044 1263 1262 1338 linguas
1286 1277 1495 1322 vestras.
1892 1337 1904 1343 _
2022 1263 2091 1343 85

491 1336 634 1401 LXI.
670 1348 911 1412 Spiritus
953 1336 1181 1396 Domini
1212 1358 1372 1407 super
1394 1358 1495 1404 me,
1518 1344 1736 1406 propter
1759 1337 1904 1403 quod
1930 1336 2091 1412 unxit

553 1434 637 1469 me
660 1405 1021 1483 evangelisare
1038 1405 1386 1481 pauperibus,
1411 1405 1531 1467 etc.
2025 1405 2093 1461 62

493 1492 686 1542 LXIII.
724 1490 829 1549 Qui
907 1489 1096 1539 eduxit
1160 1495 1223 1537 de
1282 1493 1427 1535 terra
1490 1487 1761 1550 pastorem
1823 1493 2091 1550 magnum

552 1547 758 1613 ovium;
1492 1547 1501 1550 ⁷
2021 1547 2090 1603 92

493 1634 687 1686 LXIII.
730 1632 860 1692 Quis
896 1635 968 1681 est
1014 1632 1102 1681 hic
1139 1631 1237 1695 qui
1264 1630 1405 1679 venit
1438 1627 1499 1677 de
1524 1627 1715 1686 Edom,
1741 1622 1909 1695 rubor
1938 1621 2092 1671 vesti-

553 1709 859 1754 mentorum
902 1704 1017 1768 ejus
1054 1717 1120 1752 ex
1148 1694 1367 1752 ’Bosra?
1398 1700 1577 1759 Quare
1620 1694 1928 1746 rubicunda
1966 1697 2093 1743 sunt

555 1776 863 1827 vestimenta
888 1764 1052 1836 tua,et
1076 1774 1460 1823 indumentum
1483 1776 1658 1830 tuum,
1681 1774 1787 1821 etc.
2025 1764 2093 1819 88

1094 1923 1475 1975 ‘JEREMIAS.

496 2053 628 2116 Cap.
665 2052 733 2102 II.
768 2050 883 2115 Ego
902 2049 1151 2114 ptantavi
1174 2052 1219 2097 te
1247 2049 1462 2097 vincam
1486 2046 1834 2109 frugiferam.
2026 2043 2094 2097 ‘25

496 2124 590 2174 III.
626 2121 1087 2185 Mortiﬁcaverunt
1116 2121 1177 2169 in
1207 2119 1381 2169 locum
1404 2118 1570 2167 vitam
1590 2131 1788 2177 meam,
1826 2120 1872 2165 et
1908 2130 2097 2179 posue-

557 2198 691 2242 runt
720 2184 956 2257 lapidem
975 2206 1138 2256 super
1166 2206 1267 2241 me.
2027 2184 2096 2240 89

496 2268 588 2318 VI.
628 2265 867 2330 Spiritus
890 2264 1066 2313 vultus
1089 2263 1259 2312 nostri
1280 2259 1834 2313 ChristusDominus:
1858 2272 2098 2330 compre-

561 2329 758 2387 hensus
778 2342 848 2386 est
862 2337 917 2386 in
935 2332 1374 2399 corruptionibus
1388 2332 1609 2392 nostris,
1626 2331 1688 2380 in
1706 2346 1810 2395 quo
1823 2329 2096 2379 diximus:

556 2409 653 2458 sub
682 2408 878 2458 umbra
898 2407 1011 2471 ejus
1030 2398 1265 2455 vivemus
1288 2405 1351 2454 in.
1373 2403 1633 2468 gentibus.
2028 2398 2096 2453 82

498 2481 594 2531 XI.
627 2479 807 2529 Venite
834 2483 882 2528 et
913 2477 1233 2542 injiciamus
1255 2476 1469 2540 lignum
1488 2475 1549 2523 in
1571 2471 1893 2538 pancmejus
1910 2475 2099 2520 etcon-

562 2556 800 2601 teramus
822 2565 945 2599 eum
969 2539 1031 2598 de
1054 2555 1198 2599 terra
1217 2547 1531 2597 viventium.
2028 2539 2096 2594 86

1115 2700 1480 2751 EZECHIEL.

562 2831 694 2893 Cap.
732 2828 913 2878 XXX.
950 2828 1015 2876 In
1039 2825 1134 2875 illa
1161 2825 1244 2874 die
1260 2822 1543 2889 precedent
1570 2820 1763 2885 Angeli
1786 2822 2098 2893 festinantes

560 2891 924 2949 exterminare
947 2897 1310 2962 Etliiopiam,
1336 2898 1536 2958 eritque
1557 2895 1610 2942 ir
1621 2898 1697 2943 ter
1719 2907 1800 2943 eos
1819 2891 2100 2958 perturba-

563 2972 636 3021 tio
663 2973 719 3019 in
744 2971 829 3019 die
851 2970 1093 3034 Egypti,
1120 2973 1228 3020 etc.
2031 2962 2099 3017 78

503 3043 735 3094 XXXII.
769 3043 837 3091 Et
861 3042 1152 3091 extraham
1179 3046 1223 3089 te
1252 3039 1313 3088 in
1337 3040 1496 3089 homo
1521 3053 1654 3098 meo,
1680 3043 1725 3087 et
1746 3036 2033 3086 extendam
2058 3041 2102 3085 te

562 3120 954 3180 superterram.
978 3112 1171 3177 Campi
1188 3111 1249 3160 de
1262 3116 1306 3160 te
1322 3110 1708 3176 implebuntur,
1721 3114 1765 3159 et
1778 3109 2095 3180 constituam

563 3191 607 3235 te
628 3177 789 3251 super
812 3200 995 3236 omnes
1019 3184 1254 3234 volucres
1272 3182 1402 3234 cali.
2030 3177 2098 3232 79

503 3250 701 3310 XLIV.
731 3258 898 3307 Porta
921 3262 1101 3306 autem
1124 3271 1240 3319 qum
1258 3254 1473 3319 respicit
1497 3253 1571 3303 ad
1605 3252 1889 3311 Orientem,
1916 3250 2097 3299 clausa

559 3330 676 3389 erit,
721 3334 767 3379 et
811 3345 923 3379 non
965 3329 1254 3393 aperietur,
1302 3330 1348 3375 et
1378 3340 1533 3376 nemo
1559 3324 1810 3374 transibit
1839 3338 1936 3387 per
1961 3336 2098 3382 eam,

563 3401 828 3464 quoniam
858 3401 1126 3451 Dominus
1154 3398 1294 3449 Deus
1316 3397 1481 3447 Israel
1507 3395 1756 3446 transibit
1777 3410 1871 3459 per
1893 3408 2030 3453 eam,
2056 3399 2101 3441 et

561 3462 748 3523 clausa
770 3474 888 3524 erit.
1966 3476 1975 3489 ‘
2032 3462 2100 3518 72

1202 3623 1399 3675 OSEE.

506 3754 637 3818 Cap.
675 3753 715 3803 Ι.
757 3750 815 3802 Si
846 3748 1053 3813 fuerint
1082 3748 1190 3810 ﬁlii
1221 3746 1387 3796 Israel
1407 3751 1543 3796 sicut
1565 3759 1737 3795 arena
1759 3744 1949 3805 maris,
1975 3744 2104 3794 reli-

565 3814 705 3888 quiae
724 3823 882 3872 salvx
902 3823 1047 3884 ﬁent.
1556 3887 1561 3888 γ
1928 3886 1958 3888 Ἡ
2034 3814 2093 3869 11

564 3886 659 3946 ΠΙ.
695 3893 763 3943 Ει
783 3893 911 3942 dicit
926 3891 1221 3941 Dominus:
1249 3888 1445 3940 Adhuc
1462 3887 1611 3947 vade,
1637 3886 1800 3950 dilige
1823 3886 2103 3935 mulierem

565 3967 811 4017 dilectam
836 3965 1028 4014 amicis
1058 3968 1103 4013 et
1135 3960 1616 4023 adulteram,sicut
1638 3958 1816 4021 diligit
1838 3957 2106 4007 Dominus

568 4039 708 4102 ﬁlios
731 4036 912 4097 Israel,
938 4040 1047 4088 etc.
1073 4033 1337 4099 Append.
1868 4101 1874 4102 γ
1999 4028 2105 4102 413

505 4101 599 4161 IV.
623 4108 869 4159 Judicate
892 4112 1121 4157 matrem
1146 4110 1391 4165 vestram,
1411 4102 1673 4167 judicate,
1704 4101 1969 4165 quoniam
1987 4101 2107 4165 ipsa

568 4196 673 4230 non
701 4194 846 4229 uxor
874 4194 1011 4239 mea,
1039 4183 1085 4227 et
1108 4192 1199 4240 ego
1226 4174 1338 4225 non
1371 4175 1457 4223 vir
1485 4173 1616 4237 ejus.
1642 4171 1899 4237 Append.
1999 4172 2104 4227 403

505 4255 599 4306 IV.
635 4252 832 4302 Audite
846 4250 1064 4300 verbum
1079 4247 1307 4299 Domini
1328 4245 1450 4309 ﬁlii,
1468 4244 1651 4307 Israel,
1674 4245 1810 4308 quia
1826 4244 2102 4308 judicium

564 4324 797 4374 Domino
834 4337 958 4372 cum
1002 4319 1393 4371 habitatoribus
1421 4323 1588 4376 terrae,
1616 4331 1729 4366 non
1758 4318 1903 4365 enim
1929 4321 1998 4366 est
2022 4333 2105 4366 ve-

565 4396 719 4456 ritas,
746 4400 791 4444 et
820 4410 927 4444 non
958 4398 1028 4442 est
1051 4391 1443 4450 misericordia,
1460 4397 1505 4438 et
1526 4404 1637 4437 non
1659 4389 2102 4449 estscientia,etc.

567 4466 825 4531 Append.
2002 4459 2107 4514 415

505 4541 571 4590 V.
609 4540 675 4589 In
700 4537 1045 4586 tribulatione
1079 4536 1376 4584 sua'mane
1398 4537 1719 4596 consurgent
1753 4532 1826 4581 ad
1857 4546 1975 4580 me:
2013 4532 2109 4582 Ve—

568 4610 696 4670 nite,
735 4613 1072 4658 revertamur
1103 4605 1177 4655 ad
1204 4605 1522 4668 Dominum,
1566 4604 1701 4668 quia
1735 4603 1845 4667 ipse
1869 4603 2037 4667 caspit,
2063 4609 2107 4651 et

569 4680 798 4732 salvabit
824 4694 938 4741 nos,
960 4678 1216 4748 percutiet
1242 4684 1287 4726 et
1324 4676 1533 4726 curabit
1565 4691 1680 4724 nos.
1708 4674 1968 4748 Append.
2004 4672 2109 4728 428

512 4756 576 4803 ν.
614 4753 813 4803 Audite
838 4747 1286 4810 hoc,saecrdotcs,
1312 4754 1357 4796 et
1377 4748 1646 4807 attendite,
1679 4747 1891 4797 domus.

514 4827 604 4877 VI.
642 4823 872 4875 Sanabit
902 4837 996 4871 nos
1012 4828 1126 4886 post
1152 4821 1396 4881 biduum,
1421 4820 1481 4868 in
1507 4820 1591 4867 die
1615 4824 1794 4867 autem
1821 4817 1996 4877 tertia,
2028 4832 2111 4864 rc-

570 4910 869 4960 surgemus,
897 4899 943 4943 et
969 4894 1206 4944 vivemus
1235 4894 1293 4942 in
1319 4896 1599 4957 conspectu
1622 4889 1755 4953 ejus.
2040 4887 2094 4941 92

516 4970 633 5020 VII.
668 4969 804 5017 Cum
841 4981 1038 5015 sanare
1074 4964 1256 5014 vellem
1278 4962 1463 5022 Israel,
1494 4960 1730 5009 revelata
1747 4964 1820 5008 est
1845 4960 2115 5022 iniquitas

570 5040 816 5105 Effraim
827 5044 871 5089 et
887 5037 1104 5089 malitia
1117 5036 1400 5095 Samarize,
1416 5034 1569 5099 quia,
1586 5036 1694 5105 etc.
1712 5032 1969 5105 Append.
2010 5031 2107 5105 431

512 5103 657 5164 VIII.
694 5112 758 5161 In
790 5116 1004 5175 gutture
1042 5116 1132 5160 tuo
1156 5109 1226 5157 sit
1256 5106 1399 5165 tuba,
1426 5105 1587 5168 quasi
1611 5103 1819 5168 Aquila
1839 5118 1999 5168 super
2021 5104 2119 5175 do-

572 5200 725 5234 mum
748 5173 993 5243 Demini,
1016 5196 1118 5246 pro
1142 5195 1199 5229 eo
1226 5178 1386 5243 q-uod,
1419 5180 1527 5229 etc.
1561 5175 1815 5240 Append.
2010 5173 2115 5229 436

513 5258 609 5309 IX.
646 5255 775 5306 Noli
813 5254 1005 5314 laetari,
1035 5250 1238 5312 Isralet,
1277 5249 1391 5298 noli
1411 5247 1674 5312 exultare,
1705 5248 1840 5313 quia
1868 5262 1903 5295 a
1929 5246 2119 5310 [sedere

575 5329 702 5392 legis
723 5326 986 5389 sacrilega
1010 5324 1303 5389 pollutione
1324 5320 1632 5370 discesseris.
1662 5318 1920 5392 Appeud.
2010 5316 2114 5392 442

514 5401 582 5452 Χ.
618 5390 813 5450 Vaccus
859 5398 1143 5448 Bethavem
1183 5394 1461 5444 coluerunt
1508 5393 1807 5443 habitantes
1830 5390 2117 5451 Samaritae,

574 5473 709 5537 quia
739 5471 881 5520 luxit
910 5484 1073 5534 super
1116 5482 1239 5518 eum
1280 5466 1515 5532 populus
1559 5466 1687 5530 (jus,
1724 5470 1771 5537 et
1793 5463 1980 5512 aeditui
2005 5463 2120 5526 ejus

574 5533 1115 5608 superexultaverunt
1166 5540 1221 5588 in
1270 5539 1447 5603 gloria
1490 5537 1622 5601 ejus,
1676 5536 1810 5600 quia
1863 5533 2123 5596 migravit

579 5604 651 5666 ab
664 5631 738 5665 eo.
765 5612 1009 5679 Append
2018 5604 2121 5679 449

518 5686 589 5739 X.
626 5688 690 5737 Et
715 5676 998 5752 alliga-ntes
1019 5700 1142 5735 eum
1164 5684 1393 5735 xenium
1418 5679 1764 5744 RegiJarim.
2052 5676 2121 5732 8.4

525 5759 596 5810 X.
639 5760 765 5809 Vitis
810 5751 1073 5821 frondosa
1102 5756 1282 5816 Israel,
1308 5756 1519 5818 fruetus
1541 5752 1858 5815 adaequatus
1887 5754 1957 5798 est
1977 5751 2025 5799 ei
2046 5766 2125 5799 se-

583 5830 824 5879 cundum
850 5830 1274 5888 multitudinem,
1300 5828 1528 5889 fructus,
1557 5829 1661 5876 etc.
1692 5823 1951 5890 Append.
2021 5824 2122 5879 447

526 5901 621 5956 X1.
660 5901 747 5949 Sic
768 5902 888 5961 fecit
912 5900 1053 5950 vobis
1078 5900 1273 5951 Bethcl.
1293 5897 1553 5963 Append.
2016 5895 2120 5951 456

1824 362 2048 415 INDEX
2106 359 2444 411 LOCORUM

3643 342 3774 399 1180

2869 467 3078 519 AMOS.
3124 480 3127 487 ‘

2186 573 2315 635 Cap.
2354 572 2447 622 VI.
2493 571 2574 620 Vae
2615 570 2712 633 qui
2757 566 2997 631 opulenti
3036 564 3155 614 estis
3175 564 3234 612 in
3261 562 3414 623 Sion,
3439 565 3483 609 et
3510 556 3776 635 conﬁditis

2247 626 2305 690 in
2332 648 2510 691 monte
2545 626 2829 691 Samarite.
2856 636 3116 703 Append.

2184 716 2329 765 VIII.
2375 714 2577 763 Occidet
2605 712 2699 761 tibi
2722 712 2798 761 sol
2823 698 3063 758 meridie.
3713 698 3773 752 87

2185 787 2283 838 1X.
2320 786 2460 845 Quid
2482 786 2705 847 azdiﬁcat
2734 785 2793 831 in.
2819 782 2939 831 caelo
2962 777 3323 829 ascensionem
3351 788 3527 824 suam.
3712 770 3775 823 94

2771 904 3194 958 ZACIIARIAS.

2188 1010 2318 1073 Cap.
2342 1009 2438 1059 XI.
2478 1007 2541 1055 Et
2585 1006 2706 1055 dixi
2748 1006 2820 1053 ad
2864 1016 2986 1053 eos:
3014 1001 3075 1073 Si
3099 1000 3301 1073 bonurn
3321 998 3476 1047 estin
3501 998 3773 1073 conspectu

2248 1064 2435 1141 vestro,
2460 1080 2579 1127 date
2602 1076 2909 1135 mercedem,
2929 1079 2973 1123 et
2994 1072 3230 1123 abnuite.
3260 1069 3323 1119 Et
3334 1066 3538 1141 accepi,
3553 1064 3777 1141 triginta

2250 1137 2542 1215 argenteos,
2581 1155 2627 1197 et
2663 1148 2789 1197 misi
2835 1162 2919 1195 eos
2948 1146 3009 1194 in
3056 1144 3278 1193 domum
3318 1138 3538 1189 Domini
3564 1137 3625 1185 in
3659 1149 3777 1184 con-

2249 1204 2546 1285 ﬂatoriumy.
3204 1284 3207 1285 ν
3252 1283 3259 1285 Α
3574 1278 3585 1285 _
3716 1204 3781 1285 88

2190 1277 2339 1346 XIV.
2376 1294 2435 1342 In
2476 1292 2573 1341 illa
2607 1291 2693 1339 die
2729 1304 2841 1338 non
2878 1287 2977 1337 erit
3010 1285 3146 1335 lux:
3183 1283 3361 1348 frigus
3382 1285 3427 1330 et
3452 1278 3663 1345 pruina
3688 1277 3781 1326 erit

2253 1381 2364 1415 uno
2388 1365 2491 1424 die,
2517 1368 2563 1412 et
2586 1363 2698 1411 dies
2731 1361 2829 1410 illa
2843 1364 2974 1408 nota
2997 1357 3249 1416 Domino,
3274 1359 3321 1404 et
3342 1365 3509 1416 neque
3537 1350 3666 1411 dies,
3696 1364 3780 1424 nne:

2252 1452 2354 1501 que
2377 1417 2508 1494 nox,
2535 1438 2579 1483 et
2604 1434 2678 1483 ad
2700 1444 2971 1496 vesperam
2999 1428 3099 1478 erit
3116 1427 3232 1478 lux.
3716 1417 3777 1471 87

2777 1553 3211 1606 MALACHIAS.

2199 1662 2330 1723 Cap.
2356 1660 2447 1710 III.
2486 1658 2616 1707 Ecce
2656 1654 2824 1704 veniet
2867 1650 3135 1723 Dominus
3180 1647 3545 1723 omnipotens,
3579 1648 3634 1723 et
3659 1642 3786 1723 quis

2255 1713 2530 1780 sustinebit
2555 1728 2698 1777 diem
2720 1725 2979 1775 adventus
2990 1722 3103 1786 ejus
3117 1723 3144 1771 εἶ
3165 1724 3261 1769 aut
3277 1719 3398 1783 quis
3412 1713 3690 1765 sustinebit
3699 1727 3787 1763 as-

2254 1805 2463 1864 pectum
2507 1798 2621 1863 ejus
2644 1800 2669 1849 .9
2703 1796 2845 1856 Quia
2882 1795 2993 1859 ipse
3014 1790 3322 1856 ingreditur
3342 1788 3477 1838 sicut
3505 1785 3652 1851 ignis
3665 1798 3787 1864 can:

2257 1852 2480 1936 'ﬂatorii,
2503 1852 2549 1921 et
2575 1852 2919 1926 sicut'herba,
2941 1869 3045 1918 etc.
3078 1852 3098 1856 ⁷
3715 1852 3784 1907 95

2756 1988 3227 2044 PSALTERIUM.
3280 2018 3283 2021 λ

2196 2096 2327 2160 Cap.
2355 2096 2448 2145 III.
2474 2092 2588 2157 Ego
2618 2090 2855 2141 dormivi
2884 2093 2929 2138 et
2949 2090 3232 2150 soporatus
3254 2096 3394 2142 sum,
3407 2084 3452 2129 et
3476 2078 3785 2129 exsurrexi.

2256 2174 2520 2239 quoniam
2542 2171 2810 2222 Dominus
2832 2166 3056 2232 suscepit
3079 2180 3181 2215 me.
3327 2232 3340 2239 _
3444 2231 3454 2239 _
3563 2229 3577 2239 ‘
3719 2155 3783 2210 91

2195 2229 2291 2298 Ν.
2329 2246 2433 2305 Qui
2461 2242 2810 2294 manducavit
2839 2229 3008 2306 panes
3030 2251 3169 2287 meos
3190 2231 3475 2298 ampliavit
3503 2229 3786 2306 adversum

2256 2296 2886 2380 me‘supplantationem.
3259 2296 3295 2380 ,ἡ
3405 2373 3417 2380 Α
3639 2370 3648 2380 .
3675 2369 3687 2380 Ι

2194 2390 2288 2440 IV.
2324 2368 2452 2437 Filii
2471 2368 2789 2447 hominum,
2815 2394 3090 2445 usquequo
3113 2376 3269 2442 gravi
3291 2373 3464 2437 corde,
3480 2377 3538 2447 ut
3553 2368 3791 2447 quide-i;

2259 2459 2425 2521 tigitis
2450 2438 2839 2519 vanitatem,let
2862 2438 3243 2517 q'uaer'iu's,'etc.
3266 2443 3529 2521 Append.
3686 2438 3789 2521 iis";

2198 2533 2266 2582 X.
2301 2509 2374 2580 "Ut
2406 2529 2653 2593 sagitte-nt
2687 2509 2991 2575 in'obseuro
3024 2526 3186 2571 rectos
3209 2509 3379 2593 corde.
3444 2586 3457 2593 _
3500 2584 3548 2593 __
3710 2509 3791 2593 ﬁli

2199 2604 2294 2654 XI.
2331 2584 2609 2665 Ling-itam
2636 2602 2881 2648 nostram
2902 2589 3415 2665 magniﬁcabimus_:
3441 2584 3584 2636 labia
3606 2587 3792 2665 nostra

2259 2651 2293 2722 ξι
2321 2651 2474 2722 nobis
2497 2675 2641 2733 sunt,
2668 2670 2790 2733 quis
2814 2651 3127 2717 nostcr'etc'.
3156 2658 3415 2727 Append.
3686 2651 3793 2706 528

2198 2747 2295 2797 XI.
2331 2746 2557 2807 Propter
2579 2740 2860 2791 miseriam
2882 2738 3109 2802 inopum
3123 2739 3170 2785 et
3189 2732 3447 2799 gemitum
3467 2738 3791 2807 pauperum,

2256 2831 2407 2865 nunc
2419 2794 2730 2877 exsurgam,
2744 2811 2875 2861 dicit
2898 2794 3211 2860 Dominus.—
3450 2873 3462 2877 _
3715 2794 3778 2848 91

2198 2891 2321 2941 XV.
2361 2888 2502 2946 Quia
2546 2873 2658 2935 non
2710 2883 2861 2933 dabis
2906 2886 3153 2931 sanctum
3186 2883 3341 2928 tuum
3373 2873 3547 2924 videre
3568 2884 3794 2946 cormp-

2260 2941 2477 3010 tionem.
3719 2941 3791 2997 90

2200 3033 2324 3084 XV.
2359 3030 2606 3088 Domine,
2632 3026 2868 3077 cduxisti
2890 3024 3142 3074 animam
3163 3034 3340 3069 meam
3357 3017 3423 3068 ab
3438 3014 3793 3080 inferno,sal-

2260 3105 2398 3153 vasti
2424 3117 2507 3150 me
2528 3117 2563 3150 a
2584 3086 2903 3149 desceutibus
2935 3097 2995 3144 in
3021 3095 3215 3144 laeum.
3720 3086 3791 3140 90

2202 3178 2380 3229 XVII.
2418 3174 2556 3225 Cum
2604 3176 2789 3221 saneto
2810 3173 3028 3219 sanctus
3046 3166 3171 3229 eris,
3194 3170 3239 3213 ct
3262 3176 3383 3216 cum
3404 3174 3645 3227 perverso
3668 3173 3792 3229 per-

2260 3246 2495 3296 verteris.
2522 3242 2783 3309 Append.
3162 3228 3178 3309 r_
3205 3306 3212 3309 _
3358 3304 3369 3309 _
3449 3304 3479 3309 Δγ
3686 3228 3789 3284 407

2201 3320 2379 3371 XVII.
2417 3316 2520 3376 Qui
2543 3304 2955 3376 ascenditsuper
2982 3306 3273 3367 Cherubin,
3286 3304 3481 3355 volavit
3494 3316 3793 3376 superpcnf

2261 3404 2363 3439 nas
2386 3393 2687 3438 ventorum.
2858 3372 2869 3376 ⁷
3719 3372 3791 3425 94

2203 3464 2354 3514 XXI.
2401 3461 2568 3509 Tauri
2589 3458 2815 3524 pingues
2839 3453 3277 3524 obsederuntyme.
3336 3520 3344 3524 _

2203 3534 2356 3584 XXI.
2390 3531 2458 3581 Et
2482 3531 2543 3579 in
2568 3514 2841 3594 pulverem.
2861 3525 3051 3575 mortis
3075 3520 3345 3572 deduxisti
3377 3534 3479 3569 me.
3518 3588 3529 3594 _
3693 3587 3703 3594 _
3722 3514 3788 3594 89

2201 3604 2430 3657 XXXII.
2473 3587 2650 3651 Tollite
2671 3604 2857 3664 portas
2881 3596 3155 3662 prtneipes
3184 3598 3401 3664 vestras,
3425 3587 3787 3664 etelevamini,

2254 3680 2421 3741 portae
2444 3659 2733 3732 eeternales,
2762 3676 2807 3720 et
2837 3659 3081 3741 introibit
3102 3680 3201 3714 rex
3225 3663 3423 3727 gloriae.
3449 3660 3578 3719 Quis
3601 3664 3673 3708 est
3694 3659 3786 3741 is‘t‘e

2259 3728 2357 3796 rex
2382 3744 2596 3810 gloriae?
2618 3728 2887 3792 Dominus
2909 3739 3081 3810 fortis,
3109 3741 3157 3786 et
3184 3739 3382 3810 potens,
3411 3738 3516 3810 etc._
3719 3728 3789 3783 93

2201 3803 2406 3871 XXIII".
2434 3816 2680 3875 Domine,
2707 3814 2830 3880 quis
2856 3808 3187 3862 habitabitin
3208 3803 3547 3880 tabernaculo
3572 3807 3678 3863 tuo,
3695 3810 3789 3880 aut

2261 3890 2386 3953 quis
2419 3872 2699 3951 requiescet
2716 3872 2785 3934 ’in
2812 3885 2919 3934 loco
2953 3886 3137 3932 sancto
3163 3881 3283 3953 tuo?
3307 3875 3562 3940 Append.
3616 3947 3627 3953 -

2200 3946 2379 4015 XXV.
2420 3946 2519 4010 Odi
2564 3957 2856 4008 Ecclesium
2884 3951 3331 4017 malignantium,
3367 3954 3411 3997 et
3457 3961 3581 3996 eum
3607 3946 3790 4017 impiis

2265 4049 2375 4082 non
2401 4031 2603 4082 sedebo.
3028 4016 3031 4017 ν
3686 4016 3782 4071 101

2203 4106 2434 4157 XXVII.
2461 4097 2881 4153 Diviseruntsibi
2896 4095 3206 4147 vestimenta
3220 4106 3359 4151 mea,
3371 4094 3415 4141 et
3429 4104 3590 4154 super
3602 4093 3785 4140 vestem

2265 4190 2441 4225 meam
2476 4174 2744 4223 miserunt
2766 4174 2977 4219 sortem.
3720 4158 3788 4211 88

2203 4249 2410 4301 XXIX.
2447 4248 2570 4305 Quae
2602 4243 2811 4293 utilitas
2834 4242 2898 4290 in
2919 4238 3188 4303 sanguine
3210 4233 3499 4298 meo,'dum
3522 4230 3791 4305 descende-

2268 4336 2326 4371 ro
2352 4322 2413 4369 in.
2437 4318 2857 4381 com'uptionem.
3031 4302 3037 4303 ί
3722 4302 3789 4356 89

2205 4396 2411 4448 XXIX.
2450 4374 2610 4452 Quid
2635 4404 2748 4438 non
2784 4386 3115 4448 deretinques
3145 4381 3392 4431 animam
3416 4390 3594 4426 meam
3617 4376 3677 4424 in
3704 4374 3791 4452 in-

2266 4469 2441 4530 ferno,
2460 4444 2563 4513 pec
2586 4461 2738 4511 dabis
2761 4444 3012 4509 sanctum
3040 4453 3232 4512 videre,
3254 4458 3344 4500 etc.
3727 4444 3792 4497 90

2208 4520 2414 4590 XXIX.
2433 4520 2697 4594 Domine,
2724 4527 2961 4580 eduxisti
2994 4525 3056 4575 de
3080 4524 3296 4587 inferno
3318 4520 3567 4570 animam
3600 4530 3791 4594 meam,

2267 4608 2485 4658 salvasti
2508 4621 2591 4656 me
2613 4621 2647 4654 a
2674 4586 3103 4653 descendentibus
3132 4586 3195 4645 in
3221 4594 3415 4643 laeum.
3728 4586 3782 4639 9-1

2209 4682 2389 4734 XXX.
2418 4679 2480 4728 In.
2509 4691 2709 4727 manus
2751 4680 2889 4733 tuas,
2927 4668 3177 4731 Domine,
3211 4662 3518 4716 commendo
3540 4660 3791 4734 spiritum

2268 4766 2443 4800 meum
2456 4788 2467 4801 .
3167 4729 3173 4731 I
3728 4729 3791 4785 95

2211 4824 2473 4876 XXXIV.
2509 4820 2628 4870 Fiat
2644 4818 2736 4867 via
2759 4816 2982 4865 illorum
3007 4810 3222 4861 tenebrae
3244 4814 3289 4857 et
3314 4805 3580 4857 lubricum.
3608 4808 3654 4853 et
3674 4805 3789 4876 Anf

2269 4873 2419 4959 gelns
2445 4890 2670 4943 Domini
2693 4899 3007 4955 persequens
3026 4898 3128 4959 eos.
3154 4877 3410 4945 Append.
3430 4948 3465 4959 Η
3499 4948 3513 4959 1

2214 4945 2498 5020 XXXVII.
2535 4963 2651 5027 Ego
2683 4945 2951 5024 tanquam
2974 4955 3173 5006 surdus
3197 4966 3308 5001 non
3330 4948 3637 5007 audiebam,
3656 4950 3701 4996 et
3722 4945 3792 5027 si:

2270 5044 2357 5088 cut
2380 5040 2561 5085 mutus
2582 5015 2696 5083 non
2723 5015 3037 5095 ap'eriensos
3058 5039 3237 5075 suum.
3289 5093 3295 5095 Α
3374 5092 3385 5095 _
3731 5015 3793 5068 85

2214 5109 2500 5162 XXXVII.
2520 5104 2701 5155 Amici
2717 5092 2840 5163 mei,
2857 5106 2900 5150 et
2923 5096 3166 5163 proximi
3194 5093 3298 5144 mei
3314 5092 3593 5143 adversum
3604 5102 3685 5137 me
3701 5103 3795 5163 ap:

2270 5157 2757 5246 propinquaverun
2769 5179 2801 5234 t,
2831 5157 2883 5222 vet
2902 5157 3170 5246 steterunt.
3482 5233 3515 5246 μ
3664 5236 3676 5246 ι
3731 5157 3793 5211 82

2215 5233 2503 5304 XXX‘VII:
2538 5250 2728 5298 Factus
2761 5233 2883 5295 sum
2906 5243 3043 5292 sicut
3066 5241 3224 5290 homo
3247 5251 3359 5286 non
3384 5233 3610 5285 audiens
3630 5236 3787 5304 etnon

2278 5322 2476 5372 habens
2506 5320 2569 5368 in
2592 5334 2681 5368 ore
2701 5333 2797 5367 suo
2821 5312 3242 5377 redargutiones.
3718 5300 3794 5377 Δ85

2217 5394 2530 5447 XXXVIII.
2570 5388 2842 5440 Obtmutui
2866 5394 2911 5436 et
2940 5375 3261 5435 humiliatus
3281 5394 3418 5443 sum,
3443 5382 3487 5427 et
3508 5377 3635 5427 silui
3658 5392 3692 5427 a

2278 5444 2384 5524 nis,
2414 5469 2456 5514 et
2481 5462 2634 5512 dolor
2656 5476 2804 5510 meus
2826 5462 3115 5508 renovatus
3145 5459 3235 5505 est.
3262 5450 3516 5524 Append.
3695 5444 3790 5524 532

2217 5522 2419 5622 XLIV:
2464 5534 2739 5599 Speciosus
2779 5531 2963 5594 forma
3001 5544 3112 5594 prae
3161 5525 3290 5590 ﬁliis
3334 5523 3633 5573 hominum.

2272 5608 2437 5674 pend.
2501 5590 2514 5599 '
2779 5590 2787 5594 '
3001 5590 3013 5594 '
3455 5666 3518 5674 __A
3693 5590 3789 5674 eis.

2218 5663 2368 5733 XLV
2382 5717 2393 5729 .
2436 5678 2575 5727 Deus
2602 5678 2662 5725 in
2696 5674 2871 5725 medio
2904 5673 3017 5738 ejus
3048 5686 3161 5722 non.
3184 5666 3590 5719 commovebitur
3613 5680 3625 5715 :
3651 5663 3796 5738 adju-

2279 5751 2418 5800 vabit
2442 5764 2554 5797 eam
2580 5750 2719 5799 Deus
2734 5761 2894 5795 mane
2917 5732 3171 5795 diluculo.
3198 5738 3454 5805 Append.
3701 5732 3790 5787 461

2224 5825 2419 5877 XLVI.
2444 5822 2695 5872 Ascendit
2740 5820 2879 5869 Deus
2912 5818 2971 5866 in
3011 5814 3353 5879 jubilatione,
3376 5815 3421 5861 et
3448 5810 3710 5860 Dominus
3738 5805 3793 5879 in

2277 5874 2393 5947 voce
2416 5893 2564 5943 tubae.
3011 5874 3027 5879 u
3340 5874 3345 5875 ί
3734 5874 3797 5929 94
