3894 6422
130 383 278 437 1181

129 495 397 547 XLVIII.
428 498 608 574 [temo
647 515 770 574 eum
817 504 878 551 in
918 505 1119 555 honore
1139 514 1280 568 esset,
1307 514 1649 574 comparatus
1674 518 1744 558 est

186 568 539 643 ingenuae:
562 571 758 620 simil-is
781 575 956 636 factus
978 582 1049 624 est
1072 577 1195 628 illis.
1218 568 1477 643 Appen'd.
1638 581 1741 635 1.7!.

128 640 341 689 XLIX.
385 644 648 691 Peccatori
681 649 860 694 autem
885 647 1026 697 dixit.
1050 649 1205 709 Deus,
1238 640 1411 708 Quare
1436 659 1494 700 tu
1515 669 1741 702 enarras

188 709 442 784 justitias
459 727 632 784 rmeas,
656 721 700 763 et
716 719 946 766 ass-umis
970 722 1074 770 etc.
1092 723 1350 784 Append.
1637 723 1740 777 550

125 783 189 830 L.
243 782 310 829 Ut
326 782 640 847 justifies-ris
661 787 718 835 in
742 791 1076 839 sermonibus
1101 782 1225 853 tuis,
1249 800 1293 842 et
1320 796 1499 843 vincas
1514 797 1738 856 cumju~

196 856 422 904 dicaris.
450 859 710 921 Append.
1632 867 1663 920 4
1677 867 1694 920 l

123 927 278 976 LIV.
313 927 506 975 Molliti
547 937 677 978 sunt
698 946 965 981 ser-mones
1003 935 1117 998 ejus
1146 951 1307 1000 super
1345 936 1538 996 oleum,
1564 944 1607 986 et
1636 939 1738 1001 ipsi

189 1005 325 1046 sunt
345 999 552 1060 jacula.
1216 999 1220 1000 ν
1654 999 1731 1061 82

123 1071 253 1119 LV.
298 1070 401 1126 Qui
420 1071 553 1132 facit
585 1071 813 1134 Angelos
836 1090 957 1123 suos
979 1075 1221 1140 Spiritus
1245 1083 1289 1126 et
1314 1079 1593 1127 ministros
1615 1093 1736 1127 suos

188 1139 373 1201 ignem
401 1147 658 1190 urentem.
691 1145 946 1208 Append.
1023 1139 1028 1140 ⁷
1633 1149 1734 1203 469

123 1211 306 1260 LVII.
325 1212 361 1258 Λ
375 1211 410 1258 d
431 1213 669 1261 nihilum
686 1215 746 1261 de
756 1217 932 1264 vcnien
944 1222 976 1276 t,
997 1223 1259 1281 tanquam
1274 1234 1421 1282 aqua
1434 1220 1734 1269 decurrens.

191 1283 460 1345 Append.
1631 1291 1734 1344 455

116 1353 302 1402 LXII.
347 1353 771 1404 Tabernaculum
792 1357 1177 1420 Idumazorum,
1194 1368 1239 1409 et
1263 1361 1560 1422 lsmaelitae,
1579 1363 1735 1411 Moab

184 1428 235 1471 et
261 1424 521 1497 Agarcni,
552 1425 708 1475 Gebal
734 1432 778 1474 et
801 1429 977 1478 Amon
1004 1437 1049 1478 et
1071 1432 1409 1492 Amalech,et
1427 1434 1737 1497 alienigena:

182 1509 316 1542 cum
349 1495 721 1546 habitantibus
757 1500 976 1563 Tyrum.
1004 1502 1219 1552 Etenim
1248 1505 1423 1553 Assur
1448 1507 1587 1553 venit
1599 1495 1732 1554 eum

185 1564 316 1625 illis,
337 1571 444 1617 etc.
466 1569 723 1631 Append.
1629 1576 1734 1631 440

114 1636 326 1686 LXIII.
357 1639 658 1710 Ascendens
692 1641 749 1688 in
777 1641 946 1692 altum
970 1645 1239 1708 captivam.
1267 1647 1428 1694 duaeit
1452 1648 1734 1710 captivita-

185 1713 314 1766 tem,
341 1708 483 1756 dedit
503 1710 648 1758 dona
680 1712 1010 1763 hominibus.
1513 1708 1525 1710 _
1665 1718 1734 1772 93

112 1779 326 1827 LXIV.
382 1780 658 1829 Benedices
703 1799 907 1832 corona:
949 1787 1085 1835 anni
1137 1787 1486 1850 benignitatis
1537 1797 1652 1849 tuee,
1689 1796 1732 1838 et

183 1850 372 1913 campi
411 1852 492 1899 tui
536 1852 881 1915 replebuntur
923 1856 1172 1910 ubertate.
1213 1860 1565 1923 Pinguescent
1602 1864 1733 1925 ﬁnes

178 1919 441 1996 des_e_rti_et
464 1923 794 1974 exultatione
831 1927 983 1976 colles
1015 1919 1388 1992 accingenturr.
1418 1935 1561 1996 App.
1602 1919 1732 1987 ’160

122 1993 329 2041 LXIV.
361 1992 734 2045 Verumtamen
755 1999 1034 2049 mendaces
1057 2001 1162 2062 ﬁlii
1188 1992 1548 2052 hominum—in
1571 2010 1732 2052 state-

178 2063 281 2120 ris,
306 2069 363 2111 ut
389 2063 661 2128 decipiant
686 2069 792 2130 ipsi
818 2069 879 2117 de
903 2072 1160 2132 vanitate,
1183 2077 1288 2123 etc.
1661 2074 1728 2128 55

115 2133 377 2184 LXVIII.
407 2135 664 2186 Descendi
689 2139 747 2187 in
774 2139 968 2189 limum
997 2143 1290 2205 profundi,
1318 2151 1363 2193 et
1389 2161 1497 2194 non
1515 2153 1584 2194 est
1606 2147 1731 2195 sub-

180 2206 409 2256 stantia.
1659 2219 1728 2272 89

115 2279 374 2329 LXVIII.
403 2280 470 2328 Et
492 2281 750 2331 dederunt
775 2283 831 2331 in
856 2299 1027 2333 escam
1051 2302 1228 2336 meam
1244 2288 1331 2350 fel,
1355 2294 1400 2336 ct
1423 2289 1476 2337 in
1497 2290 1593 2340 siti
1611 2304 1726 2339 mea

184 2354 310 2411 pota
320 2356 510 2398 verunt
536 2367 617 2400 me
641 2359 799 2401 aceto.
1656 2360 1726 2414 88

121 2421 301 2470 LXX.
341 2421 611 2478 Quoniam
651 2439 932 2473 conversus
962 2426 1242 2489 viviﬁcasti
1267 2444 1365 2488 me,
1392 2436 1437 2478 et
1461 2430 1521 2478 de
1545 2429 1728 2494 abysso

183 2502 339 2542 terrae
362 2494 561 2543 iterum
586 2497 852 2546 reduxisti
872 2514 966 2547 me.
1654 2503 1723 2556 89

119 2566 346 2615 LXXII.
383 2565 524 2614 Mihi
549 2566 825 2616 adhwrere
845 2569 948 2618 Deo
966 2570 1166 2618 bonum
1189 2577 1278 2621 est.
1658 2574 1723 2627 17

116 2637 350 2686 LXXII.
377 2637 588 2685 Prodiit
614 2640 773 2701 quasi
796 2641 1029 2704 exadipe
1044 2642 1725 2704 inqiuitaseorum,trans—

180 2706 366 2754 ierunt
389 2707 448 2756 in
474 2713 656 2756 astum
680 2711 870 2761 cordis.
909 2713 1285 2776 Cogitaverunt
1325 2720 1369 2762 et
1403 2714 1560 2764 locuti
1598 2724 1724 2765 sunt

184 2778 504 2839 nequitiam.
550 2780 896 2842 Iniquitatem
932 2783 990 2829 in
1030 2784 1227 2833 ercclso
1256 2785 1580 2840 locutisunt.
1608 2789 1724 2851 Ap-

182 2848 354 2911 pend.
1616 2848 1719 2913 59.0

119 2921 552 2992 LXXIILDedit
583 2937 705 2970 eum
729 2923 786 2970 in
815 2938 985 2972 eseam
1016 2925 1232 2988 populis
1252 2927 1592 2992 zEthiopum.
1656 2930 1724 2983 80

116 2991 989 3044 LXXV.Dormitaveruntomnes
1006 2997 1102 3060 qui
1119 2999 1638 3064 aseenderuntequos
1654 3001 1720 3055 35

119 3061 349 3111 LXXV.
374 3062 546 3111 Notus
569 3063 631 3112 in
653 3064 846 3114 Judaea
875 3065 1028 3115 Deus.
1516 3061 1530 3064 ’
1651 3073 1717 3126 42

123 3133 401 3183 LXXVII.
427 3134 709 3184 Excitatus
735 3142 1009 3201 tanquam
1034 3139 1722 3198 dormiensDominus.485

117 3205 430 3279 LXXXVI.
477 3206 670 3279 Diligel
710 3209 974 3260 Dominus
990 3218 1174 3276 portas
1198 3213 1328 3264 Sion
1352 3230 1511 3279 super
1533 3217 1722 3265 omnia

184 3274 531 3325 tabernacula
554 3278 733 3330 Jacob.
767 3283 908 3345 App.
991 3274 1002 3276 ⁷
1415 3274 1429 3279 ’
1615 3287 1711 3342 401

120 3347 460 3398 LXXXVII.
491 3349 558 3397 Et
579 3349 754 3420 factus
779 3357 848 3400 est
871 3352 1008 3402 sicut
1033 3354 1192 3403 homo
1204 3356 1319 3404 sine
1335 3356 1606 3420 adjutorio
1628 3359 1717 3406 in-

184 3422 260 3463 ter
285 3423 424 3466 mort
430 3434 524 3468 uos
549 3419 694 3470 liber.
1406 3419 1411 3420 ⁷
1647 3429 1715 3483 93

117 3489 288 3538 XCII.
330 3489 536 3539 Parata
570 3498 640 3540 est
689 3494 830 3543 sedes
861 3501 971 3557 tua,
1012 3497 1166 3558 Deus,
1195 3512 1261 3547 ea:
1285 3504 1444 3560 tunc;
1469 3516 1500 3548 a
1531 3502 1716 3550 seculo

184 3565 238 3606 tu
266 3575 334 3611 es.
1647 3573 1715 3626 94

119 3632 264 3681 CIII.
305 3632 502 3682 Omnia
525 3650 559 3682 a
583 3640 626 3684 te
650 3641 926 3700 expectant
952 3640 1199 3702 Domine,
1215 3648 1272 3691 ut
1297 3642 1384 3691 des
1406 3642 1512 3692 illis
1541 3660 1714 3694 eseam

183 3702 245 3750 in
299 3709 546 3767 tempore.
593 3707 766 3756 Dante
809 3715 854 3757 te
885 3709 1012 3771 illic,
1051 3712 1332 3776 eolligent:
1379 3717 1650 3779 aperiente
1673 3724 1716 3767 te

179 3787 412 3824 manum
439 3781 606 3838 tuam,
641 3780 830 3828 orn-nia
855 3781 1224 3845 implebunt-ur
1249 3785 1480 3835 bonitate
1507 3804 1516 3834 :
1545 3789 1714 3836 Aver-

177 3850 330 3906 tenle,
362 3852 468 3898 etc.
498 3850 639 3912 App.
1451 3857 1570 3911 481.
1609 3858 1712 3914 486

109 3918 257 3967 CIV.
283 3917 471 3966 Posuit
498 3920 715 3983 pluvias
739 3937 923 3970 eorum
945 3925 1288 3987 grandinem,
1306 3928 1485 3990 ignem
1497 3930 1704 3979 combu-

181 3995 385 4038 rentem
412 3991 472 4039 in.
497 3997 640 4042 terra
665 3995 936 4058 ipsorum:
964 4002 1007 4045 et
1030 3999 1286 4060 percussit
1312 4000 1496 4049 vineas
1518 4017 1708 4051 eorum

175 4067 222 4111 ct
257 4063 505 4112 contrivit
529 4080 685 4114 omne
720 4067 931 4130 lignum
961 4071 1157 4131 [inium
1185 4085 1389 4131 eorum,
1415 4075 1557 4136 App.
1606 4073 1709 4127 488

109 4133 252 4183 CXI.
281 4135 423 4193 Quia
446 4136 683 4199 disponit
705 4154 968 4189 sermones
990 4156 1112 4189 suos
1136 4141 1192 4189 in
1220 4141 1448 4206 judicio.
1469 4133 1483 4136 —
1506 4133 1523 4136 —
1641 4145 1709 4199 95

111 4207 324 4279 CXIII.
340 4207 537 4257 Caelum
563 4211 673 4258 caeli
698 4211 958 4271 Domino;
983 4221 1182 4262 terram
1207 4218 1386 4264 autem
1412 4216 1554 4265 dedit
1575 4218 1708 4279 filiis

176 4277 481 4330 hominum.
509 4283 652 4345 App.
1577 4277 1582 4279 I
1603 4287 1707 4342 555

107 4349 360 4399 CXXVI.
395 4350 522 4399 Ecce
550 4353 769 4401 Domini
791 4355 895 4417 ﬁlii
922 4370 1128 4417 merces,
1155 4358 1361 4420 fructus
1379 4361 1589 4409 ventris.
1639 4360 1706 4416 30

107 4420 467 4495 CXXXVIII.
513 4425 627 4482 Quo
671 4425 753 4474 ibo
796 4442 829 4474 a
880 4427 1076 4489 spiritu
1123 4435 1228 4489 tuo,
1255 4437 1350 4479 aut
1375 4446 1478 4494 quo
1507 4448 1541 4480 α
1569 4433 1710 4495 facie

172 4497 268 4540 tua
305 4492 559 4556 fugiam?
611 4495 672 4544 Si
714 4499 995 4548 ascendero
1032 4500 1091 4548 in
1119 4502 1319 4561 aetum,
1355 4492 1410 4550 tu
1434 4503 1543 4552 illic
1566 4492 1634 4563 es,
1658 4507 1707 4552 si

174 4563 484 4614 descendere
515 4567 573 4615 in
620 4568 900 4631 infernum
942 4573 1083 4623 ades.
1113 4573 1172 4622 Si
1200 4589 1476 4637 sumpse-ro
1497 4592 1708 4640 pennas

172 4649 315 4683 meas
340 4636 598 4698 dilucuIO,
625 4645 670 4687 et
693 4640 999 4691 habita-vero
1025 4643 1079 4691 in
1114 4636 1364 4694 emtremis
1403 4636 1573 4695 maris
1603 4666 1614 4697 :
1640 4648 1708 4697 il-

175 4706 258 4755 luc
281 4722 480 4757 manus
501 4716 595 4757 tua
624 4711 838 4760 deducet
863 4729 962 4775 me,
989 4726 1089 4767 etc.
1113 4719 1254 4781 App.
1603 4719 1707 4774 554

106 4779 308 4852 CXI.I._
327 4779 509 4829 Portio
525 4796 640 4830 mea
667 4782 725 4831 in
757 4788 900 4833 terra
925 4779 1238 4839 viventium.
1265 4790 1409 4852 App.
1602 4790 1706 4845 504

105 4851 246 4899 CIX.
273 4850 447 4900 Donec
472 4867 673 4915 ponam.
699 4854 950 4905 inimicos
979 4864 1095 4907 tuos
1117 4861 1212 4908 sub
1240 4850 1459 4925 pedibus
1484 4863 1606 4913 tuis.
1677 4864 1704 4916 7

107 4922 248 4972 CIX.
277 4922 413 4972 Ante
430 4923 718 4986 luciferum
743 4927 908 4988 genui
931 4935 992 4978 te.
1240 4922 1250 4925 Ἴ
1637 4933 1705 4988 4Q

109 4993 249 5044 CIX.
295 4993 445 5043 Discit
491 4997 758 5045 Dominus
803 4998 1036 5049 Domino
1086 5017 1216 5063 meo,
1257 5005 1371 5054 sede
1421 5022 1455 5053 a
1506 5007 1706 5056 deastris

171 5064 316 5112 meis.
1638 5079 1703 5132 94

838 5160 982 5209 JOB.

107 5274 238 5333 Cap.
264 5270 385 5320 XII.
412 5270 681 5345 Dominus
705 5275 991 5323 concordat
1013 5278 1175 5325 corda
1203 5279 1535 5345 principum.
1634 5284 1701 5337 85

107 5343 222 5392 XL.
248 5340 355 5389 Aut
376 5341 602 5392 adducis
627 5343 936 5405 draconem,
959 5353 1054 5396 aut
1068 5350 1230 5411 ponis
1254 5340 1546 5415 capistrum
1561 5356 1703 5405 eirea

168 5427 325 5461 nares
357 5413 486 5475 ejus.
1317 5413 1328 5415 ἡ
1625 5429 1692 5480 80

445 5550 582 5600 CAN
593 5552 752 5604 TICU
762 5554 813 5603 Μ
869 5554 1007 5605 CAN
1019 5556 1272 5608 TICORU
1284 5558 1353 5607 Μ.

105 5676 233 5737 Cap.
261 5674 300 5723 Ι.
328 5671 734 5725 Adolescentutae
759 5677 1062 5727 dilexerunt
1087 5684 1130 5728 te
1158 5695 1168 5730 :
1192 5687 1305 5743 post
1343 5687 1385 5730 te
1421 5698 1698 5734 curramus

165 5745 225 5791 in.
248 5743 463 5794 odorem
486 5753 892 5808 unguentorum
917 5757 1152 5799 tuorum.
1430 5754 1497 5808 30
1521 5761 1564 5804 el
1589 5773 1690 5815 seq.

108 5818 178 5867 II.
206 5815 364 5865 Exite
393 5821 440 5872 et
462 5818 642 5878 videte,
667 5820 790 5882 ﬁliae
807 5821 1122 5884 Jerusalem,
1155 5841 1428 5886 coronam,
1474 5843 1580 5890 qua
1604 5846 1692 5877 co-

166 5887 375 5938 ronavit
395 5904 517 5939 eum
550 5897 720 5941 mater
747 5909 871 5942 sua.
1485 5887 1494 5890 _
1626 5903 1690 5954 87

1341 399 1432 448 EX
1470 400 1699 448 SACRA
1736 400 2143 452 SCRII’TURA.
2198 432 2206 441 -

1838 512 1904 562 II.
1931 512 2250 562 ΡνιεΙιϐιιιΙίίε
2279 516 2416 564 mihi
2442 519 2619 579 vulpes
2651 520 2920 583 pussillas,
2950 528 2992 569 ct
3017 528 3433 575 (interminum/es

1899 583 1986 630 vin
1996 599 2082 632 eas
2103 599 2262 636 meas.
3362 599 3429 653 30

1837 653 1929 702 III.
1958 655 2020 731 In
2057 655 2218 704 cubili
2260 673 2376 707 meo
2417 661 2633 722 quasivi
2665 677 2806 722 cum,
2847 669 2891 712 et
2913 680 3022 714 non
3047 667 3251 727 inveni,
3274 683 3433 731 quem

1900 723 2075 787 diligit
2107 729 2301 776 anima
2322 745 2455 780 mea.
3236 723 3244 727 ⁷
3283 723 3296 731 ¹
3364 739 3431 793 92

1838 794 1936 873 III.
1979 795 2171 845 Tenebo
2203 815 2344 860 eum,
2370 807 2414 849 et
2448 817 2556 851 non
2583 804 2855 854 dimittam
2885 822 3027 868 eum,
3070 823 3227 871 quem
3253 809 3432 873 diligit

1838 865 2030 914 anima
2054 882 2186 916 mea.
3016 865 3023 868 I
3077 865 3092 871 ”

1837 936 1900 985 V.
1945 936 2154 986 Intraui
2178 940 2239 987 in.
2265 941 2484 990 hortum
2509 959 2707 1006 meum,
2730 961 2880 996 soror
2905 963 3040 1008 mea,
3065 964 3264 1014 sponsa
3286 966 3424 1012 mea,

1894 1012 1940 1054 et
1964 1009 2291 1060 vindemiavi
2317 1013 2528 1063 vineam
2547 1031 2744 1076 meam,
2764 1026 2854 1069 etc.
3090 1009 3099 1014 ⁷
3360 1009 3428 1074 88

1835 1080 1926 1128 VI.
1972 1080 2092 1130 Una
2124 1088 2195 1130 est
2233 1083 2475 1134 columba
2512 1102 2650 1147 mea,
2690 1104 2806 1138 una
2839 1090 3154 1152 estper/‘ecta
3177 1093 3427 1154 genitrici

1894 1164 2014 1200 sum.
3317 1163 3413 1218 101

1838 1221 2013 1272 XXII.
2050 1224 2366 1276 Prehendite
2390 1228 2570 1291 vulpes
2594 1232 2874 1293 parvulas,
2905 1232 3322 1283 exterminantes
3347 1236 3427 1282 vi—

1893 1307 2022 1342 neas
2053 1309 2213 1348 meas.
3357 1304 3426 1360 30

2485 1397 2770 1449 DANIEL.

1833 1490 1968 1551 Cap.
2022 1491 2116 1539 III.
2169 1491 2421 1542 Videbam
2459 1494 2517 1544 in
2563 1496 2681 1544 visu
2704 1498 2892 1557 noctis,
2918 1504 2963 1546 et
2987 1512 3093 1547 ecce
3113 1512 3236 1549 cum
3264 1500 3426 1549 nubi-

1893 1558 1987 1608 bus
2012 1561 2146 1622 ereti,
2167 1564 2327 1626 quasi
2346 1565 2493 1628 ﬁlius
2511 1567 2768 1628 hominis,
2805 1575 2896 1620 etc.
3357 1571 3424 1625 96

1835 1629 1954 1680 XII.
2010 1631 2149 1689 Quia
2188 1640 2313 1684 tunc
2334 1644 2625 1700 resurgant,
2659 1640 2755 1702 qui
2777 1646 2903 1690 sunt
2927 1642 2984 1691 in
3006 1647 3154 1691 terrae
3170 1641 3422 1706 pulvere:

1895 1705 1954 1753 hi
1969 1706 2185 1767 quidem
2209 1707 2267 1756 in
2285 1709 2451 1757 vitam
2475 1715 2747 1771 aeternam,
2774 1718 2865 1763 etc.
3172 1705 3186 1706 ί
3318 1712 3421 1767 105

2465 1845 2774 1897 BARUCII.

1835 1943 1960 2008 Cap.
1989 1948 2083 2010 IlI,
2107 1948 2209 1997 Hic
2250 1949 2389 1998 Deus
2429 1957 2622 2015 noster,
2663 1967 2773 2001 non
2816 1954 3152 2017 reputabitur
3197 1955 3422 2003 alterad

1891 2030 2033 2075 eum,
2066 2019 2162 2080 qui
2205 2019 2411 2069 invenit
2451 2035 2664 2071 omnem
2689 2023 2836 2072 viam
2859 2025 3172 2088 disciplinae,
3213 2030 3257 2074 et
3279 2025 3422 2074 dedit

1890 2100 2012 2160 eam
2057 2089 2238 2150 Jacob,
2286 2097 2332 2140 et
2381 2093 2542 2142 Israel
2565 2093 2747 2144 dilecto
2771 2110 2901 2145 suo:
2927 2098 3152 2160 posthac
3181 2097 3241 2146 in
3267 2098 3421 2147 terris

1892 2159 2032 2206 visus
2052 2165 2138 2219 est,
2167 2168 2257 2211 etc.
3352 2167 3418 2221 63

2402 2279 2828 2333 ΜΑΤΤΙΙᾸΞΙΞΞ.

1826 2402 1955 2464 Cap.
1991 2403 2029 2451 Ι.
2061 2402 2201 2460 Quia
2219 2404 2402 2467 paries
2423 2405 2619 2467 ﬁlium,
2653 2411 2698 2454 et
2718 2406 2923 2455 vocabis
2948 2421 3140 2457 nomen
3184 2409 3296 2472 ejus
3319 2411 3409 2459 Je-

1886 2487 2008 2521 sum
2035 2491 2043 2520 :
2076 2475 2162 2523 hic
2185 2475 2329 2524 enim
2352 2476 2560 2526 salvum
2583 2477 2760 2542 faciet,
2781 2484 2870 2529 etc.
3347 2481 3414 2535 73

1827 2545 1920 2593 IV.
1955 2545 2132 2594 Venite
2155 2552 2270 2612 post
2295 2563 2394 2600 me.
3347 2552 3413 2605 35

1825 2617 1918 2666 IV.
1946 2617 2214 2666 Dominus
2254 2620 2405 2669 Jesus
2443 2621 2632 2671 ductus
2659 2627 2728 2670 est
2763 2623 2822 2671 in.
2850 2623 3111 2672 desertum
3135 2639 3171 2673 a
3192 2625 3411 2688 spiritu,

1886 2693 1943 2736 ut
1969 2691 2264 2738 tentaretur
2291 2708 2325 2740 a
2348 2691 2574 2744 diabolo.
3346 2695 3410 2749 37

1824 2759 1894 2809 X.
1920 2759 2115 2809 Nollite
2141 2762 2322 2811 timere
2333 2779 2432 2825 eos,
2452 2766 2548 2828 qui
2567 2772 2795 2829 possunt
2817 2781 3010 2830 corpus
3027 2767 3273 2827 occidere,
3297 2783 3366 2816 an
3377 2768 3414 2816 i-

1888 2845 1987 2879 mae
2009 2837 2187 2882 autem
2209 2835 2356 2885 nihil
2376 2842 2598 2900 possunt
2619 2837 2810 2899 facere.
3345 2837 3412 2890 95

1821 2903 1882 2952 X.
1903 2903 2076 2952 Estote
2101 2905 2384 2968 prudentes
2405 2909 2542 2957 sicut
2565 2915 2840 2972 serpentes.
3344 2910 3412 2963 36

1824 2974 1916 3026 XI.
1949 2977 2023 3024 Tu
2044 2992 2095 3026 es
2121 2979 2216 3042 qui
2239 2986 2495 3028 venturus
2515 2985 2601 3041 est,
2619 2996 2692 3029 an
2721 2981 2896 3030 alium
2917 2985 3288 3045 expectamus?
3343 2982 3411 3035 89

1823 3051 1970 3100 XIII.
1999 3050 2187 3100 Simile
2210 3057 2279 3100 est
2302 3068 2531 3117 regnum
2553 3053 2803 3103 caelorum
2825 3054 3104 3118 fermento,
3131 3055 3274 3119 quod
3285 3055 3408 3104 abs-

1881 3124 2064 3172 condit
2086 3123 2284 3173 mulier
2308 3125 2368 3172 in
2393 3125 2591 3187 farinae
2611 3127 2896 3187 mensuris,
2921 3134 3011 3176 etc.
3343 3126 3412 3179 64

1820 3194 1968 3245 XIII.
2004 3193 2192 3243 Semen.
2232 3195 2417 3245 cecidit
2467 3211 2627 3261 super
2670 3202 2870 3246 terram
2908 3197 3120 3257 bonam,
3144 3204 3188 3248 el
3209 3198 3410 3261 adferet

1881 3265 2139 3328 fructum,
2165 3265 2320 3315 aliud
2343 3267 2714 3328 triscesimum,
2738 3276 2829 3318 etc.
3342 3267 3402 3322 31

1818 3336 1941 3386 XV.
1969 3336 2029 3386 Si
2053 3352 2212 3386 caecus
2229 3353 2354 3387 caeo
2379 3339 2635 3388 ducatum
2660 3339 2903 3403 praebeat.
3343 3340 3410 3393 16

1818 3409 1940 3458 XV.
1989 3407 2194 3457 Sciebat
2230 3410 2375 3458 enim
2398 3410 2632 3471 Pilatus,
2661 3412 2804 3474 quod
2825 3427 2921 3475 per
2944 3412 3212 3462 invidiam
3238 3412 3411 3460 tradi-

1878 3478 2073 3528 dissent
2098 3495 2218 3527 eum
2235 3480 2428 3531 Judaei.
3341 3483 3408 3537 4‘2

1817 3550 1969 3600 XVI.
2002 3551 2279 3614 Propitius
2312 3557 2432 3612 esto,
2447 3552 2690 3613 Domine,
2714 3567 2826 3601 non
2852 3552 2946 3601 tibi
2969 3553 3068 3602 erit
3094 3555 3208 3604 hoc.
3341 3553 3408 3608 35

1816 3621 1991 3672 XVII.
2023 3622 2122 3672 Hic
2147 3627 2217 3672 est
2251 3623 2421 3672 Filius
2443 3638 2591 3673 meus
2623 3623 2856 3686 dilectus,
2884 3625 2943 3673 in
2968 3640 3073 3689 quo
3099 3625 3240 3675 mihi
3265 3625 3405 3675 bene.

1877 3699 1968 3744 etc.
3339 3697 3407 3752 39

1813 3765 1965 3814 XIX.
1994 3765 2119 3814 Nisi
2134 3766 2370 3814 conversi
2393 3765 2605 3828 fueritis
2630 3767 2761 3816 sicut
2781 3767 2985 3830 infans,
3002 3783 3114 3817 non
3135 3767 3407 3817 intrabitis

1875 3835 1932 3882 in
1954 3850 2182 3899 regnum
2208 3835 2472 3885 calorum.
3338 3839 3404 3892 17

1812 3906 1963 3955 XIX.
1991 3906 2142 3964 Quod
2175 3912 2244 3955 est
2303 3908 2452 3971 apud
2485 3908 2728 3956 homines
2773 3908 3112 3972 impossibile,
3164 3909 3407 3972 possibile

1872 3982 1942 4025 est
1970 3978 2120 4041 apud
2142 3977 2329 4026 Deum.
3298 3978 3402 4034 ‘277

1811 4049 1988 4098 XXII.
2011 4041 2075 4098 Ῑη
2097 4051 2479 4099 resurrectione
2495 4055 2853 4111 mortuorum,
2873 4066 3042 4116 neque
3063 4051 3280 4114 nubent,
3303 4065 3400 4101 ne-

1872 4135 1973 4183 que
1999 4121 2284 4181 nubentur,
2315 4121 2404 4170 sed
2423 4127 2580 4170 erunt
2608 4123 2761 4182 sicut,
2787 4130 2874 4171 etc.
3300 4121 3402 4177 105

1811 4191 1985 4241 XXII.
2011 4191 2106 4240 Dic
2132 4192 2297 4253 nobis,
2326 4192 2666 4242 licetcensum
2692 4195 2820 4243 dare
2849 4195 3063 4258 Caesari,
3083 4211 3156 4244 an
3175 4196 3402 4250 non‘MQ

1809 4265 1987 4314 XXII.
2029 4265 2167 4313 Deus
2196 4264 2500 4326 Abraham,
2552 4267 2691 4315 Deus
2722 4268 2886 4326 Isaac,
2929 4268 3067 4317 Deus
3089 4275 3269 4319 autem
3292 4285 3398 4320 non

1872 4342 2230 4395 mortuorum,
2252 4337 2340 4385 sed
2364 4337 2674 4388 viventium.
3301 4342 3403 4397 105

1811 4407 1987 4456 XXII.
2015 4407 2075 4457 Si
2100 4423 2221 4470 ergo
2246 4408 2423 4456 David
2449 4409 2507 4456 in
2549 4409 2745 4472 spiritu
2770 4411 3069 4461 Dominum
3094 4419 3239 4463 vocat
3261 4430 3401 4475 eum,

1872 4480 2136 4540 quomodo
2159 4480 2306 4542 filius
2329 4481 2441 4542 ejus
2461 4486 2529 4528 est
2545 4483 2570 4530 ‘t
3334 4486 3402 4540 94

1813 4551 2016 4600 XXIII.
2042 4551 2084 4599 A
2119 4551 2388 4614 sanguine
2404 4550 2674 4614 Abeljusti
2689 4565 2786 4615 usq
2796 4567 2856 4600 ue
2871 4553 3275 4618 adsanguinem
3291 4557 3402 4606 Za-

1870 4621 2091 4671 chariae.
3329 4627 3396 4682 27

1812 4693 2016 4742 XXIV.
2073 4693 2206 4743 Cum
2252 4692 2494 4743 diaserint
2534 4693 2693 4754 vobis,
2745 4694 2873 4744 Ecce
2909 4696 3153 4748 Christus
3179 4699 3282 4759 hic,
3306 4706 3403 4748 ant

1871 4779 1977 4812 ecce
1999 4763 2124 4827 illic,
2154 4764 2315 4813 nolite
2338 4765 2560 4825 credere,
2586 4771 2676 4815 etc.
3333 4771 3400 4824 97

1812 4836 1986 4884 XXV.
2015 4837 2085 4884 Ite
2110 4836 2165 4883 in
2193 4837 2371 4898 ignem
2388 4843 2662 4897 a’ternum,
2690 4837 2785 4900 qui
2805 4848 3147 4905 praeparatus
3171 4848 3240 4892 est
3277 4844 3402 4892 dia-

1870 4905 2000 4966 bolo,
2025 4913 2068 4955 et
2093 4908 2311 4972 Angelis
2331 4910 2458 4972 ejus.
3332 4917 3397 4971 37

1811 4978 1986 5028 XXV.
2014 4978 2082 5026 Et
2104 4979 2392 5043 segregabit
2409 4995 2523 5031 oves
2547 4982 2611 5031 ab
2637 4984 2820 5034 haedis.
3329 4989 3396 5042 98

1809 5049 2011 5122 XXVI.
2036 5050 2198 5100 Sexta
2221 5052 2489 5114 siquidem
2512 5055 2650 5105 hora
2667 5056 2885 5106 tenebrae
2902 5057 3053 5118 laetae
3082 5063 3208 5107 sunt
3234 5073 3399 5122 usque

1865 5121 1938 5168 ad
1960 5121 2154 5170 horam
2182 5137 2406 5188 nonam,
2432 5132 2476 5173 et
2501 5131 2643 5176 terra
2665 5135 2828 5188 mota,
2855 5136 2943 5176 etc.
3290 5121 3394 5184 55⁸2

1808 5193 2010 5243 XXVI.
2044 5194 2411 5244 Veruntamen
2446 5198 2561 5247 dico
2586 5199 2728 5249 vobis
2755 5218 2765 5248 :
2798 5201 3006 5248 Amodo
3036 5200 3276 5250 videbitis
3299 5204 3394 5251 Fi-

1863 5263 1997 5312 lium
2025 5265 2265 5314 hominis
2287 5267 2550 5317 sedentem
2572 5269 2662 5320 ad.
2688 5276 2778 5320 etc.
3325 5272 3391 5327 35

1802 5337 2006 5386 XXVI.
2041 5336 2341 5386 Consilium
2384 5339 2638 5401 fecerunt,
2683 5345 2740 5389 ut
2779 5342 2963 5390 Jesum
3006 5343 3125 5393 dolo
3161 5348 3393 5394 tenerent

1860 5412 1927 5464 et.
1945 5413 2037 5456 etc.
3316 5415 3385 5469 4.2

1802 5481 2001 5530 XXVI.
2027 5479 2134 5528 Ave
2157 5479 2294 5541 rab-i,
2312 5488 2356 5529 et
2380 5481 2646 5531 osculatus
2667 5488 2740 5531 est
2763 5498 2902 5535 eum.
3321 5486 3390 5540 82

1801 5553 2004 5602 XXVI.
2039 5551 2176 5609 Quia
2206 5553 2491 5601 consilium
2514 5554 2751 5616 fecerunt
2793 5554 2985 5604 Scriba:
3011 5561 3054 5604 el
3099 5557 3386 5618 Pharisaei,

1859 5628 1916 5670 ut
1939 5623 2119 5672 Jesum
2147 5623 2264 5673 dolo
2289 5629 2537 5674 tenerent.
3318 5629 3386 5682 5'27

1799 5695 2028 5745 XXVII.
2066 5695 2304 5759 Sanguis
2346 5697 2490 5745 illius
2529 5712 2688 5761 super
2731 5714 2827 5747 nos
2864 5705 2907 5747 et
2942 5715 3102 5763 super
3125 5698 3264 5762 ﬁlios
3284 5717 3386 5750 no-

1853 5770 2004 5813 stros.
3313 5770 3381 5827 ‘23

1796 5837 2024 5888 XXVII.
2052 5838 2362 5888 Diviserunt
2386 5840 2487 5889 sibi
2514 5843 2819 5892 vestimenta
2871 5858 3001 5901 mea,
3029 5848 3072 5892 et
3095 5855 3254 5906 super
3281 5858 3381 5893 ves.

1855 5911 1954 5954 tem
1980 5923 2154 5958 meam
2178 5911 2442 5961 miserunt
2464 5921 2656 5963 sortem
3313 5914 3380 5969 87

3297 417 3434 472 1182
3508 419 3518 427 ’
