3894 6402
506 376 646 435 1183

510 493 742 544 XXVII.
783 491 1135 541 Monumenta
1181 491 1368 552 aperta
1417 490 1563 547 sunt,
1595 489 1641 533 et
1672 483 1848 532 multa
1878 496 2109 552 corpora

568 563 961 615 dormientium
984 549 1316 619 sanctorum,
1341 564 1447 611 etc.
2036 549 2105 605 89

516 637 745 687 XXVII.
760 634 1012 684 Mortuus
1023 636 1096 681 est
1111 645 1180 680 ex
1193 629 1587 692 inﬁrmitate,et
1600 624 1944 676 resurrexita
1959 637 2109 674 mor-

576 707 683 755 tuis
714 720 781 754 ea:
798 704 1009 753 virtute.
2039 693 2103 748 41

514 779 743 829 XXVII.
773 775 1016 825 Mundus
1039 787 1212 824 suma
1236 772 1505 837 sanguine
1521 770 1659 837 justi
1683 768 1864 833 hujus.
1942 772 1949 775 ’
2009 836 2015 837 γ
2039 763 2108 819 28

513 850 763 901 XXVIII.
817 846 1096 911 Baptisate
1124 859 1309 894 omnes
1331 836 1506 908 gentes
1526 836 1591 892 in
1614 840 1839 891 nomine
1856 836 2109 911 Patris}!

574 918 703 969 Filii
722 922 768 969 et
792 904 1031 981 Spiritus
1047 915 1253 967 Sancti.
1333 904 1352 908 ⁷
2006 904 2109 962 103

1156 1021 1466 1075 MARCUS.

514 1116 644 1180 Cap.
683 1116 725 1197 I:
776 1113 916 1173 Quia
962 1112 1207 1177 cruciﬁgi
1264 1114 1466 1176 oportet
1511 1108 1715 1159 Filium
1762 1104 2022 1168 hominis,
2046 1108 2113 1197 ne:

522 1200 875 1309 νῖῗὲηίταᾱε
924 1260 1083 1316 retro,
1111 1253 1341 1316 Satana,
1365 1251 1685 1303 scandalum
1709 1249 1853 1300 mihi
1875 1263 1944 1310 es,
1975 1174 2115 1314 qui?

580 1328 737 1378 niam
760 1341 877 1377 non
912 1327 1062 1390 sapis
1085 1339 1204 1390 quae
1227 1325 1323 1375 Dei
1348 1329 1492 1387 sunt,
1515 1323 1621 1384 sed,
1650 1327 1757 1375 etc.
2045 1316 2113 1374 35

1194 1424 1436 1478 LUCAS.

519 1517 653 1580 Cap.
682 1516 806 1566 XII.
840 1513 983 1574 Quia
1005 1528 1129 1564 eum
1150 1513 1350 1564 venerit
1365 1513 1633 1563 Dominus
1647 1509 1785 1562 servi
1799 1507 2119 1580 illius,divi-§

583 1578 668 1636 det
690 1600 832 1647 eum,
860 1591 907 1635 et
929 1590 1137 1650 partem
1166 1600 1289 1635 cum
1310 1584 1618 1649 inﬁdelibus
1643 1588 1820 1648 ponet,
1845 1583 1953 1634 etc.
2049 1578 2119 1634 27

523 1660 646 1711 XV.
674 1657 883 1708 Laetitia
917 1662 992 1707 est
1025 1658 1172 1707 enim
1194 1663 1241 1707 et
1260 1657 1528 1721 gaudium
1548 1654 1769 1719 Angelis
1790 1653 1853 1703 in
1871 1650 2008 1703 caelis
2028 1665 2121 1700 su-

580 1744 679 1795 per
706 1744 819 1780 uno
834 1733 1105 1795 peccatore
1123 1729 1516 1795 paenitentiam,
1539 1733 1648 1781 etc.
2056 1724 2120 1779 15

527 1802 651 1853 XV.
679 1801 793 1865 Ego
840 1815 1051 1867 semper
1091 1805 1262 1851 tecum
1300 1800 1407 1865 fui,
1453 1813 1747 1865 nunquam
1784 1796 2034 1862 praeterii,
2070 1801 2124 1867 et

589 1887 880 1936 nunquam
930 1865 1122 1923 dedisti
1144 1873 1289 1923 mihi
1310 1873 1544 1934 haedum,
1566 1876 1675 1923 etc.
2055 1865 2122 1920 97

529 1944 656 1995 XX.
703 1944 857 2002 Quod
880 1944 1034 2009 apud
1064 1944 1308 1995 homines
1329 1942 1656 2008 impossibile
1676 1947 1763 2002 est,
1781 1938 2027 2005 possibile
2054 1942 2124 1987 est

587 2014 738 2077 apud
764 2014 954 2067 Deum.
2019 2009 2123 2064 277

1161 2104 1497 2158 JOANNES.

529 2197 661 2259 Cap.
706 2196 776 2246 II.
812 2194 1009 2245 Solvite
1033 2193 1288 2259 templum
1312 2195 1427 2257 hoc,
1457 2197 1502 2241 et
1524 2192 1585 2241 in
1610 2190 1777 2241 tribus
1799 2188 1981 2240 diebus
2002 2203 2126 2259 sus-

589 2258 760 2318 citabo
782 2266 955 2327 illud;
988 2266 1085 2315 hoc
1114 2258 1294 2315 autem
1318 2264 1537 2325 dicebat,
1564 2268 1673 2317 etc.
2091 2258 2124 2313 9

530 2341 622 2392 III.
665 2337 816 2388 Sicut
867 2337 1123 2387 exaltavit
1165 2337 1370 2402 Moyses
1405 2341 1698 2401 serpentem
1722 2333 1783 2383 in
1809 2332 2024 2394 deserto,
2050 2332 2127 2380 ita

590 2409 826 2462 eacaltari
849 2415 1049 2475 oportet
1071 2409 1274 2459 Filium
1307 2409 1564 2459 hominis.
2058 2403 2126 2459 34

533 2485 601 2536 V.
647 2482 788 2543 Quia
836 2496 928 2546 ego
972 2482 1096 2531 veni
1125 2482 1186 2531 in
1225 2481 1451 2531 nomine
1474 2480 1658 2531 Patris
1685 2480 1810 2541 mei,
1835 2483 1879 2529 et
1906 2493 2019 2529 non
2038 2493 2127 2527 re-

591 2554 801 2620 cepistis
834 2567 935 2613 me,
960 2552 1106 2603 alius
1123 2553 1293 2602 veniet
1306 2553 1387 2614 in,
1412 2556 1521 2605 etc.
2056 2548 2125 2603 97

533 2628 601 2678 V.
629 2627 788 2677 Pater
836 2625 1108 2675 neminem
1145 2623 1377 2690 judicat,
1400 2624 1491 2674 sed
1512 2638 1669 2673 omne
1683 2623 1959 2689 judicium
1986 2620 2128 2672 dedit

596 2698 751 2749 Filio.
2060 2690 2129 2746 34

541 2771 661 2821 VII.
693 2769 836 2828 Quia
881 2766 1125 2832 ﬂumina
1168 2767 1230 2817 de
1279 2771 1457 2816 ventre
1498 2766 1614 2831 ejus
1659 2765 1941 2832 procedent
1976 2778 2129 2829 aquae

597 2841 744 2890 vive.
2060 2832 2128 2888 86

538 2913 683 2963 VIII.
708 2912 822 2976 Ego
845 2916 892 2961 et
917 2911 1077 2961 Pater
1098 2923 1276 2960 unum
1292 2923 1497 2959 sumus.
2061 2903 2128 2959 59

538 2986 684 3036 VIII.
709 2983 1097 3035 Samaritanus
1118 2987 1207 3043 est,
1235 2980 1565 3030 demonium
1585 2978 1754 3028 habet.
2064 2976 2131 3030 43

540 3056 637 3107 IX.
670 3055 784 3120 Ego
808 3056 870 3105 in
884 3054 1162 3121 judicium
1186 3053 1307 3104 veni
1332 3053 1393 3101 in
1418 3052 1564 3102 hunc
1583 3049 1873 3119 mundum.

539 3128 608 3179 X.
641 3118 761 3177 Erit
784 3118 930 3177 unus
953 3141 1102 3192 grex,
1124 3131 1172 3175 et
1193 3139 1341 3175 unus
1363 3130 1568 3190 pastor.
1610 3124 1615 3129 “
2065 3118 2133 3174 34

536 3201 657 3252 XII.
694 3199 833 3250 Cum
854 3198 1125 3249 exaltatus
1146 3197 1304 3261 fuero
1327 3212 1363 3247 a
1387 3202 1551 3257 terra,
1564 3193 1755 3245 omnia
1771 3195 1937 3244 adme
1952 3193 2133 3258 ipsum

600 3272 839 3323 traham.
2065 3261 2135 3317 90

541 3344 688 3395 XIII.
714 3341 895 3392 Filioli
919 3340 1099 3392 adhuc
1118 3339 1393 3390 modicum
1415 3338 1683 3389 vobiscum
1702 3352 1840 3386 sum.
2065 3332 2134 3388 48

543 3416 695 3465 XIV.
732 3413 872 3473 Quia
898 3413 1035 3463 vado
1061 3412 1134 3463 ad
1157 3411 1323 3461 Deum
1341 3424 1521 3461 meum
1546 3409 1590 3460 el
1613 3410 1786 3460 Deum
1800 3410 2050 3458 vestrum.
2066 3404 2136 3460 44

537 3487 660 3537 XV.
686 3485 800 3549 Ego
822 3500 944 3535 sum
968 3483 1090 3534 vitis
1105 3499 1247 3535 vera.
2064 3479 2130 3534 11

538 3557 667 3608 XX.
693 3556 839 3616 Quia
859 3555 1098 3604 tulerunt
1121 3554 1423 3604 Dominum
1446 3568 1645 3615 meum,
1675 3558 1722 3604 et
1746 3552 1919 3603 nescio
1943 3550 2135 3616 ubipo-

599 3631 826 3677 suerunt
851 3640 997 3676 eum.
2018 3670 2025 3677 .
2067 3619 2136 3676 92

1234 3714 1442 3766 ACTA.

541 3804 674 3868 Cap.
710 3805 779 3855 II.
832 3801 1060 3853 Verbum
1100 3802 1249 3853 enim
1292 3816 1676 3853 consummans
1716 3805 1762 3851 et
1793 3798 2037 3850 brevians

602 3866 854 3939 aequitate
873 3873 1035 3937 faciet
1059 3874 1329 3924 Dominus
1350 3889 1512 3940 super
1534 3879 1754 3924 terram.
2071 3866 2140 3922 52

540 3948 612 3999 X.
651 3947 817 4006 Quem
834 3947 999 3997 unxit
1021 3948 1100 3997 Pa
1108 3951 1185 3996 ter
1195 3946 1411 4011 Spiritu
1429 3946 1627 3997 Sancto
1644 3945 1805 3993 misso
1820 3943 1883 3992 de
1901 3941 2053 4006 caelis.
2073 3940 2140 3996 62

542 4020 666 4070 XV.
702 4018 858 4068 Multi
900 4033 965 4069 ea:
1002 4018 1456 4069 circumeuntibus
1491 4017 1696 4068 Judeis
1717 4012 2049 4065 simulabant
2092 4028 2143 4062 se

604 4089 881 4155 Apostolos
908 4090 1133 4142 Christi.
2074 4083 2143 4139 54

1089 4190 1187 4242 AD
1241 4187 1605 4241 ROMANOS.

542 4271 678 4334 Cap.
704 4270 799 4320 III.
826 4269 1041 4321 Scimus
1066 4271 1202 4336 quia
1222 4269 1410 4321 omnia
1426 4282 1549 4333 quae
1569 4272 1654 4316 tea:
1670 4265 1927 4331 loquitur,
1947 4265 2032 4316 his
2047 4265 2144 4330 qui

608 4341 672 4390 in
695 4339 801 4406 lege
822 4347 950 4393 sunt
973 4342 1239 4407 loquitur.
1263 4342 1408 4405 App.
2037 4336 2140 4393 507

548 4413 642 4464 IV.
678 4413 928 4464 Mortuus
959 4419 1033 4464 est
1062 4418 1282 4480 propter
1319 4411 1511 4462 delicta
1540 4415 1731 4460 nostra
1769 4414 1814 4459 et
1850 4409 2148 4460 resurrewit

605 4490 825 4550 propter
838 4485 1287 4550 justiﬁcationem
1318 4489 1579 4534 nostram.
1605 4484 1750 4548 App.
2042 4480 2147 4550 504

547 4557 642 4607 VI.
671 4549 773 4615 Qui
794 4549 931 4607 alios
955 4557 1121 4618 doces,
1150 4556 1378 4621 teipsum
1398 4568 1511 4605 non
1535 4554 1700 4606 doces.
2078 4549 2146 4605 12

546 4628 695 4678 VIII.
725 4626 868 4686 Quia
894 4627 1058 4677 illum
1078 4627 1354 4678 suscitavit
1377 4642 1412 4677 a
1434 4626 1684 4677 mortuis.
2113 4621 2146 4676 9

547 4698 700 4749 XIV.
724 4698 869 4757 Quia
896 4713 1079 4749 omnes
1092 4713 1190 4749 nos
1200 4704 1341 4749 stare
1355 4703 1691 4764 oportetante
1707 4695 1948 4747 tribunal
1964 4694 2151 4747 Chris-

613 4768 672 4828 ti,
693 4772 755 4817 ut
785 4770 1012 4835 recipiat
1046 4771 1422 4836 unusquisque
1453 4769 1686 4835 propria
1716 4767 1955 4832 corporis
1989 4774 2149 4832 prout

614 4840 786 4904 gessit,
808 4841 916 4891 sive
940 4841 1080 4893 bona
1093 4843 1200 4893 sive
1213 4843 1384 4894 mala.
2081 4838 2148 4893 97

1131 4950 1581 5004 CORINTHIOS.

561 5048 692 5112 Cap.
740 5050 781 5100 Ι.
838 5049 1067 5101 Verbum
1107 5052 1255 5101 enim
1278 5048 1453 5100 crucis
1476 5044 1817 5112 pereuntibus
1838 5044 2065 5095 stultitia
2085 5051 2155 5093 est

617 5118 703 5168 his
732 5135 851 5171 vero
872 5122 969 5186 qui
988 5122 1129 5173 sulvi
1148 5122 1308 5185 ﬁunt,
1334 5124 1441 5171 etc.
2083 5116 2152 5170 84

677 5190 792 5242 Nos
815 5199 996 5244 autem
1019 5193 1380 5258 praedicamus
1408 5188 1685 5242 Christum
1699 5190 2043 5253 cruciﬁxum,
2058 5190 2155 5241 Ju-

620 5261 747 5312 dseis
768 5266 988 5328 quidem
1018 5263 1363 5323 scandalum,
1392 5262 1497 5312 Gen
1507 5260 1644 5311 tibus
1668 5266 1846 5311 autem
1868 5261 2153 5321 stulitiam,

629 5337 761 5402 ipsis
808 5335 1009 5385 vocatis
1031 5334 1239 5385 Judazis
1262 5339 1308 5384 et
1340 5334 1538 5384 Grecis
1566 5333 1845 5384 Christum
1862 5333 1961 5383 Dei
1981 5332 2159 5402 virtu-

619 5400 742 5468 tem,
778 5411 885 5458 etc.
2088 5400 2158 5457 84

559 5484 631 5533 II.
655 5481 928 5543 Loquetur
947 5479 1096 5528 enim
1117 5478 1227 5543 ipse
1246 5478 1573 5542 sapientiam
1594 5468 1738 5525 inter
1757 5476 2024 5541 perfectos.
2092 5474 2160 5528 40

561 5555 655 5604 III.
679 5551 784 5601 Lac
807 5549 949 5600 vobis
970 5554 1159 5615 potum
1189 5549 1329 5609 dedi,
1350 5564 1461 5598 non
1485 5562 1673 5597 eseam.
2092 5545 2159 5600 46

558 5626 653 5674 III.
682 5623 778 5671 Dei
801 5623 949 5672 enim
972 5621 1376 5671 administratio
1404 5625 1492 5679 est,
1518 5619 1615 5668 Dei
1637 5616 1849 5666 cultura
1873 5621 1963 5666 est.
2092 5616 2153 5672 31

562 5696 654 5744 IV.
676 5694 737 5743 Si
754 5692 903 5743 enim
929 5693 1026 5758 qui
1045 5692 1273 5752 videtur,
1297 5696 1475 5741 noster
1494 5690 1653 5739 homo
1668 5689 2056 5753 corrumpitur,
2074 5688 2163 5737 sed

623 5763 720 5827 qui
747 5764 895 5813 intus
919 5769 1005 5813 est.
2089 5759 2160 5813 98

566 5837 719 5885 VIII.
770 5836 837 5915 Iit
882 5850 1025 5884 unus
1066 5834 1333 5884 Dominus
1371 5834 1520 5881 .Icsus
1570 5832 1834 5891 Christus,
1868 5847 1962 5896 per
2007 5847 2160 5895 quem

628 5906 836 5953 omnia.
2095 5902 2163 5957 65

1428 372 1653 425 INDEX
1685 367 2025 423 LOCORUM
2057 367 2156 420 EX
2192 366 2429 419 SACRA
2462 363 2875 418 SCRIPTURA.

3658 344 3793 403 1184

2210 480 2307 531 IX.
2356 477 2489 538 Quis
2536 475 2807 543 plantavit
2837 474 3071 535 vineam,
3107 475 3151 519 et
3177 468 3240 519 de
3269 465 3530 531 fructibus
3549 461 3665 527 ejus
3688 475 3791 543 nqn

2270 530 2424 602 edit?
2536 530 2550 543 '
3060 530 3069 535 ’
3731 530 3789 587 31

2209 622 2308 673 IX.
2338 622 2479 682 Quia
2498 635 2709 671 macero
2732 632 2927 684 corpus
2945 628 3127 665 meum
3144 618 3189 663 et
3208 608 3447 662 servituti
3468 605 3713 671 subjieio,
3734 618 3795 684 ξιξ

2270 672 2408 755 forte
2440 708 2565 743 cum
2589 692 2733 753 aliis,
2757 672 2865 743 etc.
3537 750 3551 755 _
3732 672 3795 755 3_5

2211 748 2426 871 VI.’Sic
2468 765 2622 816 enim
2657 748 2890 829 pugnat,
2929 774 3041 810 non
3065 756 3226 823 quasi
3247 766 3422 804 aerem
3446 750 3662 810 csedens,
3693 748 3797 871 αἰἰὲ

2272 841 2382 888 etc.
3735 841 3783 871 ἰἱ

2211 907 2307 958 XI.
2327 907 2470 967 Quia
2488 911 2647 972 caput
2677 904 2882 958 Christi
2904 903 3045 953 Deus
3066 906 3176 972 ests
3388 967 3398 972 _
3507 965 3518 972 _
3651 964 3663 972 ι
3737 888 3797 944 64

2211 964 2439 1030 ΧΙΙίΝε
2461 964 2709 1039 εωιὸιιαν,
2734 977 2893 1027 datus
2921 979 2992 1025 est
3019 970 3313 1024 carnimea
3332 965 3601 1026 stimulus,
3625 964 3799 1039 Angi-

2275 1049 2358 1100 lus
2378 1049 2617 1113 Satanas,
2641 1031 2739 1116 qui
2762 1063 2846 1098 me
2868 1045 3175 1110 colaphiset.
3201 1113 3220 1116 _
3274 1071 3283 1075 -
3395 1109 3444 1116 __
3504 1108 3515 1116 .
3552 1113 3560 1116 _

2216 1121 2342 1175 x11.
2367 1122 2537 1173 Nemo
2557 1104 2704 1171 ετίίὲη
2719 1120 2848 1170 dicit
2870 1104 3170 1168 Doniinum
3181 1113 3363 1164 Jesum
3383 1108 3677 1170 Christum,
3699 1104 3801 1154 nisi

2280 1194 2344 1244 in
2373 1193 2587 1259 Spiritu
2606 1198 2808 1243 sancto.
3365 1253 3387 1259 _
3411 1252 3424 1259 _
3463 1252 3473 1259 _
3719 1248 3729 1258 .

2219 1266 2341 1318 XII.
2378 1248 2761 1329 Unusquisque
2783 1260 3078 1314 secundum
3090 1259 3331 1322 ﬁguram
3349 1252 3473 1319 ﬂdei
3489 1264 3598 1302 suae

2279 1317 2520 1400 gratiam
2545 1317 2801 1403 Spiritus.
3091 1317 3098 1321 ”
3132 1317 3152 1322 ⁷
3350 1317 3359 1319 ⁷

2372 1388 2599 1460 Primus;
2622 1409 2782 1459 homo
2806 1405 2869 1456 de
2891 1410 3035 1455 terra
3050 1407 3305 1452 terrenus.
3739 1388 3803 1443 ‘26

2219 1481 2343 1532 XV.
2376 1480 2529 1540 Quod
2569 1481 2617 1530 si
2661 1476 2976 1529 resurrectio
3013 1477 3351 1523 mortuorum
3395 1481 3506 1517 non
3550 1468 3640 1525 est,
3688 1474 3805 1541 ergo

2286 1537 2532 1605 Christus
2574 1568 2689 1604 non
2733 1548 3049 1600 resurreicit.
3073 1545 3135 1597 Si
3157 1547 3338 1594 autem
3365 1554 3477 1589 non
3496 1537 3811 1605 resurrexit,

2284 1604 2476 1676 inanis
2536 1629 2609 1675 est
2646 1621 2959 1690 praedicatio
3013 1621 3219 1679 nostra,
3256 1626 3426 1663 vacua
3487 1613 3557 1658 est
3596 1610 3644 1656 et
3683 1604 3807 1729 litae;

2284 1703 2466 1729 mnolmn

2282 1703 2485 1749 nostra.
2647 1688 2662 1690 “
3624 1748 3629 1749 ί
3715 1688 3799 1749 uti

2574 1772 2755 1818 autem
2788 1763 3034 1816 Christus
3061 1755 3355 1828 resurretcit
3378 1745 3808 1828 amor_tuie,pri-

2284 1840 2453 1890 mitis:
2465 1838 2877 1895 dormientium,
2894 1831 3162 1899 quoniam
3182 1827 3400 1894 quidem
3419 1839 3516 1889 Ρον
3540 1822 3806 1899 maia”:

2544 1926 2641 1976 per
2663 1888 2939 1959 hominem
2960 1888 3277 1976 resurrectio
3299 1888 3660 1976 mortuorum:
3710 1888 3808 1976 107

2226 1983 2350 2035 XV.
2394 1963 2559 2042 Quia‘
2580 1996 2694 2031 non
2730 1979 2979 2046 primum
3000 1974 3146 2041 quod
3176 1970 3420 2038 spiritale
3441 1973 3530 2028 est,
3559 1967 3649 2017 sed
3670 1963 3812 2046 quod

2286 2033 2526 2105 animale
2548 2060 2639 2105 est.
2730 2033 2746 2046 ⁸
3009 2033 3026 2041 ’
3200 2033 3216 2038 ⁷

2235 2126 2357 2177 XV.
2385 2125 2653 2190 Incipiens
2695 2129 2769 2185 tu,
2816 2120 2961 2187 quod
2974 2118 3210 2190 seminas
3230 2127 3343 2163 non
3364 2111 3684 2175 viviﬁcatur,

2291 2198 2450 2262 prius
2473 2176 2785 2247 moriatur?
2810 2176 2855 2243 et
2880 2191 3024 2258 quod
3040 2188 3274 2239 seminas
3291 2199 3403 2234 non
3431 2194 3639 2247 corpus,

2288 2247 2542 2333 futurum
2559 2272 2648 2333 est,
2669 2247 2924 2325 seminus,
2956 2267 3063 2316 etc.
3709 2247 3814 2303 106

2848 2378 3194 2434 GALATAS.

2231 2494 2361 2559 Cap.
2410 2494 2478 2544 II.
2509 2490 2721 2543 Christo
2743 2487 3152 2559 concruciﬁwus
3175 2496 3299 2532 sum
3323 2496 3342 2541 ;
3378 2478 3515 2559 ‘Vivo
3551 2486 3669 2525 vero
3696 2472 3815 2559 ja‘m“

2291 2541 2538 2628 non—ego,
2560 2563 2689 2612 vivit
2716 2576 2836 2611 vero
2868 2541 3110 2628 Christas
3132 2556 3193 2628 in
3217 2567 3316 2613 me,
3341 2553 3448 2603 etc.
3470 2620 3483 2628 _
3506 2575 3523 2583 -
3750 2541 3819 2628 15

2230 2614 2347 2688 IV.
2379 2614 2660 2690 Abraham
2704 2633 2838 2683 duos
2857 2631 2999 2695 ﬁlios
3017 2626 3221 2686 habuit,
3244 2636 3423 2673 unum
3447 2614 3755 2695 de_ancil_la,_
3771 2618 3820 2663 et

2296 2686 2475 2759 unum
2531 2707 2593 2757 de
2649 2704 2816 2756 libera
2847 2686 2866 2754 ε’
2921 2702 3027 2751 hac
3072 2703 3272 2759 autem,
3324 2697 3448 2745 sunt
3493 2690 3601 2740 duo
3648 2686 3813 2759 Τσειςιέ

2294 2754 2492 2831 Μ.
2654 2754 2660 2756 ⁷
2732 2754 2735 2755 ί
3263 2754 3271 2759 ⁷
3748 2754 3819 2809 εδ

2855 2878 3210 2934 EPIIESIOS.

2235 3005 2372 3069 Cap.
2400 3006 2441 3055 Ι.
2491 3002 2641 3053 Sicut
2696 2999 2844 3064 elegit
2868 3012 2966 3047 nos
2986 2994 3048 3069 in
3071 2995 3186 3059 ipso
3207 2995 3330 3041 ante
3357 2985 3552 3037 mundi
3573 2980 3821 3069 constitit,-

2299 3050 2520 3136 tionem,
2552 3050 2609 3122 ut
2630 3050 2854 3122 essenius
2875 3067 3065 3129 sancti,
3091 3050 3198 3118 etc.
3331 3133 3338 3136 Δ
3471 3129 3482 3136 _
3524 3132 3532 3136 Δ
3583 3127 3613 3136 Α
3716 3050 3815 3131 334

2236 3150 2305 3200 II.
2353 3129 2661 3197 Secundum
2718 3142 3083 3208 operationem
3137 3133 3383 3208 potentiae
3429 3129 3639 3181 virtutis
3689 3129 3822 3187 ejus,

2300 3234 2468 3284 quam
2511 3206 2762 3282 operatus
2796 3214 2855 3263 in
2906 3210 3134 3268 Christo,
3159 3206 3424 3258 suscitans
3452 3214 3573 3251 eum
3604 3213 3639 3248 a
3675 3210 3821 3319 mag;

2300 3290 2405 3319 In}.
2449 3294 2535 3319 Λοι-

2299 3290 2423 3352 tuis,
2448 3294 2556 3342 etc.
3239 3349 3250 3352 _
3321 3340 3330 3352 ,
3468 3345 3481 3352 ,
3625 3342 3645 3352 -
3706 3290 3785 3352 ..ἶῖ

2238 3364 2308 3415 II.
2330 3340 2436 3423 Qui
2459 3340 2626 3412 simul
2669 3357 2920 3409 emcitavit
2941 3369 3057 3416 nos,
3086 3340 3354 3415 simulqu'e
3393 3345 3564 3397 sedere
3614 3340 3739 3405 fecit

2301 3408 2621 3485 ξὲεἱὲὲιέὗέὲέῖ
3044 3408 3054 3416 ’
3261 3408 3279 3415 ’
3686 3484 3695 3485 ί
3760 3408 3823 3464 9‘2

2239 3484 2317 3557 V.
2331 3506 2459 3557 Non
2483 3504 2630 3555 enim
2652 3503 2892 3566 argento,
2911 3498 2988 3549 vel
3010 3511 3148 3548 auro
3170 3491 3427 3557 redempti
3449 3487 3584 3548 estis,
3605 3484 3698 3565 sed
3710 3498 3826 3566 pre:

2305 3552 3021 3641 tiosasanguinevunigeniti
3053 3569 3227 3641 aDeo.
3345 3552 3362 3557 ’
3572 3631 3604 3641 ,Α
3682 3555 3694 3565 ’
3762 3552 3824 3609 1⁸2

2243 3652 2310 3702 v.
2343 3649 2448 3709 Qui
2471 3631 2696 3698 uxorem
2725 3631 2887 3695 suam
2911 3642 3106 3707 diligit,
3131 3655 3183 3690 se
3204 3639 3401 3709 ipsum‘
3428 3631 3641 3709 diligit:
3677 3643 3825 3709 nemo

2304 3698 2448 3772 enim
2474 3733 2726 3785 unquam
2749 3730 2969 3767 carnem
2991 3698 3150 3764 suam
3165 3698 3287 3761 odio
3308 3706 3478 3767 habet,
3503 3708 3609 3757 etc.
3730 3698 3825 3756 332

2788 3819 3303 3876 PHILIPPENSES.

2245 3949 2359 4013 Cap
2400 3948 2442 3997 Ι.
2468 3943 2630 3995 Miser
2661 3955 2753 4006 ego
2793 3941 2972 4002 homo,
3021 3936 3145 4003 quis
3167 3949 3250 3984 me
3273 3930 3509 3985 liberabit
3530 3927 3592 3979 de

2306 3996 2494 4068 nisi.
2520 3996 2726 4080 ἡμέωὲ
2962 3996 2971 4002 ’
3028 3996 3047 4003 ”
3296 4077 3310 4080 _
3633 4070 3646 4080 _

2245 4092 2315 4144 II.
2359 4090 2426 4140 In
2454 4070 2611 4152 cujus
2642 4086 2882 4145 nomine,
2925 4095 3083 4132 omne
3113 4093 3256 4145 genu
3278 4077 3533 4141 flectatur,
3557 4070 3825 4152 celestiun'i

2307 4137 2657 4217 terrestrium,
2678 4161 2723 4206 et
2741 4137 3136 4218 infernarum:
3278 4137 3288 4141 ’

2246 4207 2558 4285 II:
2574 4207 2822 4278 inventus
2847 4230 2905 4275 ut
2930 4224 3108 4274 homo.
3752 4207 3826 4285 779

2353 4303 2495 4364 Quia
2531 4302 2593 4351 in
2630 4298 2854 4349 nomine
2876 4297 3023 4361 Jesu,
3046 4307 3204 4346 omne
3227 4305 3366 4358 genu
3389 4290 3647 4354 ﬂectatur,
3659 4284 3828 4364 ficte:

2310 4353 2466 4435 tium,
2493 4371 2850 4434 terrestrium,
2873 4374 2980 4421 etc.
3010 4353 3022 4361 ’
3346 4353 3394 4435 Ην
3454 4432 3463 4435 Δ
3597 4429 3617 4435 _
3659 4356 3746 4410 77.
3772 4353 3831 4433 78

2248 4449 2317 4501 II.
2347 4429 2464 4497 Hoc
2498 4445 2685 4495 sentite
2726 4443 2788 4491 in
2835 4429 2996 4503 vobis,
3044 4435 3189 4502 quod
3228 4434 3290 4484 in
3330 4431 3540 4503 Christo
3564 4429 3722 4503 ,Jesu,
3746 4429 3832 4491 qui

2313 4533 2437 4569 cum
2464 4517 2526 4566 in
2544 4514 2728 4580 forma
2753 4513 2848 4563 Dei
2872 4501 3013 4572 esset,
3038 4501 3152 4559 non
3171 4506 3433 4571 rapinam
3455 4501 3749 4580 arbitratus
3772 4502 3831 4578 est

2312 4606 2363 4641 se
2406 4604 2509 4640 esse
2540 4570 2803 4653 aequalem
2847 4584 2972 4644 Deo,
3002 4570 3109 4631 sed
3154 4570 3493 4642 semetipsum
3516 4570 3830 4653 exinanivjt,

2591 4643 2607 4653 ’
2960 4643 2963 4644 ⁷
3771 4643 3830 4695 78

2253 4665 2577 4787 IVechmnia
2596 4745 2818 4798 possum
2841 4729 2903 4779 in
2933 4743 3007 4788 eo,
3034 4725 3132 4795 qui
3151 4738 3232 4774 me
3247 4718 3558 4798 confortat.‘
3591 4787 3603 4798 -
3775 4712 3831 4791 16

2252 4808 2347 4858 VI.
2374 4806 2494 4857 Scio
2524 4810 2571 4854 et
2596 4787 2878 4853 abundare
2902 4806 2948 4850 et
2962 4787 3167 4849 esurire
3188 4793 3263 4845 ad
3281 4791 3488 4851 omnia,
3515 4793 3559 4839 et
3583 4787 3643 4837 in
3665 4787 3834 4858 omni}

2433 4875 2669 4926 imbutus
2690 4888 2830 4923 sum.
3776 4856 3833 4910 39

2709 4973 2719 4983 '
2798 4985 3298 5041 COLOSSENSES.

2256 5114 2388 5176 Cap.
2429 5113 2470 5161 Ῑ.
2519 5109 2623 5168 Qui
2669 5112 2740 5155 est
2782 5106 2962 5168 imago
3004 5098 3286 5151 invisibilis
3320 5096 3416 5148 Dei
3458 5092 3833 5176 primogenitht‘t:

2316 5156 2495 5232 olmnis
2518 5156 2794 5237 creaturae,
2819 5156 2931 5229 9th.
3458 5156 3473 5161 ’
3744 5156 3832 5237 325

2254 5256 2323 5306 II.
2358 5253 2563 5316 Delens,
2590 5251 2735 5315 quod
2763 5234 3018 5299 adversus
3040 5259 3138 5296 nos
3167 5248 3298 5316 erat,
3337 5234 3832 5316 chirographummt

2320 5306 2569 5389 afﬂigens
2600 5306 2740 5373 illud
2777 5319 2938 5372 Cruci
2960 5333 3086 5368 suae.
3125 5306 3828 5389 tradumit‘Principatus,

2321 5374 2617 5457 P'otestates,
2644 5394 2998 5457 triumphum
3026 5404 3110 5439 eos
3123 5389 3185 5437 in
3211 5384 3636 5457 semetipso,qetc_.
3778 5374 3831 5425 78

2320 5469 2475 5569 II.'ln
2501 5452 2611 5533 quo
2627 5452 2904 5517 inhabitat
2927 5462 3106 5513 omnis
3129 5457 3406 5525 plenitudo
3421 5452 3645 5505 Deitatis
3662 5462 3827 5569 σοφῇ

2322 5556 2386 5591 ra
2394 5540 2532 5592 liter.
3776 5540 3811 5569 ιτς

2689 5627 3417 5690 TIIESSALONICENSES.

2260 5761 2394 5823 Cap.
2422 5760 2488 5810 II.
2521 5757 2601 5807 Ne
2625 5756 2749 5821 quis
2766 5768 2855 5804 vos
2877 5750 3093 5801 seducat
3118 5745 3226 5797 ullo
3256 5743 3431 5823 modo,
3462 5741 3721 5823 quoniam

2323 5810 2572 5881 discessio
2603 5810 2798 5877 venerit
2836 5823 3102 5889 primum,
3146 5823 3193 5869 ει
3225 5814 3482 5867 revelatus
3510 5811 3678 5876 Ῑῖιενίί
3700 5810 3833 5889 ὴθνῖξξῗ

2329 5901 2529 5967 peccati
2560 5899 2707 5963 ﬁlius
2728 5871 3067 5962 perditionis,
3091 5896 3197 5943 etc.
3779 5871 3831 5927 95
