3894 6434
152 451 293 508 1185

149 570 218 620 V.
247 567 446 617 Omnia
469 569 771 632 probantes,
794 569 940 633 quod
956 569 1155 620 bonum
1168 576 1239 620 est
1257 576 1503 634 tenentes,
1518 573 1583 623 ab
1599 575 1752 623 omni

213 640 382 704 specie
405 638 554 688 mala
577 654 675 689 nos
698 639 1036 693 abstinentes.
1649 644 1752 700 315

685 756 1120 809 TIMOTHEUM
1153 759 1218 809 ΙΙ.

144 872 302 922 CAP.
348 874 414 922 ΙΙ.
447 870 804 921 Laborantem
850 874 1146 937 agricolam
1191 881 1392 939 oportet
1419 877 1666 941 primum
1691 878 1752 927 de

207 941 476 1004 fructibus
499 943 784 1006 percipere.
1682 947 1745 1003 31

145 1015 240 1064 IV.
283 1013 402 1062 Haec
431 1020 610 1062 autem
633 1013 855 1079 faciens,
882 1020 927 1065 te
965 1015 1146 1079 ipsum
1165 1015 1375 1067 salvum
1395 1017 1573 1083 facies,
1601 1025 1646 1069 et
1670 1033 1752 1069 eos

210 1083 311 1147 qui
340 1088 508 1134 tecum
539 1089 684 1134 sunt.
1682 1091 1749 1146 47

770 1202 1134 1254 ῙῙΕΒΒίΕΟΞ.

138 1315 300 1366 CAP.
332 1316 399 1367 II.
431 1315 646 1365 Decebat
678 1316 823 1366 enim
858 1332 980 1368 eum
1010 1324 1228 1384 propter
1251 1333 1409 1384 quem
1429 1321 1638 1385 omnia,
1657 1336 1752 1386 per

203 1401 365 1451 quem
388 1387 595 1449 omnia,
620 1388 716 1452 qui
740 1387 936 1438 multos
957 1389 1116 1453 filios,
1160 1395 1269 1442 etc.
1682 1393 1751 1448 90

143 1459 246 1508 XI.
280 1458 498 1508 Credere
510 1459 656 1506 enim
675 1458 858 1522 primo
881 1460 1129 1509 omnium
1151 1461 1478 1512 accedentem
1493 1463 1566 1512 ad
1582 1463 1754 1513 Deum

205 1534 432 1594 oportet,
457 1530 590 1593 quia
618 1536 704 1593 est,
733 1534 841 1582 etc.
1684 1535 1751 1590 16

143 1602 241 1652 XI.
270 1601 496 1664 Moyses,
522 1602 712 1666 spretis
742 1602 1132 1667 Aigyptiorum
1155 1605 1443 1667 thesauris,
1467 1605 1620 1670 elegit
1649 1621 1751 1670 po-

209 1673 319 1722 tius
343 1673 483 1735 ferre
506 1673 904 1738 imprOperium
941 1675 1161 1726 Christi.
1683 1678 1744 1732 31

147 1744 249 1795 XI.
275 1743 560 1794 Maledicta
590 1750 733 1794 terra
763 1746 821 1794 in
839 1745 1085 1810 operibus
1097 1748 1228 1812 suis,
1253 1748 1442 1812 spinas
1460 1754 1506 1798 et
1529 1748 1750 1800 tribulos

211 1814 466 1880 producet
492 1814 605 1866 tibi.
1682 1818 1749 1875 86

1105 459 1326 510 INDEX
1358 459 1751 513 VERBORUM
1788 463 1875 514 ET
1911 463 2492 517 SENTENTIARUM.

3307 471 3443 528 1186

2502 581 2522 629 Ι
2567 581 2793 631 PETRI.

1852 666 2003 731 CAP.
2034 667 2101 731 ΙΙ.
2147 666 2335 724 Quales
2378 673 2577 731 oportet
2607 684 2704 717 nos
2721 683 2823 718 esse
2846 670 2907 718 in
2935 671 3132 720 sanctis
3166 686 3448 725 conversa-

1914 728 2166 790 tionibus,
2192 728 2546 792 exspectantes
2569 732 2860 781 adventum
2883 734 3125 794 Domini,
3152 741 3258 786 etc.

3342 805 3448 863 554

1852 871 1942 921 III.
1979 869 2222 920 Christus
2247 877 2317 920 est
2343 873 2403 920 in
2431 873 2650 922 dextera
2674 874 2770 923 Dei
2801 875 2982 924 sedens
3007 875 3067 924 in
3100 876 3251 928 caelis.
3381 880 3447 934 94

1851 942 1920 992 II.
1945 941 2087 998 Quia
2112 941 2356 991 Christus
2371 946 2726 1005 mortiﬁcatus
2749 961 2930 1006 carne,
2956 947 3253 1008 vivi/icatus
3266 954 3446 999 autem

1911 1012 2134 1076 spiritu,
2168 1015 2264 1076 qui
2288 1014 2346 1062 in
2383 1015 2497 1078 ipso
2532 1015 2757 1076 habitat,
2784 1018 2856 1066 eis
2879 1018 2976 1082 qui
3010 1018 3071 1065 in
3095 1032 3299 1068 carcere
3321 1035 3448 1070 con-

1912 1083 2045 1132 clusi
2068 1089 2223 1132 erant
2241 1084 2502 1134 descendit
2522 1087 2803 1150 spiritibus
2821 1089 3132 1153 praedicare,
3151 1090 3246 1153 qui
3265 1091 3442 1142 incre—

1912 1154 2034 1204 duli
2057 1155 2206 1218 fuere
2231 1156 2290 1205 in
2316 1157 2495 1206 diebus
2523 1157 2656 1211 Noe.
3375 1164 3443 1218 89

1851 1315 2002 1389 CAP.
2027 1317 2121 1367 III.
2147 1316 2375 1389 Quando
2399 1248 2522 1367 calli1
2532 1248 2998 1385 argggglinagno
3021 1324 3224 1389 impetu
3244 1327 3447 1374 transi-

1913 1387 2043 1436 bunt
2092 1405 2102 1436 :
2141 1393 2185 1437 et
2234 1388 2488 1439 elementa
2553 1391 2770 1455 ignium
2825 1387 3112 1444 ardoribus
3164 1396 3447 1460 decoquen-

3300 1509 3304 1513 .
3341 1466 3445 1522 493

2545 1535 2748 1587 APOC.
3333 1541 3338 1546 ’

1849 1603 2001 1653 CAP.
2028 1603 2121 1654 IV.
2145 1603 2214 1652 Et
2257 1605 2497 1668 requiem
2533 1621 2646 1655 non
2672 1606 2934 1658 habebant
2974 1608 3058 1657 die
3080 1623 3142 1658 ac
3174 1614 3337 1671 nocte,
3364 1609 3444 1660 di-

1911 1678 2077 1724 centes
2119 1675 2367 1737 Sanctus,
2423 1676 2671 1738 Sanctus,
2719 1677 2947 1729 Sanctus
2990 1679 3258 1730 Dominus
3306 1682 3444 1732 Deus

1914 1745 2169 1807 Sabaoth,
2189 1748 2284 1811 qui
2307 1753 2422 1798 erat
2445 1753 2489 1798 et
2513 1749 2610 1813 qui
2632 1754 2722 1811 est,
2747 1756 2853 1804 etc.
3377 1751 3438 1809 61

1851 1817 2026 1868 XVII.
2052 1818 2218 1882 Aque
2239 1817 2418 1868 multae
2440 1823 2548 1872 etc.
2581 1821 2687 1884 Ap.
3412 1825 3445 1878 6

1914 1463 2019 1509 tur.
2064 1462 2169 1524 Ap.

1348 2231 2275 2455 INDEX-

347 2589 1518 2765 VEBBOBUM,
1670 2584 3235 2736 SENTENTIARUM

617 2879 820 2986 AC
944 2876 1266 2987 BER
1288 2877 1527 2987 UM
1664 2873 2981 2984 MEMORABILIUM

400 3110 722 3225 QU/E
789 3109 923 3206 IN
991 3108 1435 3205 RUFINI
1508 3105 2146 3205 OPERIBUS
2215 3104 3173 3203 CONTINENTUR.

1093 3309 2537 3357 ——————-—-o-——-——————-

181 3452 302 3535 (In
331 3451 438 3513 hoc
469 3449 679 3512 Indice
709 3453 1029 3510 revocatur
1059 3445 1244 3508 lector
1286 3444 1371 3506 ad
1407 3459 1687 3505 numeros
1729 3443 2016 3501 crassiori
2059 3439 2407 3500 charactere
2450 3444 2516 3500 in
2563 3447 2736 3540 textu
2777 3441 2992 3518 Ruﬁni
3042 3443 3402 3524 expressos.)

919 3607 978 3669 A

203 3735 522 3787 Abstinentia
558 3734 911 3782 Monachorum
936 3732 1145 3791 Evagrio
1174 3730 1566 3778 cohabitantium
1593 3743 1743 3790 pano,

133 3804 262 3858 sale,
288 3803 335 3846 et
357 3812 484 3858 aqua
509 3802 700 3844 tantum
724 3796 972 3843 utentium
997 3807 1121 3857 pag.
1149 3795 1258 3858 192.

209 3853 453 3924 Egyptus
475 3860 723 3924 idolorum
749 3858 963 3924 ofﬁcina,
998 3853 1118 3924 '148.
1155 3857 1310 3924 Habet
1347 3853 1675 3924 Deos-multos
1699 3859 1747 3901 et

137 3913 460 3975 uxide.'II)id.
485 3923 638 3969 Habet
661 3923 808 3968 etiam
837 3913 1020 3966 multos
1053 3919 1334 3965 Monachos.
1361 3913 1492 3963 Ibid.

206 3989 382 4037 Aetius
406 3985 800 4033 haereticus.252.

207 4049 440 4108 Agricola
460 4052 601 4094 terra}
624 4060 745 4103 suas,
772 4044 887 4108 quis
911 4041 1295 4108 esseputandus
1319 4045 1411 4108 est.
1448 4043 1524 4091 32.

205 4106 489 4162 Alexander
513 4110 786 4169 Episcopus
821 4106 1153 4154 Alexandria).
1179 4107 1338 4169 217.ct
1361 4116 1467 4166 seq.

207 4175 435 4230 Alligare
469 4168 665 4231 pullum
689 4171 750 4218 ad
778 4169 1047 4228 palmitem,
1072 4168 1211 4226 quid.
1239 4169 1316 4216 11.
1357 4170 1401 4231 et
1424 4178 1528 4227 seq.

207 4237 436 4286 Altitudo
459 4230 504 4281 et
532 4234 742 4280 latitudo
770 4232 942 4279 Crucis
971 4231 1287 4278 describitur.
1323 4230 1398 4277 76.

207 4298 501 4348 Ambrosius
526 4296 740 4354 jejuniis
763 4298 953 4354 pugnat
988 4293 1231 4339 adversus
1275 4291 1484 4338 Iustinae
1510 4291 1741 4337 furorem.

210 4425 437 4473 Amictus
460 4420 602 4488 quid.
641 4421 769 4488 13.__
899 4481 910 4488 _
1111 4481 1194 4488 ___
1232 4479 1282 4488 ,ν
1441 4477 1452 4488 ,
1647 4477 1657 4486 ,

210 4492 421 4536 Ammon
447 4476 552 4531 sive
572 4487 707 4542 pater
725 4481 1093 4542 Monachorum.
1107 4479 1350 4538 200.Ejus
1371 4477 1589 4525 animam
1611 4476 1746 4523 videt

137 4550 398 4600 Antonius
422 4548 473 4593 in
501 4540 686 4592 coelum
707 4547 923 4591 euntem.
949 4540 1082 4592 Ibid.

210 4616 442 4667 Ammon,
468 4609 575 4655 sive
606 4611 772 4653 Amun
815 4609 986 4653 contra
1023 4607 1240 4652 latrones
1280 4607 1434 4663 portas
1457 4601 1744 4667 monasterii

141 4674 380 4725 custodes
404 4663 529 4719 duos
573 4670 812 4717 dracones
847 4669 1004 4728 ponit.
1047 4669 1152 4728 158.
1190 4669 1424 4712 Latrones
1459 4663 1746 4728 humaniter

144 4741 340 4792 tractat,
378 4739 425 4782 et
449 4733 509 4780 ad
557 4734 708 4778 Deum
741 4726 1000 4779 convertit.
1034 4726 1167 4777 Ibid.
1198 4731 1348 4776 Draco
1381 4728 1492 4785 ejus
1514 4726 1748 4792 precibus

143 4789 486 4857 disrumpitur
517 4792 659 4857 Ibid.
703 4796 914 4841 Puerum
940 4799 1098 4841 emota
1143 4796 1306 4838 mente
1343 4805 1483 4838 sacro
1506 4789 1616 4837 oleo
1648 4789 1745 4834 sibi

147 4855 387 4912 restituit.
412 4855 547 4906 Ibid.

213 4929 501 4981 Ammonas,
528 4920 634 4966 sive
672 4919 935 4968 Piammon
959 4930 1088 4981 aager
1131 4929 1218 4975 per
1252 4915 1500 4975 Angelum
1526 4918 1745 4981 curatur.

145 4989 266 5038 205.
305 4987 372 5032 Eo
407 4986 462 5030 in
489 4978 653 5029 'altari
677 4984 914 5028 oﬂ'erente
935 4979 1157 5038 Angelus
1191 4981 1356 5039 signat
1378 4978 1748 5026 communican-

151 5059 245 5098 tes.
276 5046 408 5096 Ibid.

215 5113 513 5160 Ammonius
537 5108 808 5159 virtutibus
835 5103 1045 5153 excellit.
1096 5105 1203 5152 189.
1251 5105 1441 5150 Fratres
1464 5105 1576 5162 ejus
1599 5103 1748 5150 Euse-

151 5175 289 5234 bius,
312 5174 630 5234 Euthymius,
655 5172 936 5220 Dioscorus.
967 5164 1099 5214 Ibid.
1133 5167 1324 5224 Hospiti
1349 5167 1582 5214 cellulam
1607 5178 1748 5212 suam

150 5233 301 5285 cedit.
337 5233 473 5284 Ibid.

217 5299 496 5359 Ampliatus
519 5303 591 5346 est
612 5298 792 5357 Ioseph
817 5296 869 5342 in
895 5292 1065 5340 multis
1088 5297 1134 5337 et
1163 5303 1314 5349 super
1340 5289 1519 5338 fratres
1544 5289 1748 5348 dicitur,

153 5365 230 5413 43.
263 5363 335 5410 44.
374 5364 420 5408 et
454 5363 531 5411 45.

218 5423 395 5483 Angeli
427 5424 598 5471 fratres
631 5422 788 5470 nostri
809 5424 944 5467 sunt.
982 5419 1057 5483 45.

220 5476 444 5544 Angelus
485 5491 651 5534 custos
694 5495 890 5542 semper
932 5478 1138 5538 assistit,
1185 5483 1230 5524 et
1273 5477 1412 5525 docet
1455 5476 1749 5523 Monachum

158 5551 362 5598 Anunh.
389 5551 494 5598 168.

220 5563 806 5668 xiggeliligdi’iammonem
833 5619 1022 5665 aegrum
1035 5608 1190 5672 curat.
1208 5603 1317 5672 205.
1338 5600 1561 5672 Angelus
1586 5598 1752 5672 signat

157 5662 585 5724 communicantes
607 5675 661 5720 in
686 5673 833 5718 Missa
856 5662 1175 5725 Piammonis,
1201 5671 1246 5713 et
1269 5677 1394 5725 quos
1425 5662 1661 5723 praeterit,
1678 5662 1753 5707 in-

159 5746 232 5786 tra
255 5737 478 5784 triduum
503 5737 804 5784 moriuntur.
830 5729 963 5781 Ibid.

222 5800 635 5910 Angellibpsscuut
658 5798 857 5855 Auupb.
877 5796 986 5845 168.
1007 5795 1127 5853 Ejus
1149 5792 1369 5839 animam
1395 5792 1448 5838 in
1472 5788 1655 5837 oculum
1675 5786 1754 5834 de-

222 5868 345 5910 runt.
492 5898 502 5908 .

162 5865 345 5912 ferunt.
371 5861 502 5911 Ibid.

225 5927 424 5986 Anima,
447 5924 648 5986 quando
670 5924 724 5970 in
759 5922 1004 5986 sanguine
1028 5932 1138 5967 uvm
1163 5919 1373 5967 lavatur.
1404 5918 1477 5966 13.

226 5984 418 6036 Animas
442 5984 602 6035 virtus
637 5985 896 6043 tripartite,
915 5984 994 6032 28.

1908 3599 2158 3647 Animalia
2183 3599 2505 3647 ruminantis.
2535 3603 2613 3651 33.

1907 3662 2245 3710 Antichristus
2270 3676 2329 3709 ex
2368 3664 2500 3710 tribu
2529 3676 2629 3712 van
2663 3664 2968 3712 nasciturus.
2998 3667 3074 3714 15.

1908 3725 2154 3834 53:02qu
2173 3738 2300 3784 quos
2319 3738 2493 3774 curare
2518 3739 2620 3774 non
2644 3727 2795 3789 valet,
2844 3727 2904 3774 ad
2929 3727 3141 3776 Paulum
3165 3727 3444 3788 simplicem

1846 3787 2013 3834 mittit.
2039 3788 2146 3835 204.

1906 3849 2155 3896 Antonius
2183 3848 2396 3894 Eremita
2423 3851 2773 3899 Monachorum
2810 3851 3081 3910 exemplar.
3114 3853 3223 3900 230.

1907 3911 2111 3958 Antonii
2137 3911 2365 3957 Eremitaa
2386 3913 2621 3970 precibus
2643 3927 2696 3960 se
2715 3915 3068 3962 Constantinus
3092 3916 3302 3973 Magnus
3315 3927 3446 3962 com-

1845 3974 2062 4020 mendat.
2087 3973 2195 4021 229.
2221 3975 2269 4019 et
2283 3985 2385 4034 seq.

1907 4035 2088 4094 Anuph
2116 4048 2393 4097 numquam
2418 4037 2677 4088 mentitus.
2705 4039 2812 4088 168.
2839 4037 3114 4085 Ministerio
3138 4041 3440 4097 Angelorum

1847 4093 2085 4158 pascitur.
2110 4093 2242 4145 Ibid.
2258 4093 2566 4146 Sanctorum
2595 4101 2825 4158 gloriam,
2845 4105 2894 4146 et
2935 4093 3444 4151 Daemonum'crucia-

1846 4165 1937 4224 tus,
1955 4158 2104 4224 videt.
2130 4161 2236 4209 169.
2265 4160 2444 4224 Anima
2465 4161 2569 4218 ejus
2603 4177 2717 4211 cum
2741 4164 2947 4224 hymnis
2973 4165 3026 4210 in
3052 4164 3232 4211 emtum
3256 4167 3319 4214 ab
3343 4169 3445 4214 An-

1846 4223 1970 4281 gelis
1997 4221 2234 4270 defertur.
2261 4220 2397 4270 Ibid.

1908 4288 2036 4344 Apes
2062 4284 2293 4331 nesciunt
2324 4286 2580 4344 conjugis.
2618 4290 2694 4337 74.

1905 4347 2126 4411 Apelles,
2167 4346 2246 4393 vel
2286 4347 2496 4411 Apellen
2542 4350 2676 4396 faber
2709 4350 2966 4410 ferrarius,
3017 4351 3292 4411 presbyter.
3330 4354 3436 4402 173.

1847 4411 1991 4456 Ferro
2006 4409 2246 4455 candente
2281 4410 2534 4457 diabolum
2570 4414 2623 4458 in
2656 4412 2884 4460 mulieris
2921 4409 3084 4472 specie
3114 4409 3268 4472 fugat.
3308 4413 3438 4464 Ibid.

1846 4473 1966 4518 Inde
1991 4471 2176 4517 ferrum
2201 4471 2382 4518 cadens
2405 4486 2557 4519 manu
2582 4475 2718 4521 nuda
2752 4479 2937 4522 tractat.
2964 4471 3097 4524 Ibid.

1908 4534 2084 4592 Apollo
2107 4547 2197 4580 cur
2222 4535 2471 4592 Daphnidi
2499 4549 2792 4596 responsum
2820 4550 2919 4583 non
2944 4537 3038 4584 dat.
3065 4539 3158 4588 260
3182 4541 3228 4585 et
3249 4551 3353 4596 seq.

1908 4596 2226 4656 Apollonius,
2256 4609 2344 4643 seu
2374 4597 2568 4656 Apollo.
2599 4601 2700 4648 144.
2739 4602 2876 4646 Pater
2902 4599 3274 4647 Monachorum.
3300 4596 3435 4648 Ibid.

1846 4659 2141 4712 Quindecim
2163 4672 2322 4704 annos
2346 4665 2494 4707 natus
2516 4673 2736 4708 eremum
2763 4663 2897 4719 petit.
2931 4659 3063 4709 Ibid.
3092 4663 3248 4710 Orans
3280 4677 3439 4710 exau—

1848 4722 1983 4768 ditur
2015 4733 2103 4779 pro
2138 4721 2389 4777 jactantim
2422 4723 2604 4783 spiritu
2629 4737 2658 4769 a
2688 4736 2740 4770 se
2767 4723 3051 4783 auferendo,
3078 4726 3186 4774 145.
3225 4726 3442 4772 Vestitus

1847 4785 1958 4842 ejus
1985 4795 2087 4829 non
2107 4785 2387 4846 veterascit.
2410 4781 2543 4831 Ibid.
2567 4786 2651 4832 Die
2675 4785 2930 4833 Dominico
2967 4799 3024 4832 eo
3040 4781 3266 4834 "caritatis
3287 4788 3443 4846 gratia

1847 4858 1966 4910 suos
1984 4846 2053 4910 ad.
2073 4844 2418 4910 cibumvocat.
2434 4848 2540 4896 146.
2568 4849 2906 4910 Incarceratur
2927 4861 3042 4895 cum
3066 4850 3202 4910 aliis,
3227 4856 3281 4896 ut
3297 4844 3442 4896 miles

1850 4909 1948 4955 ﬂat.
1977 4905 2111 4956 Ibid.
2150 4907 2402 4955 Divinitus
2427 4909 2680 4958 liberatur.
2721 4908 2855 4959 Ibid.
2889 4911 3115 4958 Vestium
3141 4905 3439 4958 munditiem

1849 4974 1996 5018 amat.
2023 4972 2126 5018 148.
2162 4971 2499 5018 Simulacrum
2546 4973 2671 5019 Idoli
2717 4985 2807 5031 pro
2832 4972 3008 5032 pluvia
3039 4973 3442 5020 circumferentes

1850 5033 1966 5080 facit
1988 5031 2289 5078 immobiles.
2331 5034 2435 5082 149.
2465 5035 2672 5081 Eosdem
2710 5031 2934 5092 oratione
2959 5035 3191 5082 liberatos
3214 5035 3275 5080 ad
3300 5036 3444 5082 Chri-

1849 5101 1980 5143 stum
2005 5094 2264 5142 convertit.
2305 5093 2439 5144 Ibid.
2467 5099 2721 5144 Latronem
2753 5099 2815 5144 ad
2847 5097 3098 5143 meliorem
3126 5098 3276 5143 vitam
3300 5111 3443 5145 revo-

1851 5163 1944 5206 cat.
1971 5159 2077 5207 150.
2110 5157 2364 5219 Ejusdem,
2398 5162 2445 5203 et
2482 5159 2707 5206 Latronis
2739 5159 2889 5206 visio.
2915 5156 3048 5206 Ibid.
3075 5159 3296 5218 Principi
3322 5173 3443 5206 con-

1853 5221 2060 5268 tentioso
2103 5224 2307 5279 mortem
2343 5221 2586 5278 praedicit.
2623 5223 2733 5271 151.
2774 5223 2908 5267 Duos
2949 5234 3100 5279 pagos
3134 5221 3442 5268 dessidentos

1851 5283 2099 5331 conciliat.
2137 5278 2268 5331 Ibid.
2284 5282 2499 5328 Gratiam
2522 5283 2824 5329 humilitatis
2846 5283 3044 5329 cuidam
3063 5283 3310 5341 impetrat.
3333 5285 3438 5333 152.

1853 5347 2084 5394 Oratione
2106 5357 2257 5403 panes
2284 5345 2336 5390 in
2366 5345 2473 5390 dies
2500 5345 2748 5404 plurimos
2787 5345 3105 5403 multiplicat.
3129 5346 3234 5394 153.
3260 5346 3442 5404 Hospi-

1855 5416 1955 5455 tum
1973 5410 2239 5455 adventum
2265 5409 2706 5466 przenuntiat.154.
2728 5407 2982 5460 Quomodo
2996 5421 3081 5454 eos
3092 5408 3292 5467 excipit.
3307 5405 3439 5455 Ibid.

1853 5471 2203 5524 Quotidianam
2242 5469 2644 5516 communionem
2669 5469 2858 5516 suadet.
2897 5471 3006 5518 155.

1914 5532 2214 5590 Apollonius
2240 5533 2482 5580 Diaconus
2510 5533 2778 5591 Martyrum
2809 5531 3112 5580 adhortator.
3151 5534 3257 5581 183.
3296 5532 3445 5579 Male-

1853 5595 2117 5641 dictionem
2143 5595 2332 5654 patitur
2354 5610 2383 5642 a
2413 5595 2716 5641 Philemone.
2745 5591 2876 5640 Ibid.
2910 5593 3064 5647 Quem
3090 5595 3330 5640 convertit
3353 5607 3445 5652 pa-

1854 5657 2027 5704 tientia
2064 5661 2110 5702 et
2155 5658 2557 5706 mansuetudine.
2609 5655 2742 5705 Ibid.
2774 5655 2980 5712 Ignibus
3014 5670 3128 5702 cum
3161 5657 3446 5702 Philemone

1855 5719 2080 5766 traditur.
2115 5722 2224 5769 184.
2256 5722 2528 5767 Incolumis
2551 5734 2664 5768 cum
2689 5721 2822 5766 socio
2847 5722 3045 5777 perstat.
3063 5717 3195 5765 Ibid.
3226 5719 3444 5765 Praefecti

1851 5781 2166 5828 Alexandria:
2191 5782 2428 5829 officiales
2451 5788 2496 5830 et
2521 5783 2760 5830 satellites
2783 5781 3036 5829 convortit.
3053 5778 3187 5830 Ibid.
3205 5782 3326 5828 Cum
3354 5781 3447 5826 iis-

1853 5844 1964 5890 dem
2010 5843 2062 5890 in
2098 5856 2232 5889 mare
2274 5845 2595 5903 demergitur.
2645 5843 2777 5894 Ibid.
2807 5845 3020 5903 Corpora
3046 5857 3215 5890 eorum
3250 5843 3443 5890 illibata

1823 5905 2008 5953 ~~iittori
2038 5905 2333 5966 redduntur,
2364 5911 2411 5954 et
2437 5920 2538 5954 uno
2562 5908 2847 5955 conduntur
2879 5907 3122 5967 sepulcro.
3149 5903 3279 5954 Ibid.
3297 5905 3446 5954 Mira-

1854 5969 1965 6016 cuia
1997 5968 2218 6016 eduntur
2249 5968 2311 6016 ad
2344 5968 2568 6029 ipsorum
2598 5970 2854 6030 reliquias.
2880 5967 3010 6017 Ibid.
