3894 6420
492 430 629 485 1187

551 544 772 603 Apostoli
798 544 847 589 in
872 548 1107 601 perpetuo
1134 542 1299 588 labore
1324 543 1477 589 fuere.
1507 544 1582 589 32.

552 606 793 665 Apostoli,
826 605 1078 663 agricola.
1107 604 1186 652 31.

553 668 791 727 Apostoli,
820 670 1098 713 venatores.
1136 667 1216 714 29.

550 730 897 790 Apostolorum
924 730 1083 785 origo.
1104 730 1180 777 40.

550 789 689 850 Aqua
712 798 758 837 et
780 792 986 849 sanguis
1004 805 1064 836 ex
1089 789 1272 836 Christi
1303 789 1452 834 latere
1476 790 1728 847 proiluxit.
1756 791 1834 838 87.

550 859 701 913 Aqua
728 858 872 911 potus
896 854 1088 899 nimius
1121 853 1409 911 phantaslas
1442 857 1657 911 generat.
1692 854 1801 899 185.

547 922 671 964 Area
692 930 806 975 quae
830 930 859 962 a
881 917 978 963 Noe
1000 919 1300 975 constructa,
1325 915 1623 960 bicamerata
1645 920 1749 960 erat
1780 917 1825 959 et
1853 913 2085 959 tricame—

488 985 610 1028 rata.
638 985 719 1028 14.
750 991 853 1028 sea.

546 977 1037 1100 figieb'tesigqiriginta
1069 1040 1298 1087 Christus
1328 1040 1652 1097 appretiatus.
1679 1042 1757 1087 83.
1785 1040 1831 1084 et
1853 1052 1956 1147 sez.

547 1105 652 1147 Arii
679 1103 917 1147 conditio.
944 1108 989 1147 et
1014 1116 1193 1147 mores.
1226 1104 1335 1147 217.
1362 1105 1469 1147 218.
1497 1101 1604 1147 Arii
1628 1102 1853 1147 haresis.
1880 1100 1902 1146 I
1940 1098 1955 1146 i

547 1097 652 1150 Arii
679 1097 920 1159 conditio,
944 1108 989 1149 et
1014 1116 1193 1150 mores.
1226 1104 1335 1150 217.
1362 1105 1469 1151 218.
1497 1101 1604 1148 Arii
1628 1102 1853 1148 haresis.
1880 1097 2012 1147 Ibid.
2041 1103 2086 1146 et

488 1168 595 1215 102.
627 1166 775 1213 Arius
798 1166 860 1212 ab
879 1164 1035 1211 exilio
1061 1172 1335 1212 revocatur.
1361 1166 1470 1212 253.
1497 1167 1542 1210 et
1566 1177 1668 1225 seq.
1700 1164 1848 1210 Arius
1864 1163 2081 1209 vacando

490 1229 632 1287 perit,
658 1229 769 1277 256.

549 1292 654 1338 Arii
678 1290 825 1337 fidem
859 1293 1040 1336 nostra
1091 1291 1256 1335 verbis
1279 1289 1515 1349 similem,
1543 1301 1697 1335 sensu
1715 1300 1829 1334 vero
1860 1288 2088 1336 dissimi-

488 1354 587 1400 lem
610 1354 720 1403 253.

550 1416 791 1462 Arsenius
813 1414 1073 1460 Athanasii
1105 1413 1274 1462 lector.
1301 1415 1410 1463 243.

549 1481 799 1525 Ascensus
824 1476 1008 1523 Christi
1030 1476 1091 1521 ad
1117 1478 1284 1524 cales.
1311 1478 1390 1526 93.
1414 1476 1492 1525 94.

550 1544 670 1587 Aser
695 1541 1066 1598 interpretatur.
1093 1540 1168 1587 38.
1205 1540 1283 1587 39.

549 1602 852 1649 Athanasius
872 1614 996 1660 puer
1016 1602 1259 1660 quosdam
1286 1614 1374 1659 per
1398 1599 1576 1646 ludum
1601 1601 1831 1658 baptizat.
1865 1604 1975 1652 257.

548 1664 853 1711 Athanasius
875 1665 1008 1710 idem
1050 1664 1367 1711 Alexandria
1416 1664 1679 1709 Diaconus.
1722 1666 1831 1714 223.
1862 1666 2005 1723 Fugit
2027 1677 2087 1710 ex

485 1727 770 1775 Occidentis
794 1727 1019 1785 partibus
1038 1728 1100 1772 ad
1123 1727 1439 1774 Constantem
1464 1725 1725 1773 Casarem.
1744 1730 1854 1776 247.
1879 1727 2089 1774 Ordina-

485 1795 563 1837 tur
581 1789 899 1835 Alexandria
922 1789 1213 1848 Episcopus.
1238 1790 1347 1837 256.
1370 1789 1526 1833 Etiam
1553 1788 1606 1833 in
1630 1790 1839 1835 occultis
1863 1795 2003 1836 terra
2025 1788 2089 1835 ad

485 1865 653 1898 necem
693 1852 1021 1910 perquiritur.
1059 1852 1167 1899 246.
1199 1852 1235 1896 It
1266 1854 1314 1896 in
1342 1862 1605 1896 occursum
1654 1854 1932 1908 percussori
1976 1866 2086 1901 suo.

483 1916 594 1964 260.
620 1914 677 1960 In
695 1914 807 1960 lacu
823 1914 1071 1970 cisterna,
1094 1925 1273 1970 aquam
1303 1925 1403 1958 non
1430 1913 1659 1970 habente,
1686 1928 1770 1959 sex
1795 1916 1947 1960 annis
1971 1927 2088 1959 cou-

487 1977 645 2022 tinnis
667 1976 961 2023 occultatur.
984 1976 1093 2023 246.
1117 1975 1191 2021 Ad
1217 1975 1435 2020 tribunal
1452 1974 1664 2020 sistitur.
1698 1976 1808 2023 243.
1836 1978 1966 2022 Artis
1983 1991 2091 2022 ma-

487 2038 610 2095 gica
633 2041 913 2085 accusatur.
942 2038 1054 2085 244.
1080 2038 1258 2094 Inique
1291 2037 1655 2082 condemnatus
1680 2037 1850 2095 fugere
1870 2040 2085 2095 cogitur.

484 2102 594 2150 216.
620 2104 665 2145 et
690 2112 796 2150 sea.
1414 2110 1430 2123 ο

548 2114 805 2209 ἰξυῖέέῖῖἕῖ
831 2160 1086 2208 dormitio.
1113 2162 1223 2209 269.

549 2232 703 2271 Ausus
732 2225 861 2270 Nave
885 2223 1047 2269 Filius
1062 2225 1206 2269 Jesus
1231 2222 1396 2268 dictus
1421 2228 1512 2270 est.
1536 2224 1615 2272 62.

545 2287 827 2333 Auxentius
862 2286 1127 2333 hareticus
1150 2287 1425 2344 Episcopus
1451 2288 1680 2333 moritur.
1717 2286 1832 2334 263.

1268 2381 1320 2442 B

548 2492 785 2551 Baptismi
812 2492 972 2550 gratia
996 2490 1183 2548 duplex
1210 2490 1472 2547 figuratur.
1498 2493 1573 2539 86.
1604 2494 1680 2541 87.

548 2557 628 2613 Be,
654 2567 742 2600 seu
781 2556 943 2600 Benus
986 2556 1113 2613 totus
1138 2559 1467 2613 rmansuetus.
1505 2557 1611 2603 141.
1658 2555 2019 2613 Hippopotamo
2043 2559 2087 2599 et

488 2616 760 2665 crocodillo
776 2617 1005 2676 imperat.
1030 2612 1161 2662 Ibid.

550 2679 836 2725 Benedictio
860 2678 1024 2737 panis.
1061 2680 1169 2726 143.

551 2742 833 2788 Benedictio
861 2738 1137 2798 Benjamin.
1168 2740 1244 2788 48.

551 2803 833 2850 Benedictio
862 2802 1161 2859 Nephtalim.
1189 2802 1265 2849 38.
1289 2805 1334 2848 et
1356 2814 1460 2864 seq.

550 2866 832 2912 Benedictio
856 2865 1052 2920 Ruben,
1079 2865 1158 2914 25.
1194 2866 1239 2909 et
1261 2877 1368 2927 seq.

550 2929 830 3001 Benedictio
851 2927 977 3001 Qad.
1010 2928 1088 2976 36.
1113 2928 1166 3001 et
1182 2940 1286 3001 seq.

548 2991 833 3037 Benedictio
850 2991 1049 3037 Simeon
1079 2995 1125 3036 et
1151 2991 1281 3035 Levi.
1307 2992 1388 3039 26.
1413 2993 1458 3037 et
1477 3003 1584 3052 seq.

550 3054 835 3100 Benedictio
856 3052 1092 3115 Zabulon.
1121 3053 1199 3100 29.
1226 3057 1269 3098 et
1290 3067 1394 3115 seq.

558 3116 842 3163 Benedictio
868 3114 1028 3162 Juda.
1058 3117 1102 3173 7,
1128 3118 1174 3161 et
1197 3128 1300 3175 seq.

558 3178 838 3225 Benedictio
863 3178 1078 3227 Isachar.
1104 3179 1181 3227 30.
1219 3180 1263 3223 et
1292 3190 1397 3238 seq.

553 3240 834 3287 Benedictio
854 3241 1034 3299 Joseph
1064 3241 1376 3287 Patriarchm.
1394 3242 1466 3287 40.
1502 3245 1547 3287 ct
1570 3253 1674 3302 seq.

548 3303 833 3350 Benedictio
854 3303 964 3350 casti
989 3307 1035 3349 et
1059 3308 1217 3350 terra.
1253 3306 1329 3351 42.
1357 3306 1402 3349 et
1422 3316 1525 3364 seq.

552 3366 832 3411 Benedictio
856 3368 991 3411 Aser.
1021 3367 1099 3414 38.
1131 3368 1176 3411 et
1198 3378 1303 3426 seq.

550 3428 836 3474 Benedictio
862 3429 980 3473 Dan.
1012 3429 1088 3477 33.
1115 3430 1160 3474 et
1182 3441 1289 3489 seq.

550 3490 948 3537 Benedictionem
982 3490 1211 3536 ultimam
1239 3503 1329 3535 cur
1369 3491 1629 3547 Benjamin
1672 3496 1965 3537 consecutus
2000 3489 2081 3538 sit.

488 3553 562 3600 48.
591 3556 635 3598 et
664 3565 768 3600 sca.

554 3589 562 3598 .
591 3565 635 3598 et
664 3566 714 3599 sc
756 3588 768 3600 .

552 3565 924 3661 Benedilctioues
955 3614 1105 3660 varia
1138 3627 1288 3671 super
1330 3615 1511 3674 Joseph
1550 3614 1883 3662 Patriarchant
1911 3627 2084 3659 recen-

489 3683 677 3723 sentur.
704 3679 781 3726 42.
808 3679 852 3722 et
876 3689 980 3737 seq.

552 3738 808 3795 Benjamin
836 3739 1191 3796 interpretatur
1241 3739 1315 3787 45.

553 3802 811 3859 Benjamin
843 3801 995 3861 lupus
1023 3814 1192 3860 rapax.
1227 3804 1302 3851 48.

1268 3900 1314 3962 Ο

548 4016 671 4067 Casii
696 4015 977 4064 benedictio
1001 4017 1054 4063 in
1081 4018 1290 4066 Christo.
1320 4022 1397 4067 44.

550 4081 733 4129 Casari
760 4079 1028 4135 reddenda,
1053 4093 1166 4139 qua
1191 4082 1397 4126 Cresaris
1421 4087 1553 4128 sunt.
1585 4082 1664 4129 43.

549 4144 845 4189 Calcaneum
869 4143 987 4200 equi
1013 4144 1237 4189 mordere
1260 4145 1377 4202 quis
1401 4145 1612 4191 dicatur.
1641 4146 1717 4191 35.

552 4207 728 4252 Carnis
751 4205 873 4250 vitia
896 4206 1147 4263 quomodo
1173 4206 1454 4255 domantur.
1482 4210 1554 4255 15.

554 4268 716 4315 Catuli
742 4267 938 4327 Leonis,
965 4268 1052 4327 qui
1075 4270 1406 4326 appellentur.
1435 4272 1511 4317 16.
1547 4272 1622 4316 17.

552 4330 709 4379 Cellia
733 4331 1099 4389 Monasterium,
1135 4344 1224 4377 seu
1248 4331 1388 4378 locus
1418 4332 1552 4378 unde
1576 4331 1784 4377 dictum.
1816 4332 1922 4379 181.

553 4395 741 4441 Census
769 4392 952 4439 Casari
977 4393 1192 4440 dandus.
1227 4394 1304 4442 43.

552 4454 735 4504 Christi
757 4454 981 4504 fiemora.
1008 4458 1053 4505 8.

549 4517 777 4565 Christus
801 4531 861 4563 ex
884 4518 1092 4577 Virgine
1124 4521 1289 4564 natus.
1318 4519 1363 4565 7.

548 4579 776 4629 Christus
800 4581 854 4627 in
878 4580 1067 4638 quibus
1095 4580 1247 4627 Leoni
1270 4580 1598 4630 assimilatur.
1624 4582 1670 4629 8.

547 4644 777 4691 Christus
799 4656 827 4688 a
850 4643 1078 4689 damone
1100 4655 1188 4702 per
1205 4643 1573 4701 suggestionem
1601 4646 1832 4694 tentatus.
1866 4647 1942 4693 44.

548 4706 778 4753 Christus
801 4704 919 4751 vitis
947 4706 1150 4752 dicitur.
1184 4709 1258 4754 11.
1287 4709 1331 4752 et
1361 4719 1466 4767 seq.

546 4767 878 4826 Cogitationes
894 4768 1161 4826 superﬂua
1179 4774 1397 4826 tempore
1414 4768 1659 4815 orationis
1675 4782 1803 4827 Opus
1815 4769 2078 4815 damonis.

549 4892 715 4940 Colles
742 4891 913 4940 aterni
939 4893 1150 4952 mystice
1186 4894 1275 4952 qui
1303 4900 1438 4940 sunt.
1471 4894 1548 4943 46.

544 4956 1042 5003 Communicantium
1078 4956 1229 5014 digne
1268 4958 1472 5002 nomina
1512 4957 1733 5015 Angelus
1756 4956 1946 5002 scribit.
1968 4956 2076 5005 205.

546 5019 847 5065 Communio
870 5022 985 5063 ante
999 5017 1167 5065 cibum
1194 5019 1426 5068 sumitur.
1458 5020 1562 5069 155.
1595 5017 1890 5066 Communio
1913 5020 2080 5077 Quoti-

476 5083 638 5130 diana
661 5082 915 5128 suadetur.
941 5077 1076 5127 Ibid.

542 5145 848 5192 Concubina
875 5142 1081 5189 nomine
1108 5141 1201 5189 Lex
1235 5148 1375 5189 vetus
1402 5144 1722 5201 intelligitur.
1749 5144 1826 5192 26.

544 5209 807 5254 Conterere
829 5218 973 5252 arcus
998 5205 1339 5264 inimicorum,
1364 5207 1506 5265 quid.
1537 5209 1613 5255 47.

543 5268 867 5317 Continentia
896 5268 949 5314 in
975 5269 1293 5316 matrimonio
1328 5269 1588 5316 Ammonis
1625 5281 1738 5314 cum
1768 5282 1941 5318 uxore.
1969 5272 2074 5320 157.

479 5331 837 5393 Symphoniaci
870 5344 984 5378 cum
1012 5346 1162 5378 uxore
1180 5332 1329 5378 annis
1355 5332 1573 5389 triginta.
1601 5332 1705 5380 152.

542 5394 899 5443 Conversionis
920 5395 1208 5441 Judaorum
1242 5400 1407 5453 typus.
1437 5396 1512 5443 50.

541 5458 831 5515 Cooperatio
855 5458 884 5502 S
930 5458 1201 5504 Trinitatis.
1229 5460 1307 5505 71.
1339 5461 1384 5503 et
1407 5469 1512 5518 seq.

541 5522 723 5578 Copres
748 5521 1005 5579 presbyter
1033 5520 1384 5579 hospitalitatis
1409 5523 1587 5568 cultor.
1614 5521 1722 5569 159.
1749 5521 1868 5577 Ejus
1902 5532 2078 5565 narra-

480 5583 639 5628 tiones
662 5596 777 5629 cum
799 5584 946 5629 tadio
970 5584 1183 5630 audiens
1206 5596 1263 5628 ac
1286 5584 1540 5629 dormiens
1557 5584 1749 5629 visione
1774 5586 2075 5640 increpatur.

480 5642 609 5694 Ibid.
630 5647 801 5692 Narrat
825 5658 915 5691 sua
940 5646 1064 5692 facta
1087 5646 1147 5691 ad
1172 5645 1566 5693 adiﬁcationem.
1583 5648 1689 5695 164.
1710 5649 1868 5692 Arena
1883 5646 1944 5690 ab
1971 5644 2077 5702 ipso

478 5708 664 5753 calcata
706 5707 1008 5754 fertilitatem
1062 5714 1202 5755 terra
1239 5710 1445 5757 confert.
1486 5708 1819 5758 165.111asus
1859 5710 1913 5753 in
1961 5707 2076 5765 igne

479 5770 874 5830 crucesignatus
902 5775 1101 5829 perstat,
1123 5772 1410 5817 adversario
1435 5771 1708 5817 Manichao
1745 5772 1798 5817 in
1824 5771 1942 5825 igne
1956 5771 2075 5816 adu-

479 5835 567 5878 sto.
602 5829 732 5879 Ibid.
764 5836 811 5880 et
843 5846 946 5895 seq.
972 5835 1221 5881 Convertit
1241 5835 1301 5880 ad
1330 5835 1476 5881 tidem
1506 5834 1794 5880 Idololatras
1835 5833 2072 5895 Gentiles.

480 5895 586 5942 166.
613 5895 788 5941 Furem
813 5893 1060 5942 Gentilem
1088 5896 1334 5943 miraculo
1357 5898 1419 5943 ad
1446 5897 1592 5944 ﬁdem
1608 5896 1833 5944 adducit.
1864 5893 2006 5944 Ibid.

543 5957 807 6013 Corruptio
829 5957 972 6003 nulla
993 5958 1046 6005 in
1066 5964 1209 6017 partu
1226 5960 1449 6017 Virginis
1472 5960 1653 6007 Maria.
1680 5962 1758 6008 72.

2032 426 2259 478 INDEX

3656 418 3789 472 1188

2245 540 2476 585 Creatura
2504 536 2669 584 omnis
2693 550 2754 581 ex
2781 534 2946 581 nihilo
2976 539 3065 579 est.
3088 536 3165 582 71.

2246 601 2480 648 Creatura
2504 599 2648 645 nulla
2670 596 2894 645 Creatori
2922 609 3014 643 suo
3047 594 3273 654 aqualis.
3301 594 3382 641 64.

2249 662 2415 710 Credo
2439 663 2493 709 in
2524 661 2759 720 Symbolo
2788 673 2878 705 cur
2904 660 3126 716 primum
3151 656 3363 720 dicitur.
3388 656 3474 720 55.

2247 726 2401 773 Credo
2427 725 2479 770 in
2505 719 2657 770 Deum
2683 724 2873 768 Patrem
2897 723 3310 777 omnipotentem.
3340 719 3419 767 56.

2248 787 2537 837 Crocodilus
2578 785 2824 831 Helenum
2852 789 2987 829 trans
3011 785 3197 829 (lumen
3223 781 3375 827 vehit.
3408 780 3517 829 169.

2246 849 2529 899 Cruciﬁxus
2554 848 2648 894 sub
2683 848 2854 893 Pontio
2892 845 3065 905 Pilato,
3102 849 3148 890 et
3188 846 3418 902 sepultus
3464 842 3786 889 descenditad

2186 912 2399 959 inferna.
2428 913 2503 959 76.
2530 914 2575 956 et
2590 922 2696 969 seq.

2249 974 2423 1023 Crucis
2444 971 2731 1031 descriptio.
2758 972 2835 1018 77.

2249 1036 2421 1084 Crucis
2446 1035 2572 1081 ratio
2589 1030 2691 1081 non
2714 1030 2951 1079 omnibus
2977 1031 3145 1075 eadem
3191 1032 3270 1077 81.

2249 1100 2422 1157 Culpa
2445 1101 2491 1145 et
2519 1110 2681 1157 pana
2715 1094 3007 1142 discrimen.
3035 1093 3111 1140 30.

2963 1188 3016 1251 D

2250 1314 2452 1358 Damon
2502 1310 2688 1358 Christi
2736 1311 2947 1356 tentator
2976 1308 3157 1364 factus,
3182 1308 3243 1353 ab
3275 1321 3333 1355 eo
3378 1311 3613 1354 tentatus.
3645 1310 3724 1356 28.
3750 1312 3793 1354 et

2186 1389 2452 1503 stag-mmon
2476 1433 2675 1480 adorari
2702 1433 2841 1503 petit.
2863 1435 2974 1503 139_;
3066 1494 3099 1503 ..

2251 1500 2509 1545 Damones
2533 1496 2784 1553 quomodo
2812 1494 3121 1553 expellendi.
3158 1497 3264 1543 172.

2252 1562 2505 1607 Daemones
2518 1558 2664 1603 multi
2688 1558 2742 1602 in
2767 1559 2973 1604 deserto.
3004 1558 3113 1606 197.

2250 1625 2487 1669 Damasus
2520 1621 2811 1679 Episcopus.
2831 1622 2942 1669 382.
2966 1621 3077 1669 283.

2254 1686 2375 1731 Dan.
2403 1687 2480 1732 33.
2508 1686 2553 1729 et
2576 1696 2682 1743 seq.

2252 1748 2352 1793 Dan
2376 1745 2527 1791 varia
2550 1743 2880 1802 acceptiones.
2904 1746 2982 1793 34.
3010 1746 3055 1789 et
3072 1756 3177 1804 seq.

2252 1808 2475 1867 Daphnis
2494 1806 2717 1865 Apollini
2739 1805 2864 1854 litat.
2898 1808 3007 1855 260.

2253 1873 2503 1917 Decretum
2530 1870 2591 1915 de
2628 1869 2815 1927 Spiritu
2841 1871 3033 1916 Sancto.
3059 1869 3169 1917 256.

2253 1934 2453 1978 Delicia
2478 1932 2624 1977 etiam
2646 1932 2699 1977 in
2733 1931 2923 1977 vilibus
2947 1931 3246 1977 consistunt.
3275 1931 3383 1979 130.

2253 1996 2430 2041 Dentes
2453 2008 2605 2052 super
2628 1994 2705 2039 lac
2731 1994 2957 2042 candidi.
2990 1995 3062 2040 l4.
3101 1993 3177 2041 15.
3207 1994 3282 2040 17.

2252 2055 2525 2104 Descendit
2537 2055 2610 2103 ad
2631 2054 2856 2118 inferna
2874 2057 2925 2103 in
2939 2055 3174 2115 Symbolo
3190 2056 3421 2102 Romana
3440 2053 3678 2102 Ecclesia:
3691 2069 3785 2101 nm.

2192 2120 2419 2168 habetur.
2446 2120 2522 2167 80.

2254 2183 2525 2228 Descensus
2547 2180 2731 2228 Christi
2755 2180 2817 2226 ad
2853 2179 3042 2226 inferos
3065 2179 3316 2239 probatur.
3343 2180 3403 2228 89
3425 2181 3471 2225 et
3493 2191 3598 2240 seq.

2253 2246 2378 2290 Deus
2407 2244 2513 2289 sine
2538 2243 2702 2300 initio,
2728 2247 2774 2288 et
2796 2244 2909 2289 fine.
2931 2243 3007 2291 58.

2254 2308 2517 2363 Diacouus,
2545 2310 2786 2363 prasente
2823 2306 3064 2363 Episcopo
3109 2308 3194 2351 aut
3238 2303 3543 2363 presbytero,
3572 2304 3778 2349 hostium

2192 2382 2253 2414 ne
2270 2368 2479 2414 dividat.
2511 2370 2622 2416 227.

2252 2431 2493 2489 Didymus
2521 2428 2907 2475 Alexandrinus.
2933 2430 3042 2479 276.
3076 2433 3120 2475 et
3136 2442 3242 2490 seq.

2256 2494 2364 2540 Dies
2384 2492 2567 2548 judicii
2594 2493 2845 2550 probatur.
2865 2492 2942 2539 95.
2965 2494 3044 2541 96.

2253 2556 2365 2603 Dies
2391 2554 2812 2612 Quadragesima.
2846 2556 2924 2602 21.

2252 2618 2523 2675 Dionysius
2549 2618 2599 2661 in
2622 2616 2858 2661 exsilium
2884 2629 2975 2661 cur
2996 2614 3225 2662 mittitur.
3249 2616 3359 2663 249.

2252 2682 2513 2727 Dioscorus
2538 2679 2808 2736 Episcopus
2834 2678 2982 2723 frater
3004 2678 3281 2733 Ammonis,
3309 2678 3417 2725 189.

2255 2743 2518 2789 Dioscorus
2542 2742 2817 2801 Presbyter,
2845 2740 2967 2799 quid
2999 2741 3060 2786 de
3095 2740 3370 2797 pollutione
3400 2748 3648 2801 nocturna
3669 2752 3782 2785 sen-

2189 2806 2432 2865 tiendum,
2459 2817 2577 2850 suos
2601 2798 2761 2851 docet.
2787 2798 2893 2851 185.
2920 2802 3152 2849 Remedia
3167 2801 3462 2862 prascribit.
3492 2798 3627 2849 Ibid.

2251 2866 2554 2914 Discretione
2577 2865 2847 2924 spirituum
2874 2865 3040 2911 clarus
3068 2866 3345 2925 Pithyrion.
3382 2867 3491 2913 172.

2252 2928 2469 2987 Dispersi
2493 2929 2599 2987 qui.
2626 2929 2704 2976 28.

2248 2992 2495 3041 Divinitas
2520 2991 2629 3037 sine
2657 2989 2885 3047 exemplo
2914 2995 2999 3036 est.
3041 2990 3119 3039 64.
3145 2992 3224 3039 71.

2251 3054 2514 3111 Divisiqui
2547 3054 2804 3099 dicuntur.
2841 3053 2918 3101 28.

2251 3117 2436 3162 Divisio
2464 3116 2873 3162 vestimentorum
2901 3114 3101 3161 Christi.
3129 3115 3207 3163 88.

2250 3179 2353 3225 Dux
2377 3179 2438 3224 de
2477 3177 2769 3225 fautoribus
2791 3176 2932 3223 Juda
2956 3177 3206 3236 quomodo
3228 3177 3345 3235 quis
3372 3174 3565 3223 evadat.
3591 3176 3669 3223 16.
3697 3177 3715 3222 1

2974 3290 3026 3353 Ε

2246 3416 2447 3464 Ebionis
2470 3417 2695 3463 haresis.
2720 3416 2805 3465 101
2825 3420 2871 3462 et
2894 3428 2999 3477 seq.

2246 3479 2481 3538 Ecclesia,
2508 3480 2696 3527 Christi
2720 3478 2970 3537 sanguine
2992 3477 3219 3525 lavanda.
3252 3480 3329 3527 12.

2246 3542 2467 3589 Ecclesia
2488 3547 2677 3600 sancta,
2715 3554 2849 3600 qua.
2882 3542 2989 3590 102.

2247 3605 2466 3652 Ecclesia
2485 3604 2617 3663 apud
2643 3579 2809 3651 lbei'os
2833 3602 3127 3652 exstruitur.
3153 3604 3262 3651 252.

2249 3668 2464 3713 Ecclesia
2487 3669 2819 3725 oppugnatur.
2858 3668 2966 3715 260.

2250 3730 2482 3776 Ecclesia
2504 3728 2839 3787 frequentatio
2856 3741 2886 3774 a
2909 3727 3067 3774 tribus
3098 3732 3371 3785 etquatuor
3397 3726 3647 3777 millibus.
3668 3731 3768 3778 176.

2246 3792 2479 3839 Ecclesia
2504 3791 2772 3839 Orientalis
2797 3791 3109 3850 Symbolum.
3137 3791 3212 3839 57.

2247 3854 2479 3902 Ecclesia
2522 3855 2873 3901 restituuntur.
2900 3855 3009 3903 288.

2246 3918 2426 3964 Edessa
2454 3918 2574 3963 urbs
2589 3916 2968 3975 Mesopotamia.
3004 3918 3107 3963 274.

2244 3980 2455 4026 Edesius
2477 3993 2506 4025 a
2530 3979 2726 4039 poculis
2748 3979 2899 4037 Regis
2925 3979 3194 4026 Iberorum.
3212 3978 3321 4027 250.

2244 4043 2489 4102 Egyptus
2508 4041 2815 4089 doctissimis
2835 4040 2961 4087 viris
2982 4042 3174 4088 referta.
3196 4042 3305 4089 279.

2406 4106 2508 4153 uid.
2542 4107 2617 4153 11.

2242 4120 2677 4214 Eliasqitlllblnaiziius
2712 4165 3025 4225 septuaginta
3048 4166 3198 4211 annis
3224 4165 3348 4211 vivit
3393 4165 3446 4211 in
3473 4165 3764 4211 solitudine.

2181 4232 2288 4280 171.
2316 4234 2359 4277 et
2371 4244 2472 4291 seq.
2489 4230 2712 4288 Integras
2730 4228 3288 4286 hebdomadasjejunat.
3309 4229 3599 4291 172._Claret
3613 4229 3769 4284 signis

2180 4299 2226 4340 et
2249 4287 2578 4339 medicamine
2600 4287 2715 4339 cum
2734 4293 2841 4341 110.
2868 4294 2997 4337 esset
3018 4303 3285 4339 annorum.
3312 4287 3443 4337 Ibid.

2242 4356 2473 4414 Episcopi
2510 4355 2609 4401 duo
2634 4356 2685 4400 in
2728 4354 2928 4400 civitate
2965 4367 3067 4399 una
3098 4366 3207 4400 esse
3232 4353 3559 4411 prohibentur
3583 4353 3765 4401 Nican.

2182 4420 2394 4465 Canone.
2422 4419 2530 4466 226.

2241 4482 2498 4539 Episcopis
2515 4480 2821 4525 consortium
2844 4478 3115 4525 mulierum
3147 4477 3478 4525 interdicitur.
3503 4478 3614 4525 227.

2240 4543 2512 4602 Episcopus
2536 4542 2596 4587 ab
2621 4542 2858 4588 omnibus
2884 4543 3034 4588 totius
3062 4540 3335 4600 provincia
3360 4540 3617 4599 Episcopis
3640 4540 3767 4587 ordi-

2180 4612 2348 4654 netur.
2380 4606 2488 4654 224.
2520 4607 2565 4651 et
2581 4617 2684 4666 seq.

2242 4670 2401 4727 Eques
2422 4667 2627 4726 quando
2659 4679 2868 4713 casurus
2893 4670 3181 4712 retrorsum.
3218 4666 3297 4713 36.

2241 4730 2439 4789 Equites
2455 4730 2639 4776 anima
2658 4729 2712 4775 in
2738 4729 3029 4787 corporibus
3059 4729 3250 4786 posita,
3276 4730 3383 4787 qui.
3411 4729 3487 4778 35.

2240 4795 2465 4852 Equitem
2497 4798 2545 4838 et
2569 4805 2773 4851 equum,
2802 4792 3065 4838 Dominum
3086 4804 3199 4838 cum
3224 4804 3373 4838 carne
3394 4797 3637 4852 suscepta,
3659 4791 3765 4851 qui-

2176 4857 2289 4902 dam
2312 4854 2566 4913 designari
2590 4855 2784 4900 volunt.
2824 4855 2898 4903 34⁴

2238 4918 2435 4977 Evagrii
2461 4917 2780 4969 abstinentia.
2828 4915 3119 4974 parcissime
3162 4915 3349 4962 utentis
3386 4929 3532 4977 aqua,
3567 4920 3615 4962 et
3640 4930 3759 4975 pane

2178 4982 2379 5040 penitus
2402 4980 2716 5027 alistinentis.
2744 4980 2852 5028 192.

2238 5043 2548 5090 Eucharistia
2573 5043 2679 5088 sola
2706 5043 2884 5090 nutrit.
2917 5045 3024 5092 172.

2243 5106 2480 5162 Eulogius
2503 5105 2763 5163 Presbyter
2792 5111 2982 5151 mentes
3016 5102 3498 5150 communicantium
3521 5103 3757 5163 agnoscit.

2176 5169 2284 5217 173.
2312 5167 2539 5227 Singulis
2562 5167 2730 5213 edicit.
2767 5164 2901 5217 Ibid.

2239 5230 2473 5278 Eunomii
2500 5230 2722 5276 haresis.
2751 5232 2858 5278 104.

2238 5293 2515 5339 Eunomius
2583 5294 2865 5353 haereticus,
2914 5293 2993 5338 vir
3038 5303 3241 5353 corpore
3267 5298 3312 5339 et
3341 5290 3508 5337 anima
3543 5291 3760 5350 lcprosus

2175 5358 2267 5406 252
2290 5360 2335 5402 et
2360 5369 2462 5406 seq.
3221 5373 3227 5378 ν

2240 5370 2247 5380 ·
2290 5370 2335 5402 ει
2360 5370 2409 5401 se
2454 5390 2462 5400 .

2240 5370 2484 5464 Eusehibs
2507 5419 2788 5477 episcopus.
2829 5419 2940 5467 257.

2240 5481 2485 5527 Eusebius
2508 5481 2917 5528 Nicomediensis.
2944 5482 3056 5529 223.
3081 5480 3214 5527 Idem
3229 5480 3477 5527 laudatur.
3501 5481 3610 5527 243.

3738 3202 3747 3221 ι
3764 3211 3769 3217 .

2240 5544 2483 5590 Eusebius
2507 5544 2755 5603 sacerdos,
2781 5549 2827 5589 et
2861 5544 3102 5590 medicus.
3130 5546 3238 5593 258.

2237 5606 2479 5652 Eusebius
2496 5606 2822 5653 Vercellensis
2849 5607 2899 5652 in
2928 5607 3161 5654 exsikium
3184 5606 3417 5652 mittitur.
3435 5604 3546 5652 294.

2235 5670 2483 5715 Eusebius
2504 5668 2650 5715 frater
2673 5669 2945 5715 Ammonii.
2974 5670 3083 5718 189.

2236 5731 2537 5790 Euthymius
2561 5732 2815 5779 Ammonii
2849 5732 3073 5790 ejusdem
3099 5731 3268 5778 frater.
3302 5731 3401 5779 189.

2945 5836 2995 5898 F

2232 5958 2432 6004 Factum
2460 5956 2707 6017 principis
2730 5955 3026 6003 admirabile
3056 5957 3165 6005 217.
3190 5958 3235 6001 et
3256 5967 3360 6018 seq.
