3894 6412
143 435 278 489 1189

129 611 192 656 ad
221 613 375 657 vitam
403 617 679 660 revocatur.
712 614 825 662 229.

194 674 414 720 Feminm
435 676 597 730 specie
616 675 900 721 admittitur
917 689 945 721 a
969 677 1184 735 superbo
1204 677 1442 724 Monacho
1456 681 1726 736 spectrum.

133 737 240 784 I30.
270 736 534 782 Blanditiis
559 738 853 799 )Ionachum
899 738 1098 798 decipit.
1133 737 1268 788 Ibid.
1307 739 1520 787 Irrident
1543 740 1729 799 decep-

128 801 236 844 tum
261 799 531 846 dmmones.
569 795 697 846 Ibid.

193 861 450 906 Feminam
475 861 666 908 nullam
692 875 916 921 unquam
940 864 1069 909 vidit
1092 865 1305 910 Joannes
1329 865 1597 910 Monachus
1617 865 1723 913 120.

192 924 452 969 Fermento
477 937 686 982 regnum
703 927 940 971 caalorum
965 930 1293 984 comparatur.
1335 928 1410 974 64.

193 985 335 1050 Eidei
359 986 570 1050 Nicaeam
595 988 896 1046 exemplum.
923 990 1033 1037 221.
1059 989 1169 1037 225.
1195 991 1240 1035 et
1272 1001 1378 1050 seq.

189 1047 328 1094 Fidei
354 1048 649 1095 Christiania
677 1050 976 1110 simplicitas
995 1056 1241 1110 quantum
1282 1047 1481 1098 virtutis
1523 1051 1720 1098 habeat.

119 1111 237 1158 222.
265 1113 311 1156 el
335 1123 438 1170 seq.

189 1173 376 1229 Figura
401 1172 518 1219 novi
542 1174 857 1222 Testamenti.
882 1176 961 1224 24.

189 1235 304 1280 Filii
327 1236 500 1294 Patris,
525 1237 633 1293 qui.
657 1237 732 1284 15.

187 1297 350 1344 Filius
372 1298 621 1357 quomodo
645 1311 673 1344 a
698 1299 833 1345 Patre
857 1299 1075 1360 genitus,
1101 1313 1200 1346 nou
1223 1303 1296 1345 est
1321 1298 1712 1347 discutiendum.

185 1420 406 1479 Flagella
430 1421 634 1470 Christi.
661 1423 741 1470 84.

185 1484 396 1530 Fluvius
418 1489 463 1529 et
490 1485 598 1529 fons
623 1497 782 1530 unum
807 1489 925 1530 sunt
961 1483 1312 1542 inseparabile.
1342 1486 1418 1534 60.

184 1547 409 1592 meora
439 1547 645 1606 Christi,
665 1561 778 1605 quae
803 1551 919 1592 sunt
943 1549 1168 1606 mystice.
1202 1550 1247 1596 9.
1268 1551 1312 1594 et
1336 1560 1442 1608 seq.

185 1609 312 1654 Fons
339 1608 522 1666 peccati
549 1614 596 1654 et
630 1609 801 1654 mortis
831 1609 891 1654 de
913 1609 1124 1656 muliere
1158 1611 1340 1669 prima.
1368 1612 1445 1658 87.

183 1672 312 1716 Fons
339 1684 426 1716 nec
448 1670 634 1716 dicitur
658 1671 862 1728 ﬂuvius,
893 1684 980 1717 nec
1004 1672 1191 1718 ﬂuvius
1230 1670 1361 1720 fons.
1391 1675 1469 1720 62.

184 1734 314 1778 Fons
342 1733 516 1791 Mopsi.
541 1734 652 1780 254.

181 1794 362 1851 Frigus
396 1796 602 1854 duplex,
637 1795 869 1854 temporis
894 1799 940 1841 et
986 1795 1118 1841 fidei.
1144 1797 1222 1845 87.

183 1859 373 1913 Fruges
396 1871 501 1916 quo
517 1859 615 1904 tino
641 1858 696 1904 in
724 1863 900 1904 terram
926 1863 1250 1916 sparguntur.
1277 1859 1354 1908 57.

181 1919 506 1966 Frumentius
529 1935 558 1966 a
578 1920 858 1967 rationibus
882 1921 1026 1978 Regis
1049 1921 1321 1968 Iberorum.
1355 1921 1464 1970 250.

895 2024 952 2088 G

178 2132 284 2179 Gad
307 2130 676 2195 interpretatur.
702 2134 780 2182 36.
808 2147 915 2195 seq.

177 2193 430 2242 Gaudium
455 2195 716 2254 spirituale
738 2193 1169 2246 anachoretarum.
1200 2197 1312 2246 154.

177 2258 311 2322 Gens
339 2257 942 2322 IberaAChristianismum
971 2257 1198 2317 suscipit.
1239 2261 1355 2308 250.
1383 2263 1428 2306 et
1461 2272 1564 2322 seq.

174 2319 421 2375 Georgius
446 2320 496 2366 vi
521 2321 648 2378 rapit
677 2321 994 2367 Alexandriae
1017 2322 1386 2380 Episcopatum.
1415 2324 1522 2371 251.

176 2383 452 2446 Gothorum
480 2396 565 2441 per
588 2383 819 2446 Thracias
849 2384 1079 2442 irruptio.
1117 2385 1226 2432 284.
1252 2387 1298 2430 et
1325 2397 1430 2446 seq.

176 2443 344 2489 Gratia
365 2445 614 2490 amittitur
641 2445 703 2489 ob
736 2447 942 2491 verbum
959 2446 1210 2492 odiosum.
1236 2447 1345 2495 152.

177 2506 349 2551 Gratia
372 2507 609 2565 Baptismi
632 2507 836 2565 duplex.
863 2509 941 2556 86.
981 2510 1060 2557 87.

177 2568 446 2631 Gratianus
487 2569 754 2628 Imperator
794 2570 1126 2618 Theodosium
1151 2571 1292 2630 regni
1337 2571 1627 2631 participem
1651 2571 1712 2617 ad

116 2629 308 2676 sciscit.
345 2631 453 2680 252.

181 2691 405 2740 Gratiﬂci
428 2692 562 2740 oculi
587 2691 791 2742 Christi.
819 2696 896 2743 14.

180 2753 455 2815 Gregorius
479 2755 803 2816 Cappadociae
829 2757 1118 2817 Episcopus.
1135 2760 1248 2809 279.

888 2859 962 2924 Η

183 2969 399 3017 Hzeresis
425 2969 757 3018 Eunomiana.
785 2971 893 3019 104.

183 3033 400 3079 Ilzeresis
415 3033 540 3090 Arii,
567 3033 786 3079 volentis
819 3034 1111 3082 abscindere
1149 3035 1478 3085 substantiam
1507 3035 1662 3082 Patris
1691 3047 1719 3081 a

115 3095 268 3143 Filio.
289 3097 399 3144 217.
425 3097 534 3144 218.

184 3157 413 3204 Haaretici
447 3157 596 3204 etiam
619 3161 730 3217 post
759 3156 1104 3216 paenitentiam
1139 3159 1202 3207 ad
1241 3161 1573 3209 sacerdotium
1600 3161 1720 3207 rcci-

114 3220 314 3281 piendi.
339 3221 448 3270 255.

182 3283 370 3328 IIa::.us
396 3280 597 3329 Christi.
626 3284 703 3331 79.

180 3346 414 3403 Helenus,
459 3344 566 3390 sive
600 3345 796 3403 IIellen,
822 3344 1043 3392 novitius
1079 3358 1268 3404 prunas
1303 3347 1532 3394 ardentes
1556 3347 1718 3393 illtesa

114 3413 255 3453 veste
277 3407 452 3456 defert.
485 3407 592 3456 168.
631 3407 832 3455 Diabolo
868 3409 928 3455 ad
955 3407 1124 3466 gulam
1163 3409 1457 3462 explendam
1485 3410 1716 3456 invitanti

111 3469 342 3515 secundo
387 3468 592 3516 resistit.
633 3471 740 3519 169.
783 3471 1034 3517 Divinitus
1071 3471 1200 3516 mira
1221 3471 1447 3518 ciborum
1472 3473 1716 3520 suavitate

113 3536 391 3580 recreatus.
437 3529 569 3580 Ibid.
616 3532 810 3589 Onager
853 3533 898 3578 ei
943 3533 1191 3579 sarcinam
1221 3534 1490 3581 deferendo
1530 3535 1714 3582 obedit.

112 3591 250 3640 Ibid.
299 3594 554 3640 Crocodilo
598 3600 792 3641 vectore
843 3596 1028 3641 flumen
1071 3597 1374 3642 transmittit.
1421 3595 1554 3644 Ibid.
1603 3598 1717 3643 Solo

114 3657 271 3702 verbo
295 3657 501 3702 noxium
527 3658 842 3704 Crocodilum
866 3657 1082 3716 perimit.
1120 3660 1226 3708 170.
1255 3661 1586 3712 Cogitationes
1613 3660 1715 3705 fra-

116 3723 322 3782 trum__et
347 3718 650 3782 tentationes
682 3720 902 3766 occultas
927 3721 1122 3770 detegit.
1152 3719 1285 3769 Ibid.
1313 3724 1497 3768 Futura
1535 3725 1716 3782 prmvi-

112 3783 214 3828 det.
244 3778 373 3830 Ibid.
395 3781 732 3838 Dzemonibus,
768 3783 1099 3838 nejuniorem
1124 3782 1320 3830 fratrem
1349 3778 1554 3844 tentent,
1577 3785 1716 3830 limi-

117 3844 345 3951 ;«isrgigit.
382 3846 465 3892 171
500 3845 680 3889 Junior
711 3845 882 3890 fratrer
919 3856 1050 3902 saepe
1075 3845 1296 3891 caelestes
1321 3847 1534 3905 percipit
1557 3846 1711 3894 cibos.

155 3920 212 3951 η.
239 3941 252 3951 .

113 3904 252 3954 Ibid.

182 3969 400 4014 Herodes
433 3980 525 4014 cur
543 3967 709 4014 dictus
732 3973 805 4014 est
837 3967 890 4014 in
929 3967 1199 4026 Scripturis
1221 3969 1396 4027 Jarim,
1423 3971 1528 4018 sive
1550 3971 1720 4031 sylve-

112 4033 237 4079 ster.
270 4033 346 4079 85.

179 4092 405 4140 Hilarius
431 4089 710 4150 Illyricum.
738 4092 947 4147 Italiam,
977 4090 1264 4152 Galliasque
1288 4095 1483 4144 circuit.
1511 4097 1622 4146 258.

178 4157 338 4202 Homo
360 4167 420 4200 ex
445 4155 566 4200 limo
590 4159 734 4201 terrm
756 4161 968 4204 creatus.
1015 4155 1097 4204 75.
1125 4157 1200 4204 76.

178 4219 298 4273 Hor,
323 4217 430 4264 sive
453 4217 535 4272 Or,
558 4231 618 4263 ex
643 4219 944 4264 anachoreta
981 4217 1265 4266 Monasterii
1299 4219 1572 4266 institutor.
1607 4221 1712 4269 138.

111 4279 431 4329 Abstinentia
461 4280 592 4337 ejus.
617 4277 748 4328 Ibid.
782 4279 1034 4326 Divinitus
1057 4279 1226 4327 literas
1267 4283 1422 4332 novit.
1461 4280 1594 4330 Ibid.
1621 4284 1719 4329 DIE-

111 4356 292 4404 mones
317 4341 471 4404 pellit.
499 4343 605 4390 139.
640 4343 814 4400 {Egros
835 4345 994 4388 sanat.
1029 4339 1162 4390 Ibid.
1181 4344 1330 4390 Lavat
1357 4345 1608 4403 hospitum
1626 4358 1716 4404 pe-

109 4408 219 4454 des.
249 4401 382 4452 Ibid.
405 4405 496 4451 Per
521 4409 616 4451 tres
649 4417 805 4450 annos
839 4404 1038 4450 nullum
1061 4405 1230 4452 cibum
1262 4401 1526 4454 terrenum
1539 4401 1714 4456 sumit.

111 4465 250 4517 Ibid.
276 4467 472 4514 C(elesti
507 4479 619 4513 esca
660 4471 768 4525 post
802 4467 1023 4512 triduum
1067 4469 1302 4526 pascitur.
1339 4467 1470 4516 Ibid.
1522 4469 1716 4517 Diaboli

110 4531 434 4592 phantasiam
465 4529 665 4592 egregio
710 4541 944 4587 responso
965 4529 1204 4592 dispellit.
1232 4529 1362 4578 Ibid.
1393 4533 1498 4578 Uno
1521 4533 1602 4578 die
1624 4533 1720 4579 celo

114 4591 274 4640 lulam
303 4591 594 4656 adventanti
621 4591 762 4656 fratri
799 4591 1027 4656 esstruit.
1075 4593 1182 4642 140.
1230 4595 1413 4640 Fratris
1448 4595 1712 4656 cujusdam

113 4656 342 4704 fraudem
367 4654 614 4701 divinitus
649 4655 806 4702 novit.
831 4651 967 4701 Ibid.

183 4718 410 4776 Hospites
440 4715 691 4774 quomodo
709 4717 870 4772 excipi
908 4717 1041 4763 soliti
1065 4717 1198 4776 apud
1233 4719 1574 4766 anachoretas.
1601 4721 1712 4770 139.

114 4781 348 4840 Hospites
377 4779 682 4842 quandoque
704 4777 929 4842 cogendi.
955 4781 1566 4842 154.7Hospitesadorandi
1591 4783 1720 4830 ritus

113 4839 253 4904 apud
286 4843 545 4889 Monachos
569 4841 703 4904 unde
728 4841 943 4886 (luxerit.
971 4839 1103 4890 Ibid.

179 4905 503 4962 Hospitalitas
519 4903 870 4966 Monachorum
894 4903 1064 4950 Nitriae
1086 4905 1420 4952 admirabilis.
1448 4908 1554 4955 168.
1576 4907 1708 4966 Oxy-

113 4969 301 5028 rynchi
323 4968 539 5013 civitatis
563 4967 616 5012 in
639 4965 905 5013 Thebaida.
928 4967 1034 5014 142.
1063 4969 1402 5016 Protocomitis
1425 4965 1706 5027 cujusdam.

181 5090 452 5140 Humilitas
490 5090 696 5138 Joannis
745 5089 1021 5150 prophetia:
1062 5093 1272 5151 gratiam
1317 5107 1418 5142 non
1463 5095 1581 5150 sibi,
1626 5095 1710 5141 sed

115 5156 237 5204 aliis
255 5153 538 5202 tribuentis.
577 5154 687 5216 120.

179 5340 424 5391 Iactantia
443 5341 698 5399 fugienda.
720 5341 828 5389 125.
854 5340 922 5386 Ea
940 5339 1147 5398 duplex.
1175 5339 1310 5390 Ibid.

179 5405 336 5452 Jarim
369 5403 494 5464 quid
517 5403 704 5452 sonet?
733 5403 813 5452 85.

183 5468 476 5528 Iberagens,
499 5481 600 5526 quo
623 5472 839 5526 tempore
861 5465 1048 5514 Christi
1070 5466 1219 5513 ﬁdem
1243 5467 1476 5527 amplexa
1499 5470 1581 5519 sit.
1598 5470 1708 5519 251.

119 5535 166 5579 cl
192 5543 296 5579 ser!-

186 5544 315 5640 biga
343 5593 554 5650 poscunt
576 5604 605 5636 a
629 5590 954 5636 Cmstantino
976 5591 1268 5641 sacerdotes.
1295 5593 1404 5642 252.

183 5655 442 5713 Jejunium
467 5658 658 5712 quarta)
680 5657 727 5698 et
749 5657 902 5700 sexta)
927 5653 1082 5704 ferite.
1108 5656 1217 5704 155.

131 5753 142 5764 .
184 5720 353 5764 Jesum
377 5717 630 5764 Christum
659 5715 829 5763 sedere
851 5729 880 5762 a
919 5716 1106 5764 dextris
1130 5719 1233 5776 Dei,
1258 5717 1510 5775 probatur.
1538 5719 1614 5766 94.

187 5783 357 5826 Jesum
381 5779 436 5825 in
460 5778 611 5826 latere
634 5791 947 5838 percussum.
977 5780 1194 5840 indeque
1215 5793 1398 5840 aquam
1434 5785 1478 5827 ct
1501 5779 1712 5840 sangui-

126 5857 245 5893 nem
277 5843 502 5903 ﬂuxisse,
527 5843 780 5900 probatur.
802 5842 880 5890 86.
912 5842 989 5891 87.

189 5909 334 5953 Iesus
357 5905 585 5953 Christus
609 5905 794 5952 unicus
818 5904 903 5950 Dei
929 5905 1106 5952 Filius.
1131 5907 1208 5956 62.
1236 5906 1314 5954 63.

191 5970 334 6016 Jesus
354 5967 547 6016 Hebraei
575 5967 799 6014 vocabuli
835 5979 1012 6015 nomen
1038 5974 1126 6015 est.
1155 5971 1231 6018 62.

1201 439 1588 490 VICRBORUM
1643 439 1731 490 ET
1784 439 1914 491 SEN
1925 443 2369 495 TENTIARUM.

196 550 402 595 Femina
422 550 652 606 quiedcm
669 564 699 598 a
715 550 892 607 januis
906 553 1081 600 mortis
1097 553 1269 601 Crucis
1291 553 1474 600 Christi
1501 557 1730 600 contactu

3289 448 3428 502 1190

1894 557 2038 618 Iesus
2060 556 2202 614 quid.
2229 559 2288 606 62
2329 561 2373 603 et
2395 570 2498 618 seq.

1897 616 1961 664 In
1999 620 2266 677 praeposito
2293 632 2383 665 cur
2415 616 2512 665 non
2548 620 2750 666 additur
2783 621 2833 666 iu
2859 624 3071 668 articulo
3099 622 3157 670 in
3183 629 3423 671 sanctam

1833 678 2148 741 Ecclesium,
2174 685 2221 726 et
2244 682 2546 740 quibusdam
2573 682 2706 730 aliis.
2734 682 2810 731 99.

1895 743 2038 788 India
2060 758 2160 802 quo
2185 749 2398 801 tempore
2423 745 2615 789 semina
2645 744 2760 790 fidei
2783 744 2946 802 prima
2967 747 3203 805 suscepit.
3228 750 3340 798 231.

1893 805 2038 850 India
2061 805 2266 862 duplex.
2293 807 2400 854 230.
2428 808 2471 851 ct
2494 819 2598 862 seq.

1893 819 2038 850 iunia
2061 819 2266 862 uupiex.
2293 819 2400 854 230.
2428 819 2471 851 ει
2494 819 2546 852 se
2587 841 2598 854 .

1831 866 2033 976 233mm
2056 867 2230 914 multis
2252 869 2508 926 variisque
2539 819 2732 926 linguis
2757 872 2801 914 et
2838 867 3115 925 gentilibus
3151 869 3419 919 habitatur.

1893 990 2085 1036 Inimici
2113 991 2271 1047 Judm,
2300 991 2404 1048 qui.
2425 994 2500 1040 78.

1891 1052 2115 1117 Inimicis
2147 1066 2410 1111 quousque
2440 1053 2678 1117 dicuntur
2708 1053 2922 1100 inimici.
2955 1055 3000 1101 8.
3036 1057 3082 1101 et
3104 1067 3208 1117 seq.

1891 1115 2173 1161 Inildelium
2199 1117 2260 1160 de
2289 1115 2666 1162 Resurrectione
2693 1129 2846 1161 error.
2875 1117 2982 1165 105.

1890 1177 2104 1223 insidias
2138 1179 2190 1223 in
2214 1179 2380 1224 Jesum
2405 1177 2569 1223 Judaei
2601 1178 2898 1226 moliuntur.
2927 1181 3000 1226 4‘2.
3029 1181 3104 1228 43.

1889 1239 2225 1292 Intelligentia
2269 1240 2556 1286 divinarum
2597 1239 2963 1299 Scripturarum
3007 1241 3141 1288 unde
3186 1243 3416 1301 petenda.

1825 1302 1934 1350 279.
1962 1305 2006 1346 et
2031 1314 2135 1350 seq.

1889 1314 2293 1409 Infi‘dsifgcontra
2332 1362 2676 1410 Athanasium.
2705 1364 2814 1412 255.
2843 1366 2888 1410 et
2911 1377 3016 1426 seq.
3076 1410 3089 1421 ,

1887 1425 1940 1470 In
1949 1427 2137 1470 vocatio
2161 1427 2472 1473 Sanctorum.
2508 1426 2616 1474 186.

1886 1489 2100 1534 Joannes
2126 1486 2209 1548 (8.)
2239 1487 2502 1546 Aigyptius
2529 1487 2659 1545 apud
2679 1489 2864 1544 Lycum
2887 1488 3140 1537 civitatem
3166 1489 3416 1540 habitans.

1824 1549 1932 1598 119.
1959 1551 2030 1596 Ab
2067 1549 2225 1596 zetatis
2251 1563 2383 1596 anno
2405 1548 2794 1611 quadragesimo
2814 1549 2876 1596 ad
2900 1553 3284 1611 nonagesimum
3307 1555 3418 1601 nul-

1824 1613 1902 1658 lus
1937 1611 1999 1658 ad
2029 1625 2143 1658 eum
2174 1613 2447 1670 ingressus.
2473 1609 2608 1660 Ibid.
2633 1611 2827 1658 Nullam
2861 1613 3000 1661 videt
3021 1609 3278 1663 feminam.
3307 1617 3413 1666 120.

1821 1673 2011 1721 Cellam
2055 1674 2348 1731 hospitalem
2375 1674 2685 1720 extrinsecus
2716 1673 2822 1720 ﬁeri
2858 1677 3112 1733 permittit.
3145 1673 3272 1726 Ibid.
3297 1678 3411 1724 Pro-

1823 1737 2003 1793 phetizc
2043 1736 2228 1794 spiritu
2269 1736 2500 1786 donatus.
2549 1733 2681 1784 Ibid.
2731 1736 3004 1785 Theodosio
3028 1739 3146 1784 belli
3182 1745 3416 1787 eventum

1821 1797 2070 1856 przedixit.
2107 1795 2239 1848 Ibid.
2267 1799 2320 1844 Et
2345 1799 2568 1844 Romano
2593 1798 2710 1844 duci
2738 1798 3012 1846 victoriam.
3039 1798 3171 1848 Ibid.
3201 1801 3417 1848 Humili-

1823 1869 1893 1906 tas
1925 1861 2053 1917 ejus.
2079 1857 2211 1906 Ibid.
2247 1860 2451 1907 Videtur
2476 1860 2528 1906 in
2553 1860 2745 1906 somnis
2775 1862 2836 1906 ab
2871 1875 3024 1908 uxore
3049 1863 3276 1912 Tribuni.
3304 1866 3412 1913 12l.

1819 1926 1981 1980 Longe
2020 1923 2178 1981 posita
2201 1921 2442 1970 intuetur.
2461 1919 2592 1970 Ibid.
2617 1921 2821 1968 Occulta
2843 1925 3006 1970 cordis
3028 1925 3270 1982 agnoscit.
3301 1929 3408 1975 122.

1822 1984 2267 2044 FlagellorumDei
2283 1997 2486 2030 caussas
2517 1984 2760 2043 propalat.
2780 1983 2912 2032 Ibid.
2939 1987 3113 2044 zEgros
3135 1988 3243 2034 oleo
3267 1988 3410 2036 bene-

1817 2046 1949 2094 dicto
1961 2053 2118 2094 sanat.
2133 2043 2268 2095 Ibid.
2288 2047 2397 2100 Quo
2415 2049 2463 2092 et
2486 2046 2688 2093 mulieri
2716 2047 2880 2093 visum
2900 2043 3129 2095 restituit.
3150 2047 3416 2098 lbid.Ter-

1819 2111 2005 2156 tiauam
2028 2109 2398 2168 quoquepellit.
2416 2110 2522 2158 123.
2553 2109 2670 2166 Ejus
2694 2109 3022 2168 hospitalitas.
3049 2107 3178 2157 Ibid.
3224 2111 3415 2159 Sobrie-

1819 2176 1908 2218 tas.
1933 2169 2064 2220 Ibid.
2093 2169 2404 2218 Humilitatis
2427 2170 2907 2218 commendationem
2932 2171 3176 2231 exemplis
3221 2175 3412 2232 probat.

1817 2235 1927 2283 125.
1963 2236 2008 2280 et
2052 2246 2154 2294 seq.
2192 2232 2505 2280 Mendacium
2551 2232 2698 2278 etiam
2725 2233 2778 2279 in
2814 2233 3099 2281 humilitate
3122 2235 3414 2294 fugiendum

1815 2296 1972 2341 docet.
2002 2296 2108 2344 123.
2139 2295 2344 2342 Moritur
2367 2294 2583 2352 genibus
2613 2295 2770 2342 ﬂexis.
2798 2296 2887 2345 137

1875 2360 2096 2404 Joannes
2120 2357 2270 2404 frater
2303 2362 2395 2404 stat
2435 2357 2594 2403 tribus
2636 2358 2786 2404 annis
2829 2357 3100 2406 continuis.
3130 2359 3236 2409 173.
3262 2359 3414 2408 Pedes

1815 2421 1920 2477 ejus
1952 2420 2098 2475 longa
2123 2421 2331 2466 statione
2351 2418 2594 2476 disrupti.
2627 2421 2730 2468 174.
2757 2419 2872 2465 Sola
2901 2419 3214 2468 Eucharistia
3239 2423 3410 2469 Domi-

1817 2483 1929 2529 niea
1951 2487 2150 2540 sumpta
2167 2482 2308 2529 vivit.
2329 2478 2458 2528 Ibid.
2475 2481 2676 2526 Diabolo
2693 2482 3036 2541 presbyterum
3055 2484 3316 2530 simulanti
3341 2498 3411 2532 res

1814 2545 1982 2606 sistit._
2010 2541 2148 2606 Ibid.
2173 2546 2386 2590 Sanatur
2408 2543 2470 2589 ab
2501 2543 2714 2606 Angelo,
2754 2549 2801 2606 et
2823 2544 3032 2606 scientia
3060 2545 3238 2592 divina
3257 2547 3412 2606 reple‘

1818 2614 1912 2656 tur.
1940 2603 2074 2655 Ibid.
2099 2607 2444 2653 Jumentorum
2467 2605 2674 2663 cingula
2697 2603 2832 2654 texit.
2871 2603 3006 2656 Ibid.
3033 2607 3282 2656 Claudum
3306 2603 3410 2656 cin-

1815 2669 1924 2728 guli
1965 2672 2095 2714 tactu
2130 2673 2288 2717 sanat.
2336 2665 2466 2715 Ibid.
2521 2669 2770 2714 Sanantur
2793 2669 2916 2727 tegri
2951 2670 3239 2728 paneabeo
3262 2670 3413 2718 bene-

1815 2733 1964 2779 dicto.
1992 2731 2099 2780 175.
2127 2731 2351 2778 Fratrum
2363 2730 2766 2777 conversationes
2781 2731 2962 2778 absens
2977 2733 3253 2791 cognoscit.
3276 2730 3406 2782 Ibid.

1877 2795 2090 2840 Joannes
2113 2793 2248 2840 alius
2271 2793 2414 2840 laetus
2436 2805 2611 2839 omnes
2635 2793 2900 2844 exhilarat.
2935 2795 3045 2844 206.

1876 2856 2058 2914 Joseph
2081 2869 2171 2903 cur
2214 2856 2345 2902 inter
2387 2868 2562 2902 omnes
2598 2855 2776 2903 fratres
2801 2855 2940 2904 illius
2966 2857 3109 2905 tertio
3131 2858 3412 2917 appelletur

1814 2921 1842 2968 2
1876 2931 1981 2968 sea.

1874 2931 2055 3038 Ibgeph
2083 2979 2265 3028 Christi
2285 2979 2460 3036 figura.
2494 2980 2571 3028 43.

1874 3042 2056 3100 Joseph
2084 3041 2380 3088 Patriarchae
2405 3040 2764 3101 interpretatio.
2784 3042 2862 3090 41.

1875 3105 2129 3150 Joviniani
2155 3107 2314 3162 ortus,
2340 3109 2387 3150 et
2413 3103 2546 3161 finis,
2573 3105 2680 3153 267.
2709 3105 2818 3154 268.

1877 3169 2016 3214 Irene
2039 3167 2344 3226 Spiridionis
2369 3166 2542 3226 Cyprii
2567 3166 2798 3226 Episcopi
2823 3165 2928 3214 tilla
2948 3166 3010 3213 ad
3035 3168 3186 3215 vitam
3212 3181 3409 3218 revoca-

1817 3237 1912 3278 tur.
1937 3231 2045 3279 222.

1878 3292 2074 3338 Isachar
2095 3289 2237 3350 quid.
2263 3291 2338 3340 31.
2367 3291 2444 3339 32.
2474 3289 2846 3338 Benedictionis
2869 3291 2979 3348 ejus
3004 3291 3178 3341 forma.
3205 3291 3342 3343 Ibid.

1879 3354 2050 3402 Isidori
2087 3354 2436 3399 Monasterium
2459 3353 2696 3398 omnibus
2717 3353 2958 3402 abundat.
2992 3357 3099 3404 181.
3134 3356 3227 3410 Qui
3250 3357 3403 3403 semel

1813 3431 1870 3464 eo
1895 3416 2171 3474 ingressus,
2198 3427 2476 3474 numquam
2509 3415 2762 3474 egreditur
2796 3412 2928 3464 Ibid.
2954 3417 3135 3466 Nullus
3165 3418 3234 3465 ibi
3260 3419 3404 3466 infir-

1815 3493 1946 3533 mus,
1971 3479 2120 3524 etiam
2153 3479 2272 3523 dum
2305 3479 2534 3526 moritur.
2565 3474 2700 3526 Ibid.

1873 3540 2000 3588 Juda
2025 3540 2230 3587 Catulus
2255 3540 2430 3586 Leonis
2461 3540 2712 3598 quomodo
2734 3538 2946 3588 dicatur.
2975 3541 3021 3590 7.
3045 3542 3092 3590 8.

1875 3603 2029 3650 Judas
2050 3601 2298 3649 confessio
2322 3603 2686 3660 interpretatur.
2715 3602 2791 3651 15.

1874 3665 2016 3712 Judze
2041 3665 2318 3711 benedictio
2347 3665 2470 3711 ﬁlio.
2500 3667 2544 3712 7.
2571 3668 2616 3710 et
2646 3677 2748 3725 seq.

1873 3728 2018 3774 Judze
2043 3740 2248 3784 regnum
2273 3727 2516 3785 quamdiu
2542 3728 2816 3776 duraverit.
2841 3729 2918 3778 10.

1873 3791 2053 3836 Judam
2079 3789 2328 3838 Christum
2355 3789 2637 3844 tradidisse,
2671 3789 3048 3836 auctoritatibus
3075 3791 3294 3840 docetur.
3325 3797 3399 3841 82.

1873 3853 2060 3900 Judicii
2085 3853 2290 3899 extremi
2327 3852 2602 3910 prophetia.
2631 3852 2708 3900 96.
2735 3853 2812 3899 97.

1875 3915 2131 3962 Iudicium
2158 3913 2531 3973 prtedicationis
2556 3914 2920 3973 Apostolorum.
2950 3915 3028 3962 53.

1874 3977 2066 4024 Juliani
2093 3977 2361 4024 calliditas.
2387 3977 2496 4025 261.

1875 4039 2108 4086 Julianus
2132 4039 2401 4100 imperator
2424 4037 2646 4097 eligitur.
2673 4039 2780 4088 254.

1875 4102 2109 4149 Julianus
2131 4102 2186 4148 in
2211 4101 2344 4148 bello
2371 4102 2564 4148 Persico
2595 4102 2739 4160 perit.
2768 4101 2874 4150 262.

2594 4223 2646 4287 L

1881 4343 2050 4404 Lapsis
2073 4343 2263 4403 absque
2311 4343 2588 4405 tormentis,
2635 4356 2749 4402 quae
2786 4340 3082 4400 pmnitentia
3103 4343 3402 4392 adhibenda.

1815 4407 1928 4458 225.

1878 4469 2046 4514 Latere
2091 4467 2152 4530 (e)
2186 4467 2371 4516 Christi
2403 4481 2493 4513 cur
2521 4468 2708 4529 potius,
2746 4480 2894 4526 quam
2918 4467 2979 4514 ab
3014 4468 3113 4516 alio
3160 4467 3401 4528 membro,

1815 4544 1966 4593 aqua,
1995 4535 2041 4576 et
2057 4530 2274 4593 sanguis
2298 4530 2588 4593 productus.
2621 4533 2699 4580 87.

1878 4592 2122 4652 Latitudo,
2154 4591 2462 4650 profundum
2488 4596 2535 4638 et
2555 4593 2766 4640 altitudo
2789 4593 2964 4641 Crucis
2984 4592 3298 4654 describitur,
3324 4595 3400 4642 76.

1879 4657 2114 4702 Latrones
2138 4655 2369 4701 conversi
2399 4655 2461 4700 ab
2489 4658 2754 4716 Ammone,
2778 4657 2888 4706 158.

1879 4721 2053 4767 Leenaa
2075 4728 2284 4764 munus.
2317 4719 2428 4765 274.

1878 4781 2022 4837 Legis
2048 4779 2309 4834 naturalis,
2335 4791 2450 4836 quas
2476 4779 2609 4827 intra
2633 4792 2723 4826 nos
2745 4785 2835 4837 est,
2861 4783 3082 4830 effectus.
3119 4783 3196 4832 ‘26.

1879 4841 2239 4890 Leonculorum
2265 4853 2472 4886 somnus
2499 4842 2782 4891 triduanus.
2809 4845 2906 4894 8.9.

1879 4904 2057 4953 Leonis
2090 4904 2400 4960 acceptiones
2427 4903 2594 4952 variis.
2629 4905 2708 4953 33.
2733 4903 2814 4958 34.

1879 4966 2057 5014 Leonis
2081 4961 2306 5024 Catulus,
2332 4965 2468 5022 quis.
2508 4966 2585 5015 16.
2612 4968 2688 5015 17.

1878 5029 2010 5077 Levi.
2037 5030 2116 5077 27.
2148 5029 2226 5076 28.

1879 5091 2160 5140 Levitarum
2179 5089 2336 5150 origo.
2363 5089 2442 5142 28.
2473 5092 2519 5134 et
2543 5101 2648 5150 seq.

1878 5155 2022 5202 Liber
2045 5157 2183 5212 pater
2205 5166 2264 5200 ex
2289 5151 2422 5198 Jovis
2444 5151 2650 5198 fmmore
2673 5156 2822 5199 natus
2841 5166 2951 5200 esse
2961 5155 3026 5202 ab
3045 5155 3270 5204 Ethnicis
3297 5170 3402 5205 cre-

1817 5217 1967 5264 ditur.
1994 5217 2070 5264 74.

1879 5279 2104 5326 Liberius
2127 5277 2273 5325 Urbis
2299 5277 2466 5323 Romae
2499 5275 2788 5334 Episcopus.
2813 5277 2922 5327 251.
2950 5279 3004 5325 In
3026 5281 3276 5328 exsilium
3303 5284 3404 5328 tru.

1816 5343 1969 5391 ditur.
2019 5337 2152 5387 Ibid.
2176 5339 2251 5386 Ab
2272 5339 2452 5386 exsilio
2497 5337 2791 5398 regreditur,
2817 5340 3017 5388 vivente
3063 5343 3228 5390 adhuc
3247 5345 3405 5392 Cons-

1817 5406 1990 5453 tantio.
2016 5405 2127 5453 254.

1877 5465 2127 5515 Libidinis
2169 5477 2256 5524 per
2285 5463 2668 5529 impatientiam,
2685 5462 2771 5520 qui
2795 5474 2849 5508 se
2873 5465 3185 5529 exciderunt,
3209 5481 3238 5514 a
3264 5469 3408 5516 cleri-

1815 5535 1927 5579 catu
1961 5532 2212 5576 arcentur.
2237 5527 2349 5576 225.

1879 5593 2139 5640 Librorum
2164 5589 2346 5635 veteris
2369 5585 2662 5634 Testamenti
2696 5597 2956 5636 numerus.
2982 5591 3089 5637 100.
3123 5593 3232 5640 101.

1879 5657 2094 5714 Lignum
2118 5653 2292 5702 Crucis
2309 5651 2491 5699 Christi
2515 5651 2572 5696 ad
2586 5653 2866 5696 contactum
2891 5651 3112 5708 corporis
3126 5664 3253 5711 pene
3276 5666 3405 5702 mor-

1817 5719 1888 5764 tui
1914 5717 2241 5775 dijudicatur.
2269 5716 2379 5764 229.
2405 5717 2450 5762 et
2472 5726 2573 5774 seq.

1876 5774 2073 5827 Lucifer
2092 5793 2183 5826 cur
2203 5778 2338 5826 exul.
2369 5778 2480 5826 249.
2512 5777 2752 5822 Exoratur
2783 5775 2845 5820 ab
2869 5774 3099 5836 Eusebio,
3120 5778 3173 5821 ut
3196 5775 3407 5825 Alexan-

1815 5842 1976 5888 driam
1999 5843 2062 5888 ad
2085 5840 2412 5889 Athanasium
2444 5841 2630 5898 pergat.
2663 5838 2772 5888 254.
2805 5837 2949 5898 Mittit
2980 5837 3105 5884 illuc
3131 5837 3405 5887 Diaconum

1816 5917 1984 5967 suum,
2013 5905 2120 5963 ipse
2165 5897 2484 5967 Antiochiam
2510 5897 2563 5948 se
2600 5901 2802 5967 confert.
3008 5900 3153 5959 Egre
3185 5899 3284 5967 fert
3301 5913 3405 5950 non

1818 5963 1982 6025 recipi
1999 5971 2062 6012 ab
2099 5966 2311 6013 Eusebio
2353 5965 2635 6012 Paulinum.
2670 5965 2778 6014 257.
2821 5963 3010 6019 Cogitat
3039 5975 3141 6011 non
3187 5963 3407 6022 recipere
