3894 6408
532 419 668 473 1195

594 536 769 592 Syrus,
815 533 988 589 Isaias,
1013 535 1057 577 et
1083 531 1265 577 Paulus
1289 529 1481 587 navigii
1525 528 1773 575 auxilium
1812 527 1881 574 ad
1899 526 1992 572 iter
2014 538 2125 570 ora-

532 597 664 642 tione
690 596 974 653 impetrant.
1004 594 1108 641 167.
1301 660 1352 722 T

591 792 781 836 Taurus
824 788 982 834 Filius
1028 788 1114 834 Dei
1170 788 1223 833 in
1258 788 1626 845 Scripturarum
1683 785 1861 839 ﬁguris
1902 784 2123 842 appella-

535 858 628 905 tur,
653 853 729 899 27.

588 915 777 960 Taurus
801 913 938 957 varie
962 911 1220 969 accipitur.
1255 910 1332 959 33.
1360 913 1405 955 et
1428 923 1531 970 seq.

586 976 847 1035 Templum
870 974 1344 1032 Jerosolymitanum
1370 976 1643 1029 reparatur.
1680 971 1786 1019 262.

586 1032 845 1096 Templum
881 1036 1173 1095 miriﬁcum,
1221 1035 1309 1081 ubi
1354 1048 1475 1080 crux
1522 1038 1713 1092 reperta
1745 1038 1835 1085 est,
1883 1032 2128 1077 construi-

528 1106 626 1149 tur.
650 1103 761 1149 229.

586 1135 822 1207 Teii-ebria
845 1157 1180 1207 densissimis.
1206 1159 1315 1207 256.

586 1224 833 1270 Tenebras
871 1222 1028 1269 fuisse
1066 1224 1120 1267 in
1145 1220 1331 1267 Christi
1364 1225 1519 1266 morte
1551 1220 1613 1265 ab
1639 1221 1757 1265 hora
1780 1223 1935 1267 sexta.
1960 1232 2125 1277 usque

525 1286 584 1331 ad
610 1286 784 1331 horam
808 1297 994 1331 nonam
1018 1283 1276 1341 probatur.
1302 1284 1379 1331 86.
1407 1284 1485 1332 87.

582 1350 737 1406 Terga
766 1348 882 1393 dare
922 1347 1033 1394 Deo.
1058 1349 1102 1394 7.

587 1412 736 1456 Terra
758 1410 929 1455 omnia
954 1408 1160 1465 habens,
1200 1420 1333 1465 quin.
1360 1408 1436 1454 47.

589 1474 753 1519 Terrae
778 1472 984 1517 nomine
1008 1483 1121 1515 caro
1146 1469 1333 1515 Christi
1358 1471 1518 1526 potest
1541 1468 1750 1525 mystice
1781 1466 2019 1525 intelligi.
2049 1469 2124 1515 44.

590 1536 753 1580 Terrae
776 1539 941 1579 motus
964 1533 1217 1578 maximus
1240 1531 1583 1588 Jerosolymis.
1609 1532 1718 1580 263.
1745 1535 1791 1576 et
1811 1543 1918 1591 seq.

591 1597 889 1643 Testamenti
916 1596 1107 1641 Veteris
1132 1599 1179 1638 et
1202 1594 1324 1640 Novi
1352 1593 1595 1638 librorum
1623 1606 1867 1639 numerus
1892 1598 1939 1638 et
1963 1592 2126 1637 nomi-

529 1674 609 1713 na.
639 1661 744 1707 101.
783 1660 888 1706 102.

586 1724 955 1775 Testamentum
976 1723 1119 1765 vetus
1144 1731 1232 1776 per
1257 1717 1591 1764 concubinam
1617 1718 1936 1769 intelligitur.
1956 1717 2033 1764 41.

588 1783 875 1830 Theodorus
907 1782 1111 1838 juvenis
1147 1785 1334 1838 quanta
1360 1784 1603 1825 tormenta
1635 1780 1701 1823 sit
1724 1792 1921 1836 passus.
1946 1780 2057 1827 261.
2083 1781 2128 1824 el

526 1859 632 1908 seq.
668 1844 926 1908 Recipitur
963 1844 1306 1908 incarcerem.
1352 1839 1486 1889 Ibid.
1515 1842 1829 1886 Postmodum
1858 1845 2005 1887 notus
2029 1842 2125 1887 Ru-

528 1904 630 1954 ﬁno
656 1907 789 1964 apud
809 1904 1144 1951 Antiochiam.
1178 1906 1289 1953 262.

588 1967 899 2014 Theodosius
912 1979 1083 2011 necem
1097 1966 1320 2013 Gratiani
1345 1964 1625 2012 ulciscitur.
1644 1966 1754 2013 288.
1768 1965 1934 2011 Roma;
1952 1966 2127 2011 trium-

526 2031 647 2090 phat
669 2031 729 2075 de
753 2026 1153 2086 Tyrannonid.
1177 2027 1703 2090 Thessalonicensium
1720 2028 1993 2073 multorum
2010 2040 2129 2073 nece

531 2087 687 2139 unius
720 2091 1022 2137 occisionem
1061 2089 1242 2135 militis
1266 2089 1545 2134 ulciscitur.
1584 2087 1717 2135 Ibid.
1743 2090 1848 2141 Qua
1872 2089 1931 2135 de
1955 2090 2131 2143 argui-

531 2160 658 2201 tura
703 2152 1051 2200 Sacerdotibus
1102 2151 1273 2198 Italire.
1324 2148 1454 2198 Ibid.
1494 2151 1751 2198 Publicam
1783 2152 2130 2209 pmnitentiam

526 2218 645 2275 agit.
671 2212 804 2262 Ibid.
844 2215 977 2260 Nova
1010 2214 1120 2271 ejus
1154 2214 1251 2270 lex,
1278 2219 1333 2259 ut
1363 2214 1617 2259 exsecutio
1640 2214 1989 2271 Imperialium
2016 2227 2128 2259 sen-

529 2280 796 2324 tentiarum
843 2278 897 2322 in
934 2278 1044 2323 dies
1070 2277 1274 2334 triginta
1320 2276 1593 2321 differatur.
1620 2277 1730 2325 289.
1780 2276 1850 2322 Ad
1878 2277 2129 2323 Orientem

526 2353 803 2398 regressus.
850 2338 993 2397 pellit
1039 2338 1301 2385 haareticos
1339 2337 1401 2383 ab
1428 2338 1683 2389 Ecclesiis,
1709 2352 1835 2396 quas
1861 2339 2131 2385 Catholicis

528 2404 694 2448 tradit.
714 2399 847 2448 Ibid.
874 2402 995 2458 Ejus
1019 2402 1192 2446 multis
1222 2400 1337 2447 alia;
1363 2401 1553 2448 laudes.
1580 2398 1716 2448 Ibid.
1742 2401 1993 2447 [dolorum
2020 2400 2129 2447 cul-

527 2468 626 2520 tus,
673 2478 731 2509 eo
775 2469 1035 2521 regnante,
1060 2463 1327 2521 collapsus.
1367 2461 1499 2509 Ibid.
1550 2464 1765 2520 Corripit
1793 2477 1929 2509 arma
1962 2470 2133 2509 contra

528 2526 811 2585 Eugenium
860 2538 950 2583 pro
988 2526 1360 2571 Valentiniano.
1389 2526 1496 2573 304.
1521 2525 1755 2582 Explorat
1781 2540 1869 2583 per
1889 2528 2130 2571 Joannem

525 2589 828 2635 monachum
843 2588 927 2633 Dei
952 2588 1277 2633 voluntatem.
1305 2585 1437 2633 Ibid.
1469 2587 1659 2632 Bellum
1689 2587 1919 2643 jejuniis.
1948 2594 1995 2632 et
2018 2601 2127 2633 ora-

528 2651 749 2697 tionibus
774 2651 955 2711 magis,
977 2663 1129 2707 quam
1154 2649 1309 2696 armis
1334 2654 1490 2707 parat.
1517 2646 1646 2696 Ibid.
1667 2650 1902 2705 Conﬂigit
1919 2650 2127 2707 ancipiti

524 2725 713 2771 pugna.
742 2710 882 2760 Idid.
900 2710 1134 2758 Precibus
1159 2712 1219 2757 ad
1234 2714 1389 2758 Deum
1402 2712 1531 2757 tusis
1548 2711 1750 2757 coalitus
1768 2713 2024 2757 victoriam
2038 2712 2131 2756 ob-

526 2776 665 2820 tinet.
680 2776 791 2824 305.
816 2778 859 2820 et
882 2785 987 2835 seq.
1005 2773 1273 2819 Arcadium
1297 2773 1458 2819 ﬁlium
1486 2774 1676 2820 Orienti
1704 2774 1931 2835 praeﬁcit,
1960 2775 2126 2820 Hono-

527 2839 659 2883 rium
698 2837 909 2882 alterum
938 2833 1099 2881 filium
1128 2836 1403 2884 Oecidenti.
1430 2836 1538 2883 306.
1566 2836 1791 2883 Moritur.
1817 2833 1951 2884 Ibid.

587 2899 788 2945 Thomas
830 2897 1063 2956 Apostolo
1086 2898 1285 2944 Parthia
1308 2898 1369 2943 ad
1396 2898 1479 2943 Dei
1504 2898 1721 2945 Verbum
1748 2898 2126 2956 praedicandum

529 2966 657 3006 sorte
688 2961 885 3018 obtigit.
907 2961 1015 3008 230.

594 3023 792 3069 Titulus
819 3023 991 3070 Crucis
1018 3022 1205 3069 Christi
1228 3025 1476 3079 repertus.
1501 3024 1613 3073 228.

594 3085 775 3132 Tribus
801 3085 903 3132 Gad
937 3084 1279 3131 habitaculum
1306 3083 1411 3132 ubi.
1437 3085 1515 3133 37.
1541 3086 1616 3135 38.

595 3148 854 3194 Trinitatis
880 3147 1217 3193 Sanctissimae
1237 3148 1537 3204 cooperatio.
1564 3151 1641 3198 72.
1670 3150 1745 3196 73.

592 3210 815 3256 Tristitia
837 3210 1036 3267 ajustis
1057 3209 1201 3255 debet
1237 3209 1427 3255 abesse.
1461 3211 1570 3259 154.

592 3272 764 3343 Iurris
785 3272 1054 3343 δυρρεῖ-ως,
1079 3275 1127 3343 et
1158 3271 1295 3343 fidei,
1321 3285 1451 3343 quas.
1479 3275 1557 3321 55.

591 3334 761 3393 Typus
794 3335 977 3380 veteris
1000 3334 1317 3381 Testamenti.
1340 3337 1417 3383 26.

592 3397 777 3455 Tyrum
804 3396 892 3458 (in)
941 3409 1096 3454 quare
1134 3397 1469 3444 comminatur
1508 3399 1656 3444 Deus.
1684 3394 1735 3448 7.
1761 3398 1916 3457 Apud
1949 3399 2131 3457 Tyrum

529 3460 766 3506 scissura:
795 3459 857 3504 ob
881 3459 1150 3505 Diodorum
1187 3460 1507 3518 Episcopum.
1540 3461 1645 3509 291.
1674 3460 1747 3507 Ibi
1771 3462 1904 3508 alius
1928 3460 2129 3519 Episco-

531 3535 626 3579 pus
670 3521 991 3567 constituitur
1034 3536 1061 3566 a
1105 3521 1399 3568 Meletianis.
1424 3520 1560 3570 Ibid.

1255 3615 1411 3679 U—V

563 3745 779 3823 ~Valens
800 3744 1002 3791 Arianis
1027 3744 1175 3793 favet.
1197 3747 1308 3795 268.
1330 3745 1634 3794 Vulneratur
1657 3747 1710 3793 in
1735 3758 1924 3807 pugna.
1950 3748 2059 3797 280.
2074 3748 2131 3795 In

2068 412 2291 461 INDEX

3696 408 3832 462 1196

2234 525 2435 581 tugurio
2460 523 2765 570 incenditur.
2802 520 2933 570 Ibid.

2291 586 2677 632 Valentinianus
2714 587 2914 644 Imperii
2940 585 3131 631 socium
3164 584 3375 631 adscivit
3410 585 3614 631 fratrem
3644 585 3825 632 Valen-

2230 654 2343 695 tem.
2370 651 2478 696 258.
2505 649 2559 693 In
2586 648 2787 706 Illyrico
2803 649 3033 695 moritur.
3060 648 3171 695 284.

2289 710 2675 757 Valentinianus
2697 723 2840 767 puer,
2862 724 2975 756 cum
3003 710 3236 756 Gratiano
3255 710 3405 757 fratre
3430 717 3629 769 regnat.
3656 713 3768 761 286.
3794 715 3826 758 Α

2228 781 2382 818 matre
2407 774 2645 830 deceptus
2669 774 2721 818 in
2752 774 3013 831 Ecclesias,
3039 777 3084 818 et
3108 773 3322 819 maxime
3347 774 3401 820 in
3428 775 3476 819 S.
3505 773 3826 820 Ambrosium

2228 836 2462 892 insurgit.
2489 833 2622 883 Ibid.
2660 836 2855 893 Laqueo
2880 836 3025 892 perit.
3058 834 3166 883 303.

2288 898 2587 944 Valentinus
2614 897 2880 943 haereticus
2903 896 3069 943 carnis
3093 899 3507 944 resurrectionem
3532 902 3703 955 negat.
3724 901 3829 947 104.

2287 960 2510 1005 Valentis
2535 964 2583 1005 et
2610 960 3122 1005 Valentinianiortus.
3148 961 3258 1007 268.

2288 1022 2510 1068 Valentis
2534 1021 2782 1067 interitus.
2809 1022 2917 1070 285.

2288 1085 2425 1129 Vana
2467 1084 2626 1141 gloria
2658 1084 2915 1138 fugienda.
2941 1085 3049 1132 156.
3085 1085 3237 1129 Vana:
3261 1084 3433 1141 gloria}
3457 1098 3637 1130 caussa
3661 1085 3831 1143 lapsus

2228 1147 2525 1203 monachus,
2542 1146 2765 1191 Fratrum
2791 1145 3120 1192 contubernio
3144 1147 3372 1203 erigitur.
3391 1148 3499 1195 133.
3517 1149 3677 1193 Tinea
3692 1161 3830 1193 vana,

2230 1208 2402 1265 gloria:
2426 1208 2615 1254 sensim
2637 1208 2804 1264 justus
2835 1209 3193 1265 corrumpitur.
3223 1206 3355 1255 Ibid.
3392 1212 3484 1258 etc.

2291 1272 2597 1317 Vaticinium
2630 1271 2691 1315 de
2719 1272 2979 1316 tormentis
3006 1271 3211 1317 Christi.
3239 1273 3314 1319 84.
3343 1273 3421 1321 85.

2291 1334 2449 1379 Ubera
2476 1332 2775 1391 Apostolica.
2818 1334 2893 1380 47.

2292 1396 2561 1441 Venatorcs
2583 1395 2805 1453 Aptisloli
2840 1394 2978 1440 dicti.
3015 1396 3092 1443 29.

2290 1458 2499 1503 Veneris
2523 1458 2848 1503 simulacrum
2876 1459 2929 1502 in
2956 1457 3064 1502 loco
3097 1458 3286 1504 Crucis.
3315 1462 3424 1508 228.

2291 1521 2460 1565 Venus
2490 1520 2549 1565 de
2574 1533 2753 1577 spuma
2778 1521 2931 1565 maris
2956 1525 3069 1564 nata
3100 1521 3339 1567 creditur.
3372 1524 3448 1570 74.

2291 1582 2601 1627 Verecundia
2628 1584 2721 1627 Deo
2748 1586 2884 1637 grata
2910 1582 3153 1628 miraculo
3178 1583 3428 1642 probatur.
3468 1584 3579 1632 201.

2292 1644 2717 1689 Vestimentorum
2743 1644 2929 1690 Christi
2965 1644 3148 1689 divisio
3172 1646 3421 1703 probatur.
3460 1648 3539 1695 88.

2292 1707 2512 1752 Vestitus
2536 1706 2939 1752 Tabennensium
2968 1707 3340 1756 Monachorum.
3374 1711 3479 1757 140.

2292 1770 2515 1815 Vestium
2540 1769 2817 1814 mundities
2841 1768 2971 1827 apud
3008 1770 3288 1819 Monachus.
3314 1772 3420 1819 148.

2294 1834 2383 1877 Via
2406 1837 2619 1887 angusta
2652 1836 2698 1877 et
2726 1831 2838 1881 lata.
2865 1845 2978 1889 qum
3000 1831 3081 1878 sit.
3110 1832 3217 1880 130.

2292 1892 2501 1941 Vincula
2529 1893 2714 1939 Christi
2746 1894 3098 1939 vaticinantur.
3127 1895 3204 1943 84.

2295 1957 2477 2001 Vinum
2504 1956 2815 2013 myrrhatum
2845 1956 3025 2003 Christi
3062 1962 3223 2013 polus.
3252 1958 3327 2005 88.

2294 2019 2526 2075 Virgines
2550 2020 2809 2063 monachm
2835 2020 2932 2063 Deo
2962 2020 3305 2068 sacrataa.229.

2294 2081 2464 2125 Virtus
2496 2082 2679 2125 animm.
2705 2082 2965 2138 tripartita.
3001 2084 3077 2129 28.

2294 2144 2463 2187 Virtus
2486 2144 2747 2202 Altissimi,
2772 2156 2886 2201 quia
2910 2144 2992 2191 sit.
3019 2144 3094 2191 ‘73.

2294 2206 2513 2250 Virtutes
2525 2210 2807 2250 sanctorum
2823 2206 3173 2252 Monachorum
3186 2240 3197 2261 ,
3210 2208 3298 2265 qui
3320 2207 3588 2254 fueruutin
3604 2206 3827 2263 .Egypto.

2230 2270 2340 2316 271.
2366 2269 2475 2315 272.
2501 2270 2668 2328 etscq.

2292 2330 2543 2375 Virtutum
2563 2327 2789 2375 omnium
2817 2327 3100 2387 fastigium.
3126 2333 3200 2379 4t.

2295 2391 2523 2437 Visitatio
2558 2391 2893 2439 inﬁrmorum.
2921 2394 3029 2441 188.

2294 2454 2404 2500 Vita
2432 2454 2609 2500 mundi
2637 2454 2688 2499 in
2716 2455 2853 2511 ligno
2883 2452 3225 2513 suspenditur.
3252 2457 3333 2505 86.

2294 2515 2432 2563 Vitis
2453 2517 2682 2564 Christus
2706 2517 2909 2562 dicitur.
2939 2520 3012 2565 11.
3042 2520 3117 2566 12.

2294 2577 2451 2626 Vitem
2478 2578 2581 2639 (ad)
2607 2579 2835 2625 Christus
2861 2579 3060 2635 pullum
3085 2578 3328 2636 alligavit.
3358 2582 3430 2628 11.
3458 2582 3536 2628 12.

2294 2642 2425 2687 Vitia
2446 2640 2630 2701 carnis,
2657 2642 2906 2699 quomodo
2929 2643 3044 2700 quis
3068 2656 3302 2701 superare
3325 2643 3524 2700 poterit.
3551 2643 3629 2691 16.

2301 2702 2520 2761 Unicus,
2553 2708 2598 2748 et
2622 2704 2682 2748 ad
2716 2705 2899 2749 Filium
2925 2710 2971 2750 et
2996 2706 3055 2749 ad
3084 2705 3347 2751 Dominum
3375 2706 3605 2751 refertur.
3631 2707 3707 2753 '71.

2294 2766 2455 2812 Unum
2482 2778 2657 2811 verum
2709 2766 2860 2811 Deum
2896 2766 3083 2812 Patrem
3128 2768 3542 2825 omnipotentem,
3590 2773 3637 2812 et
3673 2780 3821 2812 unum

2236 2829 2521 2891 Dominum,
2542 2828 2817 2874 secundum
2845 2828 3144 2875 Orientalem
3170 2829 3457 2891 Ecclesiam,
3483 2830 3736 2888 quomodo
3768 2831 3820 2874 sit

2235 2890 2641 2947 intelligendum.
2670 2891 2745 2939 59.
2771 2892 2847 2940 60.

2296 2954 2461 3000 Ursini
2487 2953 2757 3011 surreptio.
2785 2953 3030 2999 tumultus
3050 2966 3241 3000 caussa.
3270 2955 3377 3003 183.

2293 3016 2482 3072 Usurte,
2507 3020 2555 3061 et
2579 3016 2743 3073 turpia
2768 3015 2908 3063 lucra
2928 3016 3134 3063 Clericis
3166 3016 3442 3063 interdicta.
3469 3017 3582 3066 226.

2295 3078 2454 3123 Vulva
2473 3079 2771 3137 Apostolica.
2792 3080 2867 3126 47.

2295 3141 2470 3187 Vulva:
2494 3146 2539 3188 et
2564 3141 2774 3187 uberum
2801 3141 3100 3190 benedictio.
3134 3142 3213 3191 44.
3238 3142 3316 3190 45.

2294 3391 2534 3454 Xenium,
2563 3393 2705 3451 quid.
2738 3394 2815 3441 85.

2296 3626 2539 3684 Zabulon,
2562 3626 2706 3685 quid,
2723 3628 2803 3675 29.
2829 3627 2905 3675 30.

2296 3690 2517 3753 Zabulon
2544 3690 2899 3748 interpretatur
2923 3690 3090 3736 ﬂuxus
3113 3693 3408 3737 nocturnus.
3434 3691 3513 3753 30,

2296 3752 2440 3799 Zelus
2469 3752 2674 3810 duplex.
2711 3754 2785 3801 46.

1728 4085 2636 4313 INDEX

669 4437 1681 4589 VEBBORUM
1835 4438 2064 4584 ET

2235 4440 3664 4592 SENTENTIABUM

827 4716 1055 4813 QUE
1115 4716 1219 4801 lN
1279 4713 1770 4800 OPERIBUS
1827 4716 2203 4802 RUFINO
2260 4715 2756 4801 ASCRIPTIS
2810 4676 3539 4804 CONTINENTUR.

1520 4897 2754 4937 -—-———-—-—=a-o<===-———--~

526 5046 644 5125 (In
689 5048 801 5108 hoc
842 5048 1054 5110 Indice
1098 5052 1425 5109 resecatur
1466 5046 1657 5107 lector
1703 5044 1787 5103 ad
1828 5061 2109 5104 numeros
2147 5051 2215 5105 in
2266 5052 2442 5106 textu
2497 5046 2764 5125 Operam
2815 5045 3043 5123 Ruﬁno
3103 5051 3495 5128 ascriptorum
3547 5048 3811 5107 crassiori

1795 5152 2150 5214 charactere
2190 5148 2550 5231 expressos.)

1292 5312 1351 5375 A

586 5442 740 5499 Abiit,
767 5442 917 5496 stetit,
944 5441 1089 5497 sedit,
1126 5440 1483 5500 interpretatio.
1512 5442 1557 5490 5.

584 5504 845 5564 Abnegare
901 5503 1247 5563 semetipsum,
1294 5509 1341 5550 et
1383 5505 1675 5551 renuntiare
1720 5503 1971 5565 omnibus,
2015 5516 2129 5563 quae

532 5568 871 5625 possidemus,
899 5572 1097 5626 propter
1120 5567 1294 5626 Deum,
1325 5568 1449 5627 quid
1475 5567 1558 5616 sit.
1584 5569 1689 5617 107.
1715 5569 1822 5617 289.

587 5630 803 5677 Abrahae
829 5630 970 5677 fides.
1008 5630 1111 5679 187.

586 5692 804 5751 Abyssos
827 5693 882 5738 in
907 5693 1176 5739 Thesauris
1200 5705 1383 5750 ponere
1406 5692 1529 5751 quid
1555 5692 1822 5749 signiﬁcet.
1862 5688 1968 5740 243:

587 5753 755 5800 Achab
780 5759 826 5801 et
843 5755 1085 5802 Jesabelis
1108 5755 1304 5801 familia
1329 5754 1540 5803 deletur.
1568 5757 1676 5804 378.

587 5816 747 5861 Achar
770 5816 910 5863 ﬁlius
934 5818 1132 5865 Charim
1156 5818 1211 5863 in
1240 5816 1367 5862 valle
1389 5817 1551 5864 Achor
1580 5816 1642 5863 ob
1667 5816 1844 5863 furrim
1871 5814 2127 5875 lapidibus

518 5875 747 5924 obrutus.
774 5880 880 5926 410.

583 5938 703 5983 Adae
729 5943 775 5984 et
800 5941 1086 5987 Iudaeorum
1114 5944 1369 6000 peccatum
1403 5955 1466 5989 an
1499 5941 1651 5989 fuerit
1681 5941 1894 6001 wquale.
1924 5944 2027 5992 430.

2293 5315 2445 5361 Adam
2472 5327 2536 5360 an
2568 5315 2706 5360 Illius
2732 5315 2969 5366 hominis.
3003 5318 3078 5365 43.

2287 5377 2634 5423 Adolescentia
2662 5378 2834 5437 populi
2863 5380 3141 5428 lsraelitici.
3168 5380 3274 5428 434.

2292 5438 2593 5487 Adulatores
2616 5441 2883 5499 sepulchra
2905 5442 3124 5501 patentia
3146 5442 3400 5489 dicuntur.
3430 5443 3508 5493 26.

2289 5502 2575 5549 Adulatoris
2602 5504 2735 5563 ﬁnis,
2770 5518 2871 5563 quo
2912 5505 3094 5550 tendat.
3122 5506 3197 5554 53.

2290 5564 2535 5611 Adulterii
2561 5568 2766 5613 nomine
2786 5567 3018 5614 violatam
3032 5567 3328 5625 religionem
3347 5567 3596 5624 Scriptum
3618 5567 3792 5626 signiﬁ-

2227 5630 2318 5674 cat.
2344 5628 2451 5676 372.

2290 5690 2509 5748 Ᾱεεδίιιὶἱ
2534 5692 2665 5737 sicco
2695 5692 2872 5738 itinere
2896 5692 3107 5750 pelagus
3139 5694 3411 5739 transeunt.
3438 5693 3545 5741 411.

2290 5752 2510 5809 Aigyptii
2535 5767 2652 5800 oves
2678 5767 2778 5800 non
2810 5756 3094 5801 comedunt.
3119 5757 3228 5803 217.

2288 5814 2530 5873 zEgyptus
2555 5821 2755 5875 propter
2777 5817 2901 5875 quid
2937 5819 2987 5863 in
3014 5818 3263 5865 desertum
3291 5820 3513 5863 ventura.
3538 5819 3639 5867 504.

2288 5878 2578 5925 jEmulandi
2602 5880 2800 5925 diversa
2824 5880 3105 5939 signiﬁcata
3128 5880 3179 5928 in
3208 5881 3381 5930 sacris.
3412 5882 3513 5930 I63.

2289 5939 2585 5999 .Enigmatis
2609 5942 2850 5992 deﬁnitio.
2885 5945 2989 5992 242.
