3894 6400
106 391 236 446 1197

158 509 436 572 .Equalitas
462 524 491 555 a
524 511 839 568 sapientibus
863 513 1100 560 omnibus
1121 513 1404 572 praedicata.
1429 517 1536 564 413.

162 571 436 634 [Equiitatis
457 577 508 619 et
525 572 741 620 Justitim
775 587 973 634 scopus.
1005 577 1113 624 215.

154 632 332 701 .{E_tati_s
362 635 514 691 hujus
539 632 904 701 infelicissimis
929 638 1205 701 praedictio.
1235 641 1342 688 414.
1364 641 1408 684 et
1432 652 1534 701 seq.

153 697 375 743 Allectus
393 709 574 743 nomen
601 700 741 756 operi
767 705 936 746 nostro
965 700 1194 758 imponit.
1220 701 1329 750 275.

152 759 607 824 Aﬁectusstncerre
620 761 801 824 mentis
821 763 906 810 ubi
919 763 1074 816 deest,
1097 776 1127 808 a
1153 763 1428 822 crapulatis
1450 764 1560 811 fusa
1577 777 1692 824 sup-

89 819 320 878 plicatio,
351 822 442 867 rite
476 821 688 869 ululatio
713 825 1019 871 nominatur.
1045 825 1154 874 337.

152 882 370 930 Atﬁictio
395 897 594 931 reorum
619 886 888 933 Dominum
911 900 1013 933 non
1050 887 1226 944 placat.
1255 889 1360 938 485.

149 945 365 1010 Aﬁiictio
397 947 560 993 cordis
605 953 653 993 et
684 950 924 1007 corporis,
961 961 1108 1009 pmna
1133 951 1317 1010 peccati
1346 950 1550 1000 dicitur.
1577 954 1683 1002 111.

151 1007 366 1053 Aﬂlictie
391 1015 594 1066 generat
619 1007 974 1057 humilitatem.
999 1012 1107 1060 175.

147 1071 400 1132 Agrorum
430 1071 774 1128 pulchritudo,
799 1073 941 1132 quid.
970 1075 1078 1123 486.

150 1130 258 1177 Ala)
281 1132 388 1189 Dei,
411 1145 525 1190 quae
553 1130 910 1184 dicanturf72.

150 1193 319 1260 Altare
340 1194 467 1260 Dei,
497 1196 621 1254 quid
646 1197 728 1256 sit,
775 1201 822 1242 et
843 1211 944 1257 quo
967 1203 1126 1258 pacto,
1160 1202 1202 1245 et
1227 1211 1256 1244 a
1280 1199 1469 1259 quibus
1493 1201 1682 1260 ample-

80 1259 272 1304 ctatur.
299 1257 406 1304 114.
433 1261 480 1303 et
499 1269 602 1317 seq.
629 1260 737 1308 207.

149 1318 380 1364 Amasias
404 1319 654 1366 Idolorum
687 1321 932 1370 sacerdos.
960 1323 1066 1371 444.

146 1381 368 1426 Amasiaa
393 1383 660 1429 sacerdotis
684 1384 933 1430 [dolorum
965 1384 1026 1430 ad
1051 1386 1199 1431 Amos
1227 1385 1395 1432 verba.
1420 1386 1528 1435 446.

147 1444 407 1505 Amatores
451 1443 709 1503 dicuntur,
754 1446 832 1492 vel
861 1446 1098 1493 Gentium
1131 1459 1378 1505 proceres,
1415 1448 1496 1496 vel
1523 1449 1686 1496 natio-

81 1517 213 1551 num
239 1504 332 1569 dii.
359 1506 468 1554 405.
491 1510 537 1553 et
559 1520 664 1569 seq.

150 1567 424 1614 Ambulare
451 1569 506 1615 in
531 1567 747 1617 circuitu
772 1570 973 1628 impios,
1001 1569 1146 1629 quid.
1171 1571 1250 1620 60.

142 1632 305 1676 Amen
329 1643 420 1676 cur
442 1632 726 1689 geminetur
747 1632 799 1678 in
816 1634 972 1679 sacris
1001 1633 1174 1679 Literis
1190 1645 1218 1678 a
1235 1633 1449 1682 Christo.
1481 1635 1583 1684 197.

145 1693 360 1737 Ammon
386 1696 432 1737 et
457 1694 592 1738 Moab
617 1695 677 1740 (le
701 1695 820 1741 Loth
845 1694 1000 1752 stirpe
1033 1695 1152 1740 nati.
1180 1695 1288 1744 512.

145 1755 331 1799 Amore
376 1760 422 1799 et
467 1756 642 1803 timore
673 1757 906 1802 ducimur
939 1758 1002 1804 ad
1049 1758 1202 1803 Deum
1236 1758 1608 1805 misericordem
1634 1765 1680 1806 et

79 1827 331 1863 veracem.
370 1818 476 1866 186.

146 1880 300 1924 Amos
325 1878 409 1924 ubi
433 1878 690 1926 educatus.
720 1881 828 1928 507.

147 1942 300 1986 Amos
324 1939 590 2002 Propheta,
619 1942 735 1999 quis
757 1947 804 1988 et
827 1941 994 2001 qualis
1023 1942 1186 1988 fuerit.
1221 1942 1328 1991 506.
1353 1944 1460 1993 507.

147 2004 298 2048 Amos
323 2003 383 2047 ad
411 2015 597 2048 munus
621 2004 952 2062 prophetandi
979 2004 1182 2052 electus.
1213 2005 1323 2054 546.

143 2065 316 2119 Amos,
351 2066 704 2111 armentarinm
737 2080 789 2112 se
826 2080 926 2112 non
958 2067 1248 2126 prophetam
1273 2067 1396 2115 dicit
1419 2079 1548 2116 esse.
1575 2070 1680 2116 547.

79 2127 127 2170 et
154 2138 262 2172 sea.

144 2138 328 2245 ﬁguli
353 2200 501 2250 opera
525 2201 769 2235 manuum
795 2189 879 2236 Dei
915 2189 1174 2247 dicuntur,
1199 2195 1246 2238 et
1273 2203 1444 2250 quare.
1473 2192 1550 2241 43.

145 2249 370 2306 Angelus
393 2249 611 2296 obviavit
633 2251 779 2297 Jacob
802 2253 855 2298 in
883 2251 1104 2300 hominis
1136 2249 1320 2312 specie.
1347 2254 1455 2304 365.

145 2312 331 2357 Anima
355 2311 487 2358 nihil
521 2314 806 2370 pretiosius.
835 2314 942 2363 539.

145 2373 331 2436 Anima
357 2375 707 2432 provoluntate
727 2377 1030 2436 quandoque
1059 2378 1264 2435 ponitur
1295 2378 1349 2424 in
1373 2379 1545 2424 sacris.
1577 2381 1680 2429 119.

144 2435 342 2482 Animas
367 2440 412 2480 et
425 2437 744 2484 conscientiae
761 2438 1077 2498 operantium
1097 2440 1226 2485 mala
1243 2438 1294 2484 in
1307 2447 1545 2498 perpetua
1565 2447 1684 2488 sunt

75 2499 340 2554 angustia.
368 2499 444 2547 19.

143 2560 344 2606 Animae
367 2560 576 2607 turbatas
608 2559 892 2620 descriptio.
919 2564 996 2610 27.

138 2621 338 2684 Animae
360 2623 695 2681 appellatione
718 2622 821 2672 vita
843 2624 1161 2684 intelligitur.
1187 2625 1294 2674 540.

144 2683 382 2746 Animam
406 2698 547 2730 suam
579 2686 632 2731 in
659 2699 786 2731 vano
810 2687 1034 2746 accipere
1057 2688 1199 2746 quid.
1231 2690 1336 2738 106.

143 2745 364 2792 Animus
392 2747 712 2806 parricidalis
725 2754 814 2805 est,
831 2751 989 2796 aliena
1006 2745 1286 2798 calamitate
1301 2751 1558 2802 ditescere.
1575 2753 1679 2801 426.

143 2807 402 2854 Animalia
423 2810 614 2872 munda
636 2809 689 2856 in
715 2811 878 2858 Veteri
902 2813 1211 2858 Testamento
1229 2827 1360 2872 quae.
1388 2816 1494 2864 232.

145 2873 385 2917 Annuere
418 2871 596 2932 oculis,
631 2873 719 2932 qui
745 2874 994 2924 dicantur.
1025 2875 1134 2923 157.

77 2937 265 2979 Annus
289 2933 613 2991 benignitatis
641 2935 785 2994 quid.
819 2937 934 2985 317.

146 2995 443 3060 Antichristi
469 2997 754 3055 descriptio.
793 2999 870 3048 49.
903 3002 950 3045 et
971 3010 1076 3060 seq.

146 3057 492 3120 Antichristus
511 3072 540 3104 a
563 3059 830 3106 nonnullis
855 3061 981 3107 Deus
1004 3057 1115 3108 esse
1134 3062 1407 3120 putabitur.
1432 3064 1510 3112 50.

147 3119 448 3184 Antichristi
465 3122 742 3179 persecutio
780 3123 834 3168 in
858 3123 1129 3170 Ecclesiam
1142 3119 1491 3172 Christianam
1516 3124 1684 3184 qualis

81 3181 274 3228 futura.
312 3183 388 3231 51.

141 3245 405 3302 Apostasia
429 3244 575 3302 Regis
595 3245 870 3295 Jeroboam.
905 3249 1011 3296 433.

144 3305 368 3362 Apostoli
386 3320 476 3353 cur
500 3307 595 3353 rivi
619 3309 851 3356 dicantur
874 3310 928 3357 in
967 3309 1124 3357 sacris
1149 3310 1324 3358 literis.
1355 3309 1466 3358 317.

144 3367 510 3426 Apostolorum
549 3371 836 3427 prmdicatio
869 3372 1079 3430 perinde
1113 3378 1214 3419 erat
1245 3385 1300 3418 ac
1327 3371 1600 3426 Dominica,
1627 3375 1685 3422 77

146 3432 408 3488 Aquarum
433 3432 637 3478 nomine
667 3433 882 3492 populus
907 3435 1184 3483 denotatur.
1211 3435 1258 3484 6.

149 3493 449 3556 Aquaequid
465 3495 518 3540 in
535 3496 690 3541 sacris
702 3496 752 3542 Li
762 3496 878 3542 teris
895 3497 1160 3556 designare
1192 3497 1440 3545 dicantur.
1461 3498 1560 3547 125.
1579 3499 1686 3548 126.

107 3619 127 3662 ι
147 3553 418 3614 Aquilonis
440 3555 591 3602 latera
609 3557 732 3616 quid
745 3559 954 3618 mystice
966 3553 1032 3607 in
1038 3559 1247 3606 Psalmis
1257 3559 1558 3617 signiﬁcent.
1579 3561 1689 3611 236.

152 3629 258 3662 sea.

77 3629 127 3663 et
152 3629 258 3678 seq.

148 3680 277 3726 Area
299 3679 389 3726 Dei
418 3679 480 3726 ab
502 3681 688 3727 Azotiis
711 3686 870 3740 capta.
896 3683 1004 3732 510.

147 3744 310 3788 Arcus
333 3741 556 3798 dolosus,
587 3743 678 3802 qui
703 3743 880 3790 eﬁ‘ecti.
925 3743 1029 3794 437.

149 3807 312 3850 Arcus
333 3817 422 3862 pro
463 3805 617 3852 sacris
643 3805 912 3866 Script'uris
947 3807 1164 3854 sumitur
1181 3806 1234 3853 in
1258 3807 1467 3855 Psalmis
1489 3809 1692 3856 Davidis

77 3867 405 3976 pliefiumque.
453 3867 531 3916 38.
568 3868 766 3928 Sagittae
789 3870 906 3916 item
953 3882 1042 3928 pro
1083 3869 1381 3929 Apostolicis
1403 3870 1686 3930 praseoniis.

145 3944 168 3974 ί
213 3965 224 3976 .

145 3944 224 3976 ια.

146 3991 310 4040 Arioli
345 3992 609 4039 Samaricaa
629 3992 756 4051 legis
799 3994 1031 4053 quaedam
1079 3991 1312 4041 instituta
1355 3994 1688 4042 observabant

148 4120 303 4164 Arma
333 4116 416 4163 Dei
435 4117 607 4175 qualia
630 4115 750 4175 sint,
775 4120 821 4164 et
851 4130 968 4176 quae
1001 4119 1110 4167 153.

149 4182 302 4226 Arma
320 4179 570 4236 justorum
594 4179 766 4238 qualia
791 4217 802 4228 .
833 4181 940 4229 345.

149 4242 434 4288 Ascondere
457 4242 510 4288 in
534 4247 754 4288 montem
777 4243 881 4296 Dei,
907 4245 1117 4296 etstare,
1143 4241 1267 4300 quid
1295 4240 1378 4292 sit.
1415 4244 1520 4292 106.

149 4304 402 4363 Assyrius
427 4304 527 4350 Rex
562 4305 707 4363 Mors,
739 4308 786 4350 et
808 4305 1040 4352 Infernus
1061 4303 1361 4364 appellatur.
1386 4305 1498 4355 469.

151 4365 368 4413 Attolere
393 4371 556 4424 portas
576 4365 700 4425 quid
725 4367 778 4412 in
805 4367 1020 4415 Pssimo.
1052 4369 1155 4415 107.

151 4431 309 4476 Aures
329 4427 512 4485 cordis,
535 4441 651 4488 quas
673 4427 792 4478 sint.
819 4431 928 4478 207.

151 4493 314 4538 Aures
337 4490 570 4550 perﬁcere
584 4491 707 4550 quid
728 4492 808 4540 sit.
838 4491 942 4541 185.
974 4491 1077 4540 186.
1165 4542 1176 4550 ,

150 4556 310 4600 Aures
335 4553 420 4600 Dei
445 4557 565 4599 sunt
597 4553 755 4612 gratia
785 4558 832 4600 et
853 4551 1215 4601 misericordia.
1245 4555 1304 4602 70
1328 4553 1438 4603 265.

149 4619 330 4663 Auster
351 4620 396 4662 et
421 4615 606 4674 Aquilo
627 4615 680 4661 in
705 4617 860 4663 sacris
881 4615 1025 4676 quid.
1063 4616 1110 4666 5.

151 4681 346 4725 Avarus
366 4678 516 4724 etiam
539 4677 760 4724 animam
783 4691 927 4726 suam
949 4678 1110 4737 ipsam
1135 4678 1362 4726 venalem
1380 4678 1542 4727 habet.
1577 4677 1685 4727 184.

149 4740 336 4788 Azotiis
360 4739 564 4800 populis
586 4739 923 4788 comminatur
946 4735 1096 4790 Deus.
1115 4740 1226 4790 183.

868 4827 922 4890 B

152 4919 342 4967 Baetim
369 4916 700 4976 turpitudinis
724 4917 934 4968 idolum.
969 4920 1077 4967 408.

151 4981 325 5030 Baculi
349 4981 564 5041 etvirgze
587 4980 776 5028 divina;
805 4981 1092 5029 discrimen.
1127 4981 1235 5030 103.

150 5045 471 5104 Baptismatis
499 5045 734 5092 eﬁicacia.
767 5045 873 5092 100.

152 5107 362 5156 Bathuel
388 5107 477 5154 Dei
510 5107 766 5154 fortitudo.
799 5108 907 5155 477.

157 5173 338 5218 Beatus
362 5181 511 5216 nemo
534 5171 694 5228 potest
711 5180 818 5216 esse
839 5168 1028 5226 absque
1051 5167 1244 5214 Christo
1275 5169 1410 5214 Jesu.
1443 5167 1488 5215 4.

155 5236 340 5280 Beatus
364 5232 512 5278 homo
535 5230 724 5290 quibus
745 5231 910 5276 modis
932 5229 1162 5277 efﬁcitur.
1182 5229 1293 5280 185.

159 5294 412 5352 Beelfegor
435 5294 602 5353 qualis
625 5294 770 5342 Deus.
815 5293 920 5342 445.

157 5357 457 5404 Benedieere
478 5357 533 5402 in
563 5355 794 5402 Ecclesiis
824 5355 1090 5401 Dominum
1115 5353 1236 5412 quid
1257 5353 1340 5401 sit.
1376 5356 1484 5404 116.

157 5423 293 5468 Bene
322 5419 506 5466 factum
528 5431 631 5466 non
667 5418 869 5477 dicitur,
895 5415 1026 5476 quod
1053 5415 1244 5463 invitus
1273 5415 1444 5478 facias,
1471 5416 1585 5463 licet
1609 5417 1692 5463 bo-

88 5496 219 5532 num
247 5483 330 5530 sit.
359 5484 467 5531 159.

159 5545 408 5592 Beneﬁcia
457 5543 720 5602 praemissa
759 5543 886 5590 Deus
929 5545 1282 5588 commemorat
1303 5541 1364 5587 ad
1398 5540 1704 5600 exprobran-

91 5612 221 5656 dam
247 5607 567 5665 ingratorum
592 5606 810 5654 facinus.
829 5605 937 5654 513.

167 5670 356 5717 Bestiae
393 5667 499 5727 agri
533 5669 794 5726 appellata,
835 5669 1058 5713 armenta
1101 5670 1150 5712 et
1193 5678 1368 5724 greges
1398 5666 1522 5713 solet
1567 5676 1704 5712 sacra

92 5733 374 5790 Scriptura.
403 5734 511 5779 417.
544 5732 652 5779 4’18.
847 5767 859 5783 .

161 5789 408 5841 Bethaven
429 5794 566 5840 locus
591 5793 744 5840 tribui
767 5793 908 5840 Judae
931 5789 1246 5853 conjunctus.
1277 5791 1385 5840 421.

162 5857 331 5904 Bethet
359 5857 480 5904 urbs
504 5855 778 5904 Idolorum.
809 5857 920 5905 458.

161 5918 330 5965 Bethel
356 5918 508 5966 idolis
531 5918 774 5965 scatuisse
803 5917 1188 5966 demonstratur.
1215 5917 1322 5965 522.

1183 400 1570 454 VERBORUM
1607 404 1693 454 ET
1729 406 2229 458 SENTENTIARU
2243 409 2310 457 M.

3265 415 3394 468 1198

1855 519 2018 584 Bethel
2039 524 2086 566 et
2111 520 2314 579 Galgala
2337 522 2560 569 civitates
2585 521 2738 571 idolis
2761 525 3077 584 mancipataa.
3106 526 3214 576 528.

1852 581 2023 646 Bibere
2064 596 2245 640 aquam
2274 584 2335 629 de
2367 588 2594 646 torrente,
2625 587 2768 644 quid.
2795 587 2903 636 286.

1855 645 2027 689 Bibere
2050 645 2256 691 calicem
2283 647 2480 692 Domini
2504 645 2717 697 merum.
2753 649 2862 699 384.

1851 707 1984 769 Bona
2007 707 2102 752 Deo
2129 719 2228 753 non
2247 707 2460 769 placent,
2485 723 2600 767 quin
2622 710 2726 756 sint
2749 709 2971 758 admixta
3001 710 3166 761 malis.
3188 714 3297 764 289.

1853 767 2000 813 Bonis
2041 773 2086 814 et
2116 781 2373 828 prospera.
2415 767 2460 816 et
2483 772 2690 818 adversa
2733 772 2904 820 omnia
2949 774 3002 820 in
3049 773 3238 823 bonum
3279 789 3389 823 ver-

1791 833 1982 877 tuntur.
2005 833 2050 880 9.

1852 891 2098 962 Boni‘nou
2121 892 2282 939 solum
2308 907 2410 940 non
2443 893 2686 962 deliciunt
2715 896 2961 944 malorum
2983 899 3387 962 impugnatione,

1787 953 1874 998 sed
1891 954 2133 1000 'meliores
2159 960 2450 1006 noscuntur.
2487 959 2596 1008 120.

1851 1017 2102 1083 Bonorum
2140 1019 2549 1083 possessiointer
2579 1019 2838 1083 Apostolos
2879 1026 2981 1067 erat
3018 1024 3248 1083 mqualis.
3278 1026 3384 1075 413.

1849 1077 2040 1148 Donum
2065 1079 2209 1148 quod
2241 1080 2359 1148 boni
2393 1082 2594 1148 habent,
2624 1077 2658 1127 ξι
2682 1081 2778 1129 Deo
2810 1084 3051 1148 procedit,
3078 1077 3199 1133 mali
3223 1092 3387 1134 autem

1785 1140 1976 1185 malum
2000 1140 2180 1186 habent
2203 1155 2232 1186 a
2265 1143 2460 1199 seipsis.
2491 1143 2567 1191 55.

1849 1203 2051 1270 Bonum‘
2069 1215 2322 1270 sacrarum
2345 1203 2606 1254 literarum
2631 1204 2778 1252 bonis
2794 1207 3008 1270 prodest,
3035 1209 3187 1256 malis
3212 1215 3382 1258 autem

1785 1263 1940 1327 obest.
1973 1265 2074 1312 120.
2107 1268 2153 1311 et
2177 1278 2279 1327 seq.

1851 1326 2014 1372 Bonus
2043 1327 2189 1372 homo
2214 1326 2408 1386 patiens
2433 1340 2542 1374 esse
2556 1327 2720 1378 debet.
2748 1329 2855 1378 194.

1846 1389 2012 1454 Bosrre
2035 1390 2500 1454 mdesdevorandge.
2529 1391 2636 1440 510.
2662 1393 2708 1438 et
2733 1404 2839 1454 seq.

1848 1449 2072 1498 Bruchus
2096 1457 2141 1498 et
2161 1453 2374 1512 Rubigo.
2404 1453 2511 1501 489.

2559 1539 2608 1602 Ο

1847 1629 2270 1676 Cmremoniarum
2296 1629 2536 1682 legalium
2553 1634 2741 1679 auctor.
2775 1631 2884 1680 535.

1849 1691 2178 1738 Cmremonias
2214 1692 2468 1750 repellere,
2510 1692 2761 1739 Sacerdoti
2790 1694 3131 1742 contradicere
3155 1699 3242 1744 est.
3273 1697 3382 1745 416.

1849 1753 2132 1817 Caiamitas,
2155 1767 2270 1812 qum
2294 1754 2582 1801 Paltestinos
2615 1759 2686 1800 est
2713 1768 3033 1817 oppressura,
3057 1757 3164 1808 510.

1847 1814 2161 1862 Calamitates
2179 1822 2308 1875 quas
2331 1829 2574 1874 passurus
2589 1819 2693 1862 erat
2711 1814 2859 1864 Israel
2877 1814 3256 1868 enumerantur.

1849 1877 2160 1924 Calamitates
2209 1891 2334 1936 quas
2379 1881 2577 1938 passuri
2609 1882 2749 1925 erant
2791 1881 2972 1940 Judaei,
3007 1885 3382 1930 enumerantur.

1786 1939 1892 1988 469.
1921 1943 1966 1986 et
1998 1952 2102 1988 seq.

1846 1952 2159 2050 53165111353193
2174 2001 2478 2048 criminibus
2513 2002 2694 2050 debitae
2724 2002 3112 2052 denunciantur.
3141 2005 3248 2054 540.
3276 2005 3384 2055 541.

1783 2065 1828 2108 et
1849 2075 1953 2124 seq.
1981 2063 2295 2110 Calamitates
2316 2067 2540 2110 venturas
2563 2077 2714 2124 super
2737 2067 3001 2114 Israelitas.
3039 2067 3148 2116 515.

1846 2125 2153 2173 Calamitatis
2177 2125 2470 2183 magnitudo
2491 2127 2772 2184 exponitur.
2805 2129 2910 2176 482.
2940 2129 3049 2176 483.

1845 2187 2192 2235 Calamitatum
2220 2187 2504 2233 Iudaeorum
2532 2187 2844 2237 vaticinium.
2869 2191 2976 2239 539.

1844 2249 2159 2302 Calcaneum,
2185 2248 2309 2308 quid
2336 2249 2388 2295 in
2413 2249 2570 2296 sacris
2603 2249 2871 2308 signiﬁcet.
2902 2253 3014 2300 243.

1842 2311 1983 2358 Calix
2007 2323 2181 2374 eorum
2206 2323 2294 2374 per
2321 2323 2450 2374 quos
2465 2325 2647 2358 nomen
2672 2312 2760 2358 Dei
2784 2313 3174 2374 blasphematur.
3206 2315 3284 2362 55.

1844 2372 2158 2419 Calumniam
2185 2371 2302 2432 pati,
2330 2372 2452 2430 quid
2475 2375 2558 2422 sit.
2588 2376 2696 2424 427.

1842 2435 2267 2482 Calumniatorum
2287 2435 2558 2492 captiones.
2589 2438 2696 2486 178.

1844 2497 2121 2544 Calvicium
2155 2509 2306 2554 super
2333 2503 2480 2556 caput
2507 2511 2711 2557 ponere.
2742 2499 2849 2548 549.

1845 2561 2061 2606 Canaam
2085 2558 2229 2618 quid.
2259 2559 2365 2607 465.

1844 2623 2002 2670 Canes
2026 2621 2080 2666 in
2111 2621 2266 2667 sacris
2296 2621 2491 2682 Literis,
2517 2621 2659 2680 quid.
2677 2623 2786 2671 290.

1843 2684 2105 2732 Canticum
2124 2682 2324 2740 Psalmi,
2351 2682 2494 2740 quid.
2523 2685 2566 2731 1.
2593 2686 2638 2730 et
2657 2685 2704 2733 9.

1845 2745 2104 2792 Canticum
2131 2744 2254 2803 quid
2281 2745 2362 2791 sit.
2400 2747 2477 2793 10.

1847 2806 2159 2866 Captivitatis
2181 2808 2404 2854 Judaicse
2434 2820 2627 2854 caussa.
2661 2804 2772 2857 443.

1845 2871 2000 2928 Caput
2026 2870 2079 2916 iu
2105 2869 2260 2915 sacris
2276 2869 2492 2926 eloquiis
2516 2882 2605 2927 pro
2628 2873 2812 2917 mente.
2847 2871 2924 2918 15.

1846 2933 2004 2991 Caput
2037 2931 2266 2976 omnium
2291 2930 2527 2978 vitiorum
2553 2935 2627 2977 est
2647 2929 2903 2990 superbia.
2927 2932 3005 2980 89.

1845 2995 2004 3052 Caput
2035 2993 2146 3040 oleo
2169 2993 2506 3052 impinguare,
2527 2993 2652 3052 quid
2675 2993 2756 3041 sit.
2784 2995 2892 3042 102.
2917 2995 2963 3040 et
2995 3005 3098 3052 seq.

1846 3055 2120 3104 Cardinum
2143 3067 2380 3112 percussu
2405 3055 2527 3114 quid
2552 3055 2960 3114 intelligendum.
2993 3055 3105 3104 555.

1843 3117 2055 3165 Carmeli
2081 3119 2241 3162 vertex
2255 3117 2550 3163 exsiccatus.
2583 3117 2692 3166 507.

1847 3181 1970 3228 Caro
1993 3179 2316 3236 sepulchrum
2333 3183 2406 3224 est
2429 3179 2632 3227 animas.
2663 3180 2770 3228 330.

1846 3241 2194 3299 Castigationis
2205 3241 2494 3300 praemissae,
2513 3245 2700 3300 quanta
2722 3239 2914 3288 utilitas
2928 3253 2985 3288 ac
3000 3252 3197 3288 morum
3213 3252 3384 3288 emen-

1785 3305 1934 3353 datio.
1971 3305 2078 3353 411.

1850 3368 2213 3414 Cataractarum
2239 3377 2351 3417 vox,
2376 3364 2500 3424 quid
2526 3366 2580 3411 in
2604 3363 2758 3412 sacris
2783 3363 2996 3412 dicatur.
3023 3365 3133 3414 203.

1853 3429 2094 3474 Cathedra
2117 3427 2433 3487 pestilentias,
2451 3427 2593 3486 quid.
2627 3429 2672 3476 7.
3157 3475 3162 3478 .

1851 3491 2037 3538 Caussa
2065 3502 2155 3536 cur
2185 3489 2346 3536 Judaei
2382 3493 2573 3536 reatum
2617 3501 2767 3536 suum
2797 3501 2902 3536 non
2927 3487 3240 3546 agnoverint.
3273 3489 3387 3538 424.

1853 3554 2054 3600 Caussa:
2075 3551 2138 3598 ob
2174 3564 2300 3610 quas
2336 3551 2654 3599 incommoda
2683 3550 2844 3598 multa
2886 3563 3033 3610 passa
3054 3554 3128 3596 est
3150 3563 3273 3610 gens
3297 3552 3390 3597 Ju-

1791 3616 1948 3664 daica.
1977 3617 2085 3664 483.
2127 3615 2236 3663 484.

1851 3677 1995 3724 Cervi
2023 3681 2219 3725 natura.
2247 3677 2334 3725 197
2347 3709 2360 3724 .

1851 3741 2078 3787 Charitas
2111 3739 2216 3784 sola
2241 3737 2396 3796 legem
2421 3737 2612 3794 implet.
2640 3739 2686 3787 7.
2713 3737 2764 3784 et
2785 3739 2859 3786 11.

1851 3801 2076 3848 Charitas
2099 3801 2280 3858 legem,
2306 3799 2608 3858 prophetiae,
2637 3803 2684 3845 et
2712 3799 3041 3857 Evangelium
3067 3797 3322 3857 pradicet,
3339 3801 3386 3843 et

1785 3867 2115 3910 consummat.
2141 3864 2218 3910 11.

1851 3924 2076 3972 Charitas
2100 3937 2188 3982 per
2217 3923 2419 3981 sagittas
2445 3921 2780 3981 signiﬁcatur.

1850 3986 2118 4033 Charitatis
2141 3987 2361 4033 effectus.
2386 3986 2496 4034 167.

1849 4048 2114 4096 Charitatis
2137 4048 2215 4094 vis
2246 4051 2293 4093 et
2348 4046 2575 4094 ﬁrmitas.
2600 4046 2713 4095 239.
2743 4045 2926 4104 Estque
2947 4045 3116 4092 anima
3137 4047 3383 4092 vlrtutum

1784 4111 1896 4170 ipsa
1917 4109 2154 4158 charitas.
2182 4106 2312 4158 Ibid.
2349 4111 2395 4156 et
2435 4120 2540 4170 seq.
3151 4123 3156 4126 ·

1849 4173 2116 4221 Charitatis
2137 4171 2390 4230 perfectio.
2413 4169 2522 4220 344.

1849 4237 2007 4292 Chore
2029 4233 2249 4282 calvaria
2278 4235 2648 4292 interpretatur.
2687 4233 2796 4280 236.

1849 4290 2034 4346 Christi
2056 4302 2103 4344 et
2126 4295 2330 4342 Davidis
2353 4290 2638 4344 antithesis.
2665 4294 2742 4344 10.

1849 4359 2035 4407 Christi
2078 4371 2265 4419 osores,
2296 4358 2426 4404 miro
2465 4357 2630 4414 modo,
2665 4355 2936 4404 consilium
2962 4355 3046 4401 Dei
3070 4351 3316 4412 nolentes,
3342 4360 3391 4400 et

1784 4422 2062 4468 nescientes
2085 4421 2315 4480 implent.
2344 4422 2396 4468 11
2409 4453 2420 4464 .

1845 4484 2030 4530 Christi
2058 4483 2312 4542 generatio
2337 4481 2538 4540 duplex.
2571 4482 2644 4529 12.
2675 4483 2725 4528 et
2745 4493 2850 4542 seq.

1848 4547 2036 4593 Christi
2056 4541 2222 4604 passio
2243 4544 2409 4604 qualis
2433 4543 2513 4589 illi
2548 4556 2578 4588 a
2600 4544 2696 4590 Deo
2720 4541 2848 4590 data.
2871 4541 2946 4588 13.

1849 4607 2034 4674 Christi
2057 4604 2754 4674 dormitio,_etsomnusqui_d.
2780 4605 2857 4674 17.
2947 4665 2958 4674 _
3213 4661 3225 4674 ἱ
3353 4661 3382 4674 η

1848 4671 2032 4718 Christi
2071 4672 2196 4730 jugo
2239 4661 2371 4716 colla
2415 4666 2586 4715 subire
2627 4661 2826 4724 nolunt,
2873 4665 2961 4725 qui
3007 4663 3147 4710 viti‘s
3181 4661 3388 4710 obnoxii

1789 4735 1924 4780 sunt.
1963 4734 2040 4782 89-

1851 4795 2034 4844 Christi
2057 4805 2192 4840 mors
2213 4792 2383 4852 qualis
2429 4791 2596 4839 fuerit.
2623 4792 2702 4842 96.

1853 4856 2038 4904 Christi
2064 4856 2365 4902 vestimenta
2389 4855 2632 4910 dividere,
2656 4853 2782 4912 quid
2819 4853 2899 4900 sit.
2933 4853 3014 4901 98.

1852 4918 2037 4966 Christi
2063 4918 2351 4976 exemplum
2375 4917 2429 4964 in
2452 4910 2724 4964 tolerandis
2742 4913 3148 4971 adversitatibus,
3170 4910 3384 4960 etc.123.

1855 4980 2040 5028 Christi
2065 4981 2202 5028 vocis
2221 4979 2438 5027 elﬁcacia
2461 4983 2508 5025 et
2530 4978 2710 5028 virtus.
2750 4979 2859 5026 126.

1851 5044 2036 5092 Christi
2061 5045 2232 5089 anima
2253 5055 2354 5102 quo
2376 5045 2518 5102 pacto
2542 5040 3025 5102 redemptadicatur.
3046 5037 3154 5086 131.

1851 5105 2040 5154 Christi
2061 5104 2310 5152 adventus
2335 5101 2530 5164 tempus
2551 5107 2910 5164 opportunum.
2939 5101 3047 5149 187.

1855 5168 2042 5232 Christi
2065 5179 2249 5214 nomen
2275 5167 2330 5214 in
2353 5160 2646 5232 omniter‘ra
2661 5165 2892 5232 auditum
2917 5160 3171 5232 _e§t,__239.
3244 5221 3254 5232 _
3339 5220 3348 5232 .

1855 5231 2084 5280 Christus
2113 5242 2325 5289 regnum
2358 5229 2539 5278 mundi
2562 5226 2880 5285 contempsit.
2910 5225 2989 5272 12.
3025 5223 3142 5269 Vult
3175 5221 3311 5268 enim
3336 5221 3388 5268 in

1793 5293 2026 5340 cordibus
2051 5293 2236 5339 nostris
2258 5305 2483 5352 regnare.
2508 5289 2642 5338 Ibid.

1857 5355 2086 5403 Christus
2109 5355 2165 5400 in
2188 5344 2341 5401 carne
2361 5354 2547 5416 humili
2570 5353 2898 5416 contemptus.
3031 5347 3246 5416 Eiquem
3259 5345 3389 5391 elata

1791 5418 1964 5464 Judma
1985 5417 2461 5476 repulit,humiliata
2485 5413 2746 5476 Gentilitas
2766 5405 3004 5476 suscepit.
3036 5405 3168 5456 Ibid.

1857 5475 2086 5528 Christus
2109 5481 2325 5526 salutare
2351 5485 2593 5524 nostrum.
2632 5475 2710 5522 58.
2744 5478 2790 5520 et
2813 5475 2890 5523 60.

1856 5543 2085 5590 Christus
2101 5553 2194 5588 nos
2207 5541 2414 5588 redemit
2444 5537 2682 5586 charitate
2715 5549 2816 5583 non
2851 5535 3160 5582 necessitate.
3187 5533 3265 5582 67.

1855 5606 2101 5665 Christus,
2139 5616 2252 5663 quas
2275 5602 2531 5650 commoda
2557 5598 2729 5646 tulerit
2761 5600 2984 5646 humano
3007 5597 3196 5656 generi.
3243 5595 3322 5643 68.
3348 5597 3392 5639 ct

1791 5681 2088 5798 “(Christus
2111 5729 2220 5798 vias
2243 5725 2812 5798 durascustodivihjo’

1857 5791 2084 5856 Christus
2105 5793 2306 5856 dextera
2332 5789 2418 5838 Dei
2446 5790 2602 5856 Patris
2625 5788 2830 5856 dicitur.
2858 5789 2934 5856 72.
3019 5845 3028 5856 ¹

1856 5853 2083 5903 Christus
2112 5852 2343 5908 humilis,
2367 5852 2576 5899 venitad
2601 5850 2884 5910 superbiam
2897 5845 3162 5895 hominum
3179 5845 3391 5892 confun-

1795 5916 2030 5964 dendum.
2057 5917 2134 5965 89.
