3894 6402
113 405 245 461 1201

170 522 422 571 Divitibus
451 536 524 570 γω
550 524 873 584 imprecetur.
902 529 1013 576 537.

170 588 345 632 Doctor
371 598 521 632 verus
540 587 751 643 justitiaa
773 589 907 647 quis,
937 589 1042 637 495.

170 647 388 713 pectoris
428 662 591 695 sermo
627 650 970 713 confunditur,
995 652 1040 699 si
1068 651 1263 699 actione
1289 653 1601 713 depravatur.
1630 660 1705 705 72.

172 710 346 757 Dolose
369 723 531 769 agere,
560 712 685 771 quid
711 712 794 760 sit.
822 715 901 762 ‘26.

170 772 346 839 Dolosa
367 786 709 839 agerecoram
736 775 848 835 Deo,
873 775 1004 834 quid
1028 776 1107 825 sit.
1135 777 1241 826 160.
1265 780 1311 823 et
1335 791 1439 839 seq.

170 835 323 882 Dolus
345 835 468 893 quid
494 836 574 882 sit.
600 838 711 885 251.

104 896 371 1009 7000mini
404 898 669 945 basreditas
692 901 960 961 quomodo,
979 901 1231 960 etquihus
1256 903 1417 949 modis
1433 903 1707 953 dividatur.

173 1024 359 1069 Domus
382 1025 429 1067 et
451 1022 759 1069 tabernaculi
785 1023 1056 1071 discrimen
1084 1025 1136 1072 in
1162 1025 1334 1074 sacris.
1364 1029 1465 1076 118.

173 1085 356 1130 Domus
378 1083 632 1131 Jeroboam
659 1086 829 1144 gladio
849 1088 1133 1133 desolanda.
1166 1089 1271 1137 545.

174 1148 313 1192 Dona
342 1148 590 1204 quomodo
624 1148 718 1194 Deo
744 1149 986 1207 placeant.
1013 1152 1121 1199 295.

174 1208 414 1269 Dormire,
442 1213 488 1254 et
512 1222 718 1256 somnus
737 1211 787 1256 in
812 1212 985 1270 sacris,
1012 1213 1134 1270 quid
1160 1212 1240 1259 sit.
1258 1215 1364 1261 280.

173 1270 476 1317 Dormitione
519 1275 566 1317 et
599 1271 757 1318 somni
792 1274 1014 1331 nomine,
1040 1275 1276 1321 alienatio
1301 1276 1483 1323 mentis
1509 1291 1537 1321 a
1564 1279 1711 1323 rebus

110 1332 415 1379 mortalibus
438 1334 726 1392 prophetica
749 1336 1028 1383 denotatur.
1054 1339 1130 1385 22.

178 1396 386 1442 Dorsum
406 1408 619 1442 curvum
646 1397 847 1455 habere,
872 1398 1015 1457 quid.
1042 1401 1147 1449 349.

899 1502 953 1565 Ε

176 1608 395 1656 Ebrietas
418 1609 471 1656 in
497 1608 671 1670 sacris,
697 1610 839 1667 quid.
869 1612 976 1659 315.

173 1672 389 1719 Ecclesia
412 1671 594 1719 Christi
627 1672 713 1717 ubi
736 1672 1117 1719 fundamentum
1146 1688 1290 1721 suum
1318 1677 1509 1726 habeat.
1537 1679 1614 1727 86.

175 1735 390 1781 Ecclesia
411 1748 502 1780 cur
524 1735 719 1780 dicatur
744 1736 1116 1782 tabernaculum
1148 1737 1251 1786 Dei.
1272 1738 1380 1788 206.

176 1797 391 1862 Ecclesia
414 1792 830 1862 Christitquihus
855 1799 1156 1855 perﬁciatur.
1192 1799 1267 1849 39.
1299 1805 1461 1862 ctscq.

174 1860 395 1905 Ecclesia
415 1859 593 1906 domus
612 1858 691 1904 Dei
709 1859 896 1907 dicitur
909 1865 1190 1908 constructa
1208 1874 1265 1908 ex
1285 1858 1539 1921 lapidibus
1556 1866 1707 1912 vivis.

105 1927 210 1993 23;
219 1924 391 1993 et‘seq.

176 1983 395 2029 Ecclesia
443 1988 494 2030 ut
542 1983 688 2030 Navis
731 1985 976 2031 ﬂuctuans
1000 1986 1232 2044 precibus
1260 1987 1523 2035 Dominum
1551 1990 1707 2036 veluti

106 2046 418 2095 domicntem
441 2045 653 2092 excitare
675 2046 862 2093 dicitur
882 2050 960 2095 53.

179 2108 413 2155 Ecclesia:
436 2108 693 2156 hodiernae
716 2109 994 2167 descriptio.
1031 2112 1135 2159 415.

176 2170 412 2236 Ecclesiae
437 2171 711 2218 hodiernus
734 2176 908 2236 status.
930 2174 1041 2221 492.
1623 2229 1630 2236 ,

175 2232 412 2279 Ecclesiae
438 2238 621 2280 sanctae
653 2235 809 2281 oratio
839 2248 926 2293 per
956 2235 1137 2281 Filium
1165 2235 1379 2282 mittitur
1400 2237 1458 2283 ad
1501 2232 1707 2285 Patrem.

174 2355 408 2403 Ecclesiae
428 2357 598 2415 pedes,
628 2358 717 2417 qui
742 2358 987 2405 dicantur.
1014 2360 1093 2408 84.

171 2418 405 2468 Ecclesia:
430 2420 646 2480 inimici,
678 2420 767 2480 qui
792 2426 925 2467 sunt.
956 2424 1060 2471 120.

170 2481 440 2530 Ecclesiam
468 2483 670 2539 intrare,
700 2483 823 2541 quid
848 2483 927 2529 sit.
956 2485 1037 2532 24.

172 2544 347 2599 Edom,
374 2543 591 2589 Theman
620 2549 666 2591 et
690 2545 835 2592 Bosra
858 2559 992 2592 unus
1015 2545 1234 2605 populus
1260 2550 1347 2593 est.
1390 2549 1495 2594 512.

173 2608 384 2653 Eﬁ‘ectus
412 2605 549 2652 solis.
585 2607 696 2656 529.

170 2667 379 2717 Eﬁ'raim
405 2668 756 2715 subciucricus
777 2668 949 2717 factus.
987 2671 1093 2719 455.

169 2730 374 2794 Eﬁ‘raim
398 2730 631 2794 columba
661 2736 878 2778 vocatur.
908 2733 1016 2781 456.
1046 2737 1091 2778 el
1113 2746 1219 2794 seq.

169 2792 375 2842 Etl‘raim
415 2792 635 2850 nomine,
674 2794 930 2840 Jeroboam
957 2795 1162 2853 quidam
1178 2792 1343 2843 vocari
1370 2799 1562 2854 putant.
1595 2797 1703 2845 446.

170 2854 370 2920 Eii‘raim
395 2867 484 2920 cur
506 2857 737 2920 meretrix
764 2861 980 2905 vocatur.
1002 2859 1107 2906 446.
1135 2862 1179 2905 cl
1197 2871 1301 2920 seq.

169 2915 372 2966 Eﬁ‘raim
400 2916 621 2964 Samaria
649 2917 781 2965 dicta
806 2923 893 2967 est.
924 2921 1030 2968 447.

172 2979 375 3028 Eﬁ‘raim
400 2991 489 3037 pro
511 2979 783 3029 Jeroboam.
807 2983 913 3031 467.

171 3041 372 3089 EtIraim
399 3039 602 3087 nomine
627 3043 859 3090 Samaria:
883 3044 1136 3092 dicuntur.
1166 3045 1273 3094 426.

172 3104 505 3162 Eleemosyna
530 3116 633 3150 non
663 3109 799 3163 grata
823 3107 934 3164 Dea,
959 3120 1071 3165 quae
1092 3107 1175 3155 sit.
1198 3110 1308 3157 241.

170 3166 347 3215 Emath
366 3166 646 3212 Antiochia.
675 3169 781 3217 543.

170 3228 464 3276 Errantibus
490 3241 580 3274 cur
604 3229 729 3277 Deus
754 3230 813 3277 ad
843 3236 1035 3288 tempus
1058 3232 1303 3290 indulget.
1331 3232 1439 3279 445.

170 3292 318 3338 Error
331 3302 389 3336 ac
411 3290 697 3348 superstitio
721 3292 1007 3340 indecorum
1044 3296 1148 3342 419.

168 3355 363 3417 Erucaa,
411 3352 649 3413 Locusta,
701 3356 911 3417 Brucho,
937 3361 983 3403 et
1007 3357 1259 3417 Ruhigini,
1286 3361 1500 3415 quatuor
1521 3356 1702 3403 animae

98 3416 369 3479 passiones
396 3419 645 3479 aptantur.
671 3418 774 3467 490.

166 3477 371 3527 Esurire
391 3476 550 3535 aliud,
578 3483 624 3524 et
645 3480 784 3527 aliud
809 3480 1053 3539 jejunare.
1086 3483 1190 3531 485.

166 3541 392 3589 Exaltare
419 3552 576 3602 cornu
604 3540 658 3586 in
688 3542 863 3602 altum,
889 3543 1010 3601 quid
1046 3544 1126 3590 sit.
1155 3545 1259 3593 383.

163 3601 459 3661 Exemplum
486 3601 658 3660 lapsus
681 3609 727 3652 et
748 3604 1057 3663 pcenitentiaa
1083 3607 1298 3654 Davidis.
1328 3608 1434 3656 257.

162 3665 419 3715 Exercitus
448 3663 684 3722 Assyrius
715 3680 818 3714 una
849 3672 989 3715 nocte
1014 3667 1356 3719 deletus.'471.

165 3728 421 3776 Exercitus
452 3728 791 3776 Sennacherib
817 3729 915 3776 fere
938 3731 1104 3777 omnis
1128 3745 1227 3778 una
1253 3737 1394 3778 nocte
1417 3744 1507 3778 cur
1529 3731 1693 3789 periit.

162 3854 381 3902 Exitium
406 3855 578 3916 templi
602 3853 937 3900 comminatur
968 3855 1112 3903 Deus.
1142 3856 1248 3903 553.

161 3917 501 3966 Exulmtionis
524 3923 569 3966 et
590 3916 776 3965 laetitiw
803 3916 1093 3964 discrimen.
1134 3919 1236 3965 159.

871 4021 923 4084 F

160 4157 329 4205 Facies
354 4158 561 4205 malitias
592 4172 651 4205 ex
676 4156 950 4217 multiplici
992 4156 1259 4217 iniquitate
1275 4155 1563 4215 composita.
1592 4159 1695 4205 457.

161 4221 329 4267 Facies
353 4225 687 4280 peccatorum,
714 4221 838 4280 quid
865 4220 1079 4268 dicatur.
1118 4221 1221 4270 173.

160 4283 332 4330 Facies
354 4283 460 4338 Dei,
492 4284 615 4342 quid
639 4283 719 4331 sit.
748 4284 859 4333 120.

162 4347 331 4392 Facies
358 4345 594 4393 hominis.
636 4347 740 4395 121.

160 4409 373 4455 Facinus
395 4408 704 4467 ingratorum
729 4408 1075 4466 exprobratur.
1101 4407 1208 4454 514.

159 4470 372 4518 Facinus
396 4470 658 4531 religionis
689 4469 1015 4517 dissimulata:
1037 4469 1176 4516 10οω
1201 4468 1494 4527 imputatur.
1516 4469 1624 4517 512.
1651 4470 1695 4515 ἐι

89 4547 331 4641 “(Fames
357 4594 567 4656 duplex,
597 4594 761 4653 panis,
787 4606 947 4653 aquas,
974 4598 1020 4639 et
1044 4593 1184 4641 verbi
1208 4592 1309 4642 Dei.
1336 4593 1444 4641 551.

158 4656 451 4704 Fasciculus
468 4670 558 4716 pro
583 4657 917 4714 possessione.
946 4658 1054 4706 557.

156 4719 329 4767 Fatuel
356 4719 508 4766 Joelis
532 4723 684 4778 pater.
705 4721 814 4768 477.

89 4780 104 4790 “
156 4782 244 4830 Fel
269 4786 316 4829 et
338 4785 543 4830 Acetum
568 4782 741 4828 offerre
764 4780 975 4841 Christo,
999 4782 1123 4841 quid
1153 4780 1232 4829 sit.
1252 4779 1360 4831 349.

155 4844 389 4892 Felicitas
414 4857 548 4906 ,τιοω
572 4856 724 4903 super
746 4843 1017 4891 Jerusalem
1045 4848 1253 4891 ventura
1275 4842 1691 4903 est,praadicatur.

87 4909 204 4959 503.
233 4910 279 4954 et
305 4920 409 4968 seq.

158 4969 429 5016 Felicitatis
445 4982 642 5028 magna:
666 4981 780 5028 pars
798 4972 869 5015 est
892 4968 1137 5015 mundum
1160 4968 1433 5029 despicere.
1463 4971 1569 5019 192.

156 5034 293 5078 Ferte
316 5036 362 5077 et
386 5031 514 5078 tauri
531 5032 584 5077 in
610 5032 783 5087 sacris,
810 5030 932 5090 quid
959 5030 1079 5078 sint.
1110 5031 1215 5080 341.

156 5092 278 5142 Fiat
308 5094 634 5155 geminatum,
672 5094 797 5152 quid
824 5094 1037 5140 denotet.
1071 5095 1174 5141 197.

155 5156 350 5203 Fideles
376 5157 592 5212 Christo,
620 5154 860 5214 templum
880 5156 965 5203 Dei
992 5154 1243 5209 dicuntur,
1267 5168 1482 5214 quorum
1500 5169 1699 5203 conver-

88 5219 223 5267 satio
246 5218 302 5264 in
331 5218 473 5265 coalis
495 5225 585 5266 est.
614 5221 690 5267 55.

155 5281 304 5327 Fides
328 5293 442 5327 vera
471 5286 517 5326 et
541 5280 784 5327 catholica
805 5280 861 5326 in
892 5279 1079 5338 quibus
1106 5278 1360 5328 consistat.
1388 5281 1464 5327 86.

156 5343 303 5389 Fides
328 5343 410 5389 via
427 5343 623 5389 Domini
643 5342 844 5400 dicitur,
873 5342 1089 5387 charitas
1112 5340 1285 5387 semita
1314 5347 1462 5389 recta.
1496 5342 1600 5390 120.

152 5405 300 5452 Fides
343 5418 555 5464 operans
594 5418 680 5464 per
716 5404 1006 5451 clmritatem
1032 5404 1262 5461 impetrat
1286 5404 1513 5463 gratiam,
1539 5404 1697 5462 gratia

84 5474 258 5517 autem
295 5468 377 5513 Dei
409 5480 494 5525 per
519 5468 757 5526 Spiritum
779 5466 1252 5514 sanctuminfusain
1267 5466 1501 5513 cordibus
1515 5466 1697 5512 nostris

86 5531 268 5590 implet
285 5530 558 5587 justitiam.
590 5532 669 5579 26.

152 5592 294 5640 Fidei
326 5598 371 5638 et
398 5591 654 5639 charitatis
687 5591 870 5639 ofﬁcia.
901 5592 1007 5639 340.

155 5655 320 5701 Filius
344 5653 590 5713 hominis,
617 5654 734 5713 quis
764 5654 960 5700 dicatur
984 5658 1029 5700 et
1058 5666 1228 5711 quare.
1259 5655 1334 5702 43.

153 5718 315 5766 Filius
338 5729 426 5775 per
449 5718 728 5775 emphasim
749 5716 1002 5765 Christum
1026 5715 1289 5774 signiﬁcat.
1317 5716 1394 5764 44.

158 5780 275 5825 Filii
310 5779 596 5839 hominum,
622 5780 712 5838 qui
747 5778 866 5829 sint.
902 5779 1010 5828 242.
1438 5786 1447 5793 ‘

157 5842 318 5893 Finis.
343 5845 390 5889 et
412 5842 474 5888 ob
500 5841 670 5898 ﬁnem,
696 5846 740 5889 et
768 5842 819 5888 in
856 5842 1003 5888 ﬁnem
1030 5841 1171 5900 quid.
1203 5843 1243 5890 1.
1268 5844 1314 5888 et
1336 5854 1438 5902 seq.

158 5905 335 5977 Finem
355 5917 527 5977 suum,
549 5904 636 5962 qui
663 5905 839 5977 nescit,
855 5904 1063 5977 aberrat.

160 5965 487 6027 Flagitiorum
512 5964 810 6027 impunitate
834 5966 967 6012 nihil
992 5965 1237 6012 acerbius.
1256 5964 1364 6013 241.

1192 412 1585 466 ’νΕΗΒΟΒυΜ
1619 415 1710 467 ET
1750 415 2337 468 SENTENTIARUM.

3284 414 3415 471 1202

1879 530 2094 578 Fmditas
2135 531 2406 578 criminum
2434 532 2551 579 vita;
2594 532 2916 591 prosperitate
2960 531 3236 591 aliquando
3275 534 3413 580 latet'

1827 594 2129 701 “Foliorum
2161 654 2443 701 similitudo
2466 659 2511 702 et
2536 656 2682 702 Verbi
2708 655 2897 703 Divini.
2930 657 2977 705 9.

1874 718 2046 763 Fontes
2070 730 2159 775 pro
2182 718 2432 775 Apostolis
2466 718 2651 765 Christi
2681 723 2938 777 ponuntur
2960 717 3069 766 340.

1877 779 2174 841 Fornicatio,
2199 779 2323 837 quid
2349 780 2430 827 sit.
2453 780 2561 827 372.

1880 841 2149 887 Fornicarii
2168 842 2275 901 qui.
2304 842 2410 889 419.
2437 844 2482 888 et
2507 855 2612 904 seq.

1824 934 1833 943 -
1878 912 2156 958 Fornicatio
2200 911 2255 957 in
2302 913 2568 971 Scripturis
2615 913 2944 971 captivitatem
2970 912 3288 973 signiﬁcatEet
3310 928 3416 965 cur.

1813 976 2125 1083 37Frameam
2152 1036 2477 1082 inimicorum
2503 1036 2728 1090 deﬁcere,
2756 1036 2876 1095 quid
2903 1038 2986 1085 sit.
3016 1040 3089 1086 47.

1875 1100 2068 1145 Fratres
2090 1098 2293 1157 Christi,
2319 1100 2407 1156 qui
2432 1099 2662 1144 dicantur
2685 1099 2759 1147 99.

1875 1159 2051 1219 Frigus
2075 1160 2277 1221 duplex,
2307 1160 2542 1219 temporis
2565 1164 2613 1206 et
2642 1160 2775 1209 ﬁdei.
2809 1162 2911 1209 100.

1876 1224 2012 1280 Fugo
2029 1235 2119 1281 pro
2152 1222 2344 1281 Eﬁ'ugio
2368 1222 2590 1282 ponitur.
2612 1224 2721 1271 555.

1877 1284 2082 1344 Fumus,
2118 1284 2371 1345 carbones,
2406 1284 2557 1342 ignis,
2592 1284 2715 1343 quid
2742 1284 2796 1330 in
2820 1284 3083 1331 Psalmista
3108 1287 3410 1345 signiﬁcent.

1814 1348 2031 1455 76Fuues
2054 1408 2108 1455 in
2133 1408 2388 1467 prmclaris
2410 1409 2603 1466 cadere,
2624 1408 2749 1467 quid
2777 1409 2859 1455 sit.
2890 1410 2969 1457 69.

1815 1471 2030 1580 IbFéiror
2074 1472 2155 1518 Dei
2200 1470 2324 1530 quid
2371 1472 2423 1517 in
2472 1471 2645 1519 sacris.
2686 1473 2762 1519 27.
2809 1474 2856 1517 et
2905 1484 3008 1533 seq.
3049 1470 3141 1525 Qui
3166 1472 3283 1519 item
3315 1471 3405 1519 ira.

1873 1547 1889 1579 ι
1936 1567 1948 1581 .

1873 1726 2157 1774 Gabaonitm
2195 1738 2366 1773 omnes
2395 1739 2519 1783 pene
2543 1725 2689 1772 deleti
2716 1730 2913 1783 propter
2942 1724 3280 1773 obsccenitatis
3300 1738 3409 1771 sce-

1812 1790 1889 1835 lus
1914 1788 1967 1835 in
1993 1802 2198 1835 uxorem
2225 1788 2488 1846 cujusdam
2517 1788 2695 1834 Levita?
2722 1787 2937 1835 illatum.
2968 1789 3075 1836 447.

1873 1851 2054 1898 Galaad
2080 1851 2259 1897 civitas
2281 1850 2595 1907 operantium
2624 1850 2835 1898 Idolum.
2867 1850 2975 1898 429.
3003 1852 3047 1895 et
3070 1862 3174 1909 seq.

1874 1913 2077 1971 Galgala
2099 1912 2253 1959 idolis
2275 1913 2425 1970 plena
2452 1912 2606 1958 fuisse
2631 1912 2833 1958 dicitur.
2862 1913 2970 1959 521.

1877 1975 2080 2033 Galgala
2103 1976 2282 2020 civitas
2305 1974 2455 2020 idolis
2478 1973 2777 2032 mancipata.
2799 1974 2904 2021 527.

1874 2036 2080 2095 Galgala
2111 2036 2249 2082 locus
2274 2036 2426 2082 tribui
2461 2037 2601 2082 Judm
2626 2036 2944 2092 conjunctus.
2974 2035 3078 2083 423.

1875 2099 2046 2157 Galgal
2072 2099 2325 2147 Idolorum
2356 2099 2556 2145 cultrix.
2593 2098 2699 2145 448.

1876 2161 2244 2215 Gastrimargiaa
2271 2161 2473 2205 fructus.
2501 2161 2609 2207 213.

1875 2222 2123 2269 Gaudium
2150 2221 2548 2267 Christianorum
2574 2222 2626 2266 in
2647 2231 2733 2278 spe
2747 2222 2895 2277 est,et
2918 2219 3087 2265 nonin
3106 2217 3410 2277 re,quandiu

1814 2284 1896 2331 hic
1920 2283 2089 2331 amicti
2118 2283 2356 2333 vivimus.
2378 2284 2457 2333 49.

1873 2349 2013 2395 Gaza)
2038 2344 2344 2403 supplicium
2373 2348 2713 2391 enumeratur.
2748 2344 2858 2391 511.

1870 2401 2151 2455 Geminatio
2185 2408 2238 2453 in
2287 2406 2558 2466 Scripturis
2592 2406 2694 2451 vim
2732 2405 3033 2464 quandoque
3065 2401 3405 2450 comminandi

1812 2472 1973 2519 habet.
1997 2473 2043 2519 9.
2078 2474 2123 2516 et
2145 2482 2248 2530 seq.

1871 2532 2135 2579 Gentilitas
2159 2527 2338 2577 merito
2353 2534 2399 2578 et
2416 2529 2751 2589 postulatione
2770 2528 2952 2575 Christi
2978 2527 3186 2575 salvata.
3210 2528 3282 2575 14.

1872 2594 2083 2642 Gentilis
2108 2593 2282 2652 populi
2306 2592 2621 2651 desipientia.
2650 2593 2727 2640 61.

1870 2656 2043 2705 Gentis
2083 2650 2260 2702 merita
2304 2650 2623 2713 detegantur,
2663 2652 2849 2712 quibus
2888 2665 2919 2700 a
2942 2651 3027 2698 Dei
3052 2650 3302 2698 consortio
3317 2650 3407 2697 de-

1812 2719 1959 2778 pulsa
1986 2724 2075 2766 est.
2104 2720 2192 2767 377
2203 2754 2215 2766 .

1869 2781 2079 2828 Gladius
2129 2780 2210 2827 Dei
2259 2782 2456 2838 acutus,
2507 2777 2652 2837 quid.
2687 2779 2763 2827 37.
2799 2777 2855 2823 Et
2878 2776 3100 2837 quando,
3124 2781 3170 2823 et
3192 2774 3411 2834 qualiter

1811 2844 2051 2892 vibratur.
2086 2839 2217 2890 Ibid.

1869 2905 2038 2953 Gloria
2073 2902 2475 2953 Christianorum
2502 2901 2672 2960 qualis
2695 2904 2873 2959 etquaa
2897 2900 2978 2949 sit.
3007 2900 3111 2948 188.

1867 2967 2035 3015 Gloria
2081 2966 2241 3014 solida
2264 2964 2399 3026 apud
2429 2962 2698 3011 Dominum
2730 2963 2884 3009 Deum
2909 2963 2963 3009 in
2989 2961 3293 3008 conscientia
3312 2966 3397 3007 est.

1867 3090 2032 3141 Gratia
2056 3091 2138 3136 Dei
2164 3102 2253 3137 cur
2283 3088 2456 3147 pluvia
2477 3086 2765 3134 voluntaria
2787 3086 2996 3133 dicatur.
3024 3085 3131 3135 333.

1866 3152 2091 3201 Gravitas
2109 3152 2388 3209 judicantis
2410 3152 2613 3216 quanta.
2641 3150 2749 3199 439.
2789 3210 2818 3216 __
3174 3208 3204 3216 __
3334 3208 3342 3216 .

1866 3217 2044 3274 Greges
2094 3208 2328 3273 pecorum
2371 3208 2520 3260 etiam
2561 3212 2624 3258 ob
2648 3210 2822 3270 populi
2855 3216 3107 3269 peccatum
3158 3208 3404 3268 disperic—

1806 3283 1937 3327 runt.
1964 3279 2074 3326 485.

2574 3359 2635 3422 H

1867 3475 2077 3522 Habitus
2100 3472 2391 3520 ulciscentis
2416 3469 2732 3529 exprimitur.
2760 3468 2870 3517 518.

1794 3580 1797 3581 ,
1867 3540 2089 3585 Haareses
2113 3548 2203 3583 cur
2226 3535 2346 3593 sint,
2379 3538 2425 3579 et
2447 3533 2600 3580 unde.
2628 3533 2703 3581 50.

1862 3600 2057 3647 Hierico
2082 3598 2203 3645 urbs
2227 3597 2282 3643 in
2317 3590 2440 3643 terra
2464 3592 2819 3654 promissionis
2844 3590 3227 3651 opulentissima
3251 3590 3405 3637 victo-

1802 3661 1875 3709 ria
1898 3660 2119 3710 mirabili
2145 3665 2401 3718 occupata.
2420 3660 2528 3707 411.

1861 3722 2033 3772 Hodie
2067 3724 2121 3769 in
2147 3723 2323 3783 sacris,
2347 3721 2472 3783 quid
2498 3719 2870 3783 signiﬁcet._l4.

1860 3786 2211 3833 Holocaustum
2238 3780 2361 3842 quid
2387 3782 2470 3829 sit.
2497 3782 2606 3830 247.
2633 3783 2679 3842 et
2701 3780 2808 3827 323.

1861 3846 2165 3894 Hominibus
2188 3839 2435 3903 placentes
2458 3843 2589 3903 Deus
2612 3840 2834 3903 minatur
2857 3839 2934 3888 36.
2958 3840 3128 3903 etseq.

1858 3912 2016 3957 Homo
2040 3900 2225 3967 peccati
2251 3919 2339 3965 pro
2362 3901 2670 3952 Antichristo
2699 3901 2937 3967 sumitur.
2966 3900 3045 3948 50.

1858 3964 2110 4019 Honorare
2136 3964 2309 4025 Deum,
2336 3968 2425 4026 qui
2451 3968 2687 4027 oporteat.
2714 3964 2815 4027 143.

1858 4032 2105 4080 Hordeum
2131 4031 2187 4078 in
2210 4023 2498 4088 Scripturis
2511 4024 2881 4088 continentiam
2896 4023 3162 4088 signiﬁcat.
3179 4024 3298 4088 A413.

1858 4098 2032 4142 Hostes
2058 4093 2204 4154 justi,
2241 4086 2440 4140 duobus
2474 4090 2640 4154 modis
2659 4087 2892 4154 intelligi
2910 4089 3083 4154 potest.
3113 4086 3221 4154 503.

1857 4147 2079 4205 Hostiam
2108 4147 2481 4203 vociferationis
2502 4150 2780 4206 immolare,
2807 4148 2931 4207 quid
2957 4148 3167 4195 dicatur.
3197 4147 3302 4195 119.

1855 4218 2042 4267 Hostiis
2065 4218 2255 4277 quibus
2277 4217 2501 4276 placatur
2525 4217 2669 4262 Deus.
2700 4212 2807 4278 490.
2846 4214 2892 4278 et
2929 4222 3066 4278 seq.__
3148 4272 3158 4278 _
3268 4270 3277 4278 _

1856 4270 2096 4329 Humana.
2107 4270 2373 4341 fragilitas,
2397 4280 2509 4325 sine
2535 4278 2619 4323 Det
2655 4273 2918 4333 adjutorio,
2946 4270 3188 4331 malignis
3204 4270 3399 4329 spiriti-

1795 4345 2267 4406 busresis‘terenon
2294 4345 2466 4401 potest.
2496 4341 2575 4391 36.
2601 4342 2646 4386 et
2670 4350 2775 4397 seq.
2796 4397 2807 4406 _
2833 4396 2842 4406 .
2910 4397 2921 4406 ‘

1857 4402 2255 4454 Humiliabitur
2282 4394 2503 4463 positum
2526 4415 2616 4461 pro
2640 4394 2880 4457 superbia
2910 4394 3192 4463 humiliata.
3226 4394 3334 4444 435.

1847 4468 2115 4515 Humilitas
2138 4459 2369 4514 omnium
2394 4459 2637 4511 virtutum
2662 4468 2736 4508 est
2760 4463 2932 4506 mater.
2957 4459 3069 4507 294.

1849 4529 2161 4577 Humilitatis
2183 4541 2315 4576 veras
2355 4528 2564 4575 fructus.
2602 4526 2706 4575 151.

1855 4592 2168 4639 Humilitatis
2191 4602 2319 4638 verae
2355 4590 2515 4648 signa.
2548 4590 2655 4638 193.

1855 4657 2087 4716 Hymnus
2107 4654 2233 4713 quid
2249 4654 2452 4713 proprie
2475 4652 2685 4698 dicatur.
2713 4652 2757 4699 4.

2543 4762 2643 4826 I-J

1857 4878 2001 4925 Jacob
2027 4879 2075 4923 et
2096 4875 2269 4933 Israel,
2294 4872 2418 4934 quid
2443 4873 2746 4930 signiﬁcent.
2764 4870 2841 4934 63.

1855 4940 2002 4987 Jacob
2026 4939 2229 4986 nomine
2252 4931 2419 4983 decem
2447 4936 2607 4982 tribus
2631 4933 3004 4991 intelliguntur.
3033 4931 3140 4979 464.

1854 5002 2000 5051 Jacob
2025 5015 2137 5049 cum
2166 5001 2263 5046 Deo
2285 4999 2520 5046 luctatus.
2547 5000 2593 5043 et
2626 5009 2728 5058 seq.
2770 4997 2877 5046 465.

1856 5065 2003 5112 Jacob
2032 5062 2182 5111 Israel
2210 5061 2503 5120 appellatus.
2548 5061 2655 5109 467.

1788 5152 1795 5155 -
1854 5128 2002 5174 Jacob
2035 5139 2127 5186 pro
2162 5115 2347 5171 Rachel
2370 5128 2553 5181 septem
2577 5122 2726 5168 annis
2753 5118 2958 5167 servivit
2990 5116 3175 5164 Laban.
3203 5115 3314 5164 468.
3345 5118 3391 5160 el

1792 5228 1876 5262 860
1887 5252 1896 5261 .

1847 5228 2002 5325 (111001)
2030 5281 2076 5325 et
2109 5277 2249 5324 Judze
2274 5275 2478 5322 nomine
2511 5268 2959 5337 Israelinducitur.
3080 5327 3089 5337 .

1853 5341 2059 5387 Jactatio
2082 5339 2346 5387 nominum
2375 5336 2481 5386 sola
2504 5335 2563 5380 ad
2591 5330 2957 5380 defendendum
2979 5326 3259 5387 frigidaest.
3278 5328 3385 5376 439.

1855 5402 1993 5449 Idola
2016 5403 2068 5448 in
2096 5401 2267 5460 Galgal
2293 5400 2427 5447 culta
2455 5397 2608 5446 fuisse
2634 5397 2858 5460 refertur.
2879 5390 2985 5460 447.
3320 5398 3333 5401 ‘

1856 5464 1997 5513 Idola
2020 5469 2066 5509 et
2090 5457 2212 5510 fana
2229 5464 2459 5510 Gentium
2487 5457 2864 5508 concremanda.
2897 5457 3001 5507 544.

1857 5526 2156 5574 Idololatriaa
2186 5525 2392 5583 species.
2420 5525 2528 5574 423.

1854 5588 2103 5635 Idolorum
2137 5587 2378 5634 civitates.
2410 5586 2517 5634 431.

1854 5651 2076 5698 Idumam
2105 5660 2260 5708 quare
2281 5647 2569 5695 desolanda.
2605 5648 2712 5697 503.

1854 5712 2063 5760 Idumaei
2086 5713 2214 5758 Esau
2237 5710 2439 5769 posteri.
2465 5710 2573 5758 509.

1853 5775 1978 5823 Jehu
2003 5772 2176 5822 Nainsi
2199 5766 2338 5819 ﬁlius
2363 5772 2416 5818 in
2441 5783 2604 5831 regem
2636 5782 2786 5828 super
2802 5770 2951 5817 lsrael
2975 5766 3378 5815 suscitatur.399.

1796 5840 1841 5884 et
1862 5850 1967 5886 sea.

1854 5850 1981 5947 ξιξἕο
2005 5899 2227 5958 nomine,
2245 5895 2369 5957 quid
2390 5894 2721 5958 intelligatur.
2747 5893 2853 5958 400.

1855 5963 2084 6019 Jejunare
2103 5955 2241 6008 aliud
2261 5955 2309 6007 et
2333 5957 2470 6006 aliud
2493 5955 2699 6005 esurire.
2728 5956 2834 6004 485.
