3894 6432
460 400 479 454 ‘l
493 400 596 455 2’03

516 516 775 574 Jejunium
796 518 937 564 omni
961 518 1104 563 sexui
1128 523 1171 563 et
1196 518 1324 564 aetati
1354 517 1610 565 indicitur.
1643 517 1752 565 484.

516 580 771 626 Jeroboam
797 580 941 637 Regis
959 580 1260 627 idololatria.
1289 581 1364 628 43.

517 642 771 687 Jeroboam
811 643 873 687 ob
897 647 1231 700 contemptum
1257 642 1534 701 Religionis
1556 642 1616 687 ab
1641 642 1822 689 aulicis
1854 640 2052 686 exhila-

459 709 608 750 ratus.
643 706 749 752 434.

519 766 781 815 Jeroboam
808 765 955 812 initio
983 765 1239 815 Salomoni
1264 767 1462 813 invisus
1485 766 1547 814 ob
1564 766 1809 825 pietatem,
1842 776 2053 824 regnan-

459 829 510 874 di
532 827 803 886 cupiditate
828 830 1139 886 apostatavit.
1167 830 1275 877 443.

516 891 771 936 Jeroboam
797 892 1030 949 princeps
1054 890 1344 937 divisionis.
1363 892 1475 940 467.

516 953 786 999 Jerusalem
826 951 919 1015 (in)
966 959 1012 999 et
1046 954 1162 999 Sion
1194 959 1295 1001 tuta
1321 954 1415 999 erit
1444 951 1654 999 salvatio
1678 952 1729 999 in
1752 950 2051 1008 diejudicii.

460 1016 566 1065 499.
600 1019 644 1062 et
669 1028 774 1065 sca.

515 1028 789 1125 1,5323%
816 1077 944 1123 visio
971 1077 1106 1135 pacis
1136 1077 1503 1137 interpretatur.
1532 1079 1608 1126 49.

514 1140 787 1187 Jerusalem
813 1152 903 1185 cur
926 1139 1163 1186 incendio
1184 1140 1353 1187 hostili
1381 1140 1656 1200 plectenda.
1673 1142 1784 1187 513.

516 1203 738 1249 Jesrahel
762 1202 1039 1248 meretricis
1064 1203 1445 1261 primogenitae.
1480 1202 1586 1250 399.

516 1265 655 1323 ignis
681 1265 885 1311 nomine
910 1269 1224 1311 transcursus
1249 1266 1461 1312 flammae
1486 1264 1927 1323 intelligitur.342.

519 1327 821 1387 Ignorantia,
847 1326 1013 1373 cordis
1042 1332 1113 1373 est
1136 1329 1429 1374 obscuritas.
1459 1329 1533 1375 55.

521 1390 684 1435 Imber
709 1389 961 1435 serotiuus
985 1393 1031 1434 et
1054 1390 1348 1437 matutinus.
1387 1393 1493 1439 493.

521 1451 835 1510 [inpatientia
858 1452 1060 1510 signum
1084 1457 1153 1497 est
1182 1453 1403 1499 hominis
1430 1465 1527 1499 non
1547 1450 1686 1499 boni.
1712 1451 1816 1500 195.

520 1515 768 1572 Impietas,
794 1513 1026 1560 utilitatis
1050 1514 1243 1573 faciem,
1269 1516 1473 1571 ﬂagitiis
1498 1513 1737 1563 obtendit.
1762 1514 1869 1561 407.

520 1576 789 1634 Impietatis
816 1576 1006 1622 fructus
1024 1578 1276 1634 superbia.
1304 1579 1411 1626 527.

520 1637 669 1696 Impii
693 1652 781 1684 cur
805 1640 867 1684 de
892 1640 1238 1686 emendatione
1263 1653 1363 1686 non
1395 1641 1632 1697 cogitant.
1654 1638 1761 1687 425.

521 1700 793 1759 Impiorum
820 1701 1081 1747 conversio
1114 1702 1175 1747 ad
1204 1703 1352 1748 Deum
1378 1715 1526 1761 paena
1546 1705 1619 1747 est
1641 1700 1858 1747 diabolo.
1885 1700 1961 1746 37.

521 1763 790 1821 Impiorum
818 1764 1024 1809 nomina
1046 1778 1074 1809 a
1099 1764 1235 1810 vitiis
1260 1765 1508 1823 imposita.
1545 1765 1621 1812 67.

520 1824 794 1883 Impiorum
820 1825 1175 1884 saevitiajuvat
1196 1827 1257 1874 ad
1282 1827 1480 1885 piorum
1508 1839 1674 1873 usum.
1706 1828 1808 1875 166.

520 1887 709 1949 Impius
742 1888 937 1944 pulveri
959 1901 1049 1935 cur
1071 1888 1407 1936 adsimiletur.
1434 1891 1481 1937 9.
1509 1892 1554 1934 ct
1578 1901 1682 1949 seq.

521 1948 667 2007 Impii
692 1961 783 1995 cur
806 1962 903 1995 non
939 1963 1194 2007 resurgere
1212 1950 1264 1996 in
1287 1952 1476 2008 judicio
1502 1950 1748 1996 dicantur.
1780 1951 1851 1997 10.

521 2010 777 2057 Inaurium
804 2012 1008 2057 nomine
1032 2012 1311 2058 obedientia
1341 2013 1635 2057 ostenditur.
1666 2013 1771 2059 409.

520 2073 800 2131 Indigentia
822 2086 1007 2132 panum
1032 2075 1178 2119 datur
1202 2080 1309 2131 post
1336 2074 1561 2121 dentium
1586 2078 1857 2131 stuporem.
1891 2073 1996 2120 523.

521 2135 800 2192 Indignatio
833 2136 934 2196 Dei,
961 2134 1182 2193 imagine
1205 2137 1381 2182 Leonis
1406 2137 1724 2195 exprimitur.
1752 2136 1858 2182 519.

522 2197 769 2243 lnebriare
795 2199 1037 2253 homines,
1068 2198 1157 2258 qui
1182 2200 1309 2245 Deus
1331 2199 1543 2247 dicatur.
1573 2199 1684 2247 315.
1709 2201 1755 2243 et
1778 2210 1883 2258 seq.

521 2259 738 2319 Infantes
766 2272 823 2305 ac
842 2264 1091 2318 lactentes,
1117 2261 1206 2319 qui
1230 2261 1332 2307 sint
1356 2261 1409 2307 in
1432 2261 1609 2308 divino
1631 2261 1849 2319 eloquio.
1877 2261 1953 2308 42.

522 2318 756 2368 Infernus
780 2322 1017 2381 Assyrius
1044 2318 1262 2369 vocatur.
1293 2324 1403 2372 469.

523 2384 833 2441 Ingratitudo
868 2386 1194 2431 benflciorum
1231 2386 1333 2433 Dei.
1361 2387 1467 2435 124.

523 2446 755 2492 Inimicos
780 2448 1111 2508 confringere,
1139 2449 1260 2506 quid
1293 2449 1375 2495 sit.
1402 2449 1480 2496 85.

522 2508 757 2554 Inimicos
782 2510 1042 2566 exaltatur,
1070 2523 1159 2556 cur
1185 2523 1408 2568 peccasse
1434 2508 1801 2555 convincimur.
1828 2509 1905 2557 69.

520 2570 762 2616 Inimicus
787 2572 1038 2629 singulari
1068 2586 1275 2618 numero
1301 2571 1555 2618 diabolum
1580 2571 1847 2630 significat.
1877 2572 1953 2617 37.

522 2633 688 2691 Iniqui
714 2634 931 2694 pulveri,
957 2639 1040 2679 aut
1058 2635 1161 2681 luto
1178 2635 1553 2693 mquiparantur
1568 2633 1617 2678 in
1635 2632 1973 2679 sacrisliteris.
1989 2632 2067 2680 84.

522 2695 767 2752 Iniquitas
794 2697 966 2754 populi
993 2697 1251 2743 Israelitici
1288 2697 1489 2755 duplex.
1526 2697 1635 2745 455.

520 2759 846 2866 tangentem
890 2759 1185 2820 interficere,
1211 2764 1285 2805 est
1320 2774 1378 2805 ex
1420 2760 1682 2805 innocente
1706 2762 1964 2804 nocentem
1993 2758 2069 2804 fa-

520 2832 592 2866 re.
694 2854 702 2864 .

461 2832 592 2867 cere.
627 2820 702 2866 52.

525 2881 817 2928 Innocentia
837 2883 916 2928 via
939 2887 1013 2929 est
1044 2896 1145 2942 qua
1170 2882 1271 2929 itur
1296 2884 1355 2930 ad
1383 2887 1556 2932 Deum.
1586 2883 1689 2932 196.

528 2944 820 2991 Innocentis
844 2958 956 2991 vera
977 2952 1065 3002 est,
1097 2958 1193 2991 non
1224 2959 1399 2994 nocere
1424 2947 1649 2994 inimico.
1688 2945 1763 2993 40.

528 3007 874 3053 Innocentium
894 3009 998 3054 vita
1021 3008 1211 3066 qualis.
1246 3011 1352 3057 114.

529 3068 767 3115 Interiora
793 3071 923 3116 Deus
950 3071 1218 3128 conspicit.
1252 3073 1359 3119 423.

527 3130 759 3188 Josapbat
781 3133 928 3178 vallis
956 3133 1094 3178 locus
1122 3133 1427 3179 concisionis
1453 3137 1672 3181 vocatur.
1700 3132 1809 3179 503.

530 3194 607 3239 Ira
641 3193 692 3239 in
727 3194 922 3249 judicio
950 3197 1132 3247 futuro,
1165 3200 1209 3241 et
1239 3197 1379 3241 furor
1402 3195 1578 3251 quales
1598 3194 1652 3241 in
1678 3194 1773 3241 Deo
1797 3194 1962 3241 erunt.
1991 3194 2065 3241 12.

528 3255 617 3300 Irae
640 3261 685 3301 et
709 3254 892 3302 furoris
922 3258 1003 3302 Dei
1028 3258 1321 3307 differentia.
1355 3259 1462 3307 349.

527 3317 673 3363 Irasci
694 3317 791 3364 sibi
816 3320 955 3365 debet
981 3326 1203 3378 peccator
1225 3322 1290 3368 ob
1306 3319 1551 3380 praeterita
1576 3319 1810 3377 crimina,
1831 3321 1874 3364 et
1899 3332 1927 3364 a
1958 3329 2070 3375 pec-

464 3383 572 3425 cato
597 3380 851 3431 desistere.
877 3383 952 3430 21.

526 3442 728 3489 Irritare
759 3444 928 3501 Deum,
942 3443 1031 3502 qui
1054 3445 1304 3493 dicantur.
1318 3446 1395 3493 27.

526 3505 675 3550 Israel
702 3506 824 3563 quid
851 3508 931 3554 sit.
960 3508 1067 3555 114.

528 3567 676 3612 Israel
702 3569 905 3615 matula:
938 3573 1266 3627 comparatus.
1297 3569 1405 3617 473.

527 3629 675 3691 Israel
700 3629 835 3676 idola
857 3630 1046 3687 abjicit.
1075 3633 1182 3678 472.
1210 3634 1255 3677 et
1277 3642 1380 3691 seq.

525 3690 727 3753 Israelis
750 3693 970 3753 nomine,
995 3692 1121 3750 quid
1145 3690 1553 3753 intelligendum.
1581 3693 1688 3741 339.

529 3752 767 3800 Israelita:
796 3768 824 3799 a
860 3756 998 3813 Syris
1016 3767 1145 3812 saepe
1168 3752 1413 3812 oppressi.
1444 3756 1553 3804 5‘20.

528 3815 763 3862 Israelita:
788 3818 849 3863 ad
874 3817 996 3877 quid
1016 3822 1252 3864 vocentur
1277 3822 1497 3877 potentes
1521 3822 1565 3864 et
1590 3818 1803 3864 robusti.
1830 3819 1939 3865 5‘29.

525 3878 780 3925 Israelitici
809 3880 980 3939 populi
1006 3880 1619 3938 adolescentia,juventus
1636 3884 1939 3927 etsenectus.
1956 3880 2063 3928 433.

526 3939 828 3987 Israeliticus
872 3943 1086 4001 populus
1123 3944 1404 3990 Ariolorum
1433 3942 1637 3991 vocibus
1660 3943 1872 3990 libenter
1898 3956 2066 3988 aurem

464 4002 696 4059 praabuit.
725 4006 832 4053 467.

522 4064 745 4113 Jubilare
768 4067 891 4125 quid
918 4068 997 4116 sit.
1031 4069 1138 4117 319.

524 4126 696 4173 Iudaea
719 4142 748 4175 a
785 4131 877 4185 Deo
897 4127 1069 4179 electa.
1096 4131 1204 4179 395.

522 4188 680 4254 Judaei
727 4192 855 4237 mira
899 4193 981 4238 Del
1020 4192 1370 4254 dispesitione,
1408 4192 1664 4240 Christum
1700 4191 2066 4249 crucifigentes,

466 4250 771 4361 volugnta‘tem
800 4254 1029 4302 Divinam
1054 4250 1556 4315 perfecerunt,quam
1581 4254 1825 4313 putabant
1848 4254 2069 4301 destrue-

467 4326 535 4361 re.
605 4348 613 4358 .
642 4327 668 4360 e
718 4328 823 4361 sea.

467 4326 535 4374 re,
568 4317 613 4361 9.
642 4317 687 4360 ει
718 4328 823 4374 seq.

536 4330 697 4423 erlgi
718 4330 823 4424 stielii
841 4378 927 4425 Dei
953 4380 1219 4426 mendaces
1244 4379 1502 4425 dicuntur.
1530 4379 1607 4428 84.

526 4436 720 4501 Judaici
748 4442 921 4500 populi
952 4442 1135 4501 duplex
1164 4440 1426 4500 iniquitas.
1451 4442 1561 4490 457.

526 4500 689 4549 Judaei
719 4508 1001 4562 contemptu
1024 4500 1393 4561 ’spiritualium
1426 4505 1781 4563 magistrorum
1808 4505 2069 4564 Propheta-

466 4575 577 4609 rum
601 4578 706 4611 mer
723 4570 901 4612 uerunt
924 4566 1103 4613 abduci
1123 4567 1175 4612 in
1201 4566 1552 4623 captivitatem.
1582 4568 1687 4616 443.

524 4625 686 4674 Judtei
708 4630 897 4687 quibus
921 4629 1099 4675 diebus
1129 4628 1475 4678 lasciviebaut.
1503 4631 1611 4679 409.

524 4687 711 4752 Iudaeis
737 4691 890 4736 Deum
914 4692 1080 4737 solum
1102 4692 1344 4752 innotuit,
1362 4693 1470 4741 515.

526 4750 815 4798 Judteorum
842 4754 1059 4813 populus
1082 4750 1338 4813 praecepta
1353 4754 1475 4812 legis
1499 4755 1657 4814 solus,
1684 4753 1872 4813 quibus
1894 4753 2067 4800 obedi-

472 4816 544 4858 ret
568 4815 773 4871 accepit.
799 4815 908 4863 410.

527 4875 814 4922 Iudaeorum
845 4883 1197 4937 argumentum
1233 4880 1293 4926 (le
1323 4879 1520 4927 Christo
1550 4877 1838 4925 occidendo.
1868 4880 1973 4928 123.

527 4938 817 4985 Iudaeorum
841 4944 888 4986 et
916 4942 1033 4988 Adin
1056 4955 1120 4988 an
1138 4948 1397 5001 peccatum
1423 4943 1576 4989 fuerit
1599 4941 1811 5000 aequale.
1836 4942 1942 4990 429.

528 5001 813 5048 Jndaaorum
840 5004 1094 5051 calamitas
1129 5018 1311 5063 magna
1335 5008 1381 5051 et
1406 5006 1556 5051 ruina
1578 5004 1865 5062 exponitur.
1894 5005 2002 5053 483.
2027 5006 2072 5050 et

468 5075 571 5124 seq.

528 5125 815 5174 Judaaorum
836 5128 1093 5186 jactantia.
1120 5130 1229 5177 291.

534 5188 826 5237 Judicantis
848 5195 1035 5251 quanta
1060 5192 1297 5249 gravitas.
1328 5191 1433 5238 437.

529 5251 761 5298 Judicare
788 5257 985 5311 terram,
1005 5254 1129 5312 quid
1157 5254 1211 5300 in
1236 5252 1466 5303 Psalmis.
1496 5254 1571 5301 15.

470 5313 760 5423 5{‘Judicare
800 5315 1074 5374 pupillum,
1099 5319 1145 5361 et
1177 5315 1404 5373 judicare
1436 5314 1651 5376 pupillo,
1677 5316 1799 5375 quid
1824 5316 2069 5362 differant.

529 5438 727 5502 Iudicia
750 5439 866 5499 duo,
896 5453 1057 5486 unum
1084 5440 1356 5502 occultum,
1387 5440 1598 5487 alterum
1622 5441 1963 5488 manifestum.
1989 5441 2066 5489 45.

533 5501 720 5548 Judicii
746 5502 913 5549 ultimi
940 5503 1064 5549 dies.
1083 5505 1189 5551 495.

529 5563 714 5610 Judicii
739 5566 939 5611 venturi
964 5566 1249 5625 descriptio.
1275 5568 1353 5614 93.

528 5626 843 5672 Judiciorum
880 5628 961 5674 Dei
988 5630 1273 5675 encomium
1304 5633 1351 5674 et
1374 5628 1686 5675 excellentia.
1713 5633 1758 5678 9.

527 5688 781 5734 Jndieium
817 5703 997 5749 amare,
1027 5691 1144 5750 quis
1174 5693 1386 5738 dicatur.
1415 5693 1521 5739 143.

530 5750 787 5813 Iudicium
815 5750 1042 5799 futurum
1068 5767 1153 5811 per
1184 5755 1367 5813 ignem.
1394 5754 1503 5802 247.

532 5812 785 5874 {udicium
812 5814 861 5859 in
889 5815 1219 5874 absynthium
1245 5821 1549 5862 convertere.
1586 5814 1694 5861 5‘27.

533 5872 786 5919 Judicium
812 5876 872 5920 ad
899 5872 1067 5931 ignem
1092 5892 1283 5925 v0care.
1312 5879 1418 5925 553.

537 5934 789 5978 Indicium
816 5938 897 5981 Dci
926 5938 1151 5985 innoxiis
1174 5941 1337 5985 dulce
1368 5941 1472 5988 528.

2000 402 2222 452 INDEX

3629 394 3771 448 1:204

2213 517 2555 565 Juramentum
2592 518 2829 575 jurantis,
2874 516 2998 574 quid
3035 529 3064 563 a
3091 516 3378 572 juramento
3410 512 3778 574 prophetantis

2156 580 2367 626 diil'erat.
2396 582 2472 628 36.
3290 620 3295 627 .

2213 644 2387 688 Jurare
2410 644 2464 688 in
2488 642 2602 689 dolo
2626 642 2874 701 proximo,
2898 640 3021 699 quid
3046 641 3127 688 sit.
3172 641 3272 689 104.

2214 704 2405 751 Juravit
2429 718 2517 762 pro
2540 705 2759 751 decrevit
2783 705 3018 762 positum.
3056 704 3162 751 521.

2214 767 2507 812 Justiticatio
2532 767 2769 815 hominis.
2796 766 2931 812 unde
2954 766 3199 823 procedat.
3220 766 3327 813 341.
3346 770 3389 811 et
3414 777 3519 826 seq.

2214 830 2411 874 Justitia
2450 831 2577 875 Deus
2611 831 2903 887 appellatur.
2946 830 3053 876 527.
3082 828 3282 885 Duplex,
3311 828 3468 883 major
3495 832 3542 871 et
3567 826 3761 871 minor.

2153 892 2231 940 25.
2256 892 2454 937 Justitia
2477 897 2523 936 et
2547 892 2784 939 rectitude
2806 891 2861 937 in
2884 904 2987 949 quo
3020 890 3315 947 discrepent.
3341 892 3448 939 141.
3475 888 3688 935 Justitia
3719 892 3765 949 et

2153 955 2333 1000 veritas
2366 967 2625 1012 personam
2654 967 2751 999 non
2791 953 3067 1011 accipiunt.
3101 954 3176 1001 64.
3211 953 3325 998 Sine
3350 964 3522 1011 pugna
3544 948 3759 995 retineri

2155 1029 2255 1062 non
2280 1022 2453 1074 potest.
2479 1018 2556 1065 81.
2585 1019 2640 1064 In
2672 1016 2858 1075 quibus
2882 1015 3125 1063 consistit.
3153 1016 3256 1063 150.
3290 1016 3345 1060 In
3370 1026 3471 1071 quo
3498 1017 3756 1058 versetur.

2158 1080 2262 1135 1'23,
2289 1080 2406 1124 Adin
2429 1093 2528 1137 quo
2548 1084 2686 1137 pacto
2710 1079 2843 1125 lzesa.
2871 1080 2979 1127 163.

2212 1142 2425 1187 Iustitia;
2449 1144 2655 1197 semitae,
2682 1155 2795 1200 quas
2817 1140 2933 1187 sint.
2962 1142 3071 1188 142.
3094 1139 3307 1185 Justitize
3333 1150 3521 1184 merces
3543 1141 3759 1183 aeterna.

2156 1206 2263 1252 102.
2279 1204 2492 1249 Justitiaa
2505 1217 2653 1250 verus
2676 1199 2859 1251 doctor.
2885 1206 2994 1252 495.
3013 1201 3501 1259 Justitiamjudicare
3523 1199 3585 1246 ad
3604 1210 3760 1257 quem

2154 1269 2355 1324 spectet.
2382 1268 2460 1313 45.
2484 1267 2733 1312 Justitiam
2760 1267 2864 1323 Dei,
2891 1268 2981 1325 qui
3004 1265 3328 1312 abscondunt.
3358 1263 3468 1311 189.

2202 1329 2469 1389 'Justitiain
2495 1330 2727 1388 vendere,
2745 1330 2831 1387 qui
2857 1329 3172 1387 dicantur,et
3194 1326 3513 1385 sapientiam.
3550 1325 3660 1371 117.

2215 1391 2439 1436 Justitias
2458 1391 2707 1451 judicare,
2732 1392 2853 1449 quid
2878 1394 2957 1437 sit.
2986 1391 3094 1451 381.

2217 1453 2459 1499 Juventus
2483 1454 2655 1512 populi
2681 1454 2955 1501 Israelitici.
2986 1450 3095 1500 455.

2938 1548 2989 1611 L

2226 1661 2374 1708 Labia
2408 1660 2595 1717 dolosa,
2620 1658 2764 1717 quid.
2796 1660 2873 1707 71.

2222 1722 2395 1772 Laetari
2422 1728 2467 1765 et
2492 1721 2706 1775 gaudere
2730 1722 2785 1766 in
2809 1719 3048 1775 Domino,
3074 1719 3197 1778 quid
3218 1718 3299 1765 sit.
3328 1717 3403 1765 45.
3429 1720 3473 1763 et
3497 1729 3603 1778 seq.

2222 1785 2410 1835 Lzetitia
2438 1785 2665 1842 superba,
2694 1783 2863 1829 inanis
2886 1784 3090 1829 affectus
3113 1787 3202 1828 est.
3228 1782 3302 1828 36.
3327 1783 3371 1827 et
3394 1792 3499 1841 seq.

2224 1848 2427 1898 Ltetitize
2450 1853 2496 1891 et
2522 1845 2847 1892 exultationis
2871 1846 3173 1891 differentia.
3200 1844 3307 1890 329.

2220 1910 2521 1972 Lapillorum
2551 1910 2753 1972 nomine
2781 1908 2987 1972 firmitas
3012 1904 3410 1972 indicatur._557.

2230 1964 2456 2034 Laqueus
2481 1971 2708 2017 occultus
2733 1970 2993 2030 malorum,
3020 1974 3067 2015 et
3089 1982 3175 2027 pes
3211 1968 3455 2013 malorum
3479 1964 3761 2011 eorundem

2163 2040 2237 2088 49.
2270 2042 2314 2084 et
2338 2047 2443 2088 seq.

2224 2048 2450 2158 £54533;
2485 2095 2851 2156 positus,quld.
2882 2095 2990 2158 5‘20.

2229 2156 2455 2219 Laqueus
2490 2158 2543 2202 in
2568 2158 2793 2213 Psalmis,
2821 2157 2944 2214 quid
2969 2157 3181 2219 denotet.
3214 2156 3317 2203 112.

2227 2218 2475 2282 Laqueum
2500 2221 2695 2277 aperire
2719 2225 2764 2265 et
2786 2220 3015 2277 etl‘odere,
3033 2218 3175 2277 quid.
3203 2221 3277 2266 41.

2228 2286 2447 2334 Laudare
2470 2285 2621 2328 Deum
2647 2287 2744 2327 tota
2773 2283 2871 2339 die,
2892 2284 3014 2340 quid
3044 2282 3147 2329 159.
3173 2284 3217 2326 et
3244 2292 3347 2340 seq.

2230 2348 2449 2395 Laudare
2476 2347 2625 2391 Deum
2647 2357 2748 2403 quo
2772 2350 2911 2402 pacto
2948 2345 3094 2389 homo
3116 2344 3306 2390 debeat.
3326 2344 3431 2391 313.

2229 2414 2411 2459 Lavare
2441 2412 2487 2454 et
2516 2400 2679 2465 rigare
2712 2400 2949 2464 lacrymis
2972 2407 3172 2466 lectum,
3197 2406 3319 2464 quid
3344 2404 3593 2449 differant.
3620 2400 3698 2447 30.

2229 2476 2413 2521 Lavare
2436 2483 2616 2517 manus
2642 2470 2773 2515 inter
2798 2470 3107 2515 innocentes.
3142 2469 3249 2516 115.
3277 2470 3321 2513 et
3344 2479 3447 2528 seq.

2235 2538 2365 2583 Laus
2389 2534 2473 2580 Dei
2508 2534 2559 2579 in
2587 2545 2670 2578 ore
2694 2534 2963 2590 peccatoris
2986 2531 3153 2589 qualis
3184 2531 3263 2576 sit.
3289 2530 3365 2576 95.

2230 2601 2357 2645 Laus
2391 2599 2484 2641 Deo
2516 2594 2852 2652 acceptabilis,
2884 2608 2998 2651 quae
3020 2592 3100 2640 sit.
3134 2595 3235 2642 119.

2228 2662 2377 2717 Leges
2404 2659 2487 2705 Dei
2512 2659 2565 2702 in
2594 2646 2961 2702 Denteronomii
2990 2656 3245 2701 volumine
3275 2651 3624 2717 continentur:
3652 2646 3758 2698 441.

2232 2713 2323 2770 Leo
2346 2726 2391 2767 et
2417 2722 2589 2776 DraCo,
2612 2719 2734 2777 quid
2748 2718 2879 2778 apud
2900 2717 3131 2764 Davidem
3155 2718 3210 2764 in
3233 2715 3439 2764 Psalmis
3456 2713 3761 2773 signiﬁcent.

2234 2852 2418 2895 Leones
2445 2858 2532 2903 pro
2556 2843 2929 2901 Regibus.'521.
2956 2847 3005 2907 et,
3024 2856 3129 2904 seq.
3186 2905 3226 2907 Α
3280 2903 3311 2907 _
3364 2903 3381 2907 _
3404 2902 3417 2907 _
3457 2902 3466 2907 _
3547 2898 3578 2907 __
3606 2898 3615 2907 ,

2234 2912 2325 2956 Lex
2352 2898 2462 2967 Dei,
2482 2898 2821 2953 testimﬁonium
2847 2920 2936 2952 cur
2959 2898 3155 2951 dicatur
3177 2905 3254 2952 87.
3279 2903 3333 2949 Et
3355 2902 3518 2949 fidele.
3538 2898 3668 2947 Ibid.

2235 2976 2326 3020 Lex
2353 2971 2527 3029 literae,
2560 2973 2607 3015 et
2638 2970 2715 3014 lex
2742 2969 2930 3026 gratia}.
2962 2971 3067 3016 112.

2235 3035 2377 3082 Liber
2403 3032 2505 3084 Dei.
2532 3032 2655 3090 quid
2680 3032 2762 3079 sit.
2789 3032 2899 3080 350.

2236 3098 2451 3145 Libertas
2476 3093 2757 3141 infelicitati
2792 3093 3037 3151 proxima.
3066 3093 3172 3141 300.

2235 3160 2396 3207 Liberi
2428 3157 2621 3203 arbitrii
2643 3150 2864 3202 efﬁcacia
2890 3156 2942 3201 in
2976 3154 3195 3211 homine,
3218 3152 3340 3213 quid
3379 3151 3553 3212 possit.
3584 3150 3689 3197 119.
3719 3152 3761 3193 et

2171 3237 2255 3270 seu
2311 3228 2356 3267 et
2380 3221 2491 3269 354.

2234 3237 2491 3333 δὲζτὲῧῖ
2514 3280 2852 3328 Israelitarum
2878 3281 2939 3327 ab
2968 3279 3258 3339 .Egyptiaca
3282 3276 3521 3324 servitute
3544 3274 3762 3321 celebra-

2172 3354 2251 3394 tur
2280 3344 2605 3393 carminibus.
2634 3344 2739 3391 100.

2234 3409 2367 3456 Libri
2393 3420 2505 3454 cum
2525 3407 2733 3463 pulchra
2758 3405 2880 3450 urbe
2910 3403 3126 3450 collatio.
3153 3405 3198 3452 1.
3236 3405 3281 3448 et
3303 3414 3403 3461 seq.

2234 3470 2375 3531 Ligni
2400 3469 2620 3526 nomine,
2647 3469 2772 3526 quid
2798 3468 3051 3531 Scriptura
3074 3467 3317 3525 designat.
3344 3463 3449 3513 115.

2234 3534 2410 3582 Limus
2436 3533 2488 3577 in
2514 3530 2690 3590 sacris,
2719 3530 2860 3590 quid.
2897 3530 3004 3577 343.

2234 3599 2426 3649 Lingua
2452 3593 2759 3638 indomabile
2783 3592 3083 3641 membrum.
3107 3592 3216 3640 150.

2235 3661 2435 3716 Linguae
2463 3656 2691 3701 custodia
2708 3656 2883 3714 quanti
2910 3652 3235 3701 emolumenti
3261 3651 3339 3699 sit.
3375 3651 3477 3699 178.

2233 3723 2390 3769 Locus
2420 3732 2507 3777 pro
2531 3718 2688 3764 cubili
2714 3717 2927 3776 positus.

2233 3773 2437 3830 Locusta
2470 3781 2680 3826 saltibus
2714 3773 2879 3839 potius
2916 3784 3159 3838 movetur,
3181 3790 3331 3836 quam
3370 3773 3755 3839 gressibus.489.

2232 3849 2552 3893 Locustarum
2580 3836 2803 3897 nomine,
2827 3842 2951 3901 quid
2974 3836 3373 3900 intelligendum.
3397 3840 3504 3887 494.
3522 3836 3755 3885 Gentium

2174 3921 2351 3956 nomen
2378 3906 2687 3964 designatur.
2722 3907 2828 3954 482.

2232 3975 2551 4018 Locustarum
2575 3968 2905 4025 imaginibus,
2929 3965 3428 4031 quidrsentiendum.‘
3660 4029 3664 4031 Δ
3729 4024 3736 4031 ‘

2233 4034 2452 4083 Locutio,
2478 4032 2541 4077 ob
2561 4044 2713 4090 quam
2735 4042 2991 4077 sacrorum
3008 4029 3265 4076 Librorum
3283 4027 3536 4086 praecipue
3558 4027 3756 4071 auctori-

2173 4100 2245 4143 tas
2270 4095 2505 4142 notanda.
2541 4096 2646 4141 438.

2235 4157 2610 4217 Longanimitas
2656 4156 2739 4203 Dei
2777 4155 2942 4201 diti‘ert
2974 4153 3217 4201 ultionem
3253 4153 3306 4199 in
3343 4151 3493 4210 longa
3524 4155 3753 4207 tempore.

2171 4223 2281 4271 535.

2239 4282 2569 4342 Loquacitatis
2603 4282 2745 4338 vitio,
2784 4293 2898 4341 qua)
2931 4279 3114 4327 damna
3137 4277 3430 4324 hominibus
3452 4272 3750 4330 contingant.

2171 4348 2249 4395 57.

2234 4408 2394 4466 Loqui
2420 4419 2571 4464 opera
2598 4406 2881 4462 hominum,
2899 4404 3024 4462 quid
3051 4405 3134 4452 sit.
3160 4404 3237 4450 72.

2236 4462 2518 4517 Luciferum
2556 4471 2791 4527 tanquam
2817 4467 3079 4527 proprium
3111 4466 3264 4512 Deum
3292 4463 3550 4512 Sarraceni
3574 4462 3750 4509 colunt.

2237 4596 2340 4642 Lux
2366 4582 2556 4653 gratior'
2575 4594 2627 4640 fit
2651 4598 2759 4651 post
2784 4593 3033 4640 tenebras.
3071 4592 3145 4639 51.

2235 4652 2404 4703 Luxus
2431 4657 2632 4716 quando
2657 4658 2785 4702 inter
2816 4656 3015 4703 Judteos
3038 4652 3256 4713 vigebat.
3285 4652 3392 4700 408.

2938 4768 3003 4832 M

2236 4879 2616 4926 Madianitarum
2655 4880 2892 4924 mulieres
2917 4877 3108 4931 habitu,
3136 4883 3181 4923 et
3208 4883 3347 4935 gestu
3372 4877 3647 4923 meretricio
3671 4877 3750 4921 ob-

2173 4942 2304 4988 viam
2332 4942 2601 4988 Israelitico
2626 4941 2865 4987 exercitui
2894 4946 3257 4998 processerunt.
3288 4939 3393 4987 446.

2233 5004 2373 5063 Mala,
2391 5017 2505 5064 quas
2532 5005 2869 5061 imprecantur
2887 5016 3037 5062 super
3061 5003 3259 5048 Etl‘raim
3284 5007 3329 5048 et
3345 5002 3545 5061 Tyrum.
3562 5002 3666 5049 447.

2235 5067 2357 5113 Mala
2384 5069 2618 5112 universa
2645 5066 2792 5115 unde.
2834 5068 2937 5115 490.

2236 5129 2359 5176 Mala
2384 5130 2603 5188 plurima
2624 5129 2812 5176 Judzeis
2838 5135 3049 5175 ventura
3061 5140 3149 5186 per
3169 5128 3335 5173 varias
3352 5124 3646 5185 captivitatis
3657 5139 3749 5184 spe-

2173 5193 2273 5239 cies
2299 5196 2673 5238 enumerantur.
2702 5193 2807 5241 500.

2238 5254 2377 5313 Mala,
2405 5266 2519 5314 qua:
2554 5254 2605 5299 in
2636 5255 2725 5299 hoc.
2737 5255 2921 5300 srcculo
2935 5267 3021 5312 pro
3046 5253 3141 5299 Deo
3166 5252 3398 5314 patimur,
3423 5249 3630 5296 minima
3646 5257 3747 5297 sunt

2176 5318 2219 5363 si
2246 5330 2362 5363 cum
2398 5312 2544 5364 bonis
2579 5317 2867 5363 cmlestibus
2892 5316 3227 5361 conferantur.
3258 5312 3332 5362 14.

2237 5380 2361 5425 Mala
2385 5382 2638 5439 voluntas,
2664 5381 2787 5437 quid
2821 5394 2846 5424 ει
2873 5380 3042 5424 dolore
3069 5378 3279 5424 dierrat.
3309 5378 3383 5425 38.

2235 5437 2634 5502 Maledictiones,
2653 5443 2731 5488 bis
2755 5443 2844 5501 qui
2869 5442 3192 5488 czcremonias
3218 5439 3298 5484 Dei
3325 5437 3615 5496 repulerint,
3636 5451 3746 5484 enu-

2176 5511 2431 5551 merantur
2456 5507 2563 5553 343.

2236 5569 2349 5613 Mali
2375 5573 2841 5625 quantumcumque
2864 5572 3085 5625 potentes
3104 5565 3224 5624 sint,
3242 5564 3496 5621 deepectui
3513 5568 3624 5609 sunt
3638 5563 3744 5608 viri:

2172 5631 2374 5677 sanctis.
2404 5632 2478 5679 65.

2238 5694 2352 5739 Mali
2375 5707 2466 5739 cur
2491 5694 2740 5751 permissu
2767 5694 2848 5738 Dei
2880 5692 3085 5738 floreant
3110 5691 3205 5737 hoc
3228 5689 3277 5734 in
3303 5688 3504 5736 saeculo.
3534 5691 3632 5735 370.

2238 5757 2575 5813 Malignantes,
2603 5756 2691 5814 qui
2711 5757 2959 5802 dicantur.
2988 5755 3094 5802 163.

2234 5819 2611 5872 Malignantium
2636 5824 2681 5863 ct
2705 5819 2975 5876 impiorum
3002 5815 3289 5862 discrimen.
3320 5815 3423 5863 115.

2238 5882 2485 5937 Malignus
2509 5882 2652 5939 quasi
2678 5881 2811 5927 malo
2841 5881 2957 5938 igne
2977 5879 3179 5938 plenus.
3205 5879 3280 5926 21.

2237 5944 2459 5989 Mandata
2489 5944 2571 5989 Dei
2608 5957 2775 5990 amara
2800 5942 2967 6002 malis,
2999 5942 3167 5988 dulcia
3193 5954 3307 5985 vero
3333 5940 3493 5986 bonis.
3512 5942 3583 5986 8'7.
