3894 6428
150 445 279 499 1205

161 565 338 671 ὺμᾶαηθ
361 563 412 609 in
443 565 616 620 sacris,
638 562 781 622 quid.
807 566 885 612 21.
912 563 1039 616 Quid
1072 563 1189 610 item
1216 574 1332 621 nox,
1359 562 1731 622 ctquidjacere.

192 640 210 671 1
255 663 264 671 .

134 624 264 673 Ibid.

197 688 346 734 Maria
369 686 520 745 Virgo
537 688 713 733 velleri
737 693 1068 745 comparatur,
1099 694 1143 733 et
1174 700 1342 747 quare.
1371 690 1480 737 363.

198 751 459 808 Martyrem
487 762 585 795 non
613 750 726 795 facit
754 763 917 807 pmna,
941 751 1025 795 sed
1052 764 1245 798 caussa.
1277 751 1382 798 160.

199 814 478 869 Martyrem,
503 811 622 868 quid
651 813 846 859 efﬁciat.
873 814 983 859 217.

198 873 419 931 Martyrii
443 873 542 917 duo
566 886 763 931 genera.
792 876 897 921 218.
927 878 970 919 et
993 886 1095 933 seq.

196 938 372 983 Matres
397 936 614 981 ﬁliorum
641 936 879 981 carnibus
902 939 1187 982 vescuntur.
1217 938 1327 985 250.

199 999 427 1045 Medendi
455 1000 764 1056 propositum
790 1011 987 1055 semper
1012 998 1063 1044 in
1102 1000 1196 1044 Deo
1220 1004 1308 1044 est.
1337 1000 1471 1046 526.‘
1618 1057 1625 1059 Α
1720 1048 1729 1059 ,

197 1060 455 1107 Medicinae
484 1062 645 1105 ofﬁcia
682 1062 812 1107 duo:
853 1062 1061 1106 alterum
1089 1074 1189 1119 quo
1214 1067 1420 1107 sanatur
1444 1057 1730 1115 infirmitas,

132 1125 343 1169 alterum
367 1135 466 1180 quo
488 1122 767 1168 Custoditur
791 1124 995 1170 sanitas.

199 1186 448 1232 Medorum
496 1185 715 1242 captivos
750 1185 1087 1230 Sennacherib
1115 1184 1284 1241 posuit
1310 1184 1360 1230 in
1387 1183 1584 1230 Haillan
1609 1184 1729 1229 etin

136 1248 266 1294 Aher
285 1248 427 1303 juxta
454 1246 664 1292 ﬂuvium
692 1247 869 1292 Gosam
896 1248 948 1292 in
970 1247 1168 1292 civitate
1193 1248 1464 1295 Medorum.
1484 1246 1592 1294 469.

200 1310 436 1355 Melehom
454 1309 838 1357 simulachrum.
865 1311 973 1358 511.

199 1371 413 1417 Membra
438 1375 601 1417 nostra
627 1371 931 1430 quandoque
959 1370 1080 1416 vitia
1104 1370 1541 1430 signiﬁcant,qute
1557 1368 1734 1416 morti-

135 1435 283 1481 ﬁcare
307 1433 561 1480 debemus.
582 1435 657 1481 83.

201 1496 447 1542 Mendacia
465 1508 584 1541 suos
606 1499 847 1542 amatores
877 1496 1150 1554 decipiunt.
1165 1498 1218 1544 21
1234 1528 1247 1541 .

200 1558 564 1603 Mendaciorum
592 1570 792 1615 genera.
827 1560 904 1606 22.

201 1620 455 1665 Mendacia
486 1620 641 1679 loqui,
673 1622 763 1678 qui
792 1620 1039 1668 dicantur.
1061 1621 1140 1669 21.
1167 1623 1211 1666 et
1233 1632 1339 1681 seq.

201 1682 514 1727 Mendacium
547 1695 637 1740 pro
688 1683 813 1729 falsa
856 1683 1120 1742 religione,
1146 1680 1352 1741 ponitur
1384 1682 1435 1726 in
1460 1680 1730 1739 Scriptura.

203 1808 368 1852 Mensa
404 1806 458 1851 in
493 1805 647 1851 sacris
672 1817 759 1863 pro
785 1808 1040 1865 Scriptura
1063 1805 1237 1852 divina
1260 1806 1560 1864 plerumque
1578 1805 1729 1863 poni-

142 1877 242 1916 tur.
269 1869 376 1916 349.

201 1930 395 1976 Mentiri
421 1932 495 1973 est
518 1929 741 1975 occidere
765 1930 1004 1977 animam.
1041 1931 1119 1979 22.

203 1993 377 2039 Mentis
400 1992 595 2037 sincera
623 1994 822 2038 etiectus
847 1992 933 2037 ubi
956 1993 1109 2048 deest,
1133 2006 1161 2037 a
1189 1992 1462 2050 crapulatis
1486 1990 1596 2038 fura
1618 2003 1735 2048 sup-

142 2053 366 2115 plicatio,
392 2055 491 2098 rise
517 2054 727 2099 ululatis
750 2055 1175 2103 nominatur.537.

207 2118 384 2162 Mentis
414 2117 608 2161 caecitas
632 2121 678 2161 et
703 2117 935 2163 turbatio.
961 2119 1038 2165 29.

207 2178 382 2225 Mentis
406 2190 655 2235 excessus,
685 2178 808 2235 quid
833 2180 899 2223 sit
928 2181 1035 2227 138.

205 2242 383 2287 Merces
405 2240 820 2300 Christianorum,
849 2254 963 2297 qua:
988 2243 1069 2288 sit.
1098 2242 1205 2288 112.

208 2305 389 2349 Merces
413 2315 441 2347 a
466 2303 558 2347 Deo
578 2302 825 2361 promis>a
849 2304 1099 2348 ﬁdelibus"
1132 2304 1234 2351 191.

202 2364 371 2411 Merita
398 2365 661 2410 hominum
693 2365 752 2408 ad
778 2365 900 2421 quid
926 2366 1135 2423 prosint.
1162 2366 1271 2413 217.
1301 2368 1348 2413 et
1369 2378 1474 2426 seq.

200 2426 390 2472 Meritis
415 2440 479 2472 an
509 2426 694 2472 ﬁducia
710 2426 956 2475 habenda.
995 2427 1070 2475 36.

202 2489 488 2534 Meritorum
519 2489 669 2534 Israel
699 2496 973 2546 expunctor
996 2490 1142 2537 Deus.
1169 2490 1276 2538 526.

200 2552 430 2597 Meritum
455 2551 796 2596 exauditionis
828 2564 913 2608 per
939 2552 1211 2599 Christum.
1237 2551 1345 2599 123.

205 2614 377 2659 Messis
402 2612 627 2669 nomine,
653 2612 909 2659 calamitas
937 2614 1104 2659 vicina
1123 2619 1169 2659 et
1189 2614 1416 2672 proxima
1435 2611 1732 2659 ostenditur.

206 2736 382 2783 Milites
405 2735 666 2781 lsraelitici
690 2749 779 2783 cur
802 2736 855 2782 in
880 2737 1154 2783 solitudine
1178 2738 1380 2787 mortui.
1410 2738 1518 2786 406.

204 2799 357 2854 Mille,
395 2799 749 2856 perfectionem
780 2804 1037 2849 monstrat.
1072 2800 1179 2849 295.

207 2860 454 2908 Mirabilia
478 2862 563 2906 Dei
588 2873 678 2907 cur
711 2866 999 2910 narrentur.
1030 2864 1107 2911 43.

208 2922 599 2970 Misericordiam
622 2920 714 2984 (ad)
733 2928 995 2981 promptus
1008 2927 1156 2973 Deus.
1176 2926 1283 2975 543.

209 2984 561 3031 Misericordiae
587 2988 890 3043 exemplum.
918 2988 1024 3037 539.

209 3047 573 3094 Misericordias
597 3061 715 3094 suas
747 3050 901 3094 Deum
928 3050 1214 3109 miriﬁcare,
1237 3049 1379 3109 quid.
1404 3052 1480 3098 73.

210 3109 555 3156 Misericordia
584 3110 686 3168 Dei,
712 3114 758 3157 et
778 3112 957 3157 merita
988 3113 1227 3161 hominis.
1258 3114 1366 3161 107.

211 3171 553 3218 Misericordia
593 3172 790 3219 Domini
815 3176 1061 3233 praevenit
1084 3188 1221 3235 suos,
1255 3181 1299 3221 et
1324 3174 1669 3235 subsequitur,
1692 3176 1747 3219 ut

148 3240 278 3284 bene
314 3239 599 3292 operentur.
629 3237 741 3285 106.

212 3297 568 3343 Misericordia)
608 3298 694 3344 Dei
741 3299 975 3346 velocitas
1019 3298 1080 3346 ad
1113 3298 1484 3359 indulgendum
1519 3298 1745 3345 contritis

148 3360 319 3409 corde.
348 3360 453 3408 139.

213 3421 567 3469 Misericordia
590 3422 673 3469 Dei
696 3424 906 3471 occasio.
932 3425 1041 3473 188.

214 3483 604 3532 Misericordiam
630 3486 763 3532 inter
778 3491 824 3533 et
840 3487 1211 3533 miserationem
1228 3485 1311 3533 Dei
1328 3487 1618 3537 discrimen.
1639 3489 1751 3537 108.

150 3554 198 3596 et
221 3547 332 3595 252.

214 3608 356 3656 Moab
378 3620 465 3655 cur
492 3610 652 3657 tribus
675 3611 838 3670 plagis
860 3610 1167 3669 puniendus.
1199 3613 1301 3661 111.
1366 3640 1373 3643 -

221 3671 359 3719 Moab
383 3672 443 3717 de
467 3673 587 3717 Loth
611 3673 766 3731 stirpe
790 3681 955 3723 natus.
981 3676 1090 3724 112.

218 3733 469 3781 Modestiae
492 3733 653 3780 virtus
676 3736 971 3782 ostenditur.
998 3738 1107 3786 507.

220 3795 462 3844 Mollicies
486 3795 546 3841 ad
564 3796 686 3854 quid
710 3802 889 3843 creata.
909 3799 1016 3848 555.

218 3860 581 3906 Monimentum
611 3857 790 3916 ingens
820 3860 1145 3920 benignitatis
1172 3861 1273 3908 Dei.
1300 3862 1408 3910 403.

220 3923 362 3969 Mons
386 3922 501 3968 Sion
527 3920 727 3968 Judzeos
749 3922 998 3980 signiﬁcat
1014 3924 1379 3983 plerumquein
1399 3923 1623 3972 Psalmis.
1644 3926 1751 3975 238.

152 3990 201 4035 et
225 3998 330 4045 seq.

222 4048 409 4094 Montes
435 4047 622 4093 turbari
638 4047 702 4110 in
728 4047 1079 4105 prazdicatione
1104 4047 1245 4094 verbi
1267 4049 1370 4110 Dei,
1399 4049 1524 4108 quid
1538 4049 1617 4095 sit.
1644 4050 1751 4097 227.

221 4112 350 4157 Mors
374 4123 455 4155 rex
479 4108 716 4167 Assyrius
742 4111 1039 4168 appellatur.
1066 4110 1176 4159 469.

221 4174 351 4219 Mors
368 4172 550 4237 Christi
573 4171 735 4217 hostia
757 4185 851 4237 pro,
870 4177 1084 4237 peccato.
1112 4174 1218 4222 342.
1245 4178 1291 4220 ει
1313 4187 1414 4237 seq.

222 4238 350 4282 Mors
373 4239 417 4279 et
455 4234 706 4289 Inferuus,
732 4235 874 4293 quid.
902 4236 979 4283 30.

193 4352 198 4357 η
222 4299 350 4343 Mors
375 4299 448 4342 est
472 4298 656 4354 peccati
678 4297 1043 4348 debitum.343.

220 4361 349 4406 Mors
371 4359 605 4417 pessima,
623 4372 737 4416 quin
758 4361 842 4408 sit.
869 4362 975 4409 151.

220 4424 348 4469 Mors
372 4434 489 4467 vera
510 4434 624 4480 qua:
648 4422 858 4470 dicatur.
892 4424 1001 4471 217.

218 4484 389 4531 Mortis
415 4484 621 4545 umbras,
647 4485 770 4543 quid
796 4485 849 4530 in
874 4496 1014 4531 sacro
1037 4485 1238 4544 eloquio
1262 4485 1381 4536 sint.
1410 4486 1516 4534 102.

221 4548 414 4593 Merum
438 4547 648 4592 vulnera
670 4553 985 4595 accusantur.
1012 4549 1122 4597 513.

220 4610 350 4656 Mors
374 4608 619 4654 sermonis
641 4610 936 4668 prophetici.
962 4612 1073 4659 437.

220 4670 570 4729 Multiplicatio
592 4670 834 4717 bonorum
864 4673 1212 4731 temporalium
1236 4686 1265 4720 a
1287 4673 1507 4720 bonitate
1529 4673 1760 4719 Deiaver-

154 4735 472 4842 ω111153111111111
500 4793 593 4856 (ad)
622 4794 940 4858 muliebrem,
961 4798 1162 4846 allusio.
1190 4798 1298 4847 407.

229 4859 403 4904 Murus
428 4857 569 4917 litus,
595 4857 738 4916 quid.
765 4859 872 4907 515.

247 4922 457 4968 Musices
481 4920 762 4968 ofﬁciorum
787 4934 967 4979 genera
989 4928 1034 4969 et
1055 4923 1333 4973 varietates.
1368 4927 1443 4973 11.
1469 4927 1514 4971 ct
1535 4936 1638 4985 seq.

943 5037 997 5100 N

229 5144 556 5194 Necessitates
580 5145 777 5192 homini
800 5145 1076 5196 naturales.
1100 5147 1210 5197 113.

231 5208 425 5256 Nesciri
447 5221 477 5255 a
500 5208 615 5269 Deo,
642 5213 714 5255 est
737 5208 873 5255 idem
901 5209 1035 5268 quod
1066 5210 1249 5268 perire.
1276 5212 1349 5259 11.

233 5272 467 5329 Nequitia
489 5276 848 5331 consummata,
876 5271 999 5330 quid
1024 5272 1105 5321 sit.
1130 5274 1209 5321 37.

232 5334 548 5381 Nobilitatem
594 5347 696 5380 non
733 5334 1045 5381 commendat
1078 5333 1311 5380 vitiorum
1337 5337 1628 5395 impunitas.
1658 5337 1767 5385 518.

234 5396 357 5443 Novi
404 5397 701 5442 Testamenti
749 5397 1060 5452 fortitudine,
1110 5396 1300 5444 Veteris
1331 5398 1768 5446 Testamentiedo-

166 5460 297 5507 mita
320 5464 394 5505 est
416 5459 623 5523 duritia.
650 5461 722 5508 48.
752 5464 796 5505 et
822 5471 925 5523 seq.

237 5523 488 5569 Numerus
514 5521 706 5575 ﬁnitus,
733 5534 822 5579 pro
847 5521 1047 5566 inﬁnita
1070 5521 1347 5579 quantitate
1383 5529 1632 5582 sumptus.
1661 5525 1768 5573 510.

234 5585 483 5630 Numerus
508 5584 728 5630 ﬁliorum
756 5584 905 5631 lsrael
936 5585 1081 5643 quasi
1107 5596 1257 5631 arena
1278 5586 1447 5634 maris.
1475 5588 1580 5634 402.

944 5688 997 5752 Ο

238 5796 535 5846 Obedientia
558 5796 723 5845 debita
744 5797 983 5856 praelatis.
1008 5798 1119 5848 225.

239 5860 528 5909 Oblationes
552 5860 764 5908 diversae
793 5874 853 5908 ex
883 5860 1027 5908 Mosis
1051 5861 1295 5908 instituto.
1324 5863 1428 5909 420.

239 5922 440 5970 Oblivio
464 5922 608 5971 nulla
630 5924 682 5969 in
707 5924 862 5970 Deum
887 5924 1034 5971 cadit.
1062 5925 1169 5972 109.

239 5986 510 6035 Obscenos
532 5986 910 6045 comprehendit
934 5987 1180 6035 confusio.
1208 5986 1313 6034 447.

1221 447 1611 497 VERBORUM
1650 448 1739 496 ET
1773 447 2351 498 SENTENTIARUM.

3290 445 3432 501 1206

1888 562 2027 609 Oculi
2052 562 2717 622 curiositatem’quandoque
2741 563 3049 621 signiﬁcant.
3082 567 3158 615 44.

1892 626 2070 671 Odium
2105 638 2306 684 eaquum
2352 627 2483 671 inter
2529 630 2574 671 et
2607 626 2778 672 odium
2806 627 3041 685 iniquum
3067 626 3191 686 quid
3216 626 3431 676 intersit.

1832 690 1940 736 114.
1967 690 2138 736 etsed.
2656 724 2661 727 ν

1894 700 2197 796 δίΐέζοῖὲίϐοο
2219 748 2343 807 quid
2368 724 2661 809 debeamus,
2689 754 2735 796 et
2757 750 3024 809 quomodo.
3058 752 3166 801 125.

1893 813 2076 857 Oﬁ'erre
2104 812 2268 857 hircos
2290 812 2415 870 quid
2441 813 2521 858 sit.
2551 814 2657 860 323.

1894 874 2075 921 Omnes
2099 874 2377 922 declinasse
2390 875 2621 933 usquead
2644 886 2819 936 unum,
2834 875 3086 933 quomodo
3103 874 3431 935 intelligatur.

1894 999 2048 1055 Opera
2086 1010 2353 1056 pravorum
2380 998 2687 1044 convincunt
2713 1005 2990 1057 peccatores
3012 1000 3316 1056 puniendos.
3352 1002 3433 1051 49.

1893 1061 2049 1118 Opera
2074 1073 2173 1105 non
2198 1065 2407 1118 possunt
2430 1075 2537 1106 esse
2569 1062 2715 1117 bona,
2744 1063 2840 1107 nisi
2868 1061 3157 1109 deriventur
3173 1063 3233 1107 ab
3259 1063 3434 1109 inten-

1838 1123 1968 1167 tione
1987 1122 2137 1178 justa.
2165 1125 2239 1171 79.

1897 1186 2052 1242 Opera
2078 1186 2163 1229 ubi
2190 1184 2403 1242 perfecta
2426 1190 2588 1231 erunt.
2618 1186 2725 1233 313.

1898 1248 2187 1304 Operatores
2212 1247 2534 1305 iniquitatum
2563 1248 2672 1304 qui.
2700 1250 2776 1295 22.
2806 1250 2851 1293 el
2873 1260 2977 1309 seq.

1897 1309 2107 1365 Operum
2143 1314 2394 1354 momenta
2428 1310 2559 1368 apud
2585 1311 2771 1356 bonum
2792 1306 3012 1367 judicem
3040 1306 3267 1367 graviora
3295 1314 3435 1372 sunt,

1835 1384 1983 1429 quam
2011 1384 2210 1417 verum.
2240 1372 2347 1419 440.

1898 1433 2141 1490 Operibus
2168 1434 2317 1481 bonis
2343 1434 2615 1479 vivendum
2640 1433 2699 1479 ad
2720 1433 3013 1492 sapientiam
3039 1434 3432 1492 adipiscendam.

1834 1500 1879 1543 2.
1908 1499 1952 1540 et
1974 1508 2077 1543 seq.

1900 1508 2192 1615 Obifrliliates,
2217 1556 2307 1616 qui
2332 1558 2587 1605 dicuntur.
2626 1558 2734 1605 537.
2758 1560 2803 1602 et
2824 1570 2927 1618 seq.

1899 1620 2034 1678 Opus
2067 1619 2247 1665 servile
2275 1633 2375 1665 non
2401 1621 2506 1665 ﬁeri
2542 1620 2592 1664 in
2614 1620 2695 1664 die
2719 1619 2945 1666 sabbathi
2972 1620 3094 1679 quid
3124 1620 3205 1666 sit.
3238 1622 3343 1669 141.

1900 1683 2033 1739 Opus
2076 1683 2264 1728 bonum
2305 1684 2401 1727 Deo
2425 1682 2668 1739 oblatum,
2693 1679 2998 1729 sacrificium
3029 1682 3232 1729 dicitur.
3257 1683 3367 1732 265.
3395 1685 3441 1729 et

1834 1756 1919 1791 880
1927 1778 1939 1791 .

1888 1758 2107 1851 (gracula
2129 1806 2345 1865 minora,
2374 1806 2479 1855 498.

1895 1868 2146 1914 Orandum
2173 1867 2228 1913 in
2255 1867 2685 1914 tribulanionibus
2712 1868 3032 1915 incessanter.
3062 1869 3170 1917 265.

1897 1931 2044 1976 Orare
2064 1930 2110 1976 ie
2133 1934 2320 1975 secreto
2344 1930 2530 1985 cordis,
2555 1930 2676 1986 quid
2708 1932 2788 1977 sit.
2816 1932 2924 1979 157.

1898 1994 2045 2038 Orare
2067 1992 2192 2037 bene
2222 1994 2338 2049 quis
2363 1992 2573 2039 dicatur.
2603 1992 2710 2040 158.

1901 2055 2048 2102 Orare
2075 2055 2225 2099 Deum
2252 2058 2299 2099 et
2321 2055 2576 2112 deprecari
2604 2054 2655 2099 in
2681 2067 2781 2112 quo
2805 2054 3050 2099 differant.
3080 2055 3189 2103 301.

1899 2116 2064 2162 Oratio
2089 2129 2177 2173 pro
2204 2116 2445 2173 inimicis,
2473 2116 2560 2174 qui
2587 2116 2695 2161 ﬂeri
2720 2116 2909 2164 debeat.
2937 2118 3037 2167 1,21.

1899 2177 2063 2241 Oratio
2086 2182 2131 2241 et
2156 2178 2453 2235 deprecatio,
2479 2178 2600 2235 quid
2626 2178 2877 2226 diﬁ‘erant.
2912 2178 3020 2226 265.
3041 2180 3087 2224 et
3108 2190 3212 2241 seq.

1899 2239 2147 2285 Orationis
2171 2241 2388 2289 eﬁ’ectus.
2420 2242 2524 2286 182.

1899 2301 2146 2347 Orationis
2165 2302 2373 2348 utilitas.
2401 2302 2509 2350 203.

1899 2364 2147 2410 Orationis
2170 2365 2377 2409 affectus
2404 2364 2539 2409 unde
2563 2364 2811 2421 procedat,
2839 2366 2946 2413 365.

1902 2426 2152 2473 Orationis
2177 2430 2223 2470 et
2249 2425 2923 2482 deprecationisdiscrimen.
2951 2429 3028 2476 72.

1902 2488 2152 2533 Orationis
2178 2488 2370 2533 fructus
2389 2488 2577 2546 quales.
2612 2488 2718 2535 301.

1900 2551 2037 2596 Osca)
2060 2549 2355 2607 conjugium
2379 2562 2443 2595 an
2472 2551 2725 2608 corporale
2749 2550 2916 2598 fuerit.
2941 2552 3052 2600 395.

1903 2613 2025 2658 Ossa
2049 2613 2101 2657 in
2129 2613 2284 2657 sacris
2309 2612 2503 2667 Literis,
2537 2612 2657 2671 quid
2685 2613 2985 2669 signiﬁcent.
3009 2615 3088 2661 28.
3114 2616 3160 2659 et
3180 2612 3268 2661 133

1901 2674 2182 2721 Otiosorum
2208 2674 2380 2732 qualia
2402 2679 2521 2720 sunt
2546 2675 2728 2723 studia.
2758 2676 2864 2723 195.

1901 2737 2025 2783 Oves
2047 2740 2093 2781 et
2118 2737 2270 2783 boves
2293 2740 2339 2782 et
2362 2749 2541 2795 pecora
2564 2737 2745 2794 campi,
2774 2738 2899 2794 quid
2922 2737 2976 2783 in
3001 2736 3196 2784 Psalmo
3214 2737 3446 2784 Davidico

1840 2800 2146 2858 signiﬁcent.
2178 2800 2252 2846 44.

2626 2894 2679 2955 P

1904 3002 2158 3049 Parabolas
2182 3002 2428 3049 deﬁnitio.
2458 3003 2566 3051 243.

1902 3064 2225 3111 Parricidalis
2248 3065 2451 3110 animus
2475 3070 2566 3113 est.
2585 3063 2750 3110 aliena
2763 3066 3043 3113 calamitate
3057 3066 3312 3114 ditescere.
3340 3070 3445 3117 427.

1906 3127 2127 3176 Parvuli.
2150 3126 2262 3189 qui
2311 3127 2431 3185 sint,
2459 3132 2504 3172 et
2528 3125 2759 3173 dicantur
2786 3129 2837 3174 in
2865 3129 3023 3175 sacris
3049 3129 3338 3189 Scripturis.
3365 3132 3441 3180 88.

1909 3189 2091 3235 Pascha
2114 3187 2228 3233 vita:
2249 3193 2445 3234 interna:
2477 3189 2559 3234 hic
2582 3200 2673 3246 per
2697 3190 2842 3236 ﬁdem
2869 3190 3066 3249 incipit.
3100 3187 3202 3240 101.

1907 3251 2229 3297 Passionibus
2252 3252 2538 3297 animorum
2567 3255 2779 3308 quatuor
2795 3255 3173 3312 possuntaptari
3190 3268 3358 3311 eruca,
3378 3254 3447 3300 lo-

1845 3318 1984 3361 custa
2007 3313 2230 3366 bruchus
2252 3317 2297 3358 et
2323 3313 2522 3371 rubigo.
2557 3314 2663 3362 490.

1908 3376 2163 3422 Pastioncs
2188 3376 2374 3422 aestivae
2400 3376 2453 3421 in
2478 3376 2751 3423 verticibus
2772 3379 3040 3427 montium.
3069 3379 3177 3428 507.

1910 3440 2154 3485 Pastorem
2184 3438 2433 3495 pecudum
2458 3440 2606 3484 Amos
2631 3451 2683 3484 se
2707 3452 2813 3485 esse
2843 3440 3119 3498 proﬁtetur.
3147 3441 3255 3491 547.

1914 3502 2166 3548 Pastorum
2199 3500 2419 3558 nomine,
2447 3499 2569 3558 quid
2601 3500 3012 3561 intelligendum.
3047 3504 3156 3553 507.

1912 3564 2051 3609 Pater
2073 3565 2119 3607 et
2146 3561 2307 3608 Filius
2331 3576 2467 3608 unus
2495 3562 2641 3623 Deus,
2668 3576 2769 3609 non
2794 3565 2895 3612 duo
2918 3565 3017 3614 Dii.
3046 3567 3125 3615 23.

1914 3624 2150 3672 Patientia
2172 3624 2261 3669 Joh
2287 3638 2315 3669 a
2334 3626 2426 3671 D:o
2452 3625 2669 3682 probata.
2696 3627 2805 3675 206.

1914 3690 2102 3734 Patrem
2127 3700 2155 3731 a
2181 3687 2372 3732 dextris
2398 3686 2511 3731 Filii
2538 3700 2664 3744 esse,
2691 3688 2908 3746 quidsit.
2936 3691 3014 3739 69.

1914 3751 2107 3807 Pauper
2130 3748 2213 3794 hic
2239 3748 2476 3809 afﬂictus,
2499 3749 2552 3794 in
2579 3749 2677 3795 ﬁne
2703 3750 3082 3807 gloriﬁcabitur.
3109 3753 3184 3801 53.

1833 3862 1848 3875 .
1914 3806 2106 3870 Pauper
2131 3815 2177 3857 et
2198 3811 2364 3875 justus
2389 3806 2589 3875 gemino
2614 3806 2855 3875 suffragio
2876 3814 3124 3874 nituntur,
3153 3816 3264 3862 514.

1915 3876 2160 3932 Pauperes
2183 3874 2270 3932 qui
2296 3873 2530 3935 appellati
2557 3874 2665 3921 529.
2689 3877 2735 3920 ρι
2757 3886 2864 3935 seq.

1915 3937 2179 3995 Paupertas
2205 3935 2406 3989 Christi,
2433 3934 2623 3980 divitias
2654 3934 2836 3982 nostrai
2863 3940 2997 3983 sunt.
3044 3938 3149 3987 193.

1916 3999 2180 4058 Paupertas
2204 3998 2300 4042 Deo
2320 4002 2532 4054 accepta,
2559 4010 2672 4055 quin
2695 3998 2775 4045 sit.
2805 3999 2887 4047 361
2903 4035 2913 4046 .

1914 4060 2011 4106 Pax
2036 4073 2171 4115 vera,
2198 4072 2313 4118 qua»
2338 4062 2418 4106 sit.
2450 4061 2553 4108 159.

1915 4123 2012 4169 Pax
2039 4122 2199 4168 nimia
2222 4127 2268 4168 et
2290 4123 2610 4180 prosperitas.
2637 4122 2745 4170 369.

1919 4186 2014 4230 Pax
2045 4186 2374 4246 peccatorum,
2406 4183 2528 4242 quid
2555 4184 2637 4232 sit.
2663 4186 2773 4233 367.

1916 4248 2143 4293 Peccanti
2166 4249 2213 4292 et
2233 4247 2429 4303 justum
2447 4247 2736 4292 mandatum
2762 4247 3081 4305 prrotereunti
3101 4248 3238 4307 justa
3255 4247 3458 4295 damna-

1858 4308 1925 4355 tio
1950 4308 2175 4355 debetur.
2202 4309 2280 4358 29.

1915 4371 2118 4417 Peccare
2162 4384 2222 4417 ex
2267 4373 2578 4433 necessitate,
2628 4377 2673 4417 et
2722 4386 2781 4418 ex
2823 4372 3149 4436 abundantia,
3176 4373 3316 4432 quid.
3346 4374 3455 4423 368.

1856 4435 1902 4479 et
1923 4445 2008 4481 sea
2020 4468 2033 4481 .

1917 4446 2122 4541 3:53am
2166 4508 2256 4553 per
2298 4496 2651 4557 ignorantiam,
2683 4502 2729 4544 et
2752 4510 2839 4557 per
2857 4496 3196 4558 inimicitiam,
3222 4497 3344 4556 quid
3374 4497 3456 4543 di-

1853 4562 1999 4606 stent.
2026 4558 2135 4606 382.

1918 4620 2118 4665 Peccata
2146 4620 2294 4666 etiam
2322 4620 2561 4668 interiora
2585 4623 2727 4668 novit
2754 4622 2897 4669 Deus.
2921 4622 3029 4671 425.

1919 4682 2119 4728 Peccata
2152 4681 2340 4740 quibus
2373 4684 2476 4730 sint
2499 4685 2780 4731 conﬁtenda
2807 4691 2913 4743 post
2938 4685 3233 4733 Deum.139.
3262 4684 3316 4731 Et
3340 4687 3458 4730 tem-

1857 4755 1952 4804 pus
1978 4746 2315 4801 opportunum
2338 4747 2609 4793 conﬁtendi
2635 4753 2682 4794 et
2705 4748 2901 4794 orandi.
2926 4744 3060 4796 Ibid.

1922 4807 2119 4870 Peccata
2140 4818 2256 4870 quae
2286 4810 2332 4851 et
2354 4809 2541 4870 quibus
2566 4821 2667 4855 non
2694 4811 3019 4870 imputentur.
3053 4812 3161 4860 137.

1923 4868 2107 4914 Peccati
2131 4868 2270 4925 origo
2295 4869 2448 4915 unde.
2490 4871 2599 4919 163.

1924 4929 2268 4977 Peccatoribus
2288 4930 2413 4976 Deus
2437 4932 2596 4978 utitur
2618 4932 2680 4977 ad
2702 4933 2957 4990 justorum
2975 4933 3460 4993 probationem.165.

1862 5056 1895 5101 ὴ
1924 4995 2227 5100 Peccator'eyn'i
2280 5004 2379 5037 non
2421 5006 2546 5055 esse,
2582 4993 2805 5053 difﬁcile,
2855 5001 2942 5043 aut
2979 4996 3288 5056 impossibile
3313 5001 3387 5044 est
3409 4997 3464 5043 in

1900 5068 1955 5101 ac
1991 5067 2037 5100 γι
2061 5067 2105 5101 a.
2166 5071 2193 5101 ι)
2232 5088 2244 5101 .

1900 5068 1955 5101 ac
1991 5067 2105 5101 \‘Hﬂ.
2141 5067 2244 5103 ΙῧΙ.

1924 5120 2237 5164 Peccatorum
2264 5115 2577 5163 remissionis
2600 5120 2809 5166 occasio.
2846 5122 2956 5169 137.

1866 5244 1873 5252 _
1924 5182 2177 5291 chzgatum
2224 5178 2482 5225 Israelitici
2510 5180 2703 5241 populi,
2727 5181 2973 5238 Sodomae,
2994 5187 3043 5230 et
3066 5184 3327 5231 Gomorraa
3353 5197 3457 5229 ma-

1866 5256 1942 5291 lus
1962 5272 1977 5289 ι
2059 5276 2069 5289 .

1856 5256 2177 5351 Jui’gc‘cjatum
2194 5314 2342 5349 omne
2365 5302 2436 5359 ﬁt,
2461 5305 2546 5349 aut
2563 5303 2745 5361 studio,
2773 5308 2860 5359 aut
2893 5305 3200 5363 inﬁrmitate,
3227 5307 3461 5367 autigno—

1862 5366 2200 5486 ωῗδξὲρίαέιῗὲἶ,
2227 5433 2273 5474 et
2302 5428 2491 5487 peccati
2516 5427 2764 5488 impietas,
2791 5426 2913 5486 quid
2940 5428 3193 5480 differant.
3222 5434 3329 5482 139.

1926 5493 2185 5538 Peccatum
2211 5503 2313 5537 non
2342 5490 2768 5548 abscondendum,
2796 5490 2840 5536 si
2867 5489 3084 5537 velimus
3110 5494 3257 5542 nobis
3282 5494 3466 5542 remitti

1865 5555 2081 5612 culpam.
2111 5554 2217 5601 195.

1927 5619 2183 5664 Peccatum
2212 5615 2503 5674 iniquorum
2532 5614 2711 5661 clamat
2732 5614 2791 5659 ad
2818 5614 3102 5664 Dominum.
3124 5618 3231 5667 136.

1932 5679 2145 5726 Pecunia
2171 5678 2359 5724 diaboli
2396 5678 2659 5737 iniquitas.
2688 5678 2796 5728 358.
2834 5680 2877 5722 et
2897 5688 2998 5736 seq.

1930 5740 2178 5800 Peregrini
2197 5745 2243 5787 et
2267 5741 2487 5786 extranei
2512 5740 2809 5789 diﬁ‘erentia.
2837 5740 2943 5789 366.

1930 5803 2329 5850 Persecutionem
2354 5804 2582 5851 Ecclesia)
2608 5810 2705 5850 tres
2731 5800 3046 5866 déﬁ‘erentite.
3076 5803 3120 5851 4.
3146 5804 3190 5849 et
3213 5814 3318 5866 seq.

1931 5866 2302 5912 Persecutiones
2326 5878 2414 5924 per
2441 5867 2705 5913 toreularia
2726 5865 3099 5925 intelliguntur.
3125 5866 3203 5915 39.

1929 5927 2304 5973 Persecutiones
2342 5933 2543 5987 propter
2562 5930 2831 5987 justitiam,
2860 5931 3046 5987 ignem,
3072 5942 3173 5989 quo
3197 5928 3468 5987 probamur

1867 5989 2172 6047 signiﬁcant.
2195 5990 2274 6039 58.
