3894 6428
488 413 621 469 1207

549 528 831 577 Persecutio
874 525 1162 572 exercitium
1204 527 1277 570 est
1320 522 1378 568 ad
1428 527 1554 568 recte
1593 521 1871 567 vivendum
1916 516 2083 565 ﬁdeli-

487 596 601 643 bus.
627 593 706 639 50.

551 656 919 701 Persecutorum
948 651 1040 696 tria
1059 661 1258 708 genera.
1290 646 1392 695 191.
1420 650 1465 692 et
1487 659 1593 707 seq.

554 719 790 763 Personas
820 712 1049 759 mutandi
1067 707 1076 708 ί
1096 724 1221 757 usus
1249 708 1483 767 frequens
1528 707 1661 767 apud
1696 709 1980 767 prophetas.
2007 708 2084 753 23.

554 781 638 825 Pes
659 776 926 836 superbiae,
952 774 1076 832 quid
1102 775 1182 822 sit.
1210 774 1317 821 163.

552 844 636 887 Pes
659 835 732 885 in?
753 838 1040 898 Scripturis,
1066 836 1187 894 quid
1217 837 1297 882 sit.
1324 835 1432 883 340.

552 903 701 949 Pedes
745 914 835 959 pro
862 894 1231 946 affectionibus
1277 901 1550 943 sumuntur
1593 896 1892 955 plerumque
1934 894 1986 939 in
2012 906 2087 939 sa-

490 966 605 1013 cris.
633 966 740 1013 367.

554 1025 882 1083 Philargyriaa
904 1022 1097 1068 fructus
1129 1021 1321 1080 quales.
1348 1023 1458 1071 214.

554 1090 624 1136 Pii
650 1082 823 1134 omnes
839 1086 1235 1143 persecutionem
1261 1085 1519 1142 patiuntur
1539 1084 1769 1145 exemplo
1791 1082 2087 1130 Christi.12.

551 1152 750 1199 Pietatis
777 1147 970 1194 Divinze
1004 1148 1332 1205 propositum.
1360 1148 1469 1196 533.

552 1214 769 1271 Pingues
799 1215 957 1270 terrm,
993 1210 1081 1268 qui
1105 1210 1355 1271 dicantur.
1391 1212 1495 1256 101.

551 1269 829 1323 Plaustrutn
852 1269 1093 1319 onustum
1110 1270 1264 1329 faeno,
1282 1273 1530 1329 quomodo
1553 1271 1959 1332 intelligendum.
1978 1269 2086 1317 515.

550 1338 728 1385 Pluvia
751 1348 903 1392 super
925 1335 1177 1382 civitatem
1206 1347 1359 1380 unam
1384 1335 1493 1381 data
1522 1342 1613 1395 est,
1644 1339 1689 1382 et
1713 1346 1865 1393 super
1881 1332 2087 1378 alteram

488 1402 721 1448 minime.
749 1399 858 1446 523.

555 1466 723 1518 Ptena,
748 1472 896 1518 quam
917 1457 1180 1504 subierunt
1198 1458 1367 1508 Judaei
1395 1473 1482 1519 pro
1508 1473 1598 1506 sua
1625 1459 1891 1507 dementia.
1918 1459 2024 1506 421.

556 1517 852 1572 Paenitentia
882 1534 995 1566 vera
1020 1533 1120 1567 non
1147 1521 1264 1582 fato,
1304 1517 1520 1569 sed‘sibi
1553 1522 1651 1581 ipsi
1677 1522 1878 1580 culpam
1906 1517 2092 1580 peccati

495 1588 683 1635 tribuit.
711 1586 819 1634 139.

554 1648 848 1697 Pmnitentia
874 1645 1140 1691 Dominum
1168 1645 1347 1703 placat.
1385 1648 1496 1697 486.

553 1711 764 1759 Portam
790 1722 877 1768 pro
901 1708 1197 1766 permittam.
1225 1710 1334 1756 411.

556 1776 739 1821 Ponere
764 1773 817 1818 in
842 1770 1251 1818 similitudinem.
1271 1772 1378 1819 215.

558 1836 775 1894 Populus
799 1832 1100 1880 Israeliticus
1128 1834 1177 1878 in
1203 1834 1476 1880 solitudine
1499 1835 1765 1880 extinctus.
1794 1834 1903 1881 254.

555 1898 777 1957 Populus
796 1896 1085 1942 .ludazorum
1110 1896 1248 1941 solus
1271 1901 1517 1955 praecepta
1541 1896 1686 1957 legis,
1709 1896 1897 1955 quibus
1919 1895 2093 1942 obedi-

494 1965 562 2007 ret
587 1963 856 2019 acceperat,
883 1959 935 2003 -11
947 1960 992 2003 2.

558 2022 777 2080 Populus
806 2016 939 2064 unus
963 2016 1136 2063 multis
1156 2016 1455 2080 nominibus
1488 2018 1759 2066 indicatur.
1794 2020 1904 2068 513.

558 2079 713 2131 Portm
737 2082 853 2128 tilia:
878 2080 1016 2139 Sion,
1047 2079 1189 2137 quid.
1216 2080 1326 2129 373.

559 2147 837 2193 Portionem
863 2154 1045 2201 ponere
1064 2154 1177 2187 cum
1209 2143 1376 2197 malis,
1402 2142 1521 2200 quid
1549 2146 1629 2190 sit.
1670 2144 1779 2193 251.

560 2208 831 2254 Posteriora
853 2206 935 2251 Dei
958 2204 1145 2263 videre,
1171 2205 1294 2262 quid
1321 2206 1401 2252 sit.
1431 2205 1538 2253 374.

561 2270 778 2317 Potentia
804 2268 887 2314 Dei
908 2271 1078 2314 contra
1101 2268 1313 2313 Azotios.
1338 2269 1448 2315 511.

560 2335 780 2379 Potentes
803 2342 957 2388 quare
982 2329 1216 2375 Israelita:
1242 2334 1619 2387 nuncupantur.
1654 2332 1763 2379 530.

560 2397 804 2451 Prmcepta
828 2393 1005 2438 divina
1042 2396 1432 2453 contemnentes,
1480 2406 1581 2438 non
1632 2406 1735 2439 uno
1759 2392 1908 2439 modo
1932 2405 2096 2440 errare

494 2458 713 2506 contenti
738 2460 871 2502 sunt.
901 2455 1009 2502 421.

561 2519 795 2576 Prmcepti
822 2515 950 2579 (sub)
975 2515 1156 2579 specie,
1183 2516 1261 2579 vis
1284 2529 1520 2575 expressa
1542 2521 1614 2564 est
1641 2516 1844 2576 judicii.
1870 2520 1978 2567 418.

559 2577 931 2639 Praeceptis’Dei
979 2577 1313 2625 obedientium
1358 2592 1545 2638 amore,
1572 2594 1674 2627 non
1708 2581 1884 2628 timore
1913 2581 2093 2628 volun-

498 2649 591 2692 tate
616 2657 717 2689 nou
742 2655 801 2688 ex
841 2642 1150 2689 necessitate.
1179 2642 1223 2688 7.

560 2709 867 2764 Praeceptum
897 2704 1210 2762 praecipuum
1244 2703 1476 2749 Charitas.
1520 2706 1592 2752 13.

563 2767 866 2826 Praecepium
913 2764 1105 2812 tametsi
1142 2764 1362 2823 diilicile,
1408 2767 1597 2813 amanti
1623 2770 1787 2814 tamen
1830 2767 1974 2815 facile
2004 2772 2093 2819 est.

561 2891 885 2949 Prmcingere,
910 2901 1038 2948 quos
1061 2888 1248 2935 dicitur
1272 2888 1400 2935 Deus
1423 2891 1620 2939 virtute.
1644 2893 1723 2941 81.

561 2954 867 3012 Praecingero
892 2952 1109 3011 lumbos,
1133 2951 1278 3010 quid.
1309 2953 1387 3001 82.

564 3017 802 3065 Prteclara
825 3014 1089 3061 hrereditas
1113 3014 1193 3059 Dei
1220 3014 1343 3060 solis
1366 3016 1624 3075 praeclaris
1649 3017 1863 3075 cognita.
1892 3018 1971 3065 65.

570 3078 942 3127 Przedestinatio
971 3076 1085 3122 Filii
1111 3076 1213 3124 Dei.
1246 3078 1350 3123 143.

569 3142 919 3189 Prtedicatores
933 3139 1185 3185 veritatem
1212 3139 1499 3187 vendentes.
1521 3142 1598 3191 57.

567 3204 905 3253 Praedicatoris
930 3201 1077 3249 Verbi
1103 3201 1185 3247 Dei
1211 3213 1414 3251 munus.
1442 3204 1551 3252 239.

566 3267 889 3313 Prtelatorum
914 3276 1103 3329 munus
1124 3263 1283 3329 quale,
1298 3265 1379 3312 sit.
1408 3267 1514 3314 232.
1540 3268 1586 3312 el
1607 3278 1711 3329 seq.

567 3329 853 3375 Praeliorum
880 3327 1018 3373 varia
1040 3339 1220 3385 genera
1242 3328 1473 3374 obeunda
1498 3327 1746 3376 ﬁdelibus.
1773 3329 1850 3380 81.

570 3392 793 3438 Praesens
818 3394 1015 3448 tempus
1040 3402 1126 3447 pro
1156 3390 1423 3446 praeterito.
1459 3392 1567 3440 557.

569 3453 743 3500 Pretiis
766 3454 1111 3499 innocentium
1136 3452 1393 3499 ebrietates
1416 3458 1461 3499 et
1485 3453 1705 3512 crapulm
1741 3454 1900 3504 factas.
1928 3457 2035 3505 513.

566 3516 878 3577 Pretiosiora,
922 3528 1038 3573 quas
1083 3515 1413 3576 aestimantur,
1457 3515 1752 3575 diligentius
1786 3522 1905 3565 sunt
1935 3519 2101 3579 inspi—

508 3579 703 3626 cienda.
719 3579 827 3627 517.

568 3641 770 3698 Priapos
798 3640 888 3698 qui
913 3641 1032 3685 sunt
1054 3639 1296 3686 venerati.
1316 3641 1424 3687 447.

566 3702 802 3760 Princeps
821 3713 912 3747 cur
932 3701 1111 3759 vulpes
1127 3700 1370 3746 dicantur.
1401 3702 1507 3750 308.

579 3765 804 3811 Probatio
826 3763 1052 3811 ﬁdelium
1069 3764 1121 3809 in
1140 3762 1554 3812 tribulationibus
1563 3764 1791 3823 exemplo
1804 3767 2007 3819 Christi.
2024 3773 2100 3821 72.

508 3829 554 3876 et
565 3839 667 3876 sea.

572 3839 804 3937 ἔξωρα
824 3888 887 3935 ab
911 3889 1132 3937 incausti
1156 3889 1559 3948 distinguuntur.
1588 3893 1695 3941 423.

572 3953 882 4011 Prodigium,
908 3952 1031 4011 quid
1061 3953 1143 4000 sit.
1175 3955 1287 4002 230.
1312 3954 1358 3998 et
1380 3965 1484 4062 seq,

575 4014 881 4062 Pronhetalis
918 4015 1255 4062 contumeliae.
1302 4020 1349 4061 et
1394 4017 1483 4062 rei

575 4014 881 4074 Prophetalis
918 4015 1255 4075 contumeliae,
1302 4020 1349 4061 et
1394 4014 1656 4076 religionis
1694 4017 1891 4067 violata;
1914 4021 2102 4069 crimen

544 4090 600 4125 ar
627 4078 847 4125 est.v447.

511 4091 600 4135 par
627 4091 847 4125 esea“.

572 4140 826 4198 Prophetas
848 4139 1011 4197 pauci,
1047 4145 1093 4185 et
1123 4152 1382 4199 pauperes.
1404 4142 1512 4189 422.

573 4203 827 4261 Propheta;
851 4202 954 4247 veri
981 4214 1186 4251 munus.
1216 4205 1323 4252 457.

573 4265 848 4323 Prophetas,
876 4266 1036 4311 nubes
1059 4267 1190 4311 aeris
1215 4266 1473 4316 dicuntur.
1501 4268 1578 4316 77.

573 4328 829 4386 Prophetas
856 4339 958 4385 qua
983 4329 1173 4373 ratione
1196 4329 1537 4387 peccatoribus
1571 4334 1616 4377 et
1640 4331 1724 4377 Dei
1751 4330 1977 4380 inimicis
1998 4347 2108 4382 ma-

511 4391 615 4438 lum
641 4395 811 4448 optent
832 4389 979 4436 etiam
1006 4389 1214 4437 orando.
1240 4391 1330 4440 152

574 4453 945 4564 Propt‘htztaqtém.
967 4455 1014 4499 et
1056 4453 1492 4512 Evangelistarum
1536 4455 1796 4504 harmonia
1840 4458 1900 4506 de
1924 4458 2107 4508 Christi

574 4529 676 4562 vmi
785 4549 796 4561 .
888 4546 901 4560 .

511 4516 796 4562 divinitate.
822 4516 901 4563 13.

572 4579 927 4637 Prophetarum
952 4589 1094 4638 usus,
1120 4578 1348 4626 mutandi
1372 4592 1608 4639 personas
1622 4582 1675 4628 in
1705 4584 1879 4632 sacris.
1903 4586 1982 4632 82.

573 4641 925 4705 Prophetarum
984 4644 1264 4705 contemtus
1310 4642 1370 4688 de
1416 4645 1765 4703 magnitudine
1822 4646 2109 4705 iniquitatis

512 4703 936 4751 contemnentlum
969 4703 1127 4751 venit.
1155 4705 1260 4752 486.

574 4766 841 4830 Prophetas
866 4766 1142 4830 npnmodo
1164 4773 1476 4829 spreverunt,
1497 4770 1583 4818 sed
1601 4771 1751 4817 etiam
1776 4770 2108 4830 impugnave-

512 4832 629 4877 runt
656 4826 907 4874 Israelitaa.
934 4828 1039 4876 441.

576 4890 841 4958 Prophetas
872 4890 1193 4958 inhonorare,
1219 4905 1370 4958 quam
1395 4907 1552 4958 grave
1565 4894 1751 4958 scelus.
1779 4897 1888 4958 447,

575 4951 837 5018 Prophetia
879 4952 1083 5018 dicitur,
1130 4951 1381 5015 nonquia
1401 4951 1629 5016 praedicit
1658 4958 1842 5018 futura,
1871 4951 1957 5006 sed
1988 4960 2110 5018 quia

516 5015 680 5073 prodit
700 5014 911 5064 occulta.
942 5017 988 5064 5.

578 5077 839 5142 Prophetia
862 5079 1089 5125 Ieremia;
1111 5079 1170 5126 de
1196 5081 1359 5128 reditu
1384 5080 1605 5128 ﬁliorum
1640 5081 1790 5129 israei
1813 5095 1872 5130 ex
1894 5084 2110 5142 captivi-

515 5143 609 5187 tate
634 5140 954 5199 Babylonica.
982 5145 1089 5190 312.

574 5203 868 5260 Propositio,
897 5205 1019 5263 quid
1045 5205 1127 5262 sit,
1154 5205 1260 5253 243.

575 5265 874 5331 Prosperitas
898 5265 1053 5331 hujus
1076 5267 1269 5331 saeculi,
1295 5280 1408 5325 quas
1441 5272 1485 5331 et
1508 5269 1680 5327 qualis
1702 5270 1785 5331 sit,
1815 5271 1922 5320 198.

576 5329 853 5389 Proximus,
897 5330 1014 5388 quis
1058 5328 1204 5375 nobis
1228 5331 1310 5387 sit,
1346 5334 1392 5375 et
1440 5330 1632 5378 dicatur
1656 5332 1710 5379 in
1735 5328 1891 5379 sacris
1915 5333 2110 5383 Litoris.

513 5390 591 5440 57.
609 5393 653 5438 ct
676 5393 757 5440 64.

574 5453 856 5500 Prudentia:
886 5451 1132 5502 deﬁnitio.
1158 5455 1265 5504 242.

576 5517 789 5563 Psallere
814 5515 1037 5577 Domino,
1073 5516 1197 5575 quid
1223 5519 1423 5577 proprie
1455 5519 1535 5570 sit.
1568 5521 1645 5570 41.
1679 5523 1724 5567 et
1762 5520 1867 5571 142.
1896 5520 2111 5569 Psallere

512 5552 1123 5628 νοὲἔὲῐίέἑῗιῐῗὶιῗ’ἆ”ἐιίὸῖ

576 5641 759 5705 Psalmi
784 5651 879 5690 Cur
901 5640 1177 5700 soliloquia
1200 5642 1457 5691 dicantur.
1488 5647 1531 5694 4.
1558 5645 1613 5692 Et
1636 5644 1845 5705 dignius
1868 5649 1915 5691 et
1947 5649 2114 5693 mani-

516 5700 690 5827 ic'qsstétqs
713 5704 775 5750 de
789 5704 983 5751 Christo
1006 5706 1302 5768 loquuntur,
1325 5721 1478 5767 quam
1502 5708 1668 5756 cmteri
1690 5700 1963 5768 prophetae.
1978 5706 2109 5760 Ibid.

522 5886 532 5896 ι
581 5828 774 5896 Psalmi
789 5830 997 5896 quidam
1022 5842 1112 5876 cur
1144 5832 1438 5880 nominibus
1464 5833 1697 5893 aliorum,
1731 5846 1881 5893 quam
1906 5837 2113 5885 Davidis

520 5890 858 5954 intitulentur.
888 5895 931 5941 4.
967 5896 1013 5939 et
1039 5905 1143 5954 seq.

584 5951 890 5999 Psalmorum
917 5951 1123 6002 Davidis
1142 5956 1280 6004 ordo.
1308 5957 1773 6009 5.Uuicusillorum
1800 5962 1945 6014 iiber.
1975 5959 2111 6011 Ibid.

2022 398 2244 452 INDEX

3662 380 3813 436 1208

2240 534 2524 583 Psalmodia
2549 536 2646 580 Deo
2668 527 2996 589 acceptabilis
3018 543 3151 588 quea.
3176 530 3284 577 303.

2241 599 2550 645 Psalmorum
2581 594 3032 653 superscriptiones
3056 595 3102 638 et
3121 603 3290 637 earum
3325 589 3800 648 interpretationes,

2182 666 2228 711 1.
2259 664 2304 708 et
2337 673 2442 711 sea.

2245 674 2550 770 ἕέαῖᾜωω
2578 721 2705 767 liber
2730 720 2884 765 variis
2918 715 3210 764 nominibus
3233 715 3363 773 apud
3383 714 3627 760 Hebraeos
3653 725 3806 759 nun-

2182 792 2413 844 cupatur.
2439 786 2484 834 3.
2518 786 2562 829 et
2584 796 2689 844 seq.

2245 843 2474 895 Psalmus
2500 843 2690 892 Cantici
2721 843 2863 902 quid.
2890 847 2936 891 1.
2972 846 3014 889 et
3039 854 3141 904 seq.

2247 910 2474 957 Psalmus
2498 921 2526 953 a
2551 909 2752 954 Cantico
2785 906 2908 972 quid
2931 903 3145 972 differat.
3165 904 3243 950 11.
3269 905 3313 947 el
3339 903 3446 951 120.
3617 963 3629 972 σ
3670 961 3683 972 .

2248 973 2473 1019 Psatmus
2511 968 2889 1017 consonantiam
2931 968 3067 1013 vocis
3104 978 3219 1012 cum
3256 977 3444 1023 organo
3480 963 3730 1023 requirit,
3759 967 3805 1007 et

2185 1034 2505 1083 concordiam
2534 1034 2700 1091 operis
2723 1043 2839 1078 cum
2865 1043 2979 1076 voce
3005 1030 3189 1076 laudis.
3217 1027 3294 1075 48.

2250 1097 2543 1144 Psalterium
2567 1086 2726 1141 'sonat
2776 1107 2804 1138 a
2847 1097 2982 1152 parte
3018 1091 3289 1153 superiori,
3324 1089 3534 1147 cythera
3560 1099 3692 1132 vero
3740 1086 3806 1130 ab

2186 1160 2435 1207 inferiori.
2460 1159 2572 1206 282.

2247 1222 2583 1279 Pugnantium
2609 1220 2663 1265 in
2689 1217 2905 1265 Ecclesia
2932 1216 3230 1282 differentia.
3267 1213 3377 1282 161.
3399 1274 3419 1282 _
3524 1274 3537 1282 _
3622 1278 3630 1282 _
3725 1273 3735 1282 .

2250 1274 2623 1332 Pulchritudine
2648 1294 2882 1340 agrorum
2934 1279 3175 1326 vocabulo
3208 1277 3365 1336 sylva:
3396 1274 3697 1321 frondentes
3722 1274 3806 1318 in-

2188 1347 2504 1405 telliguntur.
2539 1344 2645 1393 485.

2249 1403 2420 1456 Pulvis
2440 1408 2564 1467 quid
2595 1409 2648 1453 in
2672 1406 2828 1452 sacris
2856 1403 3120 1463 signiﬁcet.
3147 1403 3225 1451 34.

2246 1472 2419 1518 Pulvis
2443 1459 2701 1517 sceleratos
2724 1459 2940 1527 denotat,
2975 1480 3101 1525 quos
3126 1464 3412 1512 tentationis
3435 1467 3623 1508 ventus
3648 1473 3680 1507 a
3709 1459 3807 1506 ﬁde

2189 1534 2449 1592 dispergit.
2478 1535 2557 1582 97.

2250 1591 2571 1656 Purgatorius
2597 1595 2732 1653 ignis
2754 1591 2922 1651 qualis
2945 1592 3028 1639 sit.
3056 1591 3162 1640 173.

2965 1706 3019 1777 Q

2251 1819 2404 1880 Quies
2428 1830 2516 1877 pro
2540 1816 2887 1880 imperiiﬁne.
2916 1816 3038 1880 401._
3463 1871 3476 1880 ε
3540 1872 3552 1880 _
3602 1874 3611 1880 Δ

2252 1871 2354 1938 Qui
2377 1871 2686 1943 ingreditur
2711 1878 2827 1926 sine
2856 1874 3091 1931 macula,
3119 1881 3229 1933 etc.,
3263 1871 3513 1933 quomodo
3536 1871 3803 1929 intelliga-

2192 1975 2288 2031 tur,
2319 1976 2412 2021 etc.
2441 1970 2547 2019 460.
2567 1971 2614 2017 el
2636 1982 2744 2030 seq.

2968 2052 3029 2116 R

2256 2165 2437 2223 Rabbe,
2484 2164 2604 2211 urbs
2652 2161 2944 2221 metropolis
2988 2161 3252 2210 Paltestina
3294 2160 3410 2218 igne
3431 2156 3800 2206 comburenda.

2256 2288 2629 2349 Rabdomantia,
2670 2288 2814 2347 quid.
2847 2289 2953 2336 421.

2257 2352 2498 2409 Rapsases
2530 2351 2634 2397 dux
2671 2351 2940 2409 Assyrius.
2967 2350 3079 2397 473.

2256 2408 2498 2471 Rapsaces
2533 2408 2856 2472 Assyriorum
2899 2412 3002 2459 dux
3039 2410 3287 2458 exercitus
3322 2410 3417 2456 sub
3456 2408 3797 2455 Sennacherib

2196 2477 2343 2533 Rege.
2377 2477 2484 2525 499.

2259 2539 2398 2585 Ratio
2420 2539 2623 2598 duplex,
2651 2539 2704 2585 in
2733 2536 2960 2584 adversis
2984 2537 3079 2581 Deo
3100 2534 3439 2593 supplicandi.
3469 2537 3576 2585 428.

2256 2601 2390 2647 Recti
2416 2603 2504 2659 qui
2521 2602 2770 2655 dicantur,
2797 2605 3027 2646 eteorum
3044 2598 3278 2645 exultatio
3300 2611 3389 2647 cur
3412 2602 3651 2658 perpetua
3688 2600 3789 2646 142.

2195 2664 2415 2711 Reddere
2440 2668 2550 2710 vota
2576 2664 2699 2723 quid
2726 2663 2808 2719 sit,
2837 2663 2945 2711 301.
3291 2714 3303 2725 _

2255 2728 2407 2783 Reges
2430 2726 2603 2772 minus
2648 2726 2909 2783 religione,
2944 2735 3095 2782 quam
3118 2727 3350 2781 potestate
3373 2725 3657 2772 reverendi.
3684 2726 3790 2772 425.

2256 2789 2409 2846 Reges
2432 2802 2522 2835 cur
2551 2789 2604 2835 in
2632 2788 2797 2835 furore
2822 2788 2902 2834 Dei
2929 2787 3129 2849 dentur.
3159 2787 3266 2835 470.
3302 2791 3347 2833 et
3369 2800 3479 2849 seq.

2257 2852 2409 2908 Reges
2457 2852 2808 2910 prophetarum
2852 2854 2900 2896 et
2944 2848 3252 2896 sacerdotum
3300 2848 3648 2897 benedictione
3696 2860 3790 2895 non

2194 2914 2485 2960 consecrati.
2514 2914 2619 2962 439.

2258 2976 2375 3035 Regi
2400 2976 2592 3022 ccelesti
2616 2977 2905 3034 servientes,
2940 2988 3078 3035 reges
3101 2980 3237 3025 sunt.
3267 2975 3343 3024 15.
3368 2977 3413 3024 et
3436 2987 3541 3037 seq.

2260 3038 2567 3097 Regionibus
2596 3039 2680 3085 Va)
2718 3038 3035 3097 imprecatur.
3062 3039 3169 3087 533.

2259 3102 2425 3159 Regna
2455 3102 2689 3160 opulenta
2714 3114 2829 3160 qua;
2854 3112 2939 3159 per
2963 3102 3210 3148 bruchum
3233 3105 3493 3147 consumta
3516 3104 3654 3148 sunt.
3682 3099 3784 3147 495.

2261 3164 2487 3221 Regnum
2510 3164 2691 3211 Christi
2717 3164 2881 3223 quale,
2909 3167 2956 3209 et
2978 3163 3040 3209 ad
3064 3175 3191 3222 quos
3206 3163 3343 3210 ﬁnes.
3360 3163 3434 3212 15.
3461 3166 3507 3209 et
3527 3175 3635 3224 seq.

2258 3226 2471 3285 Regula:
2518 3226 2719 3273 virtutis
2763 3226 2909 3275 Jacob
2944 3226 3152 3283 posteris
3174 3226 3280 3272 suis
3302 3225 3655 3273 custodiendas
3672 3225 3781 3272 reli-

2198 3287 2327 3346 quit.
2358 3289 2466 3336 466.
2812 3338 2827 3349 ,

2260 3350 2448 3408 Regum
2474 3363 2662 3398 munus
2683 3350 2830 3410 quale
2863 3354 2952 3399 est.
2979 3352 3086 3399 101.

2260 3414 2534 3471 Religionis
2578 3415 2779 3460 violatae
2825 3417 2873 3459 et
2912 3412 3227 3460 contumeliae
3258 3412 3562 3473 prophetalis
3595 3414 3777 3461 crimen

2201 3487 2290 3532 par
2313 3481 2403 3521 est.
2432 3477 2539 3525 447.

2259 3538 2448 3585 Renum
2472 3538 2677 3585 nomine
2699 3538 3026 3597 cogitationes
3044 3537 3395 3599 intelliguntur
3415 3538 3470 3584 in
3493 3538 3651 3586 sacris
3674 3539 3782 3585 lite-

2200 3601 2289 3649 ris.
2316 3601 2393 3649 37.

2264 3664 2474 3709 Reorum
2501 3662 2701 3709 aiﬁictio
2727 3676 2827 3709 non
2853 3665 3011 3723 placet
3031 3666 3315 3713 Dominum.
3344 3664 3449 3713 486.

2263 3725 2506 3783 Repetitio
2550 3727 2600 3770 in
2650 3726 2859 3773 Psalmis
2902 3739 3001 3774 non
3048 3727 3385 3774 necessitatem
3412 3727 3680 3787 narrantis,
3705 3726 3780 3772 sed

2201 3788 2433 3834 aﬁ‘ectum
2456 3787 2725 3835 exultantis
2748 3790 2978 3837 ostendit.
3005 3792 3081 3839 31.

2265 3850 2641 3909 Reprobationis
2663 3864 2720 3897 ac
2742 3851 2979 3899 caecitatis
3001 3853 3140 3911 origo
3156 3852 3340 3899 anobis
3356 3850 3592 3911 procedit.
3620 3854 3693 3901 84.

2263 3913 2476 3973 Reprobi
2501 3913 2605 3960 luto
2629 3913 3023 3973 tequiparantur.
3051 3917 3167 3965 129.

2263 3978 2443 4023 Rerum
2470 3976 2715 4034 deﬁnitio,
2739 3978 3096 4025 communione
3129 3977 3391 4025 nominum
3438 3989 3538 4024 non
3576 3976 3778 4024 confun-

2199 4040 2355 4089 ditur.
2391 4041 2499 4088 377.

2263 4101 2571 4150 Resurrectio
2596 4102 2783 4150 Christi
2805 4115 2833 4149 a
2868 4102 3053 4150 Davide
3076 4103 3309 4162 prmdicta
3347 4102 3401 4149 in
3428 4102 3651 4151 Psalmis.
3682 4102 3776 4151 195.

2262 4166 2651 4213 Resurrectionis
2688 4178 2800 4223 spes
2815 4179 2873 4213 ex
2902 4166 3115 4215 Christo.
3147 4167 3225 4214 69.
3249 4168 3295 4211 cl
3317 4177 3421 4227 seq.

2263 4230 2535 4287 Resurgent
2557 4228 2759 4286 quidem
2775 4228 3017 4275 omnesad
3051 4229 3218 4290 vitam,
3241 4228 3324 4274 sed
3351 4239 3451 4275 non
3480 4227 3541 4273 ad
3560 4227 3775 4286 gloriam.

2206 4293 2280 4342 11.
2307 4294 2354 4337 et
2377 4302 2484 4342 seq.

2266 4303 2654 4412 Rfétfgqiiigypti
2680 4364 2769 4413 pro
2797 4353 2926 4402 Nilo.
2952 4354 3058 4403 555.

2266 4416 2433 4462 Robur
2454 4416 2674 4474 alicujus
2697 4416 2970 4465 comedere.
3008 4417 3113 4466 435.

2268 4477 2469 4524 Robusti
2499 4490 2590 4525 cur
2612 4479 2848 4526 Israelita;
2878 4484 3133 4527 vocentur.
3158 4480 3266 4528 529.

2267 4541 2457 4599 Rubigo
2480 4546 2526 4587 et
2548 4541 2791 4590 bruchus.
2817 4542 2927 4591 489.

2262 4603 2512 4662 Rubigine
2533 4617 2686 4663 regna
2706 4605 2941 4665 opulenta
2962 4606 3346 4652 consumuntur.
3376 4602 3482 4652 495.

2980 4718 3023 4783 S

2270 4830 2535 4878 Sabbatum
2558 4828 2775 4890 qualiter
2795 4829 3182 4878 observandum.
3214 4831 3319 4878 141.
3350 4832 3395 4876 et
3417 4828 3525 4878 233.

2270 4892 2534 4941 Saeculum
2584 4897 2799 4954 portare,
2845 4906 2935 4940 cur
2981 4893 3209 4940 Christus
3248 4892 3496 4951 Apostolis
3517 4892 3773 4951 prohibuit.

2208 4958 2474 5066 18saccum
2500 5029 2651 5076 super
2676 5017 2882 5065 dorsum
2906 5029 3104 5076 ponere.
3133 5018 3240 5066 518.

2271 5080 2555 5129 Sacerdotes
2578 5080 2695 5127 Baal
2718 5080 3061 5127 internecione
3084 5080 3330 5129 delentur.
3356 5080 3465 5128 799.

2269 5143 2553 5191 Sacerdotes
2603 5155 2704 5189 non
2743 5142 2915 5191 minus
2939 5143 3197 5203 religione,
3232 5155 3382 5202 quam
3406 5144 3634 5201 potestate
3655 5151 3774 5186 reve-

2208 5207 2372 5255 rendi.
2399 5206 2507 5255 425.

2271 5272 2421 5318 Sacra
2446 5267 2696 5326 Scriptura
2723 5281 2895 5316 mensa
2917 5267 3120 5315 dicitur.
3155 5269 3261 5317 102.

2271 5334 2431 5379 Sacrae
2476 5331 2635 5378 literas
2682 5330 2893 5392 laqueus
2938 5329 3177 5378 dicuntur
3210 5331 3294 5393 iis,
3332 5330 3418 5389 qui
3442 5340 3686 5389 perperam
3702 5339 3772 5373 eas

2210 5396 2617 5453 interpretantur.
2645 5394 2722 5442 56.

2274 5456 2526 5504 Sacriﬁcia
2563 5458 2659 5503 Deo
2695 5469 2889 5515 semper
2920 5456 3135 5515 gratiam
3163 5469 3295 5516 quae.
3320 5457 3429 5505 247.
3455 5458 3565 5513 Ara,
3589 5453 3707 5513 ignis
3734 5458 3771 5496 et

2211 5522 2406 5580 reliqua
2434 5519 2680 5565 sacriﬁcio
2709 5521 3002 5569 necessaria.
3032 5516 3162 5567 Ibid.

2277 5582 2587 5630 Sacriﬁcium
2614 5583 2842 5643 justitite,
2869 5582 2993 5641 quid
3020 5583 3099 5631 sit.
3128 5583 3203 5631 22.
3230 5583 3275 5629 et
3297 5593 3401 5642 seq.

2275 5646 2583 5693 Sacriﬁcium
2616 5639 2744 5692 ﬁcum
2790 5639 3029 5706 lacrymis
3061 5646 3240 5704 quanti
3291 5639 3373 5690 sit"
3399 5641 3626 5690 momenti
3659 5639 3767 5699 apud

2212 5712 2384 5757 Deum.
2421 5710 2530 5759 181.
2561 5711 2608 5755 et
2639 5721 2746 5771 seq.

2276 5771 2516 5819 Sacriﬁcii
2547 5776 2593 5818 et
2617 5770 2898 5818 holbcausti
2924 5771 3225 5820 diﬁ‘erentia.
3252 5771 3356 5820 187.

2275 5834 2583 5881 Sacriﬁcium
2612 5847 2801 5882 novum
2824 5834 2972 5895 quale
2994 5835 3080 5884 sit.
3114 5834 3221 5883 259.
3246 5838 3291 5882 et
3310 5845 3414 5895 seq.

2276 5897 2584 5945 Sacriﬁcium
2609 5910 2710 5956 quo
2742 5903 2884 5958 pacto
2911 5898 2995 5945 ﬁat
3011 5898 3109 5945 Deo
3128 5900 3401 5956 acceptum.
3428 5898 3534 5946 267.

2273 5960 2635 6018 Sacrilegorum
2663 5959 2903 6019 fugienda
2932 5961 3156 6009 societas.
3181 5961 3287 6009 423.
3320 5963 3365 6009 et
3385 5972 3492 6022 seq.
