3894 6406
89 460 237 514 1213

84 575 382 620 summatim
410 584 744 624 recensentur.
1614 583 1703 630 133

157 639 284 684 CAP.
324 639 404 700 IV.
445 661 508 672 -—
533 640 568 684 Ι.
594 638 913 700 Apronianus
935 641 997 685 ad
1024 641 1256 687 Ruﬁnum
1283 641 1433 687 mittit
1455 643 1707 700 exemplar

84 697 510 758 Hieronymianze
535 699 760 758 epistolm
787 703 837 746 in
865 703 1051 758 vulgus
1076 716 1280 759 sparsa}.
1307 705 1451 748 Varia
1476 704 1536 747 de
1549 697 1705 762 Apro-

83 762 254 807 niano
279 766 324 806 et
350 762 462 818 ejus
487 767 632 817 gente
655 762 994 821 proferuntur.
1011 766 1068 810 II.
1089 766 1254 812 Ruﬁni
1283 765 1703 823 Apologiacontra

81 823 393 881 Hieronymi
419 824 700 881 epistolam.
725 825 802 871 III.
833 825 1066 881 Ejusdem
1092 827 1348 884 Apologia»
1375 828 1512 876 libri.
1538 829 1573 873 Ι.
1614 841 1696 886 sy-

81 885 294 945 nopsis,
327 886 632 942 objectiones
665 887 972 942 dogmaticas
995 890 1278 937 continens.
1307 891 1385 938 IV.
1413 891 1627 936 Ruﬁnus
1648 885 1702 934 se

79 949 307 1011 omnino
331 948 654 1011 catholicum,
679 950 802 994 etab
829 950 1108 995 hwresibus
1132 952 1334 1004 Origcni
1359 952 1702 1011 impactis,va-

78 1020 249 1055 cuum
285 1008 396 1056 fuse
425 1010 764 1058 dtemonstrat.
792 1012 846 1059 V.
875 1012 1129 1070 Apologia:
1155 1013 1282 1059 liber
1305 1015 1363 1062 II.
1391 1008 1697 1062 enucleatum

76 1070 174 1133 7V1.
209 1071 360 1117 Varia
384 1071 436 1118 in
477 1073 836 1130 Hieronymum
870 1087 897 1118 a
923 1075 1100 1120 Ruﬁno
1134 1081 1385 1133 congesta.
1413 1077 1510 1123 VII.
1540 1077 1701 1131 Hujus

73 1132 292 1178 brevior
320 1135 559 1192 Apologia
579 1135 638 1179 ad
665 1137 1001 1182 Anastasium.
1241 1132 1250 1133 ί
1613 1138 1700 1186 139

145 1195 270 1242 CAP.
297 1196 355 1240 V.
375 1221 433 1228 —
446 1197 481 1242 Ι.
499 1197 662 1242 Ruﬁni
685 1198 952 1256 utriusque
966 1197 1223 1256 Apologim
1236 1198 1490 1257 synopsis,
1508 1199 1568 1244 ad
1584 1201 1698 1245 Hie-

75 1268 361 1319 ronymum
387 1258 617 1304 mittitur.
647 1259 703 1306 II.
729 1259 824 1311 Qui
850 1260 1015 1305 statim
1039 1260 1100 1306 ad
1127 1267 1390 1319 utramque
1415 1262 1694 1319 respondet.

69 1317 167 1382 III.
181 1319 440 1382 Apologia
463 1319 781 1380 Origeniana,
803 1333 954 1379 quam
980 1317 1323 1380 Hieronymus
1335 1317 1595 1382 Pamphilo
1610 1324 1695 1368 ab-

65 1379 444 1444 judicat,7huic
469 1381 677 1444 martyri
701 1379 1003 1432 vindicatur.
1031 1385 1107 1430 IV.
1138 1379 1375 1437 Quianam
1403 1379 1696 1444 Pamphilus

69 1441 358 1500 scripserit.
392 1443 448 1490 V.
475 1443 786 1500 Conjecturte
810 1445 872 1492 ad
901 1445 1192 1504 Apologiam
1219 1446 1476 1505 Pamphilo
1493 1441 1695 1504 abjudi-

71 1505 572 1566 caudamexcussaz.
609 1507 687 1552 VI.
711 1507 990 1564 ReSponsio
1014 1509 1306 1566 Hieromyni
1330 1510 1388 1554 ad
1413 1511 1692 1555 accusatio-

71 1577 175 1612 nes
214 1564 552 1630 RuﬁniLVII.
581 1567 653 1614 Ad
683 1568 809 1614 alias
841 1568 1010 1615 Ruﬁni
1033 1564 1374 1616 accusationes
1398 1571 1690 1630 Hieronymi

69 1640 341 1691 responsa.
375 1628 500 1676 VIII.
535 1630 784 1676 Refutatio
817 1631 1111 1691 Hieronymi
1145 1633 1401 1691 Apologia;
1424 1628 1604 1679 Ruﬁni
1627 1635 1688 1678 ad

71 1689 406 1735 Anastasium
432 1701 630 1748 papam.
1014 1689 1024 1691 ’
1186 1689 1201 1691 ’
1601 1697 1690 1744 153

140 1753 266 1815 CAP.
293 1753 374 1800 VI.
400 1776 462 1815 ἡ
489 1753 524 1798 I.
553 1754 763 1799 Ruﬁnus
785 1753 982 1800 duobus
1005 1755 1412 1814 Hieronymianae
1437 1757 1690 1815 Apologia:

71 1812 230 1858 libris
264 1813 546 1877 Aquileiam
581 1815 677 1859 sibi
708 1815 935 1873 perlatis,
983 1816 1136 1863 biduo
1170 1812 1434 1877 respondet
1457 1812 1684 1876 epistOIa,

69 1887 218 1921 nunc
263 1875 535 1933 deperdita.
574 1878 630 1923 II.
680 1880 803 1922 Suos
851 1877 1006 1924 libros
1042 1880 1102 1925 ad
1132 1875 1687 1937 Hieronymum’mittit.

72 1950 234 1994 quem
261 1939 440 1983 acriter
467 1939 640 1996 carpit.
685 1940 762 1984 III.
793 1939 1028 1996 Ejusdem
1054 1941 1280 1999 epistola:
1305 1943 1576 2000 deperdita:
1603 1957 1691 1989 οχ-

73 2004 270 2064 cerpta.
298 2000 384 2064 I_V._
406 2001 657 2064 Anastasii
685 2001 937 2046 Pontiﬁcis
962 2008 1004 2048 et
1031 2003 1195 2050 Sancti
1218 2005 1488 2063 Ephipanii
1513 2007 1691 2064 episto-

7 2073 18 2086 ·
75 2061 157 2108 las
201 2060 512 2123 in7_dubium
555 2067 712 2119 vocat,
745 2075 898 2122 seque
930 2076 1152 2123 purgans
1184 2060 1691 2114 adversarium'varie

73 2121 330 2186 percellit.
357 2123 414 2168 V.
448 2123 786 2186 Hieronymus
809 2137 839 2170 a
863 2121 1047 2172 Sancto
1065 2129 1348 2174 Chromatio
1372 2129 1688 2186 Aquileiensi

73 2183 300 2252 antistite
326 2185 573 2252 monitus,
595 2191 647 2252 u_t
673 2199 700 2230 a
728 2186 992 2252 scribendo
1012 2189 1070 2252 in
1087 2190 1318 2236 Ruﬁnum
1343 2183 1690 2252 abstineret,se

74 2246 305 2310 invitum
332 2247 394 2292 ad
424 2249 518 2310 sui
547 2247 892 2310 defensionem
917 2249 1021 2308 cogi
1049 2253 1332 2310 respondet,
1357 2253 1491 2309 quod
1519 2246 1685 2299 Ruﬁni

75 2307 221 2372 libri_
247 2307 324 2372 in
347 2309 536 2372 vulgus
574 2309 756 2369 sparsi,
783 2307 1100 2367 vagarentur.
1131 2307 1208 2360 VI.
1234 2307 1488 2372 Apelogize
1512 2316 1690 2361 Hiero-

74 2369 259 2434 nymi,
283 2371 609 2434 ejusdemque
633 2373 1066 2430 interpretationes
1091 2369 1346 2422 literarum
1373 2369 1684 2434 paschalium

71 2431 360 2490 Theophili,
389 2432 539 2478 annis
585 2437 631 2479 et
669 2435 898 2480 numeris
920 2436 1028 2481 suis
1063 2438 1322 2484 restitutae.
1363 2431 1461 2484 VII.
1497 2439 1558 2485 M.
1583 2441 1685 2484 An-

75 2494 206 2540 tonii
231 2493 465 2560 Sabellici
483 2495 679 2550 judicia
702 2497 834 2542 circa
857 2497 1238 2545 Ruﬁnuminter
1252 2506 1297 2546 et
1323 2500 1685 2560 Hieronymum

71 2557 447 2602 contentiones.
1517 2557 1531 2560 ’
1603 2564 1688 2611 169

136 2626 260 2674 CAP.
285 2625 389 2673 VII.
414 2650 478 2660 —
499 2626 536 2672 Ι.
563 2626 792 2684 Origenis
819 2629 1053 2675 Homilize
1076 2630 1208 2679 XVII
1234 2632 1284 2677 in
1319 2630 1562 2678 Gcncsim
1586 2645 1687 2678 non

67 2702 111 2750 a7
145 2688 479 2750 Hieronymo,
504 2688 590 2734 sed
615 2703 644 2735 a
666 2689 865 2750 Rufino
893 2692 1048 2738 latine
1073 2704 1246 2740 versae.
1275 2695 1331 2739 II.
1355 2694 1609 2740 Trcdecim
1633 2695 1687 2740 in

73 2747 354 2813 Emodum,
387 2753 434 2796 et
464 2751 714 2798 sexdecim
752 2747 806 2798 in
833 2752 1141 2801 Levilicum.
1170 2756 1248 2801 III.
1283 2755 1470 2813 Viginti
1501 2761 1610 2800 octo
1635 2757 1685 2800 in

72 2810 364 2859 Numeros.
394 2813 472 2860 IV.
503 2813 694 2869 Vitgini
717 2827 801 2860 sex
828 2816 880 2861 in
899 2814 1082 2862 Josue.
1108 2817 1165 2864 V.
1198 2810 1378 2863 Novem
1404 2818 1456 2864 in
1473 2815 1690 2865 Judices

76 2874 366 2939 totidemin
401 2872 782 2939 Psalmis,7una
805 2879 858 2923 in
887 2877 1072 2924 librum
1104 2879 1140 2926 Ι.
1167 2877 1392 2939 Regum,
1413 2884 1692 2938 etquatuor

74 2938 128 2982 in
161 2933 411 3002 Cantica.
435 2937 515 3002 VI.
547 2937 679 3002 Libri
700 2939 876 3002 decem
915 2940 966 2986 in
995 2939 1162 2987 Pauli
1186 2933 1464 3002 epistolam
1492 2933 1568 2988 ad
1586 2941 1691 2988 Ro-

75 3009 283 3045 manos.
306 2999 407 3045 VII.
435 2999 668 3044 Homilia:
685 3000 872 3049 duhize.
889 3003 1010 3055 Quae
1036 2999 1222 3050 suntin
1235 3002 1435 3050 Lucam
1460 3017 1562 3050 non
1576 3002 1690 3050 Ru-

69 3060 241 3121 ﬁnus,
257 3061 343 3106 sed
369 3060 708 3120 Hieronymus
731 3065 891 3110 vertit.
1475 3068 1686 3115 176-177

142 3131 415 3194 CAP.77VI7H.
439 3157 499 3166 —
524 3131 562 3179 Ι.
589 3131 802 3194 Rufinus
830 3133 1002 3179 Basilii
1028 3135 1189 3194 Magni
1215 3135 1458 3182 Homilies
1491 3142 1616 3192 octo,
1642 3138 1689 3183 et

73 3193 305 3250 Gregorii
343 3193 640 3239 Nazianzeni
665 3193 835 3240 decem
861 3193 1190 3253 opuscula’ab
1213 3209 1266 3244 se
1289 3198 1444 3244 latine
1477 3199 1686 3252 reddita,

69 3253 404 3318 Aproniano
419 3255 666 3318 inscribit.
692 3256 750 3305 II.
766 3257 1021 3304 Nonnulla
1032 3258 1093 3306 de
1111 3260 1192 3306 his
1214 3260 1689 3318 Gregorianislucu-

72 3316 405 3382 brationibus
416 3316 758 3382 proferuntur.
786 3319 866 3366 III.
891 3320 1107 3367 Ruﬁnus
1131 3322 1254 3368 Sixti
1280 3316 1428 3373 etiam
1447 3323 1692 3382 Pythago-

71 3381 168 3446 rici
194 3378 802 3446 sententiasinlatinum
828 3393 1111 3446 sermonem
1139 3384 1401 3446 translatas
1423 3378 1687 3446 ad'Apro-

2 3497 4 3500 7
69 3441 212 3489 nian
225 3453 316 3486 um
355 3441 526 3504 mittit,
557 3445 758 3500 Ayamaa
797 3443 956 3488 sorori
987 3443 1264 3491 donandas.
1292 3447 1372 3492 1V.
1398 3447 1520 3492 Sixti
1547 3441 1683 3504 artas,

67 3504 272 3563 religio,
313 3509 359 3548 et
403 3503 621 3561 pretium
669 3506 804 3562 apud
851 3506 1105 3564 antiquos.
1139 3507 1198 3555 V.
1236 3509 1448 3554 Ruﬁnus
1473 3510 1535 3555 ob
1561 3503 1684 3555 Sixti

71 3565 452 3612 translationem
478 3566 608 3612 male
633 3567 853 3617 habitus.
882 3580 982 3612 non
1011 3575 1172 3615 tamen
1199 3576 1468 3627 superstes.
1491 3571 1569 3619 VI.
1587 3573 1686 3618 Cur

70 3629 306 3674 Sixtinus
330 3627 457 3673 liber
478 3641 507 3672 a
531 3627 727 3674 Gelasio
752 3630 788 3674 I.
813 3630 1025 3686 rejoctus
1051 3631 1178 3676 inter
1207 3633 1510 3690 apocrypha.
1539 3635 1603 3679 De
1628 3648 1684 3679 eo

69 3690 330 3736 variorum
379 3691 644 3735 scntentite
689 3691 947 3748 exposita}.
1001 3693 1103 3738 VII.
1141 3692 1265 3740 Sixti
1292 3694 1475 3741 dictae
1499 3695 1685 3742 Grtecis

65 3753 260 3817 passim
285 3751 516 3799 adducta.
547 3751 706 3798 Etiam
731 3765 761 3797 a
790 3753 994 3802 Latinis.
1020 3754 1144 3802 VIII.
1173 3755 1292 3813 Ejus
1308 3757 1684 3817 codices,atque

63 3815 336 3861 editiones.
1508 3815 1518 3817 ’
1592 3821 1683 3869 188

131 3885 250 3933 CAP.
280 3884 377 3946 IX.
418 3906 481 3917 —-
525 3883 564 3928 Ι.
595 3883 816 3938 Evagrii,
844 3885 993 3941 cujus
1021 3882 1263 3942 epuscula
1289 3887 1501 3934 Ruﬁnus
1531 3888 1685 3946 latine

63 3945 326 4004 convertit,
357 3945 517 4002 patria
540 3949 586 3990 et
619 3958 925 4002 cognomen.
955 3947 1012 3992 ΙΙ.
1045 3951 1399 3994 Accusationes
1438 3950 1490 3994 in
1532 3945 1679 3997 illum

65 4015 336 4068 congestas.
363 4009 444 4054 III.
473 4007 594 4064 Ejus
617 4007 812 4055 Iaudes.
842 4007 922 4056 IV.
952 4008 1139 4067 Scripta
1164 4023 1194 4055 a
1216 4011 1398 4057 Ruﬁno
1421 4012 1676 4060 translata.

63 4072 238 4118 adhuc
257 4071 520 4132 exstantia.
545 4069 602 4114 V.
622 4069 904 4132 Sententiis
929 4071 1428 4132 Pamphilimartyris
1439 4074 1680 4121 adversus

64 4133 441 4181 Mathematicos
465 4131 526 4176 ab
550 4130 721 4177 eodem
749 4143 1006 4178 conversa)
1031 4130 1378 4181 excutiuntur.
1589 4137 1679 4186 200

129 4204 252 4251 CAP.
275 4204 339 4251 X.
373 4226 436 4236 —
461 4203 498 4249 Ι.
529 4200 803 4249 Clementis
827 4201 1211 4261 Recogeitiones
1234 4205 1433 4252 Grazcas
1462 4209 1572 4264 post
1595 4219 1680 4252 ea-

65 4279 180 4314 rum
207 4265 604 4326 translationem,
637 4264 700 4310 ab
722 4263 885 4310 amico
909 4265 1118 4312 Paulino
1149 4267 1342 4313 Nolano
1369 4267 1550 4313 frustra
1575 4271 1677 4314 ten-

66 4333 236 4384 tatam,
286 4329 501 4372 Ruﬁnus
528 4327 682 4373 latine
705 4327 962 4375 convertit.
991 4327 1048 4374 II.
1077 4328 1268 4386 Rogata
1293 4333 1482 4376 Sancta:
1507 4329 1677 4376 Silvia:

65 4391 238 4436 Rufini
285 4389 505 4446 przefecti
549 4389 784 4448 praetorio
827 4389 1032 4445 sororis,
1056 4402 1183 4448 opus
1205 4392 1515 4451 adgreditur,
1541 4393 1672 4450 quod

60 4453 346 4501 Gaudentio
376 4451 610 4498 Brixiano
637 4452 880 4509 Episcopo
908 4455 1185 4510 nuncupat.
1210 4454 1292 4502 III.
1319 4455 1479 4500 Verus
1503 4453 1678 4512 prmt‘a-

64 4515 220 4561 tionis
245 4519 418 4560 auctor
440 4517 486 4558 et
509 4514 931 4571 Recognitionum
959 4513 1204 4573 interpres
1229 4516 1544 4562 Ruﬁnus.IV.
1574 4516 1675 4561 Bel-

64 4576 272 4638 larmini
314 4577 453 4622 locus
486 4574 616 4638 circa
652 4575 928 4638 Clementis
951 4577 1334 4636 Recognitiones
1355 4579 1671 4638 expenditur.

65 4641 119 4685 V.
153 4637 318 4686 Varia;
345 4636 699 4696 inscriptiones
723 4637 1136 4697 Recognitionum
1165 4636 1442 4687 Clementis
1459 4641 1672 4686 recitan-

59 4714 138 4748 ur.
191 4701 272 4748 VI.
310 4702 497 4746 Auctor
533 4699 950 4757 Recognitiouum
975 4700 1268 4758 inquiritur.
1300 4704 1399 4749 VII.
1436 4703 1669 4758 Ejusdem

57 4769 184 4810 aetas
206 4763 460 4809 statuitur.
492 4761 614 4808 VIII.
644 4761 864 4806 Dodweli
893 4765 1141 4809 sententia
1164 4764 1428 4813 refellitur.
1449 4765 1530 4811 IX.
1551 4766 1674 4811 Cen-

58 4838 183 4872 sura
207 4824 403 4886 Gelasii
420 4825 564 4882 Papa:
587 4824 648 4870 de
673 4824 1140 4881 Recognitionibus.
1166 4826 1226 4874 X.
1243 4827 1404 4873 Variae
1428 4827 1670 4886 Recogni-

66 4890 262 4934 tionum
286 4885 534 4932 editiones
561 4891 912 4932 numerantur.
1570 4885 1669 4938 ⁷207

125 4959 244 5006 CAP.
260 4957 342 5004 XI.
367 4980 431 4990 —
450 4959 488 5002 Ι.
515 4956 732 5002 Ruﬁnus
743 4956 1028 5002 Chromatio
1040 4957 1445 5015 Aquileiensium
1457 4959 1667 5005 antistiti

59 5020 414 5079 obsecuturus,
460 5018 728 5064 Historiam
772 5017 973 5064 Eusebii
1012 5019 1236 5066 Latinam
1262 5019 1396 5079 facit,
1424 5021 1668 5080 librisque

61 5081 189 5143 suis,
211 5095 241 5127 a
271 5081 467 5140 Dupino
491 5093 750 5139 perperam
775 5081 1110 5143 reprehensis.
1141 5083 1220 5128 III.
1262 5083 1432 5130 Ruﬁni
1455 5083 1670 5130 Historia

60 5145 260 5191 duobus
300 5148 450 5202 auget
494 5143 553 5191 II.
588 5143 717 5196 Quid
746 5143 797 5188 in
825 5142 1122 5189 Eusebianis
1144 5145 1448 5203 prsestiterit,
1474 5146 1596 5204 quid
1617 5145 1668 5192 in

59 5206 190 5259 suis,
216 5219 246 5252 a
267 5206 466 5264 Dupino
490 5217 746 5263 perperam
780 5205 1117 5263 reprehensis.
1158 5206 1236 5255 IIl.
1269 5208 1670 5254 RuﬁniHistoria

57 5283 85 5314 a
109 5267 266 5314 Gallis
290 5267 496 5313 maximi
523 5268 650 5313 facta
673 5283 684 5314 :
708 5267 826 5313 item
851 5268 912 5312 ab
957 5267 1134 5326 Anglis
1166 5273 1213 5314 et
1245 5269 1495 5316 Africanis
1521 5271 1670 5316 Patri-

57 5331 173 5378 hus.
207 5330 284 5375 IV.
310 5331 350 5376 A
375 5329 560 5375 Graacis
583 5329 838 5378 similiter.
864 5329 924 5377 V.
949 5328 1108 5376 Gnaei
1127 5329 1254 5376 duos
1265 5331 1489 5387 ejusdem
1515 5331 1670 5378 libros

57 5395 224 5441 Grrece
269 5395 628 5454 convertentes,
678 5404 799 5438 suos
834 5390 1042 5454 faciunt.
1082 5391 1166 5439 VI.
1196 5393 1478 5440 Concilium
1511 5393 1665 5440 Nicae-

58 5467 198 5501 num.
226 5454 284 5500 Il.
313 5454 599 5500 earumdem
631 5453 918 5500 testimonio
942 5454 1235 5502 utitur.VII.
1274 5455 1464 5502 Latiare
1487 5457 1670 5502 versio-

59 5518 140 5563 nis
184 5516 478 5563 Eusebianaa
503 5515 727 5562 historiae
767 5528 855 5574 per
879 5515 1118 5562 Ruﬁnum
1141 5517 1428 5574 praelautia
1446 5518 1666 5564 ostendi-

61 5585 152 5624 tur.
181 5579 301 5626 VIII.
329 5577 516 5625 Gelasii
541 5590 755 5625 censura
779 5577 1074 5636 explicatur.
1103 5577 1185 5626 IX.
1225 5579 1389 5626 Varia)
1425 5580 1669 5627 editiones

59 5644 400 5689 recensentur.
1576 5645 1670 5691 222

119 5709 233 5757 CAP.
261 5711 368 5759 XII.
391 5735 455 5745 —
475 5711 514 5760 Ι.
541 5711 709 5758 Ruﬁni
745 5709 958 5756 historia
983 5710 1256 5760 eremitica.
1290 5711 1348 5758 II.
1383 5712 1670 5772 Aitquando

60 5773 361 5832 Hieronymo
404 5773 670 5832 adscripta.
721 5772 800 5822 III.
840 5773 1054 5818 Ruﬁnus
1077 5776 1274 5834 enarrat
1297 5775 1532 5834 alterius,
1565 5789 1667 5822 non

59 5849 199 5881 suam
238 5837 496 5882 historiam
521 5837 776 5894 [itinerum
806 5846 894 5893 per
927 5833 1228 5882 solitudines
1250 5833 1666 5884 monasteriorum

60 5897 275 5956 Egypti.
325 5899 402 5946 IV.
441 5900 488 5945 Is
531 5902 602 5960 est
647 5897 906 5960 Petronius
937 5897 1287 5960 Bononiensis,
1312 5913 1411 5945 non
1431 5900 1580 5947 alius.
1607 5900 1665 5946 V.

63 5963 192 6006 Idem
260 5961 438 6006 multis
507 5959 794 6006 rationibus
839 5959 1208 6015 comprobatur.
1236 5961 1316 6009 VI.
1365 5963 1530 6019 Deque
1574 5962 1666 6008 hoc

1131 467 1292 528 QU/E
1326 467 1397 518 IN
1434 466 1580 518 HOC
1613 465 1812 518 TOMO
1847 467 2364 519 CONTINENTUR.

3273 469 3411 524 1214

1801 579 2120 685 dtiﬁicultates
2166 580 2425 629 tolluntur.
2464 582 2564 629 VII.
2603 581 2703 627 Cur
2743 592 2871 639 opus
2896 581 3200 642 Hieronymo
3221 582 3408 691 adsggi:

1802 654 1834 691 ι)
1857 654 1961 689 um.
3379 659 3408 690 θ

1802 654 1961 700 ptum.
3320 654 3410 691 23.5

1866 712 1984 759 CAP.
2030 713 2158 759 XIII.
2183 739 2260 762 -—.
2295 713 2587 772 Hieronymi
2622 715 2682 760 de
2715 716 2806 760 hoc
2832 713 2996 760 Ruﬁni
3019 728 3165 772 opere
3191 715 3414 760 testimo-

1804 773 1949 819 nium
1979 775 2304 832 explicatum.
2320 777 2376 823 II.
2404 778 2531 828 Quid
2551 777 2830 822 deillorum
2847 777 3104 822 sanctitate
3121 776 3412 836 dicendum,

1800 848 1930 893 quos
1967 836 2300 896 Hieronymus
2331 839 2506 896 carpit.
2539 839 2618 884 III.
2648 840 2848 885 Caussa:
2880 839 3168 896 recitantur,
3205 839 3268 884 ob
3291 849 3419 896 quas

1799 899 2138 957 Hieronymus
2186 899 2357 946 minus
2404 901 2612 946 fortasse
2663 913 2838 958 (equus
2883 900 2977 944 fuit
3025 901 3200 946 Ruﬁno
3245 905 3291 946 et
3328 899 3418 945 Pe-

1799 960 1985 1006 tronio.
2013 961 2092 1008 IV.
2120 962 2282 1008 Varia:
2308 962 2558 1009 editiones
2583 964 2756 1022 Operis
2793 963 2853 1008 de
2871 963 3000 1008 Vitis
3023 963 3218 1008 Patrum
3248 960 3416 1021 profe-

1796 1027 1994 1069 runtur.
3318 1024 3412 1070 245

1862 1094 1982 1142 CAP.
2019 1094 2141 1141 XIV.
2173 1118 2236 1128 —
2254 1095 2291 1142 I.
2317 1094 2529 1142 Ruﬁnus
2557 1093 2969 1141 commentarium
2995 1095 3169 1142 scribit
3193 1095 3246 1141 in
3275 1098 3416 1154 Sym-

1797 1155 1968 1201 bolum
1999 1157 2372 1214 Apostolorum.
2403 1157 2621 1204 Breviter
2644 1158 2697 1203 in
2731 1170 2788 1204 eo
2816 1162 3048 1203 contenta
3072 1164 3412 1204 recensentur.

1795 1219 1853 1266 II.
1881 1218 2186 1264 Testimonia
2214 1223 2308 1263 tam
2329 1219 2579 1278 Veterum,
2599 1232 2750 1278 quam
2767 1219 3116 1266 Recentiorum
3142 1220 3414 1267 adducun-

1795 1279 2002 1343 ιρι-,λιι
2031 1281 2195 1337 Hujus
2219 1281 2575 1328 Commentarii
2599 1282 2755 1328 variae
2777 1281 3044 1330 editiones.
3321 1283 3405 1330 251

1855 1353 1976 1400 CAP.
2005 1352 2106 1400 XV.
2133 1377 2193 1386 -—
2219 1353 2255 1401 Ι.
2299 1351 2522 1398 Anatolii
2559 1352 2891 1399 Alexandrini
2929 1365 3090 1399 canon
3114 1351 3364 1412 paschalis
3385 1363 3415 1396 a

1793 1413 1982 1459 Ruﬁno
2009 1414 2180 1460 Latine
2209 1426 2500 1460 conversus.
2530 1415 2586 1462 II.
2623 1415 2740 1474 Ejus
2763 1413 3000 1472 Epistolis
3027 1427 3202 1460 omnes
3239 1415 3416 1472 deper-

1791 1475 1909 1582 ἷίίῖςιῗ
1959 1477 2040 1522 ΙΙΙ.
2087 1476 2272 1534 Aliqua
2307 1489 2332 1521 e
2369 1477 2542 1522 Latino
2578 1477 2629 1522 in
2668 1477 2894 1524 Grazcum
2942 1488 3220 1524 sermonem
3249 1482 3414 1586 tragus?

1813 1551 1842 1583 ιι
1869 1551 1882 1582 I
1912 1572 1924 1583 .
3347 1553 3376 1586 δ

1857 1610 1982 1656 CAP.
2013 1607 2141 1654 XVI.
2167 1633 2230 1644 —
2257 1610 2291 1657 I.
2320 1610 2394 1656 An
2425 1608 2638 1654 Ruﬁnus
2663 1608 2818 1654 Flavii
2837 1609 3040 1668 Iosephi
3054 1620 3262 1666 operum
3286 1607 3417 1654 Lati-

1793 1683 1892 1716 nus
1945 1670 2206 1728 interpres.
2256 1671 2313 1718 II.
2373 1671 2521 1716 Varia
2557 1671 2617 1716 de
2637 1671 3220 1730 Josephiantiquissimo
3243 1669 3415 1716 codice

1793 1732 2176 1781 Medionalensi.
2227 1733 2309 1778 III.
2352 1733 2480 1778 Num
2517 1734 2856 1792 Hieronymus
2879 1739 2925 1779 et
2948 1733 3242 1780 Ambrosius
3269 1731 3412 1778 Jose-

1792 1795 1949 1852 phum
2000 1794 2170 1841 Latine
2218 1794 2572 1842 converterint.
2629 1795 2903 1854 Egesippus
2955 1800 3030 1841 est
3071 1794 3317 1853 Iosephus
3352 1794 3413 1839 de

1796 1857 1928 1902 Bello
1970 1857 2179 1903 Judaico
2215 1857 2275 1902 ab
2301 1857 2560 1902 Ambrosio
2583 1855 2750 1902 Latino
2773 1863 3076 1904 contractus.
3117 1857 3194 1902 IV.
3231 1855 3409 1901 Fride-

1792 1919 1880 1963 rici
1910 1918 2153 1964 Gronovii
2179 1919 2380 1966 collatio
2408 1920 2537 1964 inter
2571 1919 2778 1977 phrases
2803 1918 3072 1978 Ambrosii,
3096 1924 3142 1963 et
3174 1917 3412 1977 Egesippi

1787 1981 2066 2087 tadprobata
2103 1986 2150 2026 et
2173 1981 2394 2027 defensa.
2427 1981 2484 2026 V.
2509 1981 2712 2039 Iosephi
2743 1981 2906 2026 versio
2944 1981 3124 2026 Ruﬁno
3148 1981 3412 2089 81)]Πάὲὲεέ-

1809 2055 1883 2089 ur.

1809 2055 1883 2090 ur.

1854 2114 1974 2160 CAP.
2013 2112 2163 2160 XVII.
2194 2137 2256 2146 —
2284 2112 2324 2160 Ι.
2354 2112 2712 2159 Commentarii
2737 2112 2791 2158 in
2815 2113 2999 2159 LXXV.
3029 2111 3240 2158 Davidis
3263 2112 3406 2157 Psal-

1789 2188 1896 2220 mos
1933 2175 2116 2220 Ruﬁno
2139 2187 2396 2233 perperam
2421 2175 2667 2222 attributi.
2699 2175 2757 2222 II.
2794 2175 3034 2220 Similiter
3057 2174 3405 2219 commentarii

1790 2237 1841 2282 in
1873 2237 2068 2298 Oseam,
2099 2237 2340 2297 Johelem,
2377 2240 2420 2282 et
2448 2238 2609 2282 Amos.
2645 2237 2727 2284 III.
2759 2237 2934 2283 Incerti
2957 2236 3178 2281 auctoris
3200 2241 3272 2281 est
3292 2234 3404 2281 Vita

1785 2300 1834 2347 S.
1860 2299 2118 2359 Eugeniae,
2153 2311 2254 2345 non
2281 2299 2464 2346 Ruﬁni.
3301 2299 3392 2346 267

1855 2379 1973 2428 CAP.
2024 2379 2196 2428 XVIII.
2237 2403 2300 2412 —
2349 2378 2386 2426 Ι.
2413 2378 2514 2423 Sub
2536 2378 2708 2423 Ruﬁni
2731 2378 2937 2424 nomine
2964 2377 3150 2436 duplex
3173 2373 3401 2423 Libellus

1789 2439 1962 2500 Fidei,
2009 2440 2260 2498 superiori
2313 2439 2496 2486 saeculo
2520 2440 2704 2486 editus.
2732 2441 2788 2485 Il.
2827 2440 2963 2486 Prior
2996 2441 3278 2486 continens.
3305 2453 3396 2485 xu.

1789 2503 2266 2557 Auathematismos,
2287 2502 2466 2548 Ruﬁno
2491 2508 2661 2548 nostro
2685 2501 2895 2547 minime
2917 2503 3283 2563 attribuendus,
3310 2501 3398 2546 sed

1791 2566 1955 2613 alteri.
1984 2565 2065 2612 III.
2098 2565 2250 2610 Multo
2267 2565 2437 2610 minus
2462 2565 2722 2625 posterior,
2740 2564 3004 2623 Pelagiana
3029 2566 3138 2610 labe
3163 2564 3395 2611 infectus:

1791 2630 1978 2684 septem
2025 2627 2192 2672 Ruﬁni
2240 2631 2575 2672 recensentur.
2613 2627 2692 2673 IV.
2741 2627 2984 2672 Posterior
3006 2627 3228 2672 Libellus
3252 2625 3397 2671 Ruﬁ-

1791 2700 1915 2734 num
1941 2687 2267 2735 Palmstinum
2293 2689 2371 2734 vel
2396 2688 2554 2735 alium
2579 2691 2827 2735 auctorem
2852 2689 3018 2738 habet.
3303 2689 3389 2735 27!

1855 2767 1972 2816 CAP.
1999 2767 2128 2814 XIX.
2156 2793 2215 2803 —
2240 2769 2276 2816 Ι.
2305 2767 2571 2826 Theophili
2595 2767 2925 2814 Alexandrini
2949 2768 3156 2826 epistola
3179 2767 3240 2812 ad
3271 2769 3398 2812 Ana-

1792 2830 2008 2878 stasium
2035 2830 2216 2888 Papam
2241 2831 2373 2876 circa
2397 2831 2646 2876 Paschatis
2669 2831 3050 2877 celebrationem
3078 2830 3248 2876 turbas
3269 2829 3399 2875 exci-

1793 2895 1859 2937 tat
1885 2892 1941 2938 in
1961 2892 2200 2940 Ecclesia.
2220 2893 2275 2939 II.
2306 2893 2519 2938 Ruﬁnus
2533 2893 2596 2939 ab
2619 2893 2881 2938 Anastasio
2903 2892 3115 2938 minime
3129 2893 3398 2938 damnatus

1793 2953 1874 3000 III.
1902 2953 2004 3000 Hoc
2024 2959 2203 3013 praeter
2225 2954 2326 2998 alia
2350 2955 2567 3001 ostendit
2584 2954 2806 3010 ejusdem
2825 2967 2940 3001 cum
2959 2953 3396 3012 prtecipuisltalite

1791 3015 2052 3075 Episcopis
2075 3015 2483 3062 communicatio
2513 3017 2592 3064 IV.
2612 3017 2733 3073 Ejus
2751 3021 2938 3063 tantum
2954 3017 3198 3062 librorum
3212 3015 3398 3062 Periar-

1789 3078 1919 3124 chon
1947 3077 2114 3125 versio
2139 3091 2241 3124 non
2265 3078 2485 3136 probata.
2514 3079 2572 3124 V.
2601 3079 2768 3126 Ruﬁni
2793 3092 3031 3138 responsa
3055 3079 3114 3124 ad
3141 3079 3393 3136 Hierony-

1785 3152 1926 3186 mum
1971 3141 2105 3186 circa
2149 3140 2398 3186 Anastasii
2423 3139 2576 3198 Papa:
2615 3141 2880 3198 epistolam
2904 3142 2966 3188 ad
2997 3142 3070 3188 Jo.
3099 3140 3390 3198 Hierosoly-

1784 3201 2052 3250 mitanum.
2090 3202 2170 3249 VI.
2197 3202 2436 3248 Simultas
2465 3203 2596 3249 inter
2616 3203 2979 3262 Hieronymum
3001 3208 3048 3250 et
3071 3203 3304 3250 Ruﬁnum
3325 3202 3390 3246 ab

1781 3264 2062 3322 Augustino
2095 3264 2391 3322 improbata.
3290 3265 3380 3312 277

1845 3345 1959 3392 CAP.
1985 3345 2088 3392 XX.
2134 3370 2193 3378 —
2218 3346 2255 3392 Ι.
2288 3345 2502 3391 Ruﬁnus
2528 3345 2655 3391 Urbe
2677 3345 2886 3392 discedit
2909 3359 3022 3393 cum
3052 3345 3264 3393 Melania
3291 3346 3388 3390 ite-

1784 3419 1894 3452 rum
1927 3407 1978 3452 in
2011 3407 2318 3452 Palaestinam
2350 3409 2664 3464 trajecturus.
2704 3410 2882 3454 Annus
2905 3409 3197 3454 emortuaiis
3221 3407 3386 3454 Publi-

1781 3469 1904 3514 colze
1931 3470 2169 3522 Senioris,
2195 3469 2418 3514 Melania?
2437 3469 2848 3517 ﬁliidecernitur.
2875 3471 3090 3516 II.Roma
3104 3470 3168 3516 ab
3191 3470 3387 3516 Alarico

1783 3531 2052 3577 Gothorum
2079 3531 2204 3590 Rege
2232 3531 2452 3587 obsessa,
2479 3537 2626 3588 atque
2660 3531 2870 3590 direpta.
2897 3533 2976 3578 III.
3005 3532 3175 3578 Ruﬁni
3199 3531 3384 3591 obitus,

1780 3591 1920 3638 locus
1946 3595 2140 3654 mortis,
2164 3599 2207 3638 et
2234 3599 2428 3652 tempus
2458 3593 2771 3652 adsignatur.
2809 3593 2886 3640 IV.
2915 3594 3084 3639 Ruﬁni
3110 3595 3286 3640 laudes
3310 3605 3386 3638 re-

1779 3661 2063 3702 censentur.
3285 3656 3378 3704 285

2309 3795 2530 3846 OPERA
2588 3795 2848 3846 RUFINI.
3103 3853 3110 3860 ,

1845 3915 1918 3961 DE
1957 3913 2479 3960 BENEDICTIONIBL’S
2516 3913 3025 3960 PATRIARCHARUM
3071 3911 3186 3958 libri
3225 3912 3328 3958 duo

1836 4035 2082 4100 Epistola
2118 4034 2347 4100 Paulini
2387 4036 2460 4084 ad
2491 4035 2772 4100 Ruﬁnum.
3243 4033 3381 4084 Ibid.

1838 4097 2096 4161 Praefatio
2114 4098 2173 4146 in
2201 4097 2400 4146 librum
2422 4099 2686 4161 primum.
3141 4133 3148 4144 .
3283 4100 3374 4146 297

1759 4203 1766 4208 .
1837 4177 1981 4210 LIBER
2007 4175 2207 4210 PRIMUS.
2233 4188 2292 4196 —
2319 4162 2598 4208 Benedictio
2621 4161 2781 4207 Judre.
3283 4161 3370 4208 301

1837 4223 2081 4286 Epistota
2115 4222 2284 4286 altera
2308 4223 2535 4286 Paulini
2561 4224 2634 4270 ad
2658 4223 2937 4284 Ruﬁnum.
3285 4222 3376 4286 309

1837 4283 2092 4348 Prefatio
2127 4285 2188 4332 in
2215 4283 2411 4332 librum
2429 4284 2501 4335 II.
2864 4345 2894 4348 7_
3225 4344 3239 4348 _
3282 4283 3372 4348 314

1837 4344 2006 4396 Linea.
2043 4348 2104 4396 II.
2139 4373 2201 4382 —
2227 4349 2291 4394 De
2323 4348 2762 4395 benedictionibus
2809 4345 3115 4403 reliquorum
3137 4344 3373 4390 undecim

1770 4411 2185 4466 patriarcharum.
3159 4407 3374 4455 313-335

1835 4473 2302 4522 COMMENTARIUS
2340 4473 2393 4518 in
2430 4473 2722 4532 Symbolum
2748 4469 3091 4529 Apostolorum
3159 4469 3373 4517 335-386

1829 4560 2102 4606 HISTORIA
2124 4561 2560 4608 MONACHORUM.
3279 4559 3369 4604 387

1829 4649 1996 4696 CAPUT
2025 4661 2236 4696 PRIMUM.
2260 4673 2323 4682 —
2340 4649 2404 4695 De
2426 4655 2598 4696 sancto
2617 4651 2824 4696 Joanne.
3235 4643 3366 4692 Ibid.

1828 4713 1949 4759 CAP.
1987 4711 2042 4756 II.
2072 4737 2130 4744 —
2169 4710 2232 4756 De
2255 4712 2370 4760 Hor.
3281 4708 3370 4755 405

1828 4775 1946 4821 CAP.
1983 4775 2060 4820 ΙΙΙ.
2089 4797 2149 4807 -
2175 4773 2239 4818 De
2262 4775 2526 4822 Ammone.
3276 4767 3367 4820 4οἷ

1831 4837 1948 4884 CAP.
1978 4837 2060 4885 IV.
2081 4859 2142 4868 —
2166 4834 2233 4880 De
2264 4835 2410 4881 Bene.
3279 4833 3369 4880 408

1831 4900 1949 4946 CAP.
1984 4898 2042 4942 V.
2069 4921 2130 4930 --
2156 4896 2221 4942 De
2245 4896 2550 4955 Oxyryncho
2573 4896 2787 4944 civitate.
3237 4889 3368 4941 Ibid.

1833 4961 1946 5008 CAP.
1985 4961 2063 5006 VI.
2086 4982 2148 4994 ——
2179 4960 2246 5004 De
2280 4959 2491 5022 Theone.
2522 5019 2531 5022 _
3225 5013 3236 5022 7
3277 4956 3371 5022 400

1831 5023 1948 5070 CAP.
1987 5023 2088 5067 VII.
2113 5044 2176 5054 —
2202 5022 2266 5068 De
2301 5019 2586 5078 Apollonio.
3225 5017 3235 5022 ⁷
3277 5017 3371 5066 410

1829 5085 1946 5132 CAP.
1984 5085 2106 5130 VIII.
2135 5109 2194 5116 —
2225 5082 2292 5127 De
2315 5085 2573 5127 Ammone.
3279 5080 3371 5128 420

1827 5149 1947 5196 CAP.
1981 5147 2064 5194 IX.
2093 5170 2155 5178 —
2180 5147 2242 5192 De
2269 5147 2473 5202 Coprete
2503 5143 2792 5201 presbytero
2816 5147 2861 5187 et
2895 5144 3208 5202 patermutio.
3280 5142 3372 5189 422

1828 5210 1947 5258 CAP.
1975 5210 2034 5256 X.
2069 5233 2132 5242 —
2157 5209 2220 5254 De
2245 5207 2368 5265 Syro
2397 5206 2598 5264 Abhate,
2628 5205 2774 5264 Isaia,
2792 5206 3240 5267 Paulo,etAnuph.
3278 5204 3370 5252 428

1829 5270 1946 5320 CAP.
1984 5272 2065 5319 XI.
2097 5296 2156 5304 —
2187 5271 2252 5316 De
2277 5269 2478 5316 Heleno.
3279 5267 3370 5314 429

1830 5335 1932 5381 CAP
1985 5333 2086 5380 XII.
2115 5359 2174 5366 —
2200 5333 2263 5378 De
2291 5331 2414 5380 Elia.
3276 5329 3371 5377 432

1829 5397 1946 5444 CAP.
1984 5395 2112 5442 XIII.
2145 5422 2204 5430 —
2236 5395 2300 5440 De
2326 5390 2630 5450 Pithyrione.
3235 5387 3370 5438 Ibid.

1827 5459 1946 5505 CAP.
1983 5459 2101 5504 XIV.
2135 5484 2198 5492 —
2226 5457 2288 5502 De
2312 5457 2447 5502 Patre
2473 5451 2698 5511 Eulogio.
3281 5453 3370 5501 433

1829 5521 1947 5570 CAP.
1985 5520 2086 5568 XV.
2114 5547 2174 5554 —
2201 5521 2264 5566 De
2286 5519 2491 5576 Apellen
2528 5513 2813 5574 presbytero
2832 5516 2880 5558 et
2901 5513 3114 5562 Joanne.
3235 5511 3369 5562 Ibid.

1828 5584 1945 5631 CAP.
1985 5583 2109 5631 XVI.
2133 5608 2195 5617 —
2225 5583 2288 5628 De
2321 5578 2617 5638 Paphuutio.
2684 5637 2687 5638 7
2716 5636 2724 5638 7
2804 5637 2810 5638 7
2875 5637 2889 5638 7
2924 5637 2963 5638 77
3036 5637 3043 5638 7
3279 5576 3371 5625 435

1831 5646 1949 5692 CAP.
1976 5645 2122 5692 XVII.
2159 5671 2217 5678 —
2245 5645 2309 5690 De
2333 5636 2626 5689 Monasterio
2650 5636 2843 5684 abbatis
2873 5637 3064 5683 Isidori.
3280 5639 3372 5687 439

1833 5709 1951 5758 CAP.
1991 5708 2157 5754 XVIII.
2185 5733 2244 5741 —
2271 5708 2336 5752 De
2361 5707 2628 5764 Serapione
2651 5701 2953 5764 presbytero.
3277 5702 3370 5764 440

1832 5771 1950 5817 CAP.
1982 5771 2108 5821 XIX.
2138 5795 2197 5805 -
2225 5771 2288 5816 De
2305 5762 2569 5826 Apollonio
2589 5763 2824 5812 Monacho
2843 5767 2890 5808 et
2911 5765 3146 5819 martyre.
3277 5762 3365 5826 441

1831 5832 1948 5882 CAP.
1986 5833 2087 5878 XX.
2113 5859 2170 5868 --
2191 5833 2254 5877 De
2278 5824 2508 5878 Dioscoro
2531 5829 2832 5890 presbytero.
3276 5824 3368 5890 442

1829 5895 1942 5940 CAP.
1983 5897 2110 5944 XXI.
2151 5921 2208 5929 —
2234 5895 2296 5940 De
2309 5884 2565 5942 Monachi's
2582 5892 2634 5938 in
2655 5884 2810 5937 Nitria
2827 5884 3248 5934 commorantibus
3276 5886 3368 5934 443

1777 5987 1780 5990 ~
1830 5955 1951 6003 CAP.
1981 5957 2130 6003 XXII.
2158 5983 2215 5990 -
2243 5957 2310 6002 De
2335 5957 2441 6004 loco
2465 5956 2553 6015 qui
2571 5954 2752 6002 dicitur
2775 5950 2944 5999 Gellia.
3278 5946 3366 5994 444
