2064 3212
271 193 302 222 H
832 194 1000 222 EPISTOLA
1023 195 1308 225 NUNCUPATORLL
1856 198 1889 224 (Ξ

266 252 416 284 voluisset
430 274 437 289 ,
457 261 523 283 eum
534 275 542 290 ,
560 253 642 292 quod
655 253 784 292 ipsemet
798 253 945 284 maluisse
960 254 1046 284 visus
1060 259 1121 293 est,
1136 255 1219 286 inter
1232 255 1382 296 Origenes
1394 279 1402 293 ,
1419 255 1631 287 Tertullianos
1644 256 1663 294 ,'
1676 255 1881 289 Bardesanee.

270 312 419 343 Tatianos
429 335 438 350 ,
458 317 486 343 et
501 313 530 344 si
543 314 597 352 qui
606 318 760 352 praterea
773 314 948 345 miserabili
967 314 1099 346 dissidio
1112 338 1120 353 ,
1140 317 1261 356 ingenii
1276 317 1485 357 doctrinaque
1501 317 1620 348 laudem
1636 328 1656 347 a
1679 318 1843 357 religionis
1856 323 1885 348 et

267 373 340 414 ﬁdei
351 375 455 414 gloria
475 375 683 415 sejunxerunt
695 397 703 412 ,
720 376 907 406 numeravit.
926 375 965 405 In
979 384 1038 416 quo
1054 377 1177 416 quidem
1196 377 1229 408 id
1240 378 1383 418 providit
1396 388 1452 410 suo
1467 389 1552 410 more
1567 381 1736 420 sapienter,
1753 386 1787 412 ut
1807 391 1886 422 quo-

266 449 337 471 rum
352 449 390 470 ea:
405 439 505 470 morbi
525 440 707 479 contagione
728 440 874 480 pericula
889 449 995 471 cavere
1015 446 1124 481 posset
1138 465 1146 478 ,
1171 452 1278 473 eorum
1293 443 1458 475 industria
1472 443 1581 484 fructu
1604 454 1667 474 non
1689 450 1820 476 careret.
1841 445 1884 476 Et

265 513 338 535 cero
349 526 357 541 ,
375 505 438 534 sive
455 504 632 535 timiditatis
649 505 706 535 hoc
723 504 786 543 fuit
797 526 805 541 ,
827 505 891 534 sive
907 505 1033 544 fraudis
1044 527 1053 542 ,
1071 506 1182 537 tectius
1198 507 1250 538 hic
1263 507 1423 547 aliquanto
1438 517 1529 548 quam
1545 509 1668 547 cateri,
1688 518 1723 539 ac
1738 518 1887 539 verecun-

266 566 337 597 dius
351 567 489 598 insanire
504 571 632 596 conatus
648 571 703 602 est,
720 570 756 596 ut
770 567 835 596 suis
850 567 915 606 ipse
929 566 1019 598 libris
1030 567 1156 599 Ariana
1172 568 1312 608 perﬁdia
1322 569 1474 600 maculam
1490 578 1655 610 aspergere
1676 571 1783 609 potius
1797 579 1887 609 quam

265 629 392 659 inurere
423 627 576 658 videatur.
599 626 698 665 Atque
717 630 753 656 ut
768 625 804 655 de
823 625 896 656 aliis
908 627 964 656 hoc
978 626 1044 656 loco
1057 631 1232 666 taceamus,
1250 628 1388 668 equidem
1408 629 1490 660 hunc
1516 638 1581 659 sese
1596 629 1673 660 mihi
1690 630 1888 669 potissimum

266 687 415 719 obtulisse
433 686 551 726 gaudeo
563 708 571 724 ,
587 686 621 716 in
636 695 694 725 quo
705 685 782 716 labis
796 695 832 715 ac
847 686 957 716 veneni
967 686 1174 725 parcissimus
1187 687 1306 726 fuerit,
1325 687 1497 726 exquisitas
1512 687 1699 718 eruditionis
1718 697 1791 727 opes
1809 689 1886 720 libe-

263 751 327 781 rali
341 751 494 790 plenaque
515 757 608 778 manu
624 747 824 786 congesserit.
847 746 927 776 Sane
942 754 1015 776 vero
1032 745 1184 785 quidquid
1212 747 1269 777 hoc
1284 747 1318 778 in
1331 756 1440 786 genere
1456 747 1563 778 lavum
1576 757 1613 778 ac
1620 748 1812 788 ﬂagitiosum
1823 749 1888 780 Eu-

265 812 344 842 sebii
358 820 468 841 manus
480 809 630 840 alleverat
643 830 652 845 ,
667 807 700 838 id
716 817 801 838 omne
821 807 1031 847 Trapezuntii
1043 807 1143 846 pietas
1157 830 1165 845 ,
1181 807 1323 839 molliore
1333 808 1381 838 vel
1395 808 1475 848 style
1488 810 1660 842 induxerat
1670 844 1680 852 ί
1690 812 1738 843 vel
1751 814 1886 853 spongia

262 873 439 907 deleverat;
454 871 508 902 sed
521 872 556 903 in
571 872 742 910 interprete
750 869 824 909 fides
839 870 936 909 magis
953 869 1163 901 commendari
1174 869 1251 900 solet
1262 892 1271 908 ,
1288 879 1379 910 quam
1392 872 1505 910 pietas.
1517 871 1701 913 Quanquam
1715 885 1770 906 nec
1795 877 1877 908 tanti

264 944 346 970 certe
357 936 566 968 dissimulatio
591 935 654 965 ista
668 935 743 974 fuit,
759 943 828 964 cum
840 934 1017 973 prasertim
1037 942 1100 963 non
1115 932 1236 970 doceat,
1258 938 1295 963 ut
1312 935 1426 971 cateri,
1448 944 1513 965 non
1531 936 1655 975 probet,
1670 946 1734 967 non
1754 943 1876 976 urgeat,

262 1002 317 1033 sed
327 1007 457 1032 mentem
468 999 556 1031 modo
569 999 682 1039 furtim
696 998 813 1030 indicet
828 999 1000 1037 innuatque
1011 1007 1099 1028 suam
1110 1007 1120 1027 :
1140 998 1231 1037 quasi
1259 1007 1323 1029 non
1348 1000 1414 1029 sine
1442 1000 1567 1039 pudore
1595 1001 1699 1041 aliquo
1727 1002 1886 1033 catholica

261 1068 377 1108 fremis
394 1065 547 1107 pudorem
562 1067 699 1095 exueret.
717 1062 757 1093 At
771 1065 922 1102 quantum
935 1061 985 1092 hic
1001 1070 1040 1091 ea:
1053 1061 1207 1100 locuplete
1217 1069 1304 1100 penu
1315 1070 1419 1091 rerum
1445 1067 1536 1102 atque
1553 1063 1693 1093 locorum
1704 1086 1712 1101 ,
1731 1068 1759 1094 et
1770 1068 1886 1103 quanta

264 1139 332 1162 eum
345 1129 497 1160 varietate
517 1126 703 1168 protulerit,
715 1125 845 1156 suavius
857 1147 865 1162 ,
878 1129 914 1155 ut
929 1124 1055 1164 opinor,
1073 1123 1200 1164 legendo
1218 1124 1331 1155 sentiri
1342 1129 1461 1163 potest,
1488 1134 1578 1166 quam
1599 1126 1729 1157 dicendo
1757 1128 1886 1158 uberius

263 1191 428 1230 explicari.
445 1190 507 1228 Qui
521 1189 643 1229 quidem
658 1197 786 1225 sensus,
806 1188 1020 1219 litteratorum
1033 1187 1171 1217 omnium
1186 1187 1355 1217 communis
1371 1187 1471 1218 adhuc
1493 1188 1632 1229 idemque
1655 1190 1737 1229 fuit,
1761 1189 1816 1229 qui
1847 1193 1876 1219 et

261 1257 355 1298 hujus
368 1257 402 1287 in
421 1256 526 1296 operis
541 1255 719 1295 cognitione
731 1263 796 1284 non
807 1252 958 1284 mediocri
969 1251 1135 1291 diligentia
1148 1251 1312 1291 studioque
1327 1253 1445 1283 versati
1456 1259 1528 1285 sunt
1539 1275 1547 1290 ,
1568 1258 1597 1284 et
1612 1254 1646 1285 in
1657 1263 1690 1284 eo
1701 1254 1880 1293 nonminus

262 1321 432 1352 Eusebium
443 1320 479 1350 de
489 1319 675 1359 antiquitate
687 1319 768 1359 ipsa,
784 1327 875 1357 quam
890 1316 926 1347 de
937 1317 1084 1348 universa
1091 1317 1279 1357 posteritate
1291 1317 1438 1347 meruisse
1445 1316 1645 1356 judicarunt.
1656 1316 1755 1356 Atque
1768 1317 1825 1348 hoc
1831 1317 1884 1357 ju-

262 1387 381 1418 dicium
395 1385 538 1416 veritatis
566 1388 629 1422 est,
640 1391 704 1413 non
715 1382 835 1422 gratia.
849 1382 928 1414 Nam
944 1387 980 1413 ut
994 1390 1045 1412 eos
1058 1382 1232 1421 scriptores
1246 1382 1385 1412 omittam
1397 1403 1405 1419 ,
1421 1390 1552 1421 quorum
1565 1386 1763 1412 monumenta
1789 1382 1879 1413 nobis

263 1449 464 1489 superiorum
475 1451 600 1478 atatam
613 1455 669 1477 nec
690 1445 817 1477 incuria
836 1445 973 1485 eripuit,
989 1453 1045 1474 nec
1061 1443 1175 1476 invidit
1191 1444 1331 1484 injuria,
1349 1444 1462 1484 quibus
1472 1448 1574 1474 tamen
1587 1445 1636 1475 hic
1659 1453 1737 1474 novo
1752 1445 1884 1485 quodam

264 1519 293 1544 et
307 1513 430 1545 illustri
444 1521 516 1550 usu,
532 1512 732 1543 auctoritatis
749 1511 923 1551 plurimum
938 1514 967 1540 et
981 1509 1158 1549 splendoris
1174 1509 1315 1540 accessit.
1336 1508 1413 1546 Quis
1426 1517 1490 1539 non
1503 1509 1585 1539 hunc
1605 1509 1669 1548 ejus
1684 1508 1819 1540 laborem
1829 1530 1838 1547 ,
1851 1514 1883 1540 et

261 1587 370 1619 prisco
386 1577 436 1609 illi
449 1586 511 1607 avo
525 1576 696 1607 salutarem
708 1597 716 1613 ,
746 1580 774 1606 et
789 1580 898 1606 nostro
913 1575 985 1605 huic
1001 1574 1268 1614 jucundissimum
1283 1583 1318 1604 ac
1338 1572 1625 1613 fructuosissimum
1636 1581 1699 1602 esse
1715 1571 1882 1611 intelligat,

263 1649 322 1680 per
336 1649 425 1680 quem
438 1639 623 1679 superstites
638 1647 693 1668 nec
702 1646 821 1677 paucas
831 1659 839 1674 ,
860 1646 916 1667 nec
932 1637 1061 1675 exiguas
1073 1640 1266 1667 vetustorum
1277 1658 1285 1674 ,
1300 1637 1356 1667 hoc
1373 1640 1418 1666 est
1433 1636 1480 1666 vel
1494 1640 1628 1674 tempore
1644 1635 1711 1674 ipso
1727 1634 1884 1673 pretioso-

264 1711 336 1732 rum
348 1702 545 1742 ingeniorum
567 1699 729 1738 reliquias,
745 1698 791 1728 sic
806 1702 951 1737 tanquam
964 1702 1102 1728 servatas
1118 1706 1157 1728 ea
1168 1696 1337 1738 foedissimo
1357 1697 1525 1736 naufragio
1542 1696 1663 1727 tabulas
1689 1695 1852 1726 habeamus
1868 1697 1883 1726 ν

264 1763 365 1802 Atque
376 1766 411 1792 ut
426 1762 527 1792 obiter
540 1761 679 1800 beneﬁcii
690 1764 812 1800 partem
824 1759 960 1798 aliquam
977 1758 1172 1798 degustemus
1185 1781 1193 1796 ,
1212 1759 1277 1799 ejus
1293 1759 1327 1789 in
1337 1759 1451 1798 primis
1471 1766 1568 1797 opera
1583 1758 1884 1788 Sanchoniathonem

264 1828 371 1864 illum,
395 1827 549 1858 hominem
571 1826 781 1861 Phanicium,
797 1828 825 1854 et
838 1823 1000 1863 Trojanis,
1016 1824 1043 1854 si
1058 1823 1215 1863 plerisque
1231 1822 1322 1862 ﬁdes,
1336 1821 1527 1861 temporibus
1547 1830 1713 1860 supparem
1728 1820 1883 1856 audimus,

264 1888 408 1921 Philonis
423 1886 600 1926 Bybliensis
616 1894 668 1915 ore
682 1907 689 1921 ,
709 1884 745 1914 de
760 1883 980 1923 antiquissima
993 1883 1172 1914 Phoenicum
1184 1882 1339 1921 theologia
1357 1882 1586 1922 disputantem;
1600 1891 1667 1921 qua
1683 1881 1885 1911 Ilebraorum

267 1962 308 1984 ea
316 1951 456 1992 fontibus
468 1973 476 1989 ,
489 1948 542 1979 sed
558 1947 682 1988 obliquo
697 1956 733 1978 ac
748 1945 836 1977 devio
851 1946 939 1985 ﬂexu
954 1945 1114 1984 derivata,
1138 1947 1170 1978 in
1182 1947 1348 1986 Egyptios
1360 1951 1471 1987 postea
1490 1946 1673 1985 Gracosque
1684 1945 1883 1977 redundavit.

266 2013 418 2043 Audimus
433 2015 461 2041 et
474 2010 669 2041 OEnomaum
681 2029 689 2044 ,
706 2015 825 2043 acrem,
841 2006 975 2046 Superi!
987 2015 1218 2047 pugnacemque
1232 2007 1463 2046 philosophum,
1474 2007 1573 2046 guiab
1583 2007 1729 2047 Apolline
1746 2009 1780 2039 in
1795 2010 1885 2048 frau-

265 2075 334 2106 dem
344 2075 497 2115 impulsus
508 2097 516 2111 ,
531 2082 621 2113 quam
635 2072 794 2111 ingeniose
812 2075 907 2100 totam
929 2069 1016 2101 illam
1036 2071 1235 2102 oraculorum
1249 2072 1417 2103 vanitatem
1434 2071 1541 2103 illudit
1551 2073 1566 2102 ν
1587 2078 1704 2112 quanta
1717 2074 1749 2104 vi
1767 2073 1883 2104 dictio-

266 2141 316 2171 nis
327 2140 417 2170 bilem
432 2149 467 2170 ac
483 2139 672 2170 stomachum
685 2139 719 2169 in
729 2139 858 2178 profani
882 2138 1018 2168 numinis
1031 2142 1124 2176 caput
1138 2139 1297 2177 erumpit?
1310 2137 1393 2176 Quid
1414 2146 1523 2177 graves
1541 2140 1569 2166 et
1599 2137 1736 2167 eruditas
1754 2145 1885 2166 comme-

267 2212 382 2233 morem
402 2202 566 2242 0rigenis,
589 2201 779 2240 Diogeniani
791 2223 798 2236 ,
813 2199 1003 2230 Bardesanis
1019 2201 1283 2236 concertationes,
1299 2199 1446 2229 adversus
1460 2200 1585 2239 impiam
1604 2199 1748 2231 siderum
1767 2200 1885 2239 fatique

266 2263 497 2298 necessitatem,
512 2270 572 2301 pro
584 2262 725 2292 humana
743 2260 899 2291 libertatis
917 2259 1094 2299 defensione
1123 2260 1308 2299 susceptas?
1334 2259 1418 2297 Quid
1441 2261 1610 2300 Dionysios
1633 2261 1884 2299 Alexandrinos,

269 2327 344 2369 quid
357 2326 514 2358 Maximos
527 2349 535 2362 ,
552 2325 755 2355 inveteratam
773 2322 860 2354 illam
873 2323 1042 2354 multorum
1054 2323 1312 2362 philosophorum
1324 2323 1359 2352 de
1371 2325 1506 2354 materia
1521 2325 1695 2355 aternitate
1724 2334 1760 2356 ac
1784 2334 1885 2365 prope

270 2388 435 2419 divinitate
453 2386 637 2416 sententiam
647 2407 655 2422 ,
671 2384 891 2424 pulcherrimis
906 2394 942 2415 ac
957 2384 1144 2423 ﬁrmissimis
1159 2384 1338 2415 rationibus
1353 2390 1522 2416 evertentes
1534 2389 1548 2418 ?
1564 2389 1624 2418 Dat
1637 2388 1688 2418 ille
1699 2388 1787 2419 nobis
1799 2389 1882 2419 Por-

268 2451 414 2490 phyrium
431 2471 439 2487 ,
457 2459 496 2480 ea:
509 2449 618 2480 intimo
640 2452 778 2478 veterum
794 2447 995 2477 oraculorum
1007 2448 1097 2483 sinu,
1113 2456 1226 2478 novum
1243 2447 1412 2478 recondita
1421 2449 1627 2489 philosophia
1649 2459 1746 2489 genus
1773 2459 1883 2481 erum-

268 2518 339 2544 tem.
358 2511 511 2543 Producit
525 2512 726 2549 Numenium,
741 2512 911 2542 Platonica
936 2512 1098 2543 academia
1112 2517 1211 2543 sectas
1220 2517 1311 2552 atque
1332 2512 1487 2552 divortia,
1510 2525 1574 2546 non
1596 2516 1697 2546 minus
1718 2515 1886 2555 diligenter

268 2580 298 2606 et
312 2576 470 2606 enucleate
482 2597 490 2612 ,
503 2584 593 2615 quam
611 2574 752 2615 jucunde
767 2584 803 2605 ac
819 2575 959 2605 suaviter
974 2575 1193 2614 explicantem.
1203 2574 1352 2616 Ejusdem
1369 2585 1408 2606 ea:
1422 2576 1592 2607 Academia
1611 2578 1724 2616 spatiis
1747 2579 1886 2609 Atticum

267 2637 452 2667 Aristoelem
459 2638 543 2668 sistit
553 2647 592 2668 ea
603 2637 710 2678 Lyceo,
721 2646 852 2677 quorum
860 2638 912 2668 ille
923 2638 968 2669 sic
976 2638 1174 2670 Aristotelem
1182 2637 1337 2670 aPlatone
1350 2638 1482 2677 divellit,
1493 2645 1529 2670 ut
1538 2648 1654 2670 omnem
1661 2640 1745 2670 inter
1757 2650 1807 2670 eos
1813 2641 1886 2681 phi-

269 2700 417 2739 losophia
429 2701 606 2731 societatem
622 2701 896 2740 commerciumque
908 2699 1018 2736 tollat;
1033 2702 1082 2732 hic
1098 2706 1200 2732 autem
1213 2702 1394 2741 Aristotelis
1409 2703 1460 2733 sui
1470 2702 1689 2742 defensionem,
1709 2712 1778 2733 cum
1794 2704 1886 2743 longa

269 2768 298 2793 et
315 2767 464 2793 accurata
482 2771 589 2792 eorum
601 2761 735 2792 maxime
751 2762 1013 2802 philosophorum
1024 2785 1033 2800 ,
1049 2763 1104 2802 qui
1115 2763 1256 2794 sensibus
1278 2768 1335 2794 aut
1348 2763 1430 2795 nihil
1448 2768 1503 2793 aut
1522 2764 1625 2794 omnia
1639 2765 1819 2802 crederent,
1836 2774 1885 2795 re-

266 2827 474 2867 prehensione
490 2826 663 2868 conjungit.
678 2827 773 2857 Debet
787 2827 860 2858 huic
875 2827 1046 2868 Africanus
1064 2828 1281 2869 Chronologia
1292 2838 1354 2859 sua
1364 2830 1573 2868 fragmentum
1589 2837 1662 2858 sane
1677 2829 1883 2860 luculentum.

271 2891 363 2923 Debet
379 2891 525 2923 Plotinus
540 2891 670 2931 egregia
684 2891 912 2936 disputationis
928 2893 1106 2923 auetarium
1117 2915 1127 2930 ,
1156 2900 1216 2933 qua
1244 2891 1466 2923 immortalium
1492 2891 1666 2922 animorum
1683 2890 1886 2931 purissimam
