2064 3212
195 210 231 240 13
783 217 951 246 EPISTOLA
968 218 1249 250 NUNCUPATOIHA.
1782 231 1815 258 ιι

193 271 391 313 dicinamque
403 277 550 304 naturam
562 296 570 311 ,
587 274 624 305 ab
640 277 723 307 omni
737 286 896 317 corporea
913 283 943 308 et
959 278 1050 309 molis
1065 281 1263 311 concretione
1293 283 1440 322 sejungit.
1459 284 1554 315 Debet
1566 285 1659 317 Philo
1683 287 1812 319 Iudaeo-

191 346 262 368 rum
277 338 567 378 eloquentissimus,
580 340 827 380 pulcherrimam
839 364 848 377 ,
865 343 894 373 si
907 352 1005 373 unum
1024 348 1080 374 aut
1093 344 1228 376 alterum
1245 346 1318 377 inde
1341 356 1460 378 navum
1477 350 1644 381 sustuleris
1657 373 1665 387 ,
1695 351 1811 383 Provi-

191 402 304 435 dentia
315 404 430 436 divina:
445 405 708 445 praedicationem.
722 408 782 439 Cui
793 414 894 440 tamen
908 410 936 440 si
952 410 1028 450 quid
1048 410 1155 442 deerat
1172 434 1180 449 ,
1200 412 1234 442 id
1256 417 1356 443 totum
1382 415 1576 454 amplissima
1600 426 1641 448 ex
1664 418 1813 458 Dionysii

191 464 407 498 Alexandrini
421 476 513 507 opere
526 490 534 505 ,
553 473 615 498 tam
626 470 775 509 pietatis,
786 479 877 510 quam
892 471 1082 504 eruditionis
1099 475 1197 505 omnis
1221 477 1397 507 accessione
1421 478 1601 510 cumulavit.
1626 481 1718 511 Debet
1735 490 1810 520 pos-

192 532 288 558 tremo
302 551 311 565 ,
343 538 410 569 quae
422 539 502 570 pars
520 535 565 561 est
581 533 826 572 Prwparationis
840 534 933 575 hujus
943 536 1160 575 perinsignis,
1187 538 1391 570 Hebraorum
1415 540 1470 571 illa
1497 542 1584 573 natio
1596 564 1604 579 ,
1630 546 1809 575 memoriam

189 591 313 630 generis
329 599 494 631 rerumque
504 602 634 624 suarum
647 595 898 625 vetustussimam
908 606 917 625 :
929 595 1019 636 cujus
1033 596 1074 626 ad
1085 597 1294 629 celebritatem
1306 621 1315 636 ,
1334 601 1388 639 qui
1401 611 1464 632 non
1476 605 1543 644 ejus
1563 615 1636 636 voce
1651 607 1807 648 ductuque

189 663 358 686 convenere
370 657 385 687 ί)
401 657 505 688 Graci
515 679 524 694 ,
540 657 669 689 barbari
685 662 826 689 oratores
841 680 849 696 ,
863 663 979 698 poetae,
993 659 1156 695 historici,
1174 660 1302 698 Berosi,
1321 662 1534 702 Megasthenes
1544 690 1553 706 ,
1569 669 1719 710 Abydeni,
1737 672 1806 702 Eu-

187 715 321 754 polemi,
337 717 671 755 Hecatwi,Demetrii,
685 719 830 754 Choerili,
847 719 1040 756 Ezechieles,
1061 721 1230 761 Artapani.
1259 723 1357 764 Cujus
1384 725 1418 755 in
1446 726 1549 757 laudis
1576 738 1612 759 ac
1633 729 1805 770 diligentia

183 782 309 817 partem
322 801 330 816 ,
345 784 382 810 ut
393 781 547 821 Iosephus
563 781 656 812 etiam
669 783 794 820 veniat,
811 782 900 822 longe
915 787 1016 813 tamen
1031 788 1077 814 est
1094 785 1222 817 Eusebii
1233 788 1341 826 gratia
1363 788 1530 821 liberalior
1544 801 1553 821 :
1577 795 1606 821 et
1633 802 1664 822 eo
1681 794 1806 832 quidem

185 839 366 870 (estimanda
375 841 482 880 pluris
491 864 499 878 ,
516 842 599 882 quod
612 851 651 873 ea:
665 843 732 874 illis
739 844 946 885 profanorum
956 845 1115 877 hominum
1127 848 1325 886 testimoniis,
1341 850 1382 880 ad
1391 860 1488 882 sacra
1502 853 1642 885 historia:
1655 856 1802 886 notitiam

184 898 360 937 plurimum
374 909 453 940 sape
464 901 544 933 lucis
560 902 754 933 hauriamus.

221 962 291 992 Hoc
307 962 407 1002 igitur
418 963 573 995 Eusebius
586 968 647 995 tam
660 966 817 1007 frequenti
830 977 866 998 ac
879 972 940 998 tam
953 969 1053 1000 nobili
1067 969 1215 1001 comitatu
1231 977 1348 1011 septus,
1368 973 1410 1004 ad
1433 978 1461 1004 te
1474 976 1569 1012 venit,
1585 976 1802 1017 Archiprtesul

183 1021 456 1062 illustrissime,ut
470 1026 554 1065 quod
564 1036 625 1067 per
648 1036 713 1057 sese
734 1037 798 1058 non
821 1033 948 1068 posset,
967 1035 1014 1061 tot
1039 1030 1235 1074 eruditorum
1260 1033 1430 1072 clientium,
1453 1045 1538 1076 quos,
1565 1047 1604 1068 ne
1631 1041 1690 1070 toti
1711 1041 1802 1073 nobis

181 1083 302 1124 sibique
315 1091 523 1124 morerentur,
540 1088 696 1127 singulari
717 1088 821 1119 studio
831 1089 1009 1129 prohibuit,
1027 1091 1202 1130 conjunctis
1217 1091 1344 1123 vocibus
1361 1095 1537 1133 graviorem
1552 1098 1589 1128 ab
1604 1098 1798 1134 humanitate

183 1145 429 1178 tuatemeritatis
442 1155 632 1187 suteptrnam
647 1148 843 1188 deprecetur.
858 1149 929 1182 Non
945 1160 987 1188 es,
1001 1155 1038 1181 ut
1052 1161 1159 1191 spero,
1175 1153 1210 1184 in
1223 1163 1291 1184 eum
1307 1154 1421 1186 durior
1433 1161 1462 1187 et
1478 1159 1694 1193 inclementiar
1706 1165 1800 1204 futu-

180 1215 248 1243 rus,
266 1215 358 1246 quam
374 1216 508 1237 summos
519 1207 685 1247 pontiﬁces
706 1207 809 1238 eadem
824 1209 858 1239 in
873 1218 968 1239 causa
974 1210 1042 1250 jam
1058 1212 1202 1243 senserit.
1221 1213 1302 1244 Mihi
1313 1215 1396 1253 forte
1411 1217 1517 1248 verior
1533 1223 1690 1254 metuendi
1705 1235 1801 1258 causa

179 1278 289 1311 restat,
307 1283 346 1303 ne
359 1273 558 1313 gravioribus
580 1275 644 1304 tuis
659 1275 929 1315 sanctioribusque
954 1276 1040 1306 curis
1066 1276 1213 1308 molestus
1236 1279 1456 1318 interpellator
1477 1282 1650 1324 adveniam,
1673 1289 1799 1329 ignotus

176 1339 350 1377 praesertim
363 1346 400 1368 ac
421 1346 519 1368 novus
533 1338 634 1375 homo,
661 1343 724 1371 tam
753 1339 829 1370 mihi
845 1339 1007 1370 tenuitatis
1025 1343 1055 1370 et
1067 1341 1182 1380 inopia
1196 1350 1268 1372 mete
1284 1343 1439 1380 conscius,
1457 1353 1549 1384 quam
1576 1351 1637 1379 tuae
1652 1353 1797 1383 conscius

130 1390 133 1393 ’
177 1400 353 1440 dignitatis.
370 1401 564 1442 Quanquam,
580 1402 634 1433 ubi
653 1405 681 1432 te
699 1402 826 1442 penitus
841 1411 1001 1442 moresque
1018 1407 1089 1433 tuos
1108 1405 1286 1443 recognovi,
1301 1414 1340 1435 ne
1357 1406 1440 1436 hunc
1454 1409 1576 1448 quidem
1591 1417 1714 1450 metum,
1731 1415 1798 1445 sine

176 1463 282 1503 aliqua
297 1463 466 1503 offensione
481 1463 660 1503 injuriaque
677 1467 731 1493 tua
745 1463 876 1494 retineri
890 1473 981 1504 posse
996 1465 1149 1504 intelligo.
1173 1466 1258 1495 Rara
1271 1475 1344 1496 sane
1365 1467 1432 1497 laus
1448 1471 1477 1497 et
1495 1469 1611 1500 eximia
1624 1471 1796 1505 voluntatis

175 1526 352 1565 indolisque
374 1529 444 1562 tute,
473 1526 507 1556 in
531 1529 619 1555 tanta
639 1524 739 1556 divini
763 1526 901 1556 muneris
921 1524 1127 1565 amplitudine
1152 1535 1259 1557 crevere
1277 1526 1455 1567 diligenter,
1473 1539 1511 1560 ne
1532 1533 1797 1573 quisquam‘aditu

173 1596 206 1617 se
221 1595 449 1626 congressuque
474 1590 540 1623 tuo,
569 1595 604 1616 ac
622 1595 660 1616 ne
685 1586 902 1617 benevolentia
919 1586 1042 1626 quidem
1062 1591 1121 1617 tua
1146 1587 1290 1627 beneﬁcio
1318 1590 1481 1630 indignum
1506 1597 1690 1631 arbitretur.
1720 1604 1797 1633 Utar

173 1650 274 1688 igitur
289 1650 345 1680 hoc
360 1653 482 1680 παίω-ω
498 1653 558 1679 mw
572 1648 664 1686 bona,
683 1649 711 1679 si
728 1654 814 1679 tuum
832 1648 913 1680 illud
938 1654 1040 1680 tamen
1058 1656 1115 1687 est,
1133 1651 1215 1690 quod
1232 1656 1392 1691 acceptum
1415 1664 1435 1684 a
1455 1659 1636 1698 majoribus,
1656 1667 1684 1692 et
1705 1666 1795 1695 novis

170 1722 229 1754 per
244 1718 272 1744 te
287 1712 485 1744 incrementis
500 1717 636 1750 auctum,
653 1716 715 1742 tam
739 1722 895 1745 commune
922 1723 992 1744 cum
1011 1715 1152 1745 omnibus
1177 1725 1240 1746 esse
1255 1717 1394 1749 voluisti.
1424 1720 1486 1751 Nec
1508 1731 1580 1752 vero
1603 1723 1700 1756 solam
1715 1727 1794 1759 hanc

172 1775 335 1816 [ασειίιατίε
360 1774 553 1814 aliarumque
577 1775 729 1805 virtutum
751 1775 896 1814 gloriam,
913 1776 948 1807 in
965 1775 1145 1807 clarissima:
1159 1779 1354 1811 Goumonuu
1366 1782 1493 1821 familia:
1513 1785 1644 1824 stirpem
1659 1788 1795 1827 fontem-

171 1847 226 1877 que
242 1827 401 1878 refudisti.
417 1837 523 1869 Novus
538 1837 579 1866 ad
594 1846 656 1866 eam
672 1845 730 1876 per
744 1843 772 1868 te
788 1837 936 1878 splendor
961 1841 1102 1878 accessit,
1132 1841 1177 1871 ita
1203 1842 1260 1873 tibi
1284 1845 1447 1883 proprius,
1475 1847 1520 1877 ita
1546 1849 1732 1888 singularis,
1759 1859 1794 1883 ut

169 1902 286 1932 socium
302 1903 336 1932 in
350 1911 383 1932 eo
397 1911 576 1943 quemquam
590 1913 645 1934 nec
660 1904 781 1941 habeas,
791 1913 846 1935 nec
860 1904 971 1936 habere
977 1906 1092 1945 possis.
1109 1905 1256 1937 Illustria
1273 1912 1355 1945 sunt,
1373 1918 1427 1939 nec
1443 1909 1545 1941 laudis
1559 1912 1657 1943 ullius
1672 1917 1794 1953 egentia

171 1964 307 1994 nominis
322 1973 358 1994 ac
371 1966 494 2004 generis
512 1967 559 1998 tui
574 1967 697 2004 decora,
712 1969 815 2008 fateor
826 1979 837 1999 :
851 1978 888 1999 ac
903 1978 941 1999 ne
958 1974 1046 1999 tanta
1056 1970 1090 2000 in
1102 1969 1170 2000 lucc
1183 1975 1377 2009 quareretur
1390 1972 1492 2002 vivum
1508 1973 1599 2002 etiam
1615 1983 1651 2004 ac
1666 1977 1792 2014 spirans

169 2027 357 2059 Christianae
372 2029 568 2061 demissionis
589 2031 773 2070 exemplum,
790 2033 891 2072 frater
904 2032 957 2062 ille
973 2036 1057 2069 tuus,
1075 2042 1106 2063 se
1121 2033 1190 2072 ipso
1206 2042 1299 2070 nunc,
1317 2043 1383 2073 qua:
1406 2043 1523 2064 summa
1534 2036 1718 2074 pra’dicatio
1735 2045 1789 2078 est,

167 2089 284 2126 fortior
299 2095 391 2129 atque
415 2090 563 2127 nobilior,
586 2090 691 2122 Gallia
716 2096 784 2122 tota
799 2093 932 2124 mirante
954 2094 1100 2133 perfecit.
1125 2093 1186 2124 Sed
1213 2094 1365 2133 ejusmodi
1381 2100 1483 2126 tamen
1499 2098 1602 2128 omnia
1627 2105 1710 2136 sunt,
1726 2110 1793 2140 quae

171 2159 267 2184 tecum
286 2159 315 2185 et
330 2155 488 2188 cumaliis
504 2155 727 2186 communicari
740 2156 915 2196 potuerint.
932 2156 1020 2193 Nam,
1034 2161 1069 2187 ut
1085 2161 1196 2188 catera
1211 2157 1299 2188 modo
1322 2167 1386 2188 non
1401 2160 1563 2199 attingam,
1579 2172 1714 2194 summus
1737 2165 1790 2196 ille

165 2207 305 2256 profecta
333 2221 377 2247 est
398 2216 563 2256 dignitatis
592 2217 779 2256 honorisque
811 2216 940 2256 gradus,
957 2216 997 2247 ad
1011 2226 1099 2257 quem
1118 2219 1358 2251 Illustrissimus
1373 2220 1546 2252 cardinalis
1560 2223 1785 2265 HENRICUS,

163 2284 265 2322 frater
278 2281 350 2311 item
365 2285 450 2318 tuus,
465 2291 529 2312 non
542 2281 644 2311 minus
659 2281 811 2311 virtutum
839 2290 978 2318 suarum,
994 2291 1084 2322 quam
1104 2282 1255 2314 Ludovici
1270 2285 1357 2315 Justi
1371 2285 1525 2325 suffragio
1544 2291 1663 2318 evectus
1678 2299 1788 2319 ascen-

165 2339 263 2371 derat.
280 2341 342 2371 Sed
365 2339 454 2371 illum
483 2340 583 2379 ipsum
609 2343 720 2376 tamen,
747 2345 1003 2380 quantuscunque
1022 2346 1076 2375 est,
1102 2343 1157 2381 qui
1172 2347 1254 2373 certe
1272 2346 1427 2376 maximus
1451 2352 1507 2384 est,
1522 2350 1745 2389 quamplurimi
1760 2359 1788 2385 et

163 2409 252 2435 antea
273 2404 433 2435 consecuti
447 2408 533 2441 sunt,
550 2407 579 2434 et
593 2407 703 2443 postea
716 2407 944 2442 consequentur
955 2414 965 2432 :
983 2407 1074 2442 atque
1089 2409 1124 2434 ut
1141 2404 1177 2434 de
1201 2408 1228 2434 te
1255 2406 1323 2445 ipso
1339 2416 1403 2438 non
1427 2409 1490 2440 nisi
1514 2410 1647 2442 modeste
1664 2412 1786 2457 loquar,

163 2471 197 2496 tu
211 2465 334 2505 quidem
362 2474 402 2496 ea:
416 2464 481 2495 illis
507 2473 588 2495 unus
607 2473 670 2494 esse
692 2469 793 2503 potes.
818 2463 860 2494 At
880 2464 1006 2503 primus
1031 2465 1241 2504 Parisiorum,
1257 2467 1313 2497 hoc
1341 2473 1386 2498 est
1399 2469 1487 2500 urbis
1508 2471 1634 2502 urbium
1651 2475 1787 2506 omnium

160 2529 318 2568 principis
333 2528 601 2567 archiepiscopus,
611 2537 665 2558 nec
676 2526 758 2557 alius
773 2526 827 2556 abs
846 2530 874 2556 te
889 2527 1050 2566 quisquam
1066 2531 1111 2557 tot
1125 2532 1211 2558 retro
1226 2529 1347 2560 saculis
1361 2531 1479 2570 fuerat,
1496 2536 1524 2562 et
1541 2534 1680 2564 omnibus
1696 2535 1785 2566 dein-

162 2601 231 2632 ceps
257 2591 414 2628 letalibus,
430 2595 548 2630 prater
562 2600 658 2622 unum
673 2595 712 2627 te,
737 2590 819 2620 alius
845 2599 909 2620 esse
926 2599 989 2620 non
1011 2591 1140 2629 poterit.
1170 2591 1268 2631 Cujus
1290 2592 1347 2623 tibi
1374 2593 1575 2632 cogitationis
1605 2605 1638 2626 eo
1657 2599 1787 2628 suavior

162 2658 269 2693 gustus
287 2663 352 2684 esse
367 2653 464 2690 debet,
481 2662 540 2693 quo
550 2653 617 2693 jam
632 2656 660 2682 et
676 2652 829 2683 communi
844 2661 937 2682 sensu
949 2652 1153 2692 populorum,
1165 2658 1194 2684 et
1204 2652 1296 2693 longo
1306 2653 1490 2686 saculorum
1504 2666 1575 2694 usu,
1592 2659 1648 2689 hac
1658 2669 1785 2699 ρνωνο-

160 2714 264 2752 gativa
276 2713 444 2754 dignitatis
460 2718 488 2744 et
499 2713 633 2751 ordinis,
649 2713 840 2744 lectissimum
853 2714 1006 2753 quoddam
1020 2715 1198 2746 sanctitatis
1214 2716 1335 2747 eximite
1344 2716 1391 2746 vel
1400 2717 1588 2755 auspicium,
1605 2719 1652 2750 vel
1660 2722 1784 2761 praju—

160 2776 275 2808 dieium
293 2778 484 2808 continetur.
501 2778 609 2818 Itaque
626 2777 680 2807 abs
697 2781 748 2807 tuo
769 2774 903 2815 nomine,
931 2778 1148 2818 Archiprasul
1173 2780 1439 2817 rererendissime,
1453 2790 1552 2811 novus
1567 2782 1783 2821 imposterum,

158 2853 193 2875 ac
204 2844 313 2884 priori
330 2844 420 2883 longe
435 2842 584 2881 nobilior,
599 2843 752 2883 majorum
773 2844 952 2874 antistitum
968 2844 1045 2876 ordo
1072 2845 1226 2884 seriesque
1250 2844 1392 2884 ducetur,
1409 2850 1436 2876 et
1451 2847 1570 2885 quoties
1588 2856 1651 2877 non
1663 2852 1783 2877 tantum

158 2907 350 2947 amplissima
364 2907 559 2949 Goxmgimu
575 2910 700 2946 tuorum
713 2907 844 2946 familia,
861 2907 914 2937 sed
929 2908 1022 2955 etiam
1037 2907 1164 2939 Lutetia
1176 2909 1266 2948 regni
1281 2913 1387 2949 caput,
1400 2909 1436 2939 de
1452 2911 1598 2941 maximis
1609 2911 1782 2943 honoribus
