2064 3212
268 188 301 216 l5
927 186 1042 214 VIGERI
1060 186 1256 214 PBIEFATIO.
1849 184 1882 212 i6

264 251 425 291 titulisque
449 250 515 281 suis
539 249 769 284 recordabitur,
800 249 890 278 toties
913 253 1044 287 utraque
1070 248 1235 279 Francisci
1269 248 1319 277 sui
1343 247 1529 283 memoriam,
1556 255 1574 274 ιι
1587 255 1646 285 quo
1671 253 1784 275 novum
1804 245 1884 276 hunc

263 313 446 352 auspicetur
462 311 652 343 sanctissimi
666 309 836 340 sacerdotii
851 311 1078 350 principatum,
1103 311 1288 341 suavissima
1304 315 1333 340 et
1349 311 1549 341 ornatissima
1573 308 1785 349 gratulatione
1810 309 1885 340 cele-

264 373 377 405 brabit.
395 373 504 404 Verum
531 378 565 403 ut
590 372 630 402 ad
646 381 691 402 me
712 377 865 407 revertar,
891 382 946 402 nec
976 378 1076 402 tamen
1105 373 1157 403 abs
1173 378 1201 403 te
1228 373 1393 409 discedam,
1420 372 1495 403 mihi
1509 371 1643 412 quidem,
1658 372 1687 402 si
1705 370 1793 402 aliud
1806 371 1887 404 nihil

263 439 409 479 ﬁduciam
429 439 526 469 aleret
552 440 727 478 faceretque
755 447 862 475 meam,
889 439 937 469 vel
965 448 998 469 eo
1023 444 1123 469 tamen
1150 441 1267 479 egregie
1294 437 1482 478 sperandum
1499 441 1656 476 putarem,
1678 435 1761 476 quod
1785 445 1820 466 ea
1841 445 1886 466 me

262 504 400 534 Societas
415 505 449 534 in
463 503 529 533 suis
542 507 692 539 numeret,
712 503 764 533 cui
789 512 829 533 ea:
850 504 952 533 animo
968 503 1041 534 bene
1056 503 1141 540 velle,
1170 508 1232 533 tam
1249 512 1349 542 prope
1367 501 1599 533 hareditarium
1612 500 1740 540 familice
1757 503 1817 530 tua;-
1841 506 1894 545 est.

262 574 298 595 ac
313 563 457 600 solemne,
482 573 573 603 quam
595 573 715 594 nomen.
743 563 805 601 Qui
820 572 939 599 sensus,
961 573 1052 603 quam
1075 563 1137 594 alte
1161 573 1263 595 animo
1289 565 1422 595 insideat
1445 565 1617 603 hareatque
1633 567 1698 601 tuo,
1718 564 1786 604 jam
1800 563 1886 594 ultro

261 627 375 665 sapius
396 635 458 656 non
488 630 606 656 tantum
628 626 849 663 amantissime,
872 625 926 656 sed
951 627 1044 657 etiam
1069 627 1257 658 amicissime
1280 626 1459 658 declarasti.
1487 627 1584 668 Cujus
1611 627 1782 659 voluntatis
1798 637 1836 658 ne
1855 631 1885 657 te

260 697 396 728 unquam
408 689 568 728 pauitant,
594 689 733 719 Societas
748 689 887 720 vicissim
900 694 1012 719 nostra
1028 689 1168 720 omnibus
1191 689 1393 720 observantia
1404 689 1546 729 gratique
1562 691 1659 722 animi
1674 691 1800 731 ofﬁciis,
1817 700 1887 722 cum

262 750 378 780 amoris
391 750 438 780 tui
451 749 595 788 beneﬁcio
607 747 772 789 studioque
787 750 929 781 certabit.
943 750 1011 789 Ego
1021 759 1106 786 vero,
1119 755 1154 780 ut
1166 751 1302 780 omnium
1312 750 1510 787 novissimus,
1520 752 1622 782 animo
1634 757 1735 784 tamen
1745 754 1887 786 omnibus

262 812 466 851 obsequioque
481 810 670 849 simillimus,
696 821 764 842 cum
790 811 878 843 aliud
892 813 969 844 mihi
992 822 1075 843 nunc
1101 812 1142 843 ad
1155 822 1278 849 manum
1306 817 1385 843 esset
1409 813 1502 853 nihil,
1517 815 1599 846 hunc
1626 817 1816 849 cuicuimodi
1831 819 1884 856 sit,

261 877 379 908 laboris
398 877 503 907 nostri
528 878 645 916 fatum,
673 876 886 915 Amplitudini
913 881 974 908 tum
991 877 1184 918 o/ferendum
1209 883 1238 908 et
1265 878 1507 909 consecrandum
1528 879 1660 918 putavi:
1685 884 1721 910 ut
1748 888 1837 919 quem
1852 880 1887 911 in

259 940 358 971 medio
375 940 507 971 Lutetia
524 945 584 970 tum
598 940 682 977 sinu,
699 940 899 980 quolidianas
926 941 1010 971 inter
1025 940 1156 972 docendi
1171 951 1263 972 curas
1281 946 1390 973 natum
1417 948 1508 982 atque
1531 948 1710 983 susceptum
1735 945 1886 976 hactenus

261 1004 400 1041 educavi,
427 1005 453 1035 is
480 1009 532 1034 tuo
557 1004 589 1034 in
608 1003 772 1042 complexu
795 1003 941 1043 deinceps
968 1014 1031 1034 non
1055 1004 1144 1035 modo
1171 1005 1307 1045 feliciter
1334 1000 1509 1042 adolescat,
1533 1004 1587 1035 sed
1606 1014 1707 1035 omnes
1729 1005 1822 1036 etiam
1837 1004 1884 1035 vel

261 1067 408 1106 temporis
435 1067 580 1106 injurias,
608 1065 655 1096 vel
677 1067 845 1105 petitiones
871 1067 1008 1104 invidias,
1027 1072 1080 1098 tuo
1099 1068 1278 1108 patrocinio
1307 1072 1405 1099 tectus
1429 1078 1464 1099 ac
1490 1068 1633 1110 defensus
1663 1069 1778 1101 eludat.
1799 1070 1884 1101 Vale.

259 1129 393 1161 Lutetia
406 1130 614 1166 Parisiorum,
632 1139 714 1161 anno
729 1131 853 1163 Domini
868 1133 1030 1164 millesimo
1046 1134 1268 1164 sexcentesimo
1281 1134 1425 1165 vicesimo
1437 1134 1580 1173 septimo,
1597 1139 1708 1174 quarto
1724 1133 1887 1166 Kalendas

260 1195 417 1228 Octobris.

358 1387 527 1420 Illustriss.
548 1400 584 1421 ac
602 1390 816 1424 Reverendiss.
836 1392 1048 1433 Amplitudini
1067 1393 1139 1424 Tua:

1064 1473 1284 1506 Deditissimus

1139 1558 1336 1589 FRANCISCUS
1353 1557 1536 1591 VIGERUS.

1111 1619 1232 1641 SOCIET.
1264 1619 1336 1640 JESU
1370 1617 1562 1639 PRESBYTER.

263 1797 1059 1807 __—________.—._—____———
1078 1797 1869 1806 ____..___—__——————————__

382 1920 457 1965 AD
494 1920 909 1966 CHRISTIANUM
947 1919 1022 1964 ET
1058 1920 1373 1965 CANDIDUM
1410 1919 1752 1967 LECTOREM.

297 2192 377 2223 Cum
391 2190 427 2220 in
443 2197 483 2220 eo
497 2192 582 2220 esset
596 2189 774 2226 Eusebius,
793 2192 826 2220 ut
842 2189 1081 2220 sanctissimum
1092 2189 1281 2220 Christianas
1298 2188 1465 2228 religionis
1480 2188 1649 2219 Auctorem
1666 2210 1674 2224 ,
1695 2188 1883 2226 perspicuis

253 2244 288 2273 et
303 2239 508 2273 evidentibus
535 2240 732 2279 argumentis
749 2239 910 2271 Christum
930 2239 1024 2271 illum
1045 2248 1117 2270 esse
1132 2240 1333 2276 ostenderet,
1348 2246 1445 2278 quem
1462 2238 1571 2268 divina
1587 2237 1792 2268 Hebraaurum
1809 2246 1889 2269 ora-

256 2290 329 2322 cula
344 2293 431 2321 tanto
446 2292 519 2320 ante
542 2289 760 2327 cecinissent;
785 2299 826 2322 ne
852 2299 949 2330 quam
969 2290 1144 2329 gentilibus
1164 2290 1287 2321 interea
1309 2288 1507 2326 lacessendi,
1533 2292 1628 2328 atque
1652 2287 1885 2328 interpellandi

256 2340 309 2372 sui
331 2339 534 2371 occasionem
550 2339 766 2380 relinqueret,
783 2349 895 2372 eorum
910 2340 972 2371 sibi
993 2349 1029 2372 os
1054 2340 1243 2372 frenandum
1266 2339 1356 2379 prius
1382 2343 1477 2379 atque
1503 2339 1717 2370 obturandum
1744 2340 1884 2378 putavit.

255 2391 367 2430 Itaque
384 2389 521 2421 alterum
538 2389 620 2421 illud
639 2399 741 2430 opus,
759 2390 846 2430 quod
871 2390 1031 2430 praecipue
1062 2400 1098 2422 ac
1128 2391 1255 2430 proprie
1286 2391 1393 2422 animo
1423 2389 1629 2430 designabat,
1657 2390 1883 2429 Evangelicam

254 2441 557 2473 Demonstrationem
570 2441 761 2482 appellavit;
777 2440 854 2472 huic
867 2444 973 2472 autem
987 2463 995 2477 ,
1018 2449 1083 2481 quo
1105 2441 1142 2472 ad
1158 2441 1284 2473 facilem
1307 2444 1464 2480 susceptae
1477 2440 1704 2481 disputationis
1723 2448 1859 2471 cursum
1872 2464 1884 2478 ,

255 2491 383 2532 planam
399 2493 460 2524 sibi
476 2494 724 2533 expeditamque
744 2491 829 2522 viam
857 2491 1041 2529 muniebat,
1069 2492 1318 2532 Prwparationis
1345 2490 1538 2531 Evangeliece
1567 2499 1684 2522 nomen
1709 2490 1884 2528 imposuit.

257 2544 312 2574 Est
326 2543 456 2582 quidem
472 2545 532 2576 hoc
546 2543 726 2584 argumenti
742 2552 844 2583 genus
858 2565 866 2580 ,
885 2546 946 2574 tam
972 2543 1078 2574 Greece
1094 2552 1190 2583 quam
1209 2541 1317 2573 Latine
1331 2563 1339 2578 ,
1356 2542 1633 2573 sanctissimorum
1649 2544 1680 2571 et
1701 2541 1884 2579 sapientis-

255 2594 411 2624 simorum
426 2593 593 2625 hominum
608 2603 705 2634 Opera
722 2594 896 2633 studioque
915 2597 1090 2625 tractatum.
1109 2594 1171 2624 Sed
1185 2593 1234 2624 illi
1249 2596 1378 2629 'tamen,
1400 2592 1447 2623 vel
1464 2592 1561 2623 altera
1570 2592 1722 2622 duntaxat
1738 2592 1773 2622 in
1789 2595 1887 2630 parte

255 2643 460 2682 laborarunt,
479 2646 528 2677 vel
550 2651 717 2687 utramque
734 2646 869 2678 strictim
891 2650 921 2677 et
938 2645 1041 2676 obiter
1056 2645 1240 2685 attigerunt.
1256 2646 1300 2676 Ita
1317 2646 1430 2676 Noster
1445 2644 1496 2674 hic
1510 2665 1519 2679 ,
1538 2646 1573 2674 ut
1588 2643 1710 2674 castoris
1728 2642 1888 2674 laudibus

255 2691 391 2725 inferior
405 2694 458 2731 sit,
476 2694 557 2726 alios
569 2699 673 2727 tamen
691 2695 863 2734 utriusque
878 2695 1113 2734 complexione,
1133 2694 1213 2725 alios
1229 2694 1391 2725 scribendi
1409 2696 1550 2724 ubertate
1566 2693 1741 2731 superavit.
1759 2694 1887 2724 Verum

255 2741 316 2774 hoc
331 2743 401 2775 loco
416 2745 720 2775 Demonstrationem
739 2749 892 2782 praetereo
906 2765 914 2780 ,
933 2743 1025 2783 cujus
1043 2751 1099 2781 pro
1125 2743 1250 2782 integro
1258 2743 1415 2783 justeque
1431 2750 1563 2780 corpore
1578 2765 1586 2779 ,
1603 2741 1749 2773 informis
1764 2743 1803 2774 ad
1821 2750 1888 2774 nos

255 2798 388 2824 truncus
401 2816 409 2831 ,
427 2794 498 2826 sine
514 2794 616 2834 capite
631 2794 846 2834 cruribusque
866 2792 1023 2832 pervenit.
1040 2792 1105 2822 Hac
1121 2793 1252 2832 quidem
1275 2793 1309 2823 in
1333 2792 1567 2830 Praparatione
1586 2789 1628 2821 ita
1645 2795 1788 2822 versatus
1808 2795 1863 2822 est
1877 2813 1888 2829 ,

256 2845 336 2875 utin
353 2845 534 2875 Grtncorum
554 2843 602 2875 vel
618 2843 781 2874 erroribus
798 2842 998 2873 illustrandis
1013 2863 1020 2877 ,
1039 2842 1088 2872 vel
1106 2841 1272 2872 refutanda
1288 2841 1436 2880 superbia
1450 2863 1462 2878 ,
1480 2850 1542 2871 non
1560 2844 1622 2871 tam
1647 2849 1707 2872 suo
1736 2841 1783 2871 vel
1799 2849 1887 2873 suo-

254 2903 344 2934 rum,
365 2904 460 2936 quam
480 2894 685 2935 popularium
702 2903 736 2924 ac
758 2894 1007 2924 domesticorum
1024 2891 1154 2923 testium
1173 2899 1229 2922 ore
1245 2891 1449 2931 loqueretur:
1466 2897 1604 2930 quorum
1624 2898 1682 2920 nec
1698 2893 1888 2928 suspectam
