2064 3212
201 191 232 221 '.'i
878 191 992 220 VIGERI
1012 192 1207 222 PREFATIO.
1789 195 1822 222 I8

198 252 258 292 ipsi
273 251 369 283 ﬁdem
381 249 499 282 habere
515 254 656 290 possent,
674 258 731 282 nec
747 249 947 289 prudentiam
963 250 1158 288 desiderare,
1183 260 1242 283 nec
1257 250 1600 283 alienam'existimare
1626 253 1820 285 voluntatem

197 301 336 333 Tametsi
365 306 550 332 nostrorum
570 300 664 331 etiam
692 301 872 338 interdum,
896 301 955 332 hoc
979 305 1027 332 est
1057 302 1311 334 Christianorum
1340 301 1507 332 hominum
1540 303 1691 342 pugnavit
1712 304 1821 335 armis.

197 354 328 384 Prorsus
341 375 349 388 ,
367 351 513 392 uthujus
529 351 562 382 in
578 351 684 390 operis
701 350 878 388 molitione,
896 351 1076 382 sedulitatis
1093 352 1200 391 potius
1217 359 1253 382 ac
1268 351 1462 392 diligentia,
1488 361 1583 391 quam
1613 352 1773 384 facultatis
1789 356 1821 383 et

196 402 320 442 ingenii
349 402 520 442 quaesiisse
540 402 667 432 laudem
680 423 688 438 ,
715 409 773 432 nec
786 404 848 431 tam
864 401 934 432 suis
956 401 1025 440 ipse
1043 402 1166 433 viribus
1182 411 1254 432 cum
1269 402 1453 433 adversario
1472 404 1623 443 congredi
1638 426 1646 440 ,
1663 412 1758 440 quam
1780 411 1819 434 ex

195 454 367 493 peregrino
380 457 411 484 et
423 453 619 485 conductitio
630 452 732 483 mil-ite
743 452 844 483 aciem
858 452 1017 484 instruere
1026 475 1034 489 ,
1048 453 1113 484 imo
1122 463 1194 485 cum
1209 454 1300 485 hoste
1312 454 1434 485 hostem
1447 455 1643 486 committere
1659 454 1816 486 videatur.

195 505 350 536 Caaterum
365 526 372 540 ,
389 512 486 544 quem
514 503 571 534 ille
588 503 735 534 ordinem
754 502 811 533 hac
829 502 861 532 in
879 511 985 542 pugna
1005 505 1175 536 modumve
1191 504 1332 536 tenuerit
1348 526 1356 540 ,
1382 505 1453 543 ipso
1475 505 1548 536 libri
1570 505 1686 537 decimi
1712 505 1818 546 quinti

194 554 328 586 exordio
348 558 412 585 tam
427 554 593 585 enucleate
612 553 796 593 diserteque
823 554 1009 593 complexus
1033 558 1096 592 est,
1114 558 1146 586 ut
1164 555 1234 595 ejus
1251 554 1356 586 verbis
1374 555 1448 585 addi
1466 555 1548 586 nihil
1564 555 1665 594 possit
1680 577 1688 592 ,
1704 559 1819 595 preter

194 604 335 635 auctoris
351 603 518 644 injuriam.

233 654 387 693 Sequitur
402 662 477 693 ergo
493 653 600 692 potius
614 676 622 691 ,
640 653 820 685 Christiane
837 655 948 686 Lector
961 680 968 690 ,
985 658 1021 685 ut
1037 663 1132 694 quam
1148 654 1187 686 de
1203 653 1260 684 illo
1277 654 1357 685 bene
1375 655 1491 685 mereri
1508 656 1743 691 studuerimus,
1757 656 1817 688 hoc

193 709 243 736 est
254 727 262 741 ,
279 705 359 744 quid
376 705 408 735 in
424 713 506 736 nova
522 705 770 745 Praparationis
787 705 884 745 hujus
903 705 1046 737 editione
1065 705 1170 736 conati
1187 706 1290 736 simus
1303 727 1310 741 ,
1329 704 1468 736 breviter
1478 706 1626 746 accipias.

232 755 362 786 Exstitit
376 758 449 786 aute
467 755 525 785 hos
543 759 670 786 centum
686 763 787 786 annos
804 756 1039 795 Trapezuntius
1052 779 1060 792 ,
1084 755 1179 786 homo
1200 759 1231 786 et
1250 755 1377 787 natione
1397 756 1526 787 Graecus
1540 778 1549 793 ,
1567 760 1595 787 et
1617 757 1737 788 Latinis
1765 758 1816 788 in-

193 815 292 846 super
307 806 422 837 litteris
438 815 502 837 non
519 807 722 838 mediocriter
743 807 949 838 informatus:
976 807 1049 847 qui,
1068 807 1095 837 si
1112 807 1226 838 horum
1255 807 1294 838 ad
1315 807 1472 838 librorum
1498 808 1812 846 interpretationem,

192 860 349 897 quantum
366 857 560 888 eruditionis
575 865 610 888 ac
623 856 762 888 solertiae
774 858 924 889 aﬂ‘erebat
937 879 945 895 ,
962 861 1084 888 tantum
1099 866 1115 888 a
1131 858 1216 888 curis
1235 858 1435 897 gravioribus
1453 858 1606 897 temporis
1623 861 1653 889 et
1666 859 1724 889 otii
1739 867 1815 890 con-

191 906 278 938 ferre
293 907 453 946 potuisset
468 918 476 945 ;
492 907 584 938 nobis
603 907 717 948 utique
736 908 864 948 legendi
881 908 1076 948 voluptatem
1091 930 1098 945 ,
1126 916 1190 938 nou
1213 908 1345 939 alterius
1369 916 1476 948 opera;
1494 907 1717 939 necessitatem
1735 908 1811 939 reli-

192 957 330 998 quisset.
347 958 386 989 At
401 958 478 989 dum
494 958 592 999 (quod
608 959 744 998 ipsemet
761 959 812 991 vel
827 959 965 999 excipit,
992 959 1041 990 vel
1064 957 1206 998 excusat)
1230 967 1303 989 cum
1327 967 1439 990 eorum
1455 967 1472 989 a
1493 958 1613 998 quibus
1639 958 1814 998 urgebatur

191 1007 355 1038 desiderio
369 1029 377 1044 ,
393 1008 536 1038 vertendi
551 1008 747 1040 celeritatem
763 1017 890 1049 aequare
904 1009 1055 1048 gestiret,
1076 1009 1251 1040 Eusebium
1264 1008 1404 1040 Eusebio
1422 1009 1600 1040 suﬂ'uratus
1616 1013 1685 1046 est;
1702 1010 1812 1050 itaque

191 1064 253 1087 suo
267 1065 307 1087 ex
320 1065 420 1088 sensu
436 1057 560 1088 vultum
575 1058 604 1089 ei
622 1059 828 1099 speciemque
846 1059 937 1090 ﬁnxit
950 1082 958 1096 ,
975 1063 1011 1090 ut
1021 1060 1060 1091 ab
1076 1069 1115 1091 eo
1128 1059 1378 1099 Trapezuntium
1395 1060 1504 1091 verius
1521 1068 1616 1100 quam
1635 1061 1811 1092 Eusebium

192 1105 395 1138 haberemus.
409 1108 454 1138 lta
473 1108 610 1148 capitum
635 1109 783 1141 ordinem
807 1119 1043 1152 numerumque
1063 1114 1186 1147 mutat;
1211 1111 1256 1142 ita
1270 1111 1465 1148 sententias,
1485 1111 1653 1149 periodos,
1679 1111 1811 1151 paginas

192 1165 425 1198 nonnunquam
444 1160 583 1200 integras
598 1161 694 1192 modo
721 1161 893 1201 interpolat
908 1184 917 1199 ,
935 1162 1030 1194 modo
1042 1185 1051 1200 ,
1063 1163 1149 1203 quod
1169 1163 1263 1201 longe
1277 1163 1407 1202 gravius
1422 1165 1471 1194 est
1486 1185 1495 1199 ,
1522 1162 1679 1202 expungit
1704 1171 1740 1193 ac
1755 1171 1809 1193 re-

189 1211 284 1238 secat.
302 1209 431 1240 Librum
450 1213 535 1241 certe
551 1211 709 1242 decimum
727 1212 876 1252 quintum
892 1221 932 1243 ne
951 1214 1055 1253 attigit
1080 1213 1224 1253 quidem.
1242 1213 1278 1244 ld
1294 1213 1381 1254 quod
1398 1213 1477 1244 viris
1495 1213 1591 1244 etiam
1612 1212 1809 1244 doctissimis

189 1257 292 1289 fraudi
304 1258 365 1290 fuit
377 1282 386 1296 ,
406 1261 462 1300 qui
477 1270 549 1292 cum
573 1263 705 1293 Eusebii
735 1264 841 1295 Graeca
856 1271 921 1294 non
938 1263 1114 1303 legissent,
1132 1269 1330 1303 postremum
1345 1263 1430 1295 hunc
1445 1263 1562 1295 librum
1582 1263 1718 1303 periisse
1735 1272 1806 1294 cre-

189 1309 351 1341 diderunt.
367 1311 556 1343 Ostenderat
571 1313 726 1352 Grynaeus
741 1314 871 1354 quidam
884 1337 892 1351 ,
909 1314 1004 1345 homo
1016 1336 1024 1351 ,
1042 1318 1075 1345 ut
1087 1314 1194 1350 aiunt,
1212 1314 1392 1352 haereticus,
1406 1314 1489 1346 velle
1506 1323 1541 1346 se
1557 1318 1618 1345 tam
1632 1314 1809 1346 inveterato

191 1361 298 1392 morbo
315 1362 482 1393 medicinae
496 1362 619 1402 aliquid
641 1363 763 1401 facere;
781 1364 837 1395 sed
859 1365 998 1395 ostendit
1013 1373 1047 1395 re
1064 1364 1134 1403 ipsa
1152 1368 1293 1401 tantum,
1310 1365 1430 1404 quippe
1446 1364 1503 1404 qui
1523 1363 1611 1395 labes
1636 1364 1808 1404 hiatusque

190 1410 362 1442 nonnullos
374 1412 509 1450 sparsim
527 1412 679 1444 duntaxat
691 1422 726 1444 ac
744 1422 828 1453 saepe
843 1414 935 1445 novis
950 1411 1113 1445 erroribus
1130 1414 1322 1454 impleverit.

227 1461 511 1501 Quocircajustum
527 1463 619 1494 ambo
639 1463 731 1494 nobis
748 1464 973 1503 integrumque
990 1473 1127 1503 pensum
1144 1464 1326 1503 reliquere;
1344 1472 1383 1495 ae
1401 1473 1465 1504 quo
1482 1463 1563 1495 nihil
1579 1465 1751 1496 admodum
1769 1465 1808 1495 ab

189 1510 360 1549 Hoppero,
377 1512 433 1551 qui
461 1516 641 1543 extremum
668 1513 786 1544 librum
803 1513 1010 1552 Trapezuntii
1034 1513 1154 1544 Latinis
1168 1513 1324 1549 attexuit,
1352 1513 1475 1544 detrahi
1494 1514 1637 1552 potuisse
1652 1537 1659 1551 ,
1683 1513 1806 1544 invitus

189 1568 283 1591 nemo
299 1560 467 1600 fatebitur,
484 1562 539 1602 qui
560 1562 640 1593 hanc
655 1563 688 1593 in
705 1562 873 1594 lectionem
890 1563 984 1594 horas
1007 1572 1047 1594 ex
1063 1563 1128 1593 otio
1143 1570 1202 1593 suo
1217 1561 1340 1602 aliquot
1353 1562 1498 1593 derivare
1515 1563 1663 1593 voluerit.
1687 1564 1804 1594 Novam

188 1618 265 1650 ergo
276 1619 293 1641 a
309 1612 409 1651 capite
425 1612 720 1652 interpretationem
737 1613 890 1652 aggressi,
909 1613 991 1644 duos
1007 1622 1047 1644 ex
1058 1613 1254 1644 Bibliotheca
1267 1611 1472 1653 Regia(quod
1486 1613 1523 1644 D.
1540 1613 1667 1652 Rigaltii
1683 1613 1803 1645 doctis-

187 1661 372 1701 simiatque
388 1661 606 1694 honestissimi
632 1663 692 1694 viri
719 1663 909 1695 beneﬁcium
937 1663 996 1695 est)
1022 1663 1255 1702 manuscriptos
1280 1663 1406 1693 codices
1429 1663 1632 1702 accepimus,
1664 1671 1804 1702 quorum

187 1712 287 1743 altero
299 1712 477 1752 Stephanus
494 1713 528 1744 in
543 1715 649 1745 Graeca
661 1714 802 1746 editione
818 1723 899 1745 usus
915 1714 1058 1751 videtur,
1073 1714 1208 1744 alterum
1236 1713 1266 1744 ei
1297 1722 1381 1752 stepe
1407 1713 1661 1743 dissimillimum
1685 1713 1802 1752 reperi.

186 1764 402 1794 Accesserunt
418 1763 514 1795 variaa
530 1763 684 1795 lectiones
703 1773 742 1795 ex
759 1764 906 1794 Bichardi
925 1763 1110 1795 Montacutii
1127 1763 1209 1794 libro
1225 1763 1411 1802 descriptas,
1430 1771 1566 1802 quarum
1583 1762 1661 1793 mihi
1677 1762 1802 1802 copiam

185 1813 350 1852 aliquanto
374 1813 480 1844 serius
501 1812 575 1844 fecit
591 1814 627 1843 D.
643 1813 797 1844 Morcllus
814 1815 826 1842 ὃ
843 1816 998 1853 μακαρίτης,
1018 1811 1194 1851 bibliopola
1215 1812 1338 1850 regius;
1353 1821 1415 1843 usu
1427 1811 1547 1843 eumiu
1557 1811 1630 1842 aliis
1646 1820 1711 1843 non
1722 1820 1801 1843 con-

187 1864 360 1894 temnendo
374 1885 381 1899 ,
400 1868 467 1894 tum
483 1864 517 1894 in
532 1863 657 1895 lacunis
673 1864 865 1902 quibusdam
879 1863 1048 1903 explendis
1066 1862 1132 1894 fere
1149 1863 1321 1903 praecipuo.
1344 1864 1463 1894 Verum
1478 1868 1589 1902 praeter
1600 1871 1802 1894 communem

187 1912 272 1943 illam
289 1913 517 1951 interpretandi
532 1912 710 1944 molestiam
722 1935 730 1950 ,
747 1921 819 1953 quae
837 1913 1086 1952 sapientissimis
1102 1913 1288 1944 hominibus
1307 1913 1490 1952 tam-gravis
1512 1922 1638 1952 semper
1649 1921 1685 1943 ac
1696 1913 1803 1952 spissa

186 1963 253 1993 visa
267 1967 335 1999 est,
353 1971 447 2003 quam
457 1972 540 2002 saape
558 1963 756 2000 necessaria;
772 1963 914 1994 laborem
929 1963 1064 2002 insuper
1077 1986 1086 2000 ,
1102 1967 1132 1994 et
1148 1963 1224 1994 huic
1246 1962 1432 2001 scriptionis
1447 1963 1558 2002 generi
1572 1963 1753 2002 preprium,
1771 1966 1803 1991 et

185 2012 284 2044 altero
300 2013 357 2044 illo
373 2013 426 2044 vix
442 2013 600 2044 minorem
625 2013 844 2045 exhausimus.
859 2015 937 2045 Cum
959 2014 1046 2045 enim
1062 2017 1125 2050 ,ω
1146 2017 1218 2044 ante
1234 2012 1376 2043 diximus
1387 2034 1395 2049 ,
1411 2012 1532 2043 alienas
1549 2016 1614 2044 toto
1630 2013 1690 2043 hoc
1705 2019 1802 2051 Opere

184 2062 311 2102 linguas
323 2063 483 2093 Eusebius
499 2066 663 2094 mutuetur
674 2085 683 2101 ,
699 2071 837 2103 quorum
853 2064 956 2096 adhuc
970 2065 1111 2095 rivorum
1122 2063 1226 2094 fontes
1242 2063 1444 2100 haberemus,
1459 2062 1625 2093 adeundos
1641 2061 1800 2101 imprimis

183 2121 294 2145 omnes
310 2123 345 2145 ac
363 2115 506 2146 studiose
521 2114 704 2147 lustrandos
719 2114 902 2153 putavimus
918 2126 927 2151 ;
942 2122 1081 2154 quorum
1097 2118 1203 2145 autem
1219 2117 1411 2145 exaruerant
1423 2135 1431 2151 ,
1448 2113 1562 2145 horum
1578 2118 1683 2144 tamen
1695 2135 1704 2150 ,
1721 2114 1796 2144 ubi-

183 2172 310 2203 cunque
325 2164 514 2195 subodorari
529 2164 640 2200 licuit,
656 2162 706 2194 vel
732 2163 923 2195 tenuissima
955 2164 1089 2203 vestigia
1119 2164 1278 2203 persecuti
1304 2171 1428 2195 sumus.
1460 2164 1498 2194 Et
1518 2164 1664 2203 quamvis
1688 2163 1803 2194 aliena;

184 2221 296 2244 manus
318 2222 380 2253 ope
394 2222 429 2244 ac
443 2213 600 2251 subsidio,
617 2213 705 2253 quod
722 2222 793 2244 sese
810 2217 876 2244 tum
893 2214 977 2245 ultro
991 2223 1129 2253 praesens
1143 2214 1340 2253 obviumque
1355 2214 1458 2250 dabat,
1472 2214 1518 2244 uti
1535 2213 1674 2249 licuerit,
1691 2204 1806 2244 studio.

183 2268 287 2295 tamen
304 2268 469 2303 utcunque
486 2267 595 2294 nostro
611 2263 844 2304 diligentiaque
861 2264 939 2302 niti,
969 2273 1064 2304 quam
1089 2264 1261 2304 precariam
1284 2264 1360 2295 hinc
1384 2265 1459 2296 inde
1489 2265 1604 2304 stipem
1634 2272 1801 2304 corrOgare

183 2313 367 2344 maluimus.
383 2314 499 2344 Partim
512 2335 520 2348 ,
539 2312 623 2352 quod
641 2315 672 2343 et
691 2312 818 2344 delicati
849 2313 945 2344 nimis
958 2336 966 2351 ,
984 2317 1014 2344 et
1029 2322 1140 2352 parum
1166 2313 1309 2344 liberalis
1330 2314 1453 2354 ingenii
1476 2314 1655 2350 videretur,
1668 2314 1723 2344 ubi
1744 2323 1802 2354 per

181 2367 211 2395 te
231 2365 338 2403 ipsum
354 2368 476 2394 tentare
492 2363 615 2403 aliquid
632 2366 663 2394 et
678 2364 819 2403 experiri
832 2364 939 2404 possis
954 2386 962 2400 ,
986 2363 1082 2394 alieni
1107 2363 1225 2394 laboris
1243 2364 1350 2396 fructu
1372 2365 1474 2395 otiose
1505 2363 1587 2403 pasci
1601 2387 1610 2401 ,
1634 2372 1669 2394 ac
1692 2362 1800 2394 faecem

183 2413 269 2444 illam
287 2415 508 2445 mendicorum
522 2414 640 2446 imitari
655 2437 664 2451 ,
681 2415 737 2455 qui
754 2414 859 2446 levius
885 2418 1058 2454 egestatem
1083 2414 1191 2446 ferunt
1207 2424 1302 2455 quam
1325 2415 1496 2450 sudorem,
1521 2422 1668 2454 quosque
1696 2414 1801 2445 aliena

182 2473 329 2495 crumena
346 2466 476 2502 vivere,
491 2473 556 2496 non
573 2469 635 2496 tam
653 2465 855 2497 necessitatis
871 2468 939 2502 est,
957 2473 1052 2505 quam
1070 2465 1263 2505 voluptatis;
1279 2466 1360 2497 adeo
1374 2465 1503 2505 publica
1520 2464 1717 2504 benignitate
1734 2473 1799 2496 non

179 2515 218 2546 ad
244 2515 474 2547 sublevandam
505 2517 666 2556 inopiam,
689 2517 747 2549 sed
771 2518 810 2549 ad
840 2517 1009 2549 fovendam
1041 2518 1188 2550 inertiam
1205 2519 1392 2549 abutuntur.
1414 2517 1614 2554 Partim,.ne
1639 2517 1667 2547 si
1684 2520 1800 2548 tantam

181 2566 371 2605 scriptorum
387 2565 573 2597 varietatem
586 2590 594 2604 ,
613 2567 716 2598 nihilo
732 2569 838 2600 minor
852 2569 1067 2608 interpretum
1087 2569 1258 2600 diversitas
1279 2569 1462 2607 exciperet,
1485 2576 1548 2598 non
1577 2566 1663 2597 fetus
1678 2566 1799 2606 aliquis

180 2615 271 2646 vultu
286 2616 458 2656 coloreque
474 2624 556 2652 uno,
572 2617 629 2648 sed
653 2617 794 2649 deforme
813 2622 993 2649 monstrum
1011 2617 1201 2655 exsisteret,
1218 2617 1446 2648 dissimillimis
1459 2626 1499 2648 ex
1514 2616 1657 2656 partibus
1670 2616 1799 2646 formis-

180 2675 243 2706 que
259 2665 440 2697 conﬂatum.
454 2667 564 2698 Utrum
580 2667 687 2705 enim,
705 2677 746 2699 ex
771 2668 831 2699 hoc
847 2672 956 2699 nostro
976 2668 1085 2704 cultu,
1104 2668 1258 2699 membris
1282 2676 1413 2708 quoque
1433 2668 1572 2707 singulis
1600 2667 1640 2698 ad
1661 2666 1801 2704 speciem

178 2718 303 2758 aliquid
315 2727 350 2748 ac
366 2717 502 2749 nitorem
515 2720 707 2757 accesserit,
724 2721 885 2760 aequitatis
905 2724 954 2751 est
972 2720 1215 2760 prudentiteque
1233 2723 1316 2756 tum,
1345 2721 1456 2750 Lector
1483 2719 1613 2758 optime,
1637 2721 1777 2749 statuere
1789 2738 1798 2753 ,

179 2778 243 2802 non
262 2770 427 2806 modestiae
444 2770 644 2810 pudor-isque
659 2771 772 2801 nostri.
1568 2803 1575 2814 ι

219 2824 330 2858 Porro,
348 2822 382 2852 in
397 2821 551 2853 librorum
563 2826 593 2853 et
603 2822 742 2861 capitum
755 2821 913 2853 lemmatis
926 2827 1020 2863 atque
1037 2823 1199 2854 indicibus
1210 2822 1422 2862 prletigendis,
1433 2821 1688 2852 membranarum
1697 2820 1797 2851 facem

180 2872 376 2912 ductumque
390 2873 492 2903 secuti
503 2873 704 2910 sumus,,nisi
720 2867 806 2914 quod
817 2874 959 2912 fidenter,
971 2883 1042 2914 quea
1054 2874 1087 2905 in
1103 2874 1238 2906 alterum
1255 2873 1331 2905 vitia
1347 2872 1796 2912 nonnunquamirrepserant.

179 2923 310 2956 alterius
322 2924 504 2963 integritate
515 2925 735 2965 beneﬁcioque
748 2921 950 2958 sustulimus.
963 2928 998 2959 Et
1009 2927 1160 2968 quoniam
1171 2926 1294 2958 indices
1307 2925 1368 2964 illi,
1380 2934 1437 2958 nec
1447 2924 1534 2956 tituli
1549 2933 1614 2965 pra:
1624 2932 1670 2963 se,
1681 2932 1739 2956 nec
1750 2932 1798 2954 ca-
