2064 3212
230 178 265 206 i9
564 176 700 205 EUSEBII
719 175 957 203 CIESARIENSIS
979 174 1056 202 OPP.
1076 174 1167 202 PARS
1183 174 1214 202 ιι.
1229 190 1265 195 ——
1280 173 1531 203 APOLOGETlCA.
1821 177 1857 206 20

230 236 319 276 pitis,
334 245 392 266 nec
405 235 494 266 aliud
503 235 665 274 ejusmodi
678 242 794 266 nomen
805 232 959 269 ferebant,
970 232 1055 263 solas
1064 232 1106 263 iis
1115 232 1310 269 numerales,
1321 236 1355 264 ut
1372 237 1495 271 vocant,
1506 237 1596 265 notas
1608 234 1792 267 addidimus
1801 236 1857 278 (1).

231 289 383 326 Superest
394 291 427 317 ut
436 286 476 317 de
486 286 570 318 notis
580 294 680 317 unum
691 288 744 316 aut
754 284 890 315 alterum
899 292 1099 315 moneamus.
1109 285 1162 315 Eae
1172 284 1289 323 triplici
1299 284 1630 325 potissimum'genere
1639 286 1855 319 continentur.

230 339 294 368 Aut
311 337 409 373 enim,
429 336 533 368 sicubi
552 345 684 367 necesse
699 339 758 372 est,
776 336 892 366 Graecae
914 334 1066 366 dictionis
1083 334 1146 365 vim
1160 343 1196 365 ac
1218 335 1446 374 proprietatem
1461 336 1658 375 expendunt,
1677 340 1731 367 aut
1756 338 1858 369 varias

232 386 375 419 locorum
388 387 519 419 illorum
531 396 604 428 qua;
619 387 658 418 ab
674 386 815 418 Eusebio
833 386 953 426 passim
964 385 1158 423 afferuntur,
1175 385 1270 417 modo
1286 386 1452 423 lectiones,
1468 386 1564 417 modo
1579 387 1858 426 interpretationes

231 438 411 476 excutiunt,
423 439 455 469 in
468 447 533 478 quo
542 439 607 469 dici
623 438 676 468 vix
688 441 805 476 potest,
822 440 979 477 quantum
991 446 1030 468 ex
1046 441 1158 468 mutua
1173 437 1278 468 Nostri
1309 437 1408 477 hujus
1423 437 1628 477 aliorumque
1650 446 1759 477 opera,
1775 438 1857 469 lucis

231 489 265 519 in
280 497 393 521 omnes
408 489 601 529 fructusque
614 488 814 520 redundarit.
826 490 891 518 ’Aut
906 488 1060 527 denique,
1079 489 1107 520 si
1127 489 1207 529 quid
1223 489 1262 519 ad
1281 489 1343 520 loci
1355 489 1494 530 alicujus
1507 487 1759 529 intelligentiam
1782 500 1857 530 per-

231 541 348 580 stringi
374 543 495 580 potius,
512 549 608 580 quam
626 539 780 579 explicari
793 538 909 579 potuit,
927 537 1068 570 breviter
1081 539 1270 579 expediunt.
1286 540 1365 577 Quae
1383 540 1432 571 vel
1449 533 1632 572 sanctorum
1642 542 1857 572 Patrumil-lu-

231 591 398 627 stratione,
419 591 470 621 vel
486 590 630 622 uberiori
647 590 838 621 tractatione
868 590 966 630 digna
992 589 1198 627 videbantur,
1229 599 1265 621 ea
1280 590 1375 621 certis
1405 590 1858 631 0bservationum.capitibus

231 645 460 683 comprehensa
479 644 552 675 dare
569 646 759 680 statueram;
776 643 831 673 sed
848 643 1001 683 quoniam
1013 642 1076 674 alio
1093 651 1142 673 me
1158 643 1288 673 interim
1304 646 1461 682 susceptae
1476 643 1549 674 vitm
1563 644 1705 675 rationes
1733 648 1856 681 vocant,

230 695 444 736 atl‘ectumque
463 704 545 735 opus
559 695 678 726 ducere
694 694 844 725 nonnihil
860 704 895 726 ac
907 694 1049 734 proferre
1061 695 1246 734 cogunt,uti
1259 695 1326 734 jam
1335 704 1401 726 non
1422 695 1521 726 semel
1534 696 1684 735 gravibus
1694 696 1857 736 justisque

230 745 269 776 de
286 747 403 783 causis,
425 751 454 777 et
469 747 756 787 interpretationis,
773 750 803 777 et
817 747 925 786 ipsius
937 746 1090 778 editionis
1110 755 1241 778 cursum
1261 746 1486 784 inhibuerunt,
1499 747 1579 778 hanc
1602 748 1679 779 mihi
1711 749 1786 779 dare
1801 757 1857 779 ve-

230 797 316 827 niam
332 798 539 828 humanitatis
553 802 602 829 est
617 802 689 835 tuae,
702 802 736 829 ut
751 798 1001 838 bibliopolarum
1016 801 1197 829 nostrorum
1209 798 1300 834 ﬁdes,
1311 798 1502 837 exterisjam
1519 798 1696 837 provinciis
1707 798 1858 837 obligata,

229 846 301 878 sine
316 847 479 886 hucjusti,
496 848 529 879 ni
548 847 652 886 fallor,
668 849 776 888 operis
793 849 946 885 auctario,
960 849 999 879 ad
1012 852 1137 887 tempus
1154 847 1283 878 liberari
1298 848 1413 887 possit.
1429 849 1474 879 Ne
1488 852 1593 879 tamen
1612 848 1683 887 ipso
1698 849 1805 879 statim
1822 848 1857 879 in

232 897 342 929 limine
361 899 506 931 dubitare
522 903 552 931 te
570 901 680 939 patiar,
698 901 825 932 cuinam
841 901 1007 932 Theodoto
1028 900 1296 940 Praeparalionem
1307 900 1388 932 hanc
1405 909 1496 931 suam
1510 901 1671 932 Eusebius
1682 901 1857 940 inscripse-

230 946 282 983 rit,
300 946 387 978 hunc
401 957 461 987 ego
477 958 541 980 non
556 950 656 981 alium
669 951 816 987 arbitror,
832 959 927 990 quam
943 950 1160 981 Laodicenum
1175 950 1374 990 episcopum,
1391 951 1460 991 qui,
1474 951 1625 982 Marcello
1637 960 1763 982 summo
1779 960 1859 991 pon-

231 997 323 1035 tiﬁce,
340 998 402 1028 sub
412 1006 534 1030 annum
547 1000 746 1031 Constantini
762 1000 870 1038 Magni
885 1000 1026 1037 tertium,
1040 999 1200 1039 Stephano
1215 1000 1249 1030 in
1266 1001 1454 1040 episcopatu
1469 1002 1637 1039 successit,
1656 1001 1781 1033 Arianae
1798 1002 1857 1032 im-

230 1048 356 1091 pietatis
367 1049 525 1081 fautorem
540 1052 859 1092 acerrimum,quode
876 1052 1030 1093 legendus
1043 1054 1156 1083 Noster
1169 1052 1422 1085 Eccles.Histor.
1435 1062 1490 1091 vn,
1502 1063 1570 1094 cap.
1585 1054 1656 1092 ult.,
1671 1058 1702 1086 et
1712 1054 1859 1085 Theodo-

231 1103 318 1131 retus
327 1101 433 1144 ejusd.
449 1103 574 1134 Hister.
591 1104 650 1135 lib.
668 1113 689 1141 ι,
704 1113 771 1144 cap.
786 1105 815 1136 5.

272 1150 319 1181 Ad
328 1154 680 1194 extremum,quoniam
698 1155 846 1187 homines
863 1164 989 1193 sumus,
1009 1164 1068 1187 nec
1078 1154 1211 1186 humani
1229 1156 1409 1196 quidquam
1434 1164 1453 1187 a
1467 1156 1560 1187 nobis
1577 1156 1721 1187 alienum
1739 1156 1855 1187 existi-

231 1212 316 1234 mare
333 1204 500 1244 debemus,
523 1207 579 1246 qui
596 1207 690 1239 nobis
706 1216 830 1239 errores
845 1209 1035 1246 exciderint,
1052 1217 1107 1240 eos
1124 1208 1179 1239 abs
1197 1212 1226 1240 te
1239 1218 1302 1240 non
1323 1209 1386 1240 alia
1408 1218 1503 1249 quam
1526 1209 1666 1240 hominis
1690 1213 1721 1240 et
1750 1209 1857 1240 Chris-

232 1252 309 1283 tiani
324 1253 465 1286 hominis
474 1264 611 1288 censura
626 1258 774 1297 castigari
791 1258 899 1296 velim,
916 1266 974 1290 nec
989 1262 1061 1289 ante
1073 1258 1187 1290 saltem
1196 1258 1325 1297 gravius
1337 1257 1519 1297 duriusque
1535 1258 1662 1297 conﬁgi,
1687 1267 1783 1298 quam
1801 1263 1857 1289 aut

230 1307 409 1337 erratorum
423 1305 456 1336 in
472 1305 606 1339 classem
623 1308 769 1348 rejectos,
786 1312 842 1340 aut
857 1309 891 1339 in
907 1309 992 1339 notis
1009 1309 1089 1348 ipsis
1102 1309 1260 1340 indicatos
1277 1317 1341 1340 non
1351 1317 1423 1340 esse
1440 1308 1642 1348 cognoveris.

266 1411 304 1447 (τε)
320 1410 377 1438 Nos
395 1413 421 1439 iu
434 1413 551 1448 capitula
567 1414 751 1442 distinximus.
771 1415 850 1443 Enn.
869 1416 953 1443 Pun.
