2064 3212
240 177 274 204 23
566 171 702 199 EUSEBII
721 169 959 199 CASSARIENSIS
976 170 1052 198 OPP.
1071 170 1162 199 PARS
1179 170 1210 197 ll.
1225 186 1260 191 —
1277 170 1526 199 APOLOGETICA.
1821 172 1855 198 26

529 230 550 264 ι
568 228 682 257 CAPUT
699 229 720 256 ι.

270 275 342 309 Quid
363 275 431 302 illud
446 276 496 309 sit,
516 275 586 311 quod
605 275 761 311 evangelica
779 275 899 302 materia
914 275 984 302 ratio

553 310 702 344 pollicetur.

267 356 403 391 Cogitanti
427 355 492 383 mihi
507 355 670 383 Christiante
694 355 834 390 religionis
853 355 1017 388 institutum,

231 403 285 430 hoc
305 409 401 437 opere,
427 402 500 436 quod
519 401 642 428 veritatis
668 401 829 436 evangelica:
849 402 1020 428 demonstra-

231 447 332 474 tionem
371 447 524 482 pollicetur.
559 447 631 474 illius
657 446 766 482 ignaros
790 447 919 479 edocere;
948 445 1018 472 idem

215 492 293 526 ltibi,
309 493 356 528 qui
377 501 485 520 sacrum
511 493 700 527 episcoporum
718 492 801 520 decus
824 496 851 519 et
873 499 1019 519 ornamen-

231 545 289 567 tum
305 547 346 571 es,
363 538 504 566 Theodme
523 539 697 566 sanctissime
710 537 820 572 Deoque
844 537 1016 568 charissime.

231 585 369 620 adjunctis
392 585 474 612 etiam
507 585 633 620 precibus
659 591 819 611 consecrare
848 583 938 610 visum
965 587 1016 609 est.

232 630 291 665 Qua
305 631 413 666 quidem
436 630 462 657 in
482 638 512 657 re
524 630 576 658 hoc
592 634 702 661 secutus
719 637 792 662 sum,
808 633 838 656 ut
854 629 914 663 opis
929 628 977 655 abs
993 632 1018 654 te

231 677 332 712 aliquid
353 677 538 711 impetrarem,
567 676 666 711 quippe
681 675 727 710 qui
741 674 882 702 sacriﬁciis
905 674 958 701 tuis
978 673 1019 700 di-

229 724 293 751 vino
309 730 403 750 amore
419 722 558 750 succensis
572 722 624 749 hoc
637 722 686 749 abs
706 729 749 748 me
767 724 923 756 susceptum
937 727 1018 747 evan-

230 768 324 803 gelicae
344 767 475 794 doctrina:
504 771 693 801 argumentum
716 772 888 799 summopere
908 771 1019 799 promo-

229 814 315 842 vebis.
330 813 382 841 Sed
393 813 476 846 enim,
490 813 554 848 quid
567 813 593 848 2
606 813 671 840 illud
689 812 740 840 sibi
757 812 830 844 velit,
847 811 919 847 quod
932 811 1019 837 Evan-

229 860 328 896 gelium
350 859 528 894 appellamus,
544 859 686 894 diligenter
711 857 845 893 imprimis
874 857 1017 884 enucleare

1341 229 1537 256 ΚΕΦΑΛΔΙΟΝ
1555 229 1594 256 A’.

1108 274 1188 309 T501}
1200 274 1256 308 τῆς
1269 273 1465 309 εὐατμλικῆς
1475 274 1647 306 ὑποθέσεως
1656 273 1826 308 ἐπαγγελία.

1107 353 1159 380 Τὸν
1176 353 1407 389 Χριστιανισμὸν,
1433 353 1447 379 ὅ
1470 352 1498 378 τί
1521 352 1585 378 ποτέ
1604 353 1693 384 ἐστιν,
1708 353 1857 388 ἡγούμενος

1070 400 1126 431 τοῖς
1143 400 1193 426 οὐκ
1212 399 1294 426 εἰδόσι
1313 397 1540 434 παραστήσασθαι
1554 397 1598 424 διὰ
1611 398 1661 433 τῆς
1674 397 1856 434 προκειμένης

1071 444 1260 480 πραγματείας
1284 443 1333 479 τὴν
1357 443 1534 479 εὐαγγελικὴν
1562 443 1698 476 ἀπόδειξιν
1721 442 1856 479 περιέξειν

1071 490 1326 526 ὲπαγγελλομένης,
1345 491 1424 526 τήνδε
1453 499 1512 523 σοι,
1538 490 1608 517 θεῖον
1634 490 1788 516 ἐπισκόπων
1804 490 1855 526 (Γ)

1073 536 1175 572 χρῆμα,
1194 536 1382 571 Θεόδοτε,φίλη
1394 536 1462 563 Θεοῦ
1479 536 1525 563 καὶ
1541 536 1600 572 ἱερὰ
1614 536 1729 572 κεφαλὴ,
1745 537 1793 563 σὺν
1809 536 1856 563 εὺ-

1070 583 1132 617 χαῖς
1146 581 1326 618 ὲπεφὼνησα·
1346 582 1374 608 εἴ
1386 591 1443 614 πως
1458 582 1511 617 ἄρα
1527 583 1575 617 τῆς
1592 582 1666 618 παρὰ
1684 583 1730 609 σοῦ
1747 582 1857 618 τύχοιμι

1071 627 1212 663 βοηθείας,
1229 629 1288 659 ταῖς
1312 627 1444 662 φιλοθέοις
1464 628 1534 663 ὑπὲρ
1549 627 1627 663 ἡμῶν
1643 628 1808 664 ἱερουργίαις
1822 628 1857 655 τὰ

1071 673 1177 709 μεγάλα
1195 682 1239 709 μοι
1255 674 1485 710 συμπράττοντος,
1505 675 1545 706 εἰς
1561 675 1609 709 τὴν
1631 674 1856 710 προΰεὸλημένην

1068 720 1118 755 τῆς
1133 719 1312 754 εὐαγγελικῆς
1327 719 1500 752 διδασκαλίας
1514 720 1651 747 ὑπόθεσιν.
1668 720 1747 747 Ἀλλὰ
1760 721 1814 757 γὰρ
1830 721 1857 747 τί

1070 765 1193 800 βούλεται
1209 765 1287 791 τοῦτο
1304 765 1410 800 δηλοῦν,
1423 766 1437 792 ὃ
1455 774 1544 801 φαμεν
1558 766 1734 800 Εὐαγγέλιον,
1749 767 1858 803 πρῶτον

1070 812 1196 838 ἁπάντων
1210 811 1375 847 διαρθρῶσαι
1389 811 1480 838 καλόν.
1496 811 1580 838 Τοῦτο
1597 812 1630 848 δὴ
1652 813 1734 839 πᾶσιν
1750 813 1855 848 ἀνθρώ-

1070 866 1131 889 ποις
1152 858 1201 894 τὴν
1228 858 1379 893 παρουσίαν
1403 858 1456 884 τῶν
1479 857 1623 884 ἁνωτάτων
1645 858 1692 885 καὶ
1720 858 1856 893 μεγίστων

227 906 313 939 juvat.
330 904 378 932 Est
394 905 475 939 igitur
491 903 678 939 Evangeliuru,
695 903 769 939 quod
791 902 908 930 faustam
939 902 1013 930 coele-

1070 902 1194 936 ἀγαθῶν,
1212 903 1294 930 πάλαι
1310 903 1360 938 μὲν
1375 903 1628 938 προηγορευμένων,
1645 904 1741 929 νεωστὶ
1754 903 1783 929 δὲ
1798 904 1856 935 τοῖς

229 951 312 978 stium
341 951 582 985 maximorumque
607 950 742 977 bonorum
771 948 942 984 praesentiant
965 948 1017 974 hu-

230 997 301 1024 mani
333 996 440 1031 generis
471 996 640 1024 universitati
675 995 837 1028 annuntiat;
867 1002 926 1029 quae
954 1001 1016 1021 cum

229 1041 356 1076 praedicta
379 1041 435 1075 jam
460 1040 525 1067 olim
549 1040 683 1073 fuissent,
706 1045 762 1067 tum
783 1047 846 1068 vero
869 1039 1018 1066 novissime

228 1086 354 1114 omnibus
368 1086 522 1114 illuxerunt.
539 1085 604 1113 lllud
619 1094 700 1122 porro
711 1094 761 1113 nec
776 1093 909 1113 easearum
921 1092 1016 1120 opum,

228 1139 279 1159 nec
299 1132 360 1159 vita:
382 1132 463 1166 hujus
483 1132 649 1160 brevissima:
675 1140 706 1160 ac
725 1132 887 1159 miserrima:
910 1132 1015 1166 copiam

228 1177 302 1210 facit,
320 1185 370 1205 nec
389 1177 471 1205 ullius
490 1178 601 1205 omnino
620 1178 657 1204 rei
679 1185 740 1213 qua:
759 1185 821 1205 cum
845 1184 959 1212 corpore
982 1177 1017 1205 sit

226 1227 254 1250 et
267 1224 442 1258 corruptione
459 1224 621 1257 conjuncta;
640 1223 684 1250 sed
702 1231 796 1251 earum
812 1223 945 1252 duntaxat
957 1231 1016 1258 quae

227 1276 290 1297 cum
306 1269 406 1296 animis
429 1268 596 1303 intelligente
615 1273 712 1297 natura
725 1268 846 1304 praeditis
865 1269 1016 1297 necessitu-

227 1315 319 1342 dinem
342 1323 375 1342 ac
399 1315 556 1343 societatem
582 1309 689 1349 inierci
709 1323 726 1343 a
751 1315 851 1350 quibus
880 1323 931 1350 ea,
955 1323 1017 1350 quae

227 1362 350 1397 corporis
375 1361 483 1396 propria
509 1366 583 1395 sunt,
607 1361 642 1388 ita
666 1362 792 1396 pendent.
814 1366 843 1389 ut
862 1369 908 1390 eas
930 1362 1013 1389 etiam

229 1409 315 1436 instar
336 1409 440 1436 umbrae
459 1413 672 1443 consequantur.
693 1408 782 1444 Caput
802 1413 891 1436 autem
917 1409 1013 1436 horum

227 1454 348 1481 omnium
372 1454 459 1488 pietas
480 1458 541 1486 est,
567 1462 621 1482 non
646 1454 702 1489 jam
735 1455 806 1488 ista,
829 1463 890 1490 qua:
915 1462 1013 1482 nomen

226 1499 356 1527 ementita
378 1507 457 1527 suum
479 1499 592 1527 inﬁnitis
616 1501 754 1528 erroribus
780 1501 945 1535 implicatur,
967 1501 1014 1528 sed

226 1544 370 1579 ejusmodi,
388 1553 450 1580 qua:
463 1547 533 1573 hanc
548 1546 599 1573 sibi
617 1546 826 1580 appellationem
848 1545 1013 1581 suﬂ't'agante

226 1591 340 1620 veritate
364 1591 494 1620 defendit.
521 1591 584 1618 Haac
611 1591 655 1618 illa
676 1597 718 1619 est
743 1599 803 1626 quae
830 1599 892 1618 cum
915 1600 1013 1620 sensus

225 1642 334 1666 nostros
356 1638 389 1664 ad
406 1645 479 1670 eum,
504 1645 584 1672 quem
610 1645 693 1664 unum
718 1645 749 1664 ac
779 1637 879 1670 solum,
897 1637 935 1664 uti
950 1645 1013 1664 vere

225 1688 285 1716 cst.
309 1684 402 1711 omnia
424 1683 508 1710 Deum
534 1683 708 1716 conﬁtentur,
740 1684 835 1719 erigit;
874 1689 929 1711 tum
952 1684 1013 1712 vitae

227 1733 329 1757 nostra:
349 1729 470 1758 rationes
494 1737 527 1757 ex
552 1729 637 1764 ipsius
662 1737 772 1764 quoque
794 1730 932 1758 veLtntate
953 1737 1012 1756 mo—

225 1774 345 1803 deratur.
374 1774 413 1802 Ex
434 1775 485 1802 hoc
507 1780 595 1802 autem
619 1775 682 1802 vitae
702 1783 799 1810 genere
822 1776 942 1803 nascitur
962 1776 1012 1803 ho-

225 1821 307 1848 minis
326 1828 388 1848 cum
402 1820 457 1848 Deo
473 1821 603 1854 amicitia,
627 1822 671 1848 cui
693 1826 733 1849 ter
753 1821 798 1848 ille
815 1820 889 1854 felix,
904 1826 931 1848 et
954 1822 1011 1848 siu-

225 1866 312 1901 gulari
323 1866 370 1894 Dei
386 1867 572 1895 benevolentia
591 1868 756 1895 constitutus
774 1868 835 1895 ﬁnis
854 1868 1009 1900 comitatur,

224 1913 272 1948 qui
293 1920 355 1940 cum
379 1913 486 1941 coalitus
513 1921 546 1940 ex
569 1921 660 1941 rerum
683 1913 878 1941 immortalium
906 1921 1009 1941 conne-

224 1958 304 1986 xione
320 1963 399 1994 aptus
419 1964 478 1992 est,
501 1966 558 1986 tum
579 1960 612 1987 ad
635 1967 728 1986 earum
752 1961 904 1994 exemplum
923 1967 954 1987 ac
974 1960 1010 1987 si-

225 2004 405 2035 militudinem
419 2006 531 2041 regitur,
548 2011 629 2041 atque
645 2006 671 2032 in
686 2006 720 2033 iis
735 2011 886 2041 prostrcmo
900 2005 1010 2041 acquie-

223 2051 285 2079 scit.
302 2051 372 2084 Quid
395 2059 458 2079 vero
479 2051 549 2079 felici
569 2052 621 2081 hac
640 2056 667 2079 et
685 2052 787 2079 divitiis
811 2052 939 2079 omnibus
955 2052 1010 2079 cir-

222 2097 387 2129 cumluente
412 2098 469 2134 Dei.
486 2099 606 2126 amicitia
635 2099 740 2126 beatius
769 2099 883 2134 cogitari
907 2098 1008 2134 possit?

222 2142 281 2170 Non
299 2144 343 2170 ille
357 2143 428 2175 vitae,
444 2144 524 2176 lucis,
539 2145 669 2177 veritatis,
684 2144 872 2180 bonorumque
885 2145 1007 2172 omnium

222 2194 342 2225 quaestor
354 2190 437 2218 veluti
453 2199 485 2218 ac
497 2191 668 2226 dispensator
683 2191 743 2218 est?
758 2190 816 2218 Non
831 2192 1006 2226 quamobrem

223 2237 315 2264 omnia
328 2237 382 2265 sint
399 2242 481 2272 atque
496 2237 606 2269 vivant.
635 2245 747 2265 causam
766 2237 793 2264 in
810 2245 839 2265 se
860 2238 917 2272 ipse
932 2245 1007 2265 eom-
1023 2247 1044 2274 ο

222 2282 370 2318 plectitur?
392 2282 445 2315 Qui
471 2290 535 2317 ergo
559 2282 644 2310 semel
665 2282 764 2309 divinae
783 2282 864 2317 hujus
881 2283 1008 2310 amicitiae

221 2336 334 2357 munere
349 2333 462 2357 ornatus
476 2328 522 2360 sit,
537 2328 603 2363 quid
618 2328 723 2357 tandem
738 2328 762 2355 is
779 2328 847 2355 ultra
860 2328 1008 2355 desideret?

221 2373 310 2407 Quid.
331 2373 442 2409 inquam
456 2394 464 2406 ,
484 2373 508 2400 ei
531 2373 617 2406 desit,
635 2374 680 2408 qui
708 2372 842 2400 bonorum
868 2377 1007 2401 auctorem

221 2419 342 2446 omnium
369 2419 421 2446 sibi
445 2417 600 2445 devinctum
624 2417 767 2445 habuerit?
785 2417 870 2452 Cujus
891 2418 1007 2453 denique

221 2465 260 2493 rei
285 2464 389 2492 laboret
412 2464 514 2499 inopia,
531 2463 578 2499 qui
600 2471 728 2499 maguum
753 2463 829 2491 illum
848 2463 1006 2500 Praesidem,

219 2517 253 2537 ao
267 2515 457 2544 praepotentem
476 2509 558 2544 hujus
580 2509 783 2537 universitatem
807 2510 1005 2537 moderatorem

219 2556 247 2583 ln
261 2555 345 2590 patris
361 2563 393 2582 ac
410 2555 507 2582 tutoris
531 2555 621 2582 locum
638 2555 806 2583 obtinuerit?
830 2555 902 2582 Nihil
915 2555 1006 2590 profe-

257 2611 403 2646 (1⁸)Θεῖον
418 2611 559 2637 ἐπισκόπ.
580 2610 615 2638 Ut
625 2616 668 2639 est
678 2611 705 2639 in
718 2612 803 2639 altero
813 2619 865 2639 ms.
876 2611 1004 2640 Biblioth.

222 2646 322 2682 Regina.
341 2647 369 2673 ld
388 2650 479 2682 autem
495 2646 576 2682 malui
594 2654 675 2680 quam
692 2647 825 2682 Oaimv,}tt
841 2647 917 2673 habet
931 2647 1006 2681 prior

219 2681 314 2712 editio,
326 2681 399 2716 quod
413 2681 638 2717 Ἑλληνικώτερον
648 2682 776 2716 putarim.
790 2681 884 2708 Dicere
900 2682 1004 2717 potuis-

220 2722 261 2745 set
278 2717 349 2743 θεῖον
359 2716 508 2743 ἐπισκόπου
520 2716 624 2752 χρῆμα,
638 2718 724 2752 potuit
739 2722 767 2743 et
780 2717 946 2744 ἐπισκόπων.
960 2716 1005 2744 Sic

220 2752 395 2786 Aristophan.
411 2752 521 2786 Νεφελ.
539 2758 592 2779 aet.
610 2761 635 2778 ιε

219 2785 253 2815 Ὦ
265 2785 322 2815 Ζεῦ
329 2785 473 2820 βασιλεῦ,
487 2787 520 2814 τὸ
531 2787 632 2822 χρῆμα
643 2787 703 2814 τῶν
712 2786 838 2858 νυκτῶνί
850 2787 926 2814 ὅσον
937 2787 1005 2839 (Ξ.τέ-

839 2830 947 2857 ρατον.

860 2830 932 2849 ator
942 2833 947 2848 .‘

860 2831 932 2849 ατον

315 2858 377 2894 quid
395 2859 462 2885 istuc
477 2859 558 2885 nectit
578 2864 625 2888 esi.
642 2867 769 2893 quamqu
783 2831 933 2893 inﬁliﬁlum?

221 2894 291 2924 Idem
306 2895 433 2929 Βατραχ.
452 2898 504 2921 act.
522 2901 536 2919 v
551 2903 556 2920 :

1070 948 1152 974 πᾶσιν
1173 947 1385 983 ὲπιλαμψάντων
1405 947 1625 982 εὐαγγελίζεται·
1641 949 1671 974 οὺ
1688 948 1733 974 τὸν
1748 948 1778 974 οὐ
1796 947 1856 984 βλέ-

1069 1002 1153 1020 ποντα
1179 993 1311 1025 πλοῦτον,
1342 993 1400 1020 οὐδὲ
1425 994 1474 1029 τὴν
1497 993 1616 1029 σμικρὰν
1639 993 1686 1020 καὶ
1713 993 1854 1029 πολυπαθῆ

1070 1039 1172 1075 ταύτην
1188 1039 1259 1074 ζωὴν
1287 1039 1444 1075 προξενοῦν,
1460 1039 1514 1065 οὐδ’
1529 1040 1578 1065 ὅσα
1591 1039 1716 1074 σώματος
1727 1039 1773 1065 καὶ
1789 1038 1855 1072 φθο-

1071 1085 1120 1121 ρᾶς
1134 1086 1220 1112 οἰκεῖα
1230 1093 1236 1100 ·
1252 1085 1285 1112 τὰ
1303 1085 1332 1111 δὲ
1347 1085 1446 1120 ψυχαῖς
1458 1085 1553 1120 νοερὰν
1566 1085 1658 1111 οὐσίαν
1673 1085 1855 1120 κεκτημέναις

1068 1132 1131 1166 φίλα
1142 1140 1173 1158 τε
1188 1132 1234 1158 καὶ
1251 1132 1421 1168 προσήγορα,
1439 1128 1476 1158 ὧν
1491 1132 1537 1158 καὶ
1551 1131 1584 1157 τὰ
1600 1131 1714 1166 σώματα
1726 1131 1853 1166 ἐξῆπται,

1068 1178 1149 1207 σκιᾶς
1160 1177 1316 1212 ὶφεπόμενα
1334 1177 1422 1212 δίκην.
1443 1177 1493 1212 Είη
1510 1177 1531 1203 δ’
1554 1176 1587 1203 ἂν
1607 1176 1709 1203 τούτων
1726 1177 1755 1203 τὸ
1770 1176 1855 1210 κεςά-

1066 1223 1141 1250 λαιῡν
1151 1243 1158 1255 ,
1171 1222 1296 1250 εὐσέϐεια
1307 1242 1313 1254 ,
1329 1222 1377 1258 οὐχ
1390 1223 1407 1258 ἠ
1419 1222 1592 1257 ψευδώνυμος
1607 1222 1653 1249 καὶ
1670 1222 1853 1258 πολυπλανὴς,

1066 1268 1122 1295 ἀλλ’
1140 1268 1156 1304 ὴ
1171 1269 1218 1295 σὺν
1240 1269 1353 1305 ἀληθείᾳ
1369 1269 1419 1305 τὴν
1437 1269 1622 1304 προσηγορίαν
1636 1269 1852 1305 ἐπιγραφομένη.

1068 1314 1146 1341 Ἔστι
1160 1314 1188 1340 δὲ
1205 1314 1273 1350 αὕτη
1288 1316 1304 1350 ὴ
1322 1315 1392 1350 πρὸς
1406 1315 1451 1342 τὸν
1466 1314 1515 1342 ἐνα
1537 1315 1583 1341 καὶ
1600 1315 1678 1350 μόνον
1694 1315 1732 1347 ὡς
1746 1314 1855 1350 ἀληθῶς

1066 1359 1280 1396 ὁμολογούμενόν
1300 1369 1329 1387 τε
1350 1361 1397 1387 x0).
1412 1361 1477 1388 ὄντα
1499 1361 1564 1387 Θεὸν
1587 1361 1728 1393 ἁνάνευσις
1740 1381 1747 1393 ,
1772 1361 1819 1388 καὶ
1835 1361 1854 1397 ἡ

1066 1405 1134 1432 κατὰ
1148 1405 1242 1433 τοὸτον
1257 1406 1325 1442 ζωή.
1344 1406 1389 1438 Ἐξ
1403 1405 1437 1442 ἧς
1447 1407 1494 1433 καὶ
1507 1408 1524 1442 ἡ
1543 1407 1611 1442 πρὸς
1625 1407 1704 1433 αὑτὸν
1716 1406 1854 1441 ἐγγίνεται

1065 1451 1151 1487 φιλία,
1196 1452 1350 1488 παρέπεται
1366 1452 1397 1478 τὸ
1412 1452 1533 1487 θεοφιλὲς
1545 1453 1629 1484 ὄντως
1644 1452 1691 1478 καὶ⁹
1702 1452 1854 1487 τρισμακά·

1067 1507 1122 1534 ριον
1139 1498 1224 1530 τέλος,
1238 1497 1339 1525 ἄνωθεν
1353 1499 1385 1525 ἐκ
1398 1499 1452 1524 τῶν
1467 1498 1628 1534 κρειττόνων
1640 1499 1755 1534 ἀπῃωρη
1761 1498 1850 1533 μένον,

1065 1543 1197 1579 καὶπρὸς
1219 1543 1287 1570 αὐτὰ
1309 1544 1576 1580 διακυϐερνώμενον,
1598 1545 1645 1572 καὶ
1667 1543 1700 1572 αὖ
1718 1545 1798 1571 πάλιν
1811 1546 1852 1576 εἰς

1063 1589 1133 1616 αὐτὰ
1147 1589 1311 1624 καταλῆγον.
1327 1589 1358 1615 Τί
1374 1587 1420 1616 οὖν
1434 1590 1465 1616 ἂν
1482 1590 1587 1624 γένοιτο
1605 1590 1655 1626 τῆς
1667 1589 1773 1625 ἀγαθῆς
1786 1589 1852 1616 ταὺ-

1063 1643 1113 1669 της
1135 1635 1181 1662 καὶ
1204 1635 1346 1662 πανολὸίου
1361 1635 1498 1670 θεοφιλίας
1516 1636 1760 1672 μακαριστὸτερον;
1783 1636 1851 1671 Οὐχὶ

1064 1680 1110 1706 καὶ
1125 1679 1197 1716 ζωῆς
1213 1680 1293 1712 αὐτὸς
1303 1700 1309 1712 ,
1326 1681 1372 1707 καὶ
1388 1681 1490 1715 φωτὸς,
1503 1681 1550 1707 καὶ
1566 1681 1703 1716 ἀληθείας,
1720 1681 1767 1708 καὶ
1781 1681 1851 1708 πάν-

1063 1734 1116 1752 των
1132 1726 1241 1760 ἀγαθῶν
1255 1727 1355 1762 ταμίας
1374 1727 1421 1753 καὶ
1436 1727 1551 1763 χορηγὸς
1564 1729 1620 1759 τοῖς
1636 1729 1701 1754 πᾶσι
1717 1727 1852 1764 καθέστη-

1063 1780 1125 1805 κεν;
1139 1773 1206 1807 Οὐχὶ
1219 1773 1266 1799 καὶ
1286 1773 1331 1799 τοῦ
1343 1771 1412 1799 εἶναι
1427 1773 1460 1799 τὰ
1476 1774 1572 1805 πάντα,
1588 1774 1635 1800 καὶ
1647 1773 1693 1800 τοῦ
1706 1774 1757 1810 ζῇν
1768 1773 1849 1806 αὐτὸς

1061 1818 1110 1854 τὴν
1132 1819 1221 1845 αἰτίαν
1241 1819 1416 1855 περιείληφε;
1441 1819 1486 1854 Τῷ
1502 1819 1533 1854 δὴ
1555 1817 1601 1846 οὖν
1615 1820 1664 1855 τὴν
1678 1819 1746 1855 πρὸς
1767 1819 1849 1846 αὐτὸν

1062 1864 1228 1900 στειλαμένῳ
1247 1866 1336 1899 φιλίαν
1358 1867 1384 1892 τί
1408 1866 1440 1892 ἃν
1465 1865 1505 1892 ἑτι
1521 1865 1658 1898 λείποιτο;
1673 1866 1745 1897 τίνος
1768 1865 1790 1891 δ’
1813 1865 1848 1893 ἂν

1062 1913 1201 1948 ὑστεροττο
1238 1913 1252 1939 ὁ
1286 1913 1339 1940 τῶν
1372 1913 1480 1948 ἀγαθῶν
1513 1913 1559 1939 τὸν
1587 1912 1748 1949 δημιουργὸν
1779 1911 1848 1944 ἐξοι-

1061 1957 1231 1993 κειούμενος;
1257 1959 1274 1993 ἢ
1297 1958 1369 1990 τίνος
1400 1958 1432 1985 ἂν
1458 1958 1591 1993 ὲλαττῷτο
1625 1959 1638 1984 ὁ
1663 1958 1709 1984 καὶ
1745 1957 1848 1994 πατρὸς

1060 2005 1089 2031 ὲν
1109 2003 1186 2040 χώρᾳ
1206 2004 1252 2031 καὶ
1275 2004 1422 2040 κηδεμόνος
1444 2005 1488 2031 τὸν
1514 2005 1601 2040 μέγαν
1625 2004 1777 2040 προστάτην
1800 2005 1848 2031 καὶ

1061 2050 1235 2085 παμϐασιλέα
1264 2050 1318 2076 τῶν
1342 2051 1409 2077 ὅλων
1446 2050 1679 2086 ὲπιγραφόμενος;
1707 2049 1775 2076 Ἀλλ’
1796 2049 1847 2078 οὐκ

1059 2094 1132 2121 ἐστιν
1149 2096 1245 2127 εἰπεῖν,
1260 2096 1275 2122 ὃ
1288 2104 1312 2121 τι
1335 2095 1372 2131 μὴ
1393 2096 1441 2131 οὐχ
1456 2096 1470 2121 ὁ
1485 2097 1517 2131 τῇ
1534 2095 1652 2121 διαθέσει
1677 2093 1714 2130 τῷ
1736 2094 1846 2128 παμϐα-

1060 2142 1128 2169 σιλεῖ
1149 2142 1209 2177 Θεῷ
1231 2141 1403 2178 πλησιάζων,
1421 2143 1467 2168 καὶ
1486 2142 1534 2177 τῆς
1554 2140 1782 2176 παμμακαρίστου
1802 2148 1846 2175 φι-

1059 2188 1117 2220 λίας
1140 2188 1184 2215 διὰ
1210 2188 1258 2223 τῆς
1281 2187 1493 2223 ὲπιστημονικῆς
1514 2186 1652 2217 εὐσεϐείας
1675 2186 1844 2222 ἠξιωμένος,

1059 2232 1125 2268 ὁμοῦ
1143 2233 1190 2259 καὶ
1210 2233 1297 2268 ψυχῆς
1314 2233 1360 2259 καὶ
1378 2232 1517 2267 σώματος,
1533 2231 1645 2258 καὶτῶν
1662 2232 1740 2263 ἐκτὸς
1759 2231 1846 2258 ἁπάν-

1059 2287 1112 2305 των
1130 2276 1159 2305 εὖ
1181 2278 1213 2304 ἂν
1234 2278 1300 2313 ἔχοι.
1321 2277 1427 2312 Ταύτην
1451 2277 1482 2312 δὴ
1497 2276 1585 2303 τοίνυν
1606 2276 1653 2312 τὴν
1671 2276 1775 2313 ἀγαθὴν
1798 2278 1845 2304 καὶ

1060 2325 1194 2360 σωτήριον
1222 2325 1289 2359 πρὸς
1312 2323 1377 2350 Θεὸν
1399 2323 1548 2359 ᾁνθρώπων
1566 2324 1671 2358 φιλίαν,
1695 2324 1795 2351 ἄνωθεν
1811 2325 1844 2351 ὲκ

1058 2369 1105 2397 τοῦ
1130 2370 1286 2404 παναγάθου
1304 2369 1370 2396 Θεοῦ
1397 2369 1602 2405 καταπεμφθεὶς
1624 2372 1638 2397 ό
1659 2370 1724 2401 Θεὸς
1742 2370 1842 2404 Λόγος,

1058 2415 1151 2452 ὥσπερ
1174 2424 1216 2447 τις
1232 2415 1461 2451 ἀπειρομεγέθους
1478 2415 1565 2449 φωτὸς
1587 2415 1657 2453 αὐγὴ
1668 2435 1675 2446 ,
1699 2415 1781 2441 πᾶσιν
1796 2415 1843 2441 ἀνε-

1058 2461 1176 2498 θρώποις
1198 2461 1416 2495 εὐαγγελίζεται’
1446 2461 1496 2488 οὐκ
1524 2460 1627 2488 ἐνθένδε
1664 2460 1759 2492 ποθὲν,
1787 2460 1842 2487 οὐδ’

1058 2505 1198 2541 ἑτέρωθεν,
1217 2505 1284 2531 ἀλλὰ
1299 2506 1465 2541 πανταχόθεν
1481 2505 1512 2538 ἐξ
1529 2506 1655 2533 ἁπάντων
1673 2505 1757 2532 ἐθνῶν
1773 2507 1841 2542 πρὸς

1057 2551 1102 2578 τὸν
1112 2551 1166 2578 τῶν
1178 2551 1246 2578 ὅλων
1265 2551 1330 2578 Θεὸν
1338 2552 1487 2588 παρορμῶν
1501 2552 1578 2587 ἥκειν
1596 2551 1645 2587 (2),
1663 2551 1787 2577 σπεύδειν
1799 2558 1841 2584 τε,

1091 2607 1125 2634 Ὦ
1141 2607 1199 2634 Ζεῦ
1210 2608 1353 2641 βασιλεῦ,
1368 2608 1402 2635 τὸ
1415 2607 1513 2643 χρῆμα
1527 2609 1586 2635 τῶν
1597 2608 1698 2634 κόπων
1710 2607 1806 2636 ὅσον]

1136 2648 1235 2677 quanta
1251 2643 1371 2669 laborum
1386 2644 1480 2671 moles!

1056 2679 1134 2712 Quod
1146 2679 1168 2705 si
1180 2679 1340 2710 retineretur
1351 2678 1439 2711 θείων,
1450 2685 1545 2706 sensus
1555 2678 1700 2710 videretur,
1712 2678 1763 2705 hoc
1773 2686 1839 2712 opt-.-

1057 2716 1096 2741 ris
1109 2721 1252 2748 operteque
1264 2721 1349 2748 genus
1363 2714 1396 2740 ad
1410 2714 1551 2748 episcopos
1565 2713 1682 2748 maxime
1693 2713 1837 2747 pertinere.

1056 2750 1090 2776 At
1104 2749 1183 2775 infer.
1203 2747 1300 2784 Plator:
1317 2748 1408 2784 Ορτως
1426 2747 1534 2784 ἐμαυτῷ
1550 2747 1627 2780 ἔδοξα
1646 2749 1713 2784 πρὸς
1737 2747 1839 2783 ταύτην

1055 2784 1104 2819 τὴν
1116 2784 1210 2818 σκέψιν
1222 2783 1309 2819 ἀφυὴς
1321 2782 1400 2814 εἶναι,
1411 2782 1448 2815 ὡς
1463 2783 1536 2809 οὐδὲν
1552 2784 1654 2820 χρῆμα.
1669 2782 1698 2811 Id
1714 2788 1764 2815 cst,
1784 2788 1838 2812 tam

1056 2820 1168 2852 ineptus.
1180 2827 1259 2854 quam
1273 2820 1317 2854 qui
1334 2820 1457 2846 maxime.

1092 2854 1130 2891 (2)
1150 2853 1216 2883 Post
1238 2855 1326 2889 ἣκειν,
1342 2854 1426 2883 Mont.
1454 2854 1505 2888 leg.
1533 2854 1633 2890 σπουδῇ
1654 2863 1681 2881 τε
1699 2854 1772 2891 πάσῃ
1789 2853 1837 2880 καὶ

1058 2890 1202 2927 προθυμίᾳ.
1491 2893 1496 2897 ”
