2064 3212
151 157 185 186 9.5

151 215 195 242 καὶ
213 216 289 252 πάσῃ
321 217 469 253 προθυμίᾳ
482 217 571 253 ψυχῆς
594 218 624 245 τὸ
653 218 738 255 δῶρον
759 219 945 255 ὑποδέχεσθαι,

154 260 283 297 Ἕλληνας
299 262 375 297 ὁμοῦ
400 263 444 290 καὶ
460 263 622 300 βαρϐάρους,
648 265 749 300 ἄνδρας
769 266 826 300 ἅμα
842 266 949 300 γυναιξὶ

151 308 193 334 καὶ
204 308 325 343 νηπίοις,
354 309 478 345 πένητας
493 318 522 336 τε
540 310 587 336 καὶ
604 310 764 344 πλουσίους,
784 312 881 346 σοφοὺς
902 312 948 338 καὶ

151 351 273 385 ίδιιὶντας,
296 354 362 381 οὐδὲ
384 355 416 381 τὸ
441 356 574 382 οἰκετικὸν
596 356 676 390 γένος
700 357 879 392 ὑπερφρονῶν
899 356 948 391 τῆς

151 398 280 433 κλήσεως.
298 399 365 426 Ὅτι
378 400 410 435 δὴ
423 400 486 435 μίαν
501 400 549 436 τὴν
564 402 671 428 πάντων
685 402 778 428 οὐσίαν
793 410 822 428 τε
836 402 882 428 καὶ
899 402 948 436 φύ-

149 451 188 470 σιν
203 443 217 469 ὁ
232 444 328 479 πατὴρ
342 445 437 471 αὐτῶν
449 446 661 482 συστησάμενος,
682 447 746 481 μιᾶς
772 447 886 478 εἰκότως
900 449 947 474 καὶ

147 489 194 524 τῆς
208 489 270 525 ἴσης
297 491 409 524 πάντας
434 492 514 518 πάλιν
536 493 742 529 μεγαλοδωρεᾱ
765 493 884 528 ἠξίωσε,
898 492 947 529 τὴν

148 536 212 571 πρὸς
240 537 326 564 αὑτὸν
352 538 456 572 γνῶσίν
476 548 506 565 τε
526 540 572 566 καὶ
601 539 690 574 φιλίαν
712 540 797 567 ἃπασι
818 542 873 572 τοῖς
897 540 948 566 ὺπ-

147 581 251 609 ακούειν
267 583 408 617 ἐθέλουσι,
427 586 473 612 καὶ
491 585 540 620 τὴν
559 586 638 622 χάριν
649 586 778 621 εὐμαρῶς
791 585 948 621 ἀσπαζομέ-

148 637 198 660 νοις
222 629 414 665 δωρούμενος.
439 632 546 666 Ταύτην
566 633 580 658 ὁ
600 632 719 667 Χριστοῦ
736 633 822 666 Λόγος
837 633 876 667 (5)
893 631 945 668 ἧκε

147 673 193 708 τὴν
203 673 272 708 πρὸς
284 674 335 700 τὸν
351 675 437 701 αὑτοῦ
451 676 559 712 Πατέρα
576 676 667 710 φιλίαν
684 676 723 712 τῷ
740 677 877 712 σύμπαντι
899 678 940 704 κό-

148 728 204 755 σμῳ
230 721 493 758 εὐαγγελιούμενος·
513 734 521 749 ι
540 724 606 755 Θεὸς
625 725 678 760 γὰρ
687 723 721 761 ἦν
738 726 832 761 κόσμῳ
847 727 946 753 καταλ-

147 766 249 794 λάσσων
267 769 383 801 ἑαυτὸν,
401 769 437 806 μὴ
449 770 623 805 λογιζόμενος
637 771 728 804 αὐτοῖς
747 772 781 799 τὰ
796 772 946 808 παραπτώ-

148 821 236 848 ματα,
255 823 265 839 ι
340 815 377 842 τὰ
402 815 461 842 θεῖα
481 815 601 842 διδάσκει
631 816 719 851 λόγια.
743 827 751 843 t
777 817 876 844 Ἐλθών
903 827 944 851 τε,

147 860 235 902 φησιν,
252 861 457 896 εὐηγγελίσατο
468 863 579 898 εἰρήνην
597 864 653 895 τοῖς
669 863 788 898 μακρὰν,
806 865 854 890 καὶ
870 865 944 900 εἰρή-

146 914 193 941 νην
205 907 263 938 τοῖς
278 908 379 941 ἐγγύς.
401 918 410 934 ι
427 907 520 934 Ταῦτα
534 908 674 944 πρόπαλαι
696 909 791 941 παῖδες
809 910 943 945 Ἐϐραίων

147 951 370 989 θεοφορούμενοι,
389 954 430 990 τῷ
458 954 596 990 σύμπαντι
616 956 713 991 κόσμῳ
735 955 940 992 προεθέσπιζον.

152 999 178 1025 ’0
191 999 238 1033 μέν
257 1008 301 1031 τις
321 1000 395 1036 βοῶν
405 1010 411 1016 -
422 1007 430 1023 t
440 999 644 1035 Μνησθήσονται
657 1002 704 1028 καὶ
723 1002 941 1039 ὲπιστραφήσον-

146 1052 188 1072 ται
203 1046 269 1081 πρὸς
278 1047 388 1083 Κύριον
399 1048 486 1074 πάντα
495 1047 529 1074 τὰ
539 1048 644 1083 πέρατα
655 1049 702 1084 τῆς
715 1049 776 1084 γῆς,
794 1050 841 1075 καὶ
856 1058 941 1085 προσ-

147 1093 307 1128 κυνήσουσιν
325 1094 404 1129 αὐτῷ
419 1096 503 1122 πᾶσαι
514 1097 541 1122 αἱ
558 1095 672 1131 πατριαὶ
682 1095 736 1121 τῶν
751 1095 846 1122 ἐθνῶν.
864 1105 873 1120 ›
886 1096 941 1122 Καὶ

148 1138 242 1166 πάλιν·
263 1149 273 1164 ‹
297 1140 406 1167 Εἴπατε
423 1142 453 1167 ὲν
467 1143 523 1173 τοῖς
536 1141 650 1174 ἔθνεσιν,
669 1141 710 1167 ὃτι
727 1141 830 1177 Κύριος
848 1141 940 1168 ἐϐασί-

147 1185 218 1212 λευσε
231 1194 238 1200 ·
258 1186 307 1213 καὶ
320 1187 378 1222 γὰρ
389 1187 552 1224 κατώρθωσε
572 1188 623 1223 τὴν
633 1187 804 1223 οἰκουμένην,
829 1189 890 1224 ἥτις
905 1189 935 1215 οὐ

147 1231 350 1268 σαλευθήσεται.
374 1243 382 1259 ›
402 1235 431 1260 '0
456 1234 485 1261 δὲ
501 1235 632 1269 φάσκων·
656 1244 665 1259 ι
691 1231 840 1269 Ἐπιφανὴς
864 1235 940 1262 ἔσται

146 1278 240 1314 Κύριος
253 1279 282 1306 ἐν
293 1280 400 1312 αὐτοῖς,
412 1281 459 1306 καὶ
471 1280 656 1316 ἐξολοορεύσει
670 1280 773 1312 πάντας
787 1281 849 1312 τοὺς
861 1281 940 1312 θεοὺς

145 1323 195 1351 τῶν
208 1325 291 1352 ἐθνῶν
305 1327 360 1362 τῆς
374 1327 436 1361 γῆς,
453 1327 498 1353 καὶ
517 1327 754 1362 προσκυνήσουσιν
775 1327 860 1362 αὐτῷ,
875 1328 939 1354 ἓκα-

145 1377 203 1401 στος
221 1371 252 1397 ἐκ
266 1371 318 1398 τοῦ
342 1372 426 1399 τόπου
447 1373 539 1399 αὐτοῦ.
563 1383 572 1398 ι
589 1373 683 1400 Ταῦτα
699 1373 839 1409 πρόπαλαι
856 1372 939 1405 θείοις

143 1419 272 1451 χρησμοῖς
293 1418 466 1454 ἀνακείμενα
478 1439 485 1450 ,
515 1419 562 1445 νῦν
580 1419 620 1451 εἰς
635 1420 707 1455 ἡμᾶς
721 1419 818 1451 αὐτοὺς
829 1419 874 1446 διὰ
888 1420 938 1454 τῆς

143 1461 185 1488 τοῦ
198 1463 330 1500 Σωτῆρος
349 1464 427 1500 ἡμῶν
451 1464 538 1500 Ἰησοῦ
557 1466 675 1502 Χριστοῦ
691 1466 866 1497 διδασκαλίας
890 1466 938 1492 πέ-

144 1515 221 1543 φηνεν
242 1509 295 1544 (4),
309 1510 347 1541 ὡς
363 1511 412 1546 τὴν
425 1511 509 1538 πάλαι
527 1511 733 1547 κηρυττομένην
750 1521 796 1545 τε,
815 1512 862 1538 καὶ
881 1513 937 1544 τοῖς

764 159 926 187 ΡΒᾹΞΡΑΒ.
949 159 1074 188 EVANG.
1094 159 1156 188 LIB.
1171 159 1191 186 Ι.

963 225 984 250 Α
999 224 1042 247 cto
1053 220 1106 248 dici
1117 224 1215 255 potest,
1227 227 1282 254 quo
1293 219 1326 246 ad
1337 227 1472 247 summam
1490 219 1711 254 eumulatamque
1730 224 1788 248 tum

1000 266 1096 298 animi,
1108 271 1165 293 tum
1179 266 1313 301 corporis,
1321 271 1551 300 externorumque
1560 266 1693 293 bonorum
1705 264 1790 293 felici-

1000 315 1082 338 tatem
1103 311 1232 346 indigeat,
1245 311 1291 346 qui
1307 311 1419 346 propius
1433 311 1466 338 ad
1485 319 1574 346 regem
1598 311 1788 338 universorum

1000 357 1083 384 Deum
1102 358 1127 384 vi
1151 357 1292 385 eharitatis
1311 357 1468 388 accesserit,
1487 357 1589 392 quique
1608 357 1643 384 ab
1658 365 1691 384 eo
1708 357 1789 384 fuerit

997 401 1148 429 beatissimi
1161 402 1262 428 amoris
1273 402 1398 436 gratiam,
1409 402 1516 436 pietatis
1527 402 1618 435 hujus,
1626 401 1746 429 scientia:
1757 410 1789 429 ac

999 447 1138 481 sapientiae
1157 447 1366 480 conciliatricis,
1395 448 1492 475 merito
1519 453 1691 475 consecutus.
1713 446 1789 474 Hane

999 493 1081 527 igitur
1094 493 1160 520 adeo
1173 493 1262 520 laetam
1285 501 1316 521 ac
1333 493 1479 520 salutarem
1494 494 1633 521 hominum
1657 501 1719 520 cum
1733 493 1788 520 Deo

999 539 1238 570 necessitudinem,
1247 539 1346 566 missus
1358 540 1391 566 ad
1402 547 1452 565 nos
1463 540 1570 566 etelitus
1577 547 1610 566 ex
1617 539 1672 566 Deo
1682 547 1788 567 summe

997 585 1069 612 bono
1082 585 1152 612 Deus
1160 584 1289 617 Verbum,
1300 586 1339 613 sic
1351 590 1478 620 tanquam
1490 586 1618 620 splendor
1629 586 1728 620 aliquis
1741 586 1789 612 im-

997 632 1083 660 mensi
1096 633 1217 664 luminis,
1227 633 1334 660 cunctis
1345 633 1501 661 hominibus
1512 630 1623 661 feliciter
1633 632 1786 659 annuntiat.

998 679 1022 706 ls
1032 687 1085 706 non
1097 679 1123 714 3
1137 687 1170 706 ex
1188 687 1242 706 uno
1254 679 1372 706 alterove
1386 678 1455 710 loco,
1470 679 1516 706 sed
1528 687 1560 706 ex
1578 679 1705 705 omnibus
1714 677 1788 705 orbis

997 725 1117 752 universi
1128 725 1285 752 nationibus
1298 725 1422 753 homines
1429 725 1461 752 ad
1474 733 1564 752 rerum
1573 724 1693 751 omnium
1702 724 1786 751 Deum

999 771 1172 798 vehementer
1191 771 1297 802 invitat,
1312 771 1475 805 Graecosque
1487 771 1587 805 pariter
1602 778 1633 797 ac
1644 770 1786 803 barbaros,

999 818 1070 844 viros
1083 818 1174 850 simul,
1192 817 1309 845 feminas
1341 825 1372 844 ac
1390 817 1534 852 puerulos;
1553 817 1648 851 inopes
1664 824 1740 850 :eque
1754 824 1787 844 ac

996 863 1106 894 divites,
1123 863 1260 898 sapientes
1274 867 1300 890 et
1315 863 1424 895 idiotas,
1441 867 1471 889 ut
1481 869 1636 897 properare,
1651 862 1787 888 oblatum-

963 901 981 927 Β
995 917 1048 944 que
1064 917 1164 936 tnunns
1186 909 1260 936 omni
1278 917 1340 936 cum
1357 909 1511 936 animorum
1528 908 1668 935 alacritate
1685 915 1717 935 ac
1728 912 1786 935 stu-

994 955 1039 981 dio
1055 955 1195 989 suspicere
1220 954 1313 987 velint,
1330 955 1486 984 etStimulat
1501 962 1548 982 :ac
1564 961 1598 981 ne
1617 954 1706 988 ipsum
1723 953 1782 988 qui-

994 1001 1054 1027 dem
1072 1001 1170 1028 servile
1184 1009 1268 1036 genus
1286 1002 1320 1028 ab
1342 1001 1477 1035 ejusmodi
1492 1000 1621 1027 societate
1636 999 1787 1027 vocationis

993 1047 1122 1074 excludit.
1133 1047 1238 1082 Quippe
1250 1047 1376 1082 quienim
1391 1054 1445 1074 una
1458 1046 1609 1081 eademque
1620 1053 1715 1073 omnes
1725 1045 1788 1073 sub-

994 1094 1093 1121 stantia
1119 1099 1271 1129 naturaque
1292 1094 1456 1129 procreavit,
1487 1093 1609 1120 omnium
1630 1100 1737 1127 parens,
1762 1092 1786 1120 is

990 1141 1052 1175 jure
1067 1148 1162 1168 omnes
1180 1141 1281 1175 pariter
1296 1141 1323 1167 in
1335 1140 1417 1167 unius
1436 1139 1605 1174 aequalisque
1625 1138 1787 1166 munitieen-

992 1186 1037 1212 tim
1061 1186 1283 1213 communionem
1315 1186 1423 1217 ascivit,
1452 1186 1577 1212 notitiam
1607 1192 1785 1219 amoremque

992 1231 1034 1259 sui
1062 1240 1123 1259 cum
1153 1232 1187 1260 iis
1210 1232 1339 1260 omnibus
1357 1232 1462 1267 prolixe
1490 1232 1711 1261 communicans,
1737 1231 1784 1265 qui

991 1285 1094 1304 morem
1110 1278 1217 1305 voeanti
1243 1286 1347 1313 gerere,
1363 1279 1512 1313 gratiaeque
1534 1285 1590 1304 suae
1610 1275 1784 1307 beneﬁcium,

990 1324 1107 1351 libenter
1122 1324 1246 1358 accipere
1261 1324 1459 1359 complectique
1471 1323 1617 1350 voluerint.
1638 1321 1714 1349 Hanc
1731 1323 1784 1349 ita-

990 1378 1043 1406 que
1054 1370 1181 1398 Christus
1189 1378 1253 1405 erga
1267 1370 1374 1397 Patrem
1387 1378 1467 1397 suum
1484 1370 1644 1398 cltaritatem
1661 1370 1785 1396 oratione

990 1424 1039 1445 sua
1052 1417 1100 1444 toti
1114 1417 1216 1451 passim
1232 1417 1290 1443 orbi
1304 1416 1479 1451 praedicatum
1497 1417 1580 1443 venit.
1598 1426 1607 1441 (
1624 1417 1694 1443 Dens
1709 1417 1784 1443 enim

989 1466 1049 1489 erat
1064 1462 1091 1488 in
1112 1462 1222 1489 Christo
1238 1462 1359 1497 seipsum
1378 1462 1480 1488 mundo
1496 1462 1655 1494 concilians,
1669 1469 1719 1488 nec
1730 1461 1783 1488 im-

988 1513 1089 1543 putans
1107 1508 1147 1535 eis
1163 1512 1274 1542 peccata
1291 1515 1340 1535 sua
1354 1508 1374 1540 ¹,
1395 1517 1404 1533 ι
1438 1507 1669 1542 quemadmodum
1686 1507 1782 1534 littera)

145 1553 178 1589 μὴ
189 1554 295 1581 τούτων
311 1555 434 1591 ἀπείροις
452 1556 679 1592 προσδοκωμένην
688 1557 742 1584 τῶν
752 1558 836 1584 ἐθνῶν
849 1558 937 1585 ἁπάν-

988 1555 1088 1582 divinm
1103 1553 1211 1581 docent.
1232 1563 1242 1579 ‹
1261 1554 1330 1580 Cum
1348 1553 1477 1586 venisset,
1497 1553 1594 1588 inquit,
1612 1553 1783 1588 evangeliza-

143 1607 192 1625 των
206 1599 386 1635 θεογνωσίαν,
403 1602 517 1634 εἰκότως
534 1603 600 1639 ἡμῖν
618 1604 663 1630 τὸν
679 1603 793 1639 ἔναγχος
810 1603 839 1636 ἐξ
853 1604 936 1639 οὐρα·
960 1615 963 1620 η

143 1643 185 1670 νοῦ
201 1646 326 1681 παῴντα
339 1647 423 1681 Λόγον
432 1647 667 1682 εὐαγγελίζεσθαι,
678 1651 737 1680 ταῖς
746 1649 798 1675 τῶν
813 1648 935 1676 παλαιῶν

143 1692 237 1723 φωναῖς
253 1691 294 1717 τὰ
309 1691 354 1718 διὰ
367 1691 421 1719 τῶν
437 1692 526 1728 ἔργων
547 1694 754 1730 ἀποτελέσματα
778 1694 934 1730 συντρέχειν

143 1734 273 1763 ἐπιδεικνύ
281 1746 371 1772 μενον.

988 1601 1026 1628 vit
1040 1607 1134 1635 pacem
1152 1600 1184 1627 iis
1199 1600 1244 1634 qui
1258 1599 1352 1634 procul
1363 1604 1449 1631 erant,
1461 1603 1488 1627 et
1500 1607 1592 1634 pacem
1606 1599 1639 1626 iis
1655 1599 1700 1634 qui
1716 1606 1782 1634 pro-

988 1654 1021 1682 pe
1039 1648 1060 1674 '.
1075 1655 1084 1672 ι
1103 1645 1192 1681 Atque
1210 1646 1267 1673 hmc
1286 1646 1342 1681 ipsa
1360 1646 1462 1672 mundo
1476 1646 1579 1679 pridem
1592 1645 1718 1672 universo
1730 1644 1782 1672 He—

986 1693 1122 1720 brazorum
1136 1692 1220 1727 aliqui
1235 1692 1328 1719 divino
1342 1692 1424 1719 :tlllnti
1438 1692 1539 1727 Spiritu
1554 1691 1663 1718 oracula
1680 1691 1782 1718 cecine-

984 1748 1023 1767 re.
1041 1739 1072 1767 Et
1087 1747 1181 1766 eorum
1201 1738 1311 1774 quidem
1324 1747 1395 1766 unus
1412 1746 1508 1774 magna
1526 1746 1591 1766 voce
1608 1737 1780 1773 pronuntiat.

145 1789 155 1806 ι
171 1780 407 1817 Rcminiseentur,
434 1790 461 1813 et
491 1791 685 1814 convertentur
715 1787 748 1814 ad
781 1786 926 1813 Dominum
947 1794 1041 1813 omnes
1058 1786 1126 1812 lines
1151 1789 1240 1817 terrae,
1258 1788 1284 1811 et
1311 1785 1464 1812 adorabunt
1485 1792 1547 1811 eum
1568 1791 1663 1811 omnes
1687 1785 1781 1818 patri“:

143 1830 254 1862 gentium
273 1831 296 1858 ³.
320 1840 329 1856 ι
345 1831 379 1859 Ει
392 1840 508 1860 rursus:
524 1844 533 1860 (
553 1834 637 1862 Dicite
654 1835 680 1861 in
697 1835 832 1869 gentibus,
848 1834 977 1869 queniam
999 1833 1130 1860 Dominus
1153 1832 1277 1868 regnavit
1293 1841 1298 1858 :
1317 1832 1415 1859 etenim
1430 1832 1548 1860 correxit
1568 1832 1663 1861 orbem
1690 1836 1780 1864 terra),

142 1877 184 1910 qui
204 1885 256 1904 non
284 1880 498 1907 commovebitur
512 1880 547 1906 ⁸.»
564 1881 640 1909 Alius
655 1889 719 1908 vero
736 1882 776 1909 sic
791 1882 911 1916 loquitur
926 1889 933 1907 :
957 1890 966 1905 ι
980 1879 1152 1915 Conspicutts
1177 1879 1230 1907 erit
1247 1879 1378 1907 Dominus
1406 1879 1433 1906 in
1453 1879 1529 1914 ipsis,
1546 1884 1572 1906 et
1589 1879 1710 1906 funditus
1734 1887 1780 1906 ex-

144 1924 294 1952 terminabit
312 1934 408 1954 omnes
428 1927 494 1955 deos
517 1929 656 1956 nationum
677 1933 765 1963 terrae,
783 1930 928 1964 ipsumque
947 1928 1099 1956 adorabunt
1114 1927 1213 1962 singuli
1235 1935 1267 1954 ex
1284 1928 1343 1955 loco
1367 1935 1418 1955 suo
1430 1932 1450 1958 -".
1473 1936 1482 1953 ι
1497 1926 1560 1954 Haec
1585 1927 1713 1954 nimirum
1735 1928 1779 1955 illa

142 1977 209 2003 sunt,
226 1981 291 2007 qua:
313 1973 368 2008 jam
384 1983 470 2010 usque
488 1976 522 2003 ab
542 1977 635 2003 ultima
654 1979 816 2004 executorum
833 1977 963 2004 memoria
983 1975 1083 2003 divinis
1104 1975 1223 2002 oraculis
1245 1975 1371 2002 mandata
1389 1982 1451 2002 cum
1475 1979 1576 2006 essent,
1602 1974 1778 2003 Jesu-Christi

144 2015 291 2047 Servatoris
309 2022 393 2048 nostri
405 2022 537 2050 dOCll‘illtB
556 2024 687 2051 benelicio
715 2025 816 2052 nostris
843 2025 990 2060 aliquando
1011 2023 1177 2058 temporibus
1193 2024 1331 2050 exstitere.
1351 2023 1390 2050 Ac
1407 2022 1504 2049 merito
1525 2030 1590 2050 sane
1614 2022 1732 2050 Verbum
1746 2024 1779 2050 il-

144 2062 194 2096 lud,
210 2067 286 2100 quod
304 2075 390 2102 nuper
409 2069 442 2095 ad
458 2076 507 2096 nos
519 2077 534 2096 e
550 2070 621 2097 coelo
645 2070 784 2105 delapsum
803 2074 854 2100 est.
868 2071 937 2097 hanc
957 2075 997 2097 tot
1011 2069 1115 2105 pridem
1130 2069 1243 2096 vocibus
1265 2069 1451 2104 prmdicatam,
1466 2073 1493 2095 et
1507 2068 1540 2095 ah
1555 2068 1587 2096 iis
1612 2069 1707 2095 saltem
1731 2066 1778 2103 qui

144 2114 168 2142 in
183 2113 340 2149 huiusmodi
363 2115 443 2143 rebus
467 2124 521 2143 neti
540 2117 660 2152 hospites
677 2118 786 2153 penitus
805 2126 837 2145 ac
862 2117 997 2152 peregrini
1020 2121 1107 2148 erant,
1127 2121 1323 2151 exspectatam,
1346 2125 1395 2151 per
1417 2124 1511 2144 ontnes
1528 2116 1643 2151 populos
1665 2115 1712 2144 Dei
1729 2124 1772 2144 nov

143 2160 221 2188 titiam
233 2162 418 2194 annuntiavit,
434 2167 463 2189 ut
474 2164 625 2197 priscorum
641 2164 749 2192 illorutn
761 2172 841 2192 voces
856 2165 1042 2192 consentiente
1057 2172 1169 2198 operum
1184 2164 1304 2198 ipsorum
1321 2163 1396 2190 exitu
1421 2164 1621 2198 comprobaret.

179 2205 260 2232 ’Λλλὰ
279 2206 305 2232 τί
322 2205 374 2242 χρὴ
390 2206 526 2239 σπεύδειν,
541 2208 675 2242 φθάνοντα
689 2211 721 2245 τῇ
731 2210 870 2246 προθυμίᾳ
884 2211 933 2246 τὴν

143 2250 191 2278 τῶν
201 2251 246 2279 διὰ
261 2253 309 2279 τοῦ
333 2253 416 2287 μέσου
428 2253 515 2287 λόγων
533 2255 710 2288 ἀκολουθίαν,
733 2257 877 2283 ἀναλαϐεῖν
902 2257 931 2290 ἐξ

142 2297 264 2334 ὑπαρχῆς
279 2298 350 2330 δέον,
370 2299 416 2325 καὶ
429 2299 463 2326 τὰ
480 2300 604 2335 ἐμποδὼν
615 2301 721 2328 ἅπαντα
735 2302 929 2336 διαλύσασθαι;

147 2342 249 2380 Ἐπειδὴ
276 2345 331 2380 γὰρ
350 2345 395 2371 τὸν
408 2346 620 2381 Χριστιανισμόν
646 2356 718 2379 τινες
742 2348 835 2374 οὐδένα
852 2349 929 2383 λόγον

142 2388 297 2423 ἀποσώζειν,
317 2391 408 2426 ἀλόγῳ
420 2391 450 2418 δὲ
471 2392 561 2418 πίστει
578 2393 625 2419 καὶ
640 2393 810 2428 ἀνεξετάστῳ
827 2402 929 2428 συγκα-

141 2435 241 2463 ταθέσει
252 2438 315 2469 τοὺς
324 2438 511 2474 προσηγορίας
523 2439 682 2474 ἐφιεμένους
692 2440 721 2466 τὸ
732 2440 809 2473 δόξαν
827 2440 926 2477 κυροῦν

142 2481 330 2520 ὑπειλήφασιν·
351 2484 434 2521 μηδὲν
449 2484 599 2518 φάσκοντες
618 2485 746 2512 δύνασθαι
763 2486 925 2518 ἀποδείξεως

141 2528 246 2565 ἐναργὲς
261 2530 392 2566 παρέχειν
413 2531 562 2566 τεκμήριον
572 2531 621 2567 τῆς
630 2533 658 2558 ὲν
671 2534 727 2564 τοῖς
737 2533 924 2568 ἐπαγγελομέ-

140 2582 189 2607 νοις
205 2576 344 2612 ἀληθείας,
358 2575 448 2603 πίστει
459 2576 487 2610 δὲ
503 2577 570 2613 μόνῃ
591 2578 735 2616 προσέχειν
757 2570 847 2610 ἀξιοῦν
860 2578 922 2609 τοὺς

142 2623 311 2657 προσιόντας·
338 2623 430 2658 παρ’ὃ
445 2623 492 2649 καὶ
516 2624 629 2656 πιστοὺς
656 2624 845 2660 χρηματίζειν,
872 2623 922 2659 τῆς

140 2667 244 2703 ἀκρίτου
270 2669 350 2705 χάριν
376 2670 423 2696 καὶ
450 2670 630 2697 ἀϐασανίστου
656 2670 786 2702 πίστεως·
812 2670 923 2702 εἰκότως

139 2713 179 2742 ἐπὶ
188 2716 266 2752 τήνδε
281 2716 376 2748 καθεὶς
387 2717 436 2753 τὴν
451 2718 645 2753 πραγματείαν
656 2719 705 2753 τῆς
720 2717 923 2753 Εὐαγγελικῆς

139 2760 321 2795 ἀποδείξεως,
333 2764 372 2794 εὶς
386 2764 612 2799 προκατασκευὴν
623 2764 671 2800 τῆς
681 2763 744 2799 ὅλης
758 2764 921 2797 ὑποθέσεως,

170 2819 176 2834 ¹
197 2819 217 2846 ll
229 2818 293 2846 Cor.
307 2828 335 2851 ν,
351 2820 394 2848 19.
433 2822 443 2837 ¹
464 2821 515 2849 lsa.
534 2829 600 2855 Lvtt,
617 2821 662 2848 19.
702 2820 712 2836 ³
731 2820 776 2848 Ps.
792 2829 849 2853 xxt,
862 2821 907 2848 28.

950 2211 972 2238 D
1022 2209 1123 2236 Verum
1136 2209 1208 2236 enitn
1228 2216 1302 2241 vero,
1316 2217 1448 2243 quorsum
1466 2210 1547 2237 nitnis
1563 2210 1674 2237 incitato
1690 2210 1774 2239 animi

984 2256 1126 2290 gestientis
1141 2256 1241 2290 impetu
1258 2260 1453 2290 congruentem
1473 2256 1641 2284 intermediae
1655 2257 1777 2292 disputa-

983 2302 1065 2329 tionis
1082 2303 1217 2334 ordinem,
1234 2307 1261 2329 et
1278 2303 1501 2336 consequentiam
1519 2311 1697 2337 occupamus,
1711 2311 1774 2330 eum

982 2355 1038 2375 rem
1054 2356 1068 2374 a
1084 2349 1172 2383 capite
1188 2356 1337 2381 arcessere,
1351 2356 1466 2383 quaeque
1482 2348 1559 2375 nobis
1570 2348 1775 2376 ineommodare

981 2399 1096 2430 possunt
1109 2395 1201 2422 omnia
1216 2395 1383 2422 summoveri
1398 2395 1473 2429 prius
1490 2402 1522 2421 ac
1533 2394 1617 2422 refelli
1633 2395 1775 2429 oporteat?

980 2440 1047 2468 Nam
1074 2449 1136 2468 cum
1163 2441 1215 2468 hoc
1244 2441 1369 2468 nonnulli
1389 2448 1549 2475 persuasum
1572 2441 1699 2474 habeant,
1717 2441 1773 2469 dis-

979 2487 1084 2522 ciplina:
1105 2486 1269 2514 Christianae
1298 2487 1496 2521 professionem
1522 2487 1595 2513 nulla
1617 2494 1698 2522 posse
1729 2495 1773 2515 ra-

979 2534 1050 2560 tione
1074 2533 1193 2565 defendi,
1210 2533 1256 2560 scd
1277 2533 1323 2568 qui
1343 2541 1442 2560 nomen
1467 2533 1532 2560 illud
1552 2534 1771 2568 amplectantur,

976 2587 1023 2606 eos
1043 2579 1116 2614 quod
1137 2579 1222 2606 semel
1247 2579 1333 2606 visunt
1355 2578 1451 2612 fuerit,
1475 2579 1674 2607 inconsiderata
1702 2579 1769 2613 ﬁde,

976 2626 1176 2662 negligentique
1196 2626 1224 2662 4
1243 2634 1275 2653 ac
1299 2627 1442 2654 temeraria
1470 2627 1587 2661 quadam
1610 2628 1770 2656 assensione

977 2673 1169 2707 comprobare;
1193 2673 1317 2707 adeoque
1337 2677 1505 2706 asseverant,
1525 2674 1571 2708 qui
1588 2682 1647 2701 sese
1663 2675 1696 2702 ad
1717 2675 1769 2702 hoc

976 2717 1131 2746 institutum
1155 2719 1344 2754 aggregarlnt,
1366 2719 1478 2747 evidens
1504 2725 1662 2756 certumque
1686 2728 1768 2756 argu-

977 2770 1099 2792 mentum
1113 2765 1213 2792 habere
1224 2765 1341 2798 nullum,
1356 2773 1412 2798 quo
1426 2774 1517 2794 rerum
1530 2775 1590 2802 quae
1605 2768 1767 2803 promittim-

947 2821 957 2837 ‘
976 2822 1022 2849 Ps.
1039 2830 1099 2855 xcv,
1113 2822 1155 2850 10.
1194 2823 1204 2838 ⁸
1227 2821 1310 2857 Soph.
1329 2831 1359 2854 ll,
1375 2823 1418 2850 Η.

223 2864 278 2904 fro
295 2867 463 2904 6_Xptc=o§_
477 2868 573 2902 Λόγος,
592 2868 675 2895 Mont.
703 2867 887 2902 leg.'Xotatbc
901 2869 915 2894 ό
937 2880 938 2883 π

999 2869 1065 2896 Θεοῦ
1080 2869 1176 2904 Λόγος,
1194 2869 1301 2903 melius,
1318 2873 1348 2897 ut
1366 2870 1481 2899 videtur.

168 2900 204 2937 (4)
223 2900 277 2929 Pro
293 2900 424 2938 πέφηνεν,
440 2900 526 2931 Μοηιζ
543 2900 593 2938 leg.
612 2900 786 2940 πεφοίτηκεν.
