2064 3212
261 161 295 190 37
596 162 731 191 EUSEBll
751 161 991 190 C/ESARIENSIS
1009 161 1084 189 OPP.
1103 160 1195 189 PARS
1210 161 1242 189 ll.
1262 176 1296 182 —
1311 159 1560 189 APOLOGETICA.
1856 157 1891 186 28

262 224 306 246 tur
328 218 467 246 veritatem
494 219 692 252 demonstrent,
720 227 812 246 verum
832 220 867 247 ad
890 227 973 246 unam
990 223 1077 248 tan-1

1077 225 1089 248 ι
1104 218 1223 254 ἡγοῦμαι
1239 219 1293 245 δεῖν
1315 219 1419 255 βραχέα
1438 217 1629 254 προδιαλαϐεῖν
1647 217 1711 253 περὶ
1735 217 1789 244 τῶν
1809 217 1892 252 ζητη-

263 265 403 291 tummodo
419 264 498 291 fidem
516 265 703 292 adhaerescere
718 265 795 296 velle,
811 265 976 300 eosdemque
990 273 1053 300 pro-

1105 263 1204 290 θέντων
1223 264 1256 291 ἂν
1274 265 1342 297 πρὸς
1357 266 1431 300 ἡμᾶς
1445 265 1562 298 εὐλόγως
1577 264 1628 291 ὑπό
1640 272 1670 290 τε
1690 263 1834 298 Ἑλλήνων,
1845 263 1891 290 καὶ

262 315 323 344 pter
340 310 421 337 istam
445 310 522 336 nullo
542 310 638 345 judicii
658 311 787 345 nulloque
800 311 914 338 rationis
928 311 1053 338 examine

1103 309 1157 336 τῶν
1183 310 1215 336 ὲκ
1238 311 1388 346 περιτομῆς
1401 331 1408 342 ,
1436 310 1535 342 παντός
1553 319 1582 337 τε
1607 309 1653 336 τοῦ
1673 309 1742 344 μετὰ
1761 309 1892 345 ἀκριϐοῦς

261 359 422 382 attentatam
440 355 668 390 exploratamque
686 356 783 389 iidem,
799 356 891 384 ﬁdeles
905 357 986 391 vulgo
1003 363 1053 383 no-

1103 355 1252 388 ἐξετὰσεως
1272 356 1305 383 τὰ
1320 356 1381 383 καθ’
1398 358 1472 392 ἡμᾶς
1484 355 1704 391 διερευνωμένου.
1724 354 1816 391 Ταύτῃ
1838 355 1891 391 γάρ

261 400 361 428 minari
375 409 381 428 :
396 401 458 435 jure
475 409 540 429 sane
556 410 588 429 ac
612 402 710 429 merito
727 402 849 430 facturus
873 402 940 429 mihi
964 410 1053 437 operze

1105 409 1149 436 μοι
1162 401 1232 428 δοκῶ
1246 401 1291 428 τὸν
1305 401 1383 435 λόγον
1400 402 1428 428 ὲν
1445 401 1521 434 τάξει
1534 403 1667 435 χωρήσειν
1683 400 1721 431 εἰς
1742 398 1791 434 τὴν
1817 400 1891 426 ἐντε-

261 447 377 481 pretium
391 447 494 479 videor,
520 448 543 475 si
569 456 630 475 cum
652 448 685 475 ad
702 448 754 475 hoc
766 449 921 483 evangelicae
935 448 1052 475 Demon—

1103 446 1232 482 λεστέραν
1240 447 1290 482 τῆς
1298 446 1504 482 Εὑαγγελικῆς
1516 445 1698 478 ἀποδείξεως
1707 444 1891 476 διδασκαλίαν,

262 492 400 518 stran‘onis
416 499 485 526 opus
499 492 650 526 aggrediar,
670 500 756 527 pauca
773 492 925 519 sternenda:
939 500 970 519 ac
982 499 1050 526 prte-

1103 492 1144 524 εῖς
1167 501 1197 519 τε
1225 492 1274 528 τὴν
1302 493 1356 519 τῶν
1376 492 1531 528 βαρυτέρων
1554 491 1695 526 δογμάτων
1717 490 1890 524 κατανόησιν,

261 537 416 564 munienda:
434 538 467 564 ad
490 538 645 565 universam
671 539 741 566 hanc
766 538 976 573 disputationem
1003 538 1053 565 via:

1103 540 1126 566 εἰ
1141 539 1175 566 τὰ
1187 540 1235 574 τῆς
1248 539 1480 576 προπαρασκευῆς
1489 540 1553 574 ἡμῖν
1564 538 1617 574 πρὸ
1630 537 1688 564 όδοῦ
1700 537 1815 571 γένοιτο,
1826 545 1892 562 στοι-

262 584 348 619 gratia
365 584 398 611 de
423 585 504 612 rebus
529 585 562 611 iis
579 591 642 611 ante
667 585 806 616 deﬁniam,
821 584 854 611 de
880 584 979 618 quibus
995 588 1050 611 tum

1103 584 1237 619 χειώσεως
1257 585 1304 611 καὶ
1320 585 1473 620 εἰσαγωγῆς
1486 584 1618 619 ἐπέχοντα
1629 583 1720 615 τόπον,
1737 583 1784 609 καὶ
1797 584 1852 614 τοῖς
1863 582 1891 615 ἐξ

263 630 359 663 (ἕτεροί,
379 636 434 658 tum
452 631 499 666 qui
517 631 753 659 cireumcisionem
775 630 945 665 proﬁtentur,
963 635 1010 657 aut
1029 630 1051 657 si

1103 630 1187 657 ἐθνῶν
1207 630 1268 666 ἄρτι
1295 631 1453 667 προσιοῦσιν
1476 630 1699 666 ἑφαρμόττοντα·
1720 628 1754 655 τὰ
1776 628 1804 654 δὲ
1823 628 1891 663 μετᾶ

261 677 307 711 qui
322 682 450 712 prmterea
466 677 622 711 diligentius
636 677 803 711 propiusque
827 683 870 702 res
884 679 993 702 nostras
1009 675 1052 702 in-

1102 676 1188 702 ταῦτα
1201 696 1208 707 ,
1226 677 1283 708 τοῖς
1305 677 1412 703 ἐνθένδε
1428 676 1617 712 διαϐεϐηκόσι,
1641 675 1688 701 καὶ
1710 674 1758 708 τὴν
1769 673 1825 706 ἕξιν
1841 675 1891 710 ἤδη

262 723 366 758 spicere
383 732 415 751 ae
428 723 545 750 scrutari
560 723 652 755 velint,
664 723 764 757 justam
781 723 859 750 nobis
874 722 1050 757 quaestionem

1104 722 1373 758 παρεσκευασμένοις
1397 723 1437 753 εἰς
1458 721 1506 757 τὴν
1523 721 1576 747 τῶν
1597 721 1759 756 κρειττόνων
1775 719 1893 755 παραδο-

263 777 373 797 movere
390 777 471 804 posse
494 769 646 796 videantur.
664 769 768 795 Etenim
785 769 824 795 sic
846 768 984 800 existimo,
1003 775 1052 795 no-

1103 768 1164 802 χὴν,
1185 768 1233 803 τὴν
1258 767 1358 803 ἀκριϐῆ
1372 767 1472 801 γνῶσιν
1487 766 1656 802 παραδώσειν
1669 766 1718 801 τῆς
1729 773 1892 792 συνεκτικω-

262 820 349 842 strum
372 815 443 842 hunc
472 822 625 842 sermonem
655 813 688 841 ad
714 814 902 848 periectiorem
936 813 1051 840 Demon-

1102 813 1187 848 τάτης
1203 814 1273 840 κατὰ
1293 813 1338 840 τὸν
1364 813 1478 848 Σωτῆρα
1501 813 1547 840 καὶ
1567 812 1669 848 Κύριον
1692 811 1771 847 ἡμῶν
1791 810 1893 846 Ἰησοῦν

262 861 399 887 strationis
418 860 572 895 evangelica:
591 860 753 892 doctrinam,
769 859 980 894 graviorumque
1003 859 1053 886 do-
1070 892 1077 896 _

1078 892 1086 896 λ
1103 860 1220 896 Χριστὸν
1242 860 1285 887 τὸν
1306 859 1372 886 Θεὸν
1392 859 1526 894 μυστικῆς
1548 858 1700 894 οίκονομίας
1719 858 1768 893 (5).
1792 856 1893 893 ’Δρξὼ-

263 911 385 942 gmatum
403 906 606 941 intelligentiam
628 906 665 932 ita
681 906 790 932 domum
811 905 986 932 convenienli
1007 913 1051 931 or-
1069 892 1078 919 ί

1080 893 1088 919 ἲ
1105 892 1173 941 μέοα
1188 905 1216 932 δὲ
1229 906 1279 940 τῆς
1298 892 1565 939 Προπιὲρασκεινῆς,
1581 905 1615 931 τὰ
1638 892 1706 940 πρὸς
1724 905 1796 940 ἡμᾶς
1820 892 1895 930 £516-

262 952 327 979 dine
345 960 549 986 processurum,
565 953 587 980 si
605 960 667 986 quae
683 952 716 978 ad
735 952 960 986 praeparationem
978 951 1050 978 illam

1105 961 1160 986 γως
1177 952 1229 979 ὑπό
1245 960 1275 978 τε
1297 952 1440 988 Ἑλλήνων,
1461 951 1572 979 καὶτῶν
1589 952 1620 977 ὲκ
1635 950 1785 986 περιτομῆς
1797 971 1804 981 ,
1826 957 1894 976 παν-

263 998 408 1032 pertinent,
426 998 497 1025 viam
518 998 597 1025 nobis
617 997 784 1032 aperuerint,
803 997 904 1032 quippe
923 1004 984 1031 quae
998 996 1053 1030 pri-

1106 999 1153 1030 τὸς
1171 1007 1202 1024 τε
1217 998 1264 1025 τοῦ
1286 998 1355 1034 μετὰ
1376 997 1506 1034 ἀκριὸοὖς
1526 997 1675 1030 ἐξετάσεως
1693 996 1726 1023 τὰ
1745 995 1806 1022 καθ’
1822 995 1896 1030 ἡμᾶς

263 1051 371 1071 morum
399 1044 596 1071 elementorum
625 1051 657 1070 ac
684 1043 814 1070 facilioris
841 1041 1053 1070 introdurtionis

910 1041 1053 1070 idm-tionis
1105 1044 1319 1079 διερευνωμένου
1332 1043 1518 1078 λεχθησόμενα
1533 1043 1725 1079 προσάγοντες.

263 1091 324 1118 loco
350 1090 440 1117 futura
457 1090 522 1122 sint,
548 1090 688 1125 magisque
704 1089 739 1116 ad
758 1097 852 1116 earum
880 1090 1012 1124 gentium,
1031 1098 1092 1125 quae
1112 1098 1198 1125 nuper
1225 1090 1258 1117 ad
1286 1098 1336 1118 nos
1367 1098 1522 1123 accessere,
1543 1095 1651 1124 captum
1679 1088 1892 1116 accommodata.

263 1139 364 1166 Deinde
391 1147 464 1172 vero,
489 1139 571 1166 simul
590 1144 671 1173 atque
694 1138 850 1173 hujusmodi
880 1138 1034 1166 rudimenta
1063 1140 1227 1173 superarint,
1255 1139 1431 1173 habitumque
1454 1138 1551 1166 mentis
1574 1138 1608 1165 ad
1637 1137 1740 1172 majora
1765 1135 1896 1171 capienda

262 1185 346 1220 probe
368 1184 562 1219 compararim,
589 1184 750 1218 exquisitam
778 1184 844 1218 ipsis
871 1192 966 1212 eorum
995 1185 1178 1220 cognitionem
1201 1185 1349 1217 trademus,
1379 1193 1441 1220 qua:
1464 1185 1498 1212 ad
1517 1184 1722 1220 perfectissima:
1744 1187 1897 1217 caeteraque

262 1232 354 1259 omnia
373 1232 521 1266 complexae
540 1231 604 1259 Jesu
625 1232 726 1259 Christi
756 1232 908 1260 Servatoris
936 1241 967 1259 ae
993 1232 1102 1260 Domini
1128 1233 1230 1268 Deique
1258 1234 1344 1261 nostri
1369 1233 1528 1261 oeconomia:
1560 1232 1689 1268 mysteria
1712 1231 1894 1266 pertinebunt.

263 1278 339 1306 Hanc
355 1279 437 1314 igitur
449 1279 673 1313 Prw/iurationem
689 1281 724 1308 ab
742 1280 775 1307 iis
792 1281 975 1315 auspicemur,
1002 1290 1063 1317 qua:
1082 1288 1136 1309 tam
1165 1290 1179 1310 ο
1195 1282 1306 1314 Grzeeis,
1322 1290 1404 1317 quam
1428 1289 1443 1309 a
1461 1281 1563 1309 Judteis
1580 1287 1613 1308 ac
1628 1280 1740 1315 reliquis
1756 1278 1894 1311 omnibus,

263 1325 310 1361 qui
331 1326 458 1354 subtilius
474 1326 500 1353 in
516 1335 606 1355 mores
628 1328 836 1363 institutumque
852 1333 977 1356 nostrum
1002 1330 1156 1364 inquirunt,
1172 1330 1381 1370 commemorari
1394 1334 1515 1364 possent.
1727 1323 1731 1327 ’

576 1385 689 1412 CAPUT
718 1386 752 1413 Il.
1372 1389 1391 1416 Κ

1372 1388 1571 1416 ΚΕΦΛΛΛΙΟΝ
1589 1387 1624 1415 B'.

264 1440 392 1474 Quantam
416 1442 491 1477 vulgo
504 1442 596 1479 nobis,
622 1443 721 1479 quires
737 1447 842 1471 nostras
864 1445 1052 1477 criminantur,

1111 1445 1182 1472 Τίνα
1200 1444 1277 1478 πρὸς
1287 1443 1365 1479 ἡμᾶς
1375 1444 1506 1478 σύνηθές
1516 1444 1581 1470 ἐστι
1595 1442 1695 1478 λέγειν
1708 1443 1770 1476 τοῖς
1786 1443 1821 1470 τὰ
1832 1442 1894 1471 καθ’

537 1477 649 1512 objiccre
665 1478 778 1506 soleant.
1222 1477 1228 1478 ί
1250 1477 1328 1514 ἡμᾶς
1347 1490 1352 1505 ι

1222 1477 1228 1478 ί
1250 1477 1328 1514 ἡμᾶς
1347 1479 1520 1506 διαϐάλλειν
1539 1477 1751 1512 ἐπιχειροῦσιν.

299 1533 338 1560 Ae
350 1533 468 1568 primum
476 1533 586 1568 quidem
600 1541 654 1560 non
662 1534 721 1561 sine
728 1542 810 1562 causa
818 1534 956 1570 quaesierit
965 1543 998 1562 ex
1006 1542 1054 1562 no-

1144 1536 1256 1573 Πρῶτον
1276 1536 1324 1571 μὲν
1334 1535 1389 1571 γὰρ
1405 1535 1516 1566 εἰκότως
1528 1535 1560 1562 ἄν
1573 1543 1614 1566 τις
1626 1535 1810 1570 διαπορήσειε,
1825 1535 1895 1567 τίνες

264 1579 306 1606 bis
312 1580 458 1614 quispiam,
465 1580 594 1614 quidnam
602 1580 741 1607 hominum
750 1581 836 1608 simus
843 1581 888 1615 qui
896 1580 928 1607 ad
936 1581 986 1608 hoc
992 1581 1057 1608 scri-
1071 1604 1079 1631 ⁴

1081 1603 1092 1631 1
1108 1582 1184 1614 ὄντες
1204 1582 1250 1608 ἐπὶ
1264 1582 1313 1616 τὴν
1324 1581 1432 1617 γραφὴν
1448 1579 1674 1616 παρεληλύθαμεν
1686 1589 1692 1595 ·
1706 1580 1817 1616 πότερον
1833 1580 1896 1606 ’Ἑλ-

265 1625 345 1653 bendi
353 1633 438 1661 genus
445 1625 542 1652 acceda
548 1633 608 1652 mus
619 1634 625 1652 :
636 1625 757 1653 Graecine
766 1634 800 1652 an
811 1626 932 1653 barbari?
939 1631 985 1654 aut
992 1627 1057 1661 quid
1073 1625 1080 1631 “

1078 1625 1092 1631 ’
1108 1627 1220 1663 ληνεςῆ
1240 1626 1389 1662 βάρΰαροι;
1415 1626 1473 1661 ῆτί
1498 1627 1530 1653 ἂν
1545 1626 1651 1661 γένοιτο
1673 1625 1774 1652 τούτων
1796 1625 1893 1660 μέσον;

265 1671 337 1698 inter
346 1676 477 1706 utrosque
487 1672 606 1698 medium
621 1679 681 1699 esse
694 1677 775 1706 queat
787 1673 798 1699 ?
808 1672 903 1707 quales
914 1680 996 1707 porro
1008 1680 1057 1700 nos

1109 1673 1156 1700 καὶ
1166 1673 1240 1703 τίνας
1251 1672 1362 1703 ἑαυτοὺς
1379 1669 1446 1697 εἷναί
1460 1680 1549 1707 φαμεν
1562 1692 1568 1702 ,
1583 1672 1612 1697 οὐ
1630 1672 1678 1706 τὴν
1700 1670 1894 1707 προσηγορίαν,

265 1725 325 1745 esse
334 1716 522 1752 proﬁteamur,
533 1725 586 1744 non
600 1718 693 1753 utique
707 1718 826 1752 nomine,
839 1719 910 1753 quod
920 1719 975 1754 jam
985 1719 1058 1754 apud

1107 1719 1148 1745 ὅτι
1163 1718 1209 1745 καὶ
1220 1719 1275 1749 τοῖς
1293 1718 1375 1743 πᾶσιν
1389 1717 1499 1752 ἔκδηλος
1510 1717 1591 1753 αὕτη,
1601 1717 1668 1744 ἀλλὰ
1678 1717 1722 1744 τὸν
1735 1717 1836 1753 τρόπον
1849 1717 1895 1743 καὶ

266 1772 361 1791 omnes
372 1764 509 1799 vulgatum
520 1767 571 1797 est,
581 1764 628 1791 sed
642 1771 748 1791 morum
760 1765 874 1800 vitaque
886 1765 1058 1792 rationibus?

1107 1765 1156 1799 τὴν
1172 1762 1330 1798 προαίρεσιν
1348 1763 1396 1788 τοῦ
1411 1762 1468 1798 βίου
1481 1771 1488 1795 ;
1501 1762 1562 1789 οὕτε
1572 1763 1627 1799 γὰρ
1640 1763 1672 1790 τὰ
1687 1763 1820 1798 Ἑλλήνων
1831 1771 1895 1798 φρο-

267 1808 372 1844 Quippe
386 1817 415 1836 se
428 1816 516 1843 neque
532 1808 688 1836 Graecorum
705 1810 776 1844 apud
797 1817 847 1837 nos
865 1810 946 1843 ritus,
968 1818 1058 1846 neque

1108 1809 1220 1840 νοῦντας
1234 1810 1310 1844 ὸρᾷν,
1324 1808 1386 1835 οὔτε
1402 1809 1436 1835 τὰ
1458 1809 1603 1845 βαρϐάρων
1627 1809 1845 1844 ἐπιτηδεύοντας.
1863 1809 1895 1835 Τί

268 1855 490 1892 sBarbarorum
518 1860 619 1882 sectam
647 1855 731 1882 ullam
758 1855 867 1883 intueri.
894 1856 965 1889 Quid
991 1864 1057 1892 ergo

1108 1854 1154 1882 οὖν
1177 1855 1209 1882 ἂν
1226 1855 1330 1890 γένοιτο
1345 1855 1375 1881 τὸ
1387 1855 1446 1881 καθ’
1461 1856 1533 1891 ἡμᾶς
1549 1855 1632 1888 ξένον,
1653 1856 1699 1881 καὶ
1714 1855 1755 1886 τίς
1770 1856 1784 1882 ὁ
1801 1863 1896 1882 νεωτε-

268 1903 332 1930 novi
348 1901 483 1937 professio
500 1907 593 1929 nostra
610 1902 662 1928 sit?
676 1907 724 1930 aut
738 1910 864 1938 quamam
881 1903 939 1930 haec
953 1911 1057 1939 nupera

1108 1902 1206 1938 ρισμὺς
1226 1901 1273 1927 τοῦ
1299 1901 1374 1937 βίου;
1398 1901 1460 1933 Πῶς
1481 1902 1504 1927 δ’
1520 1902 1549 1928 οὺ
1574 1901 1741 1936 πανταχόθεν
1758 1901 1897 1933 δυσσεϐεῖς

269 1949 377 1977 vivendi
397 1951 512 1978 norma?
533 1951 636 1978 Deinde
653 1957 729 1982 vero,
747 1949 809 1983 quis
830 1957 881 1977 nos
905 1954 932 1977 et
948 1957 1057 1977 summe

1108 1948 1140 1976 ἂν
1157 1946 1210 1975 εἶεν
1225 1949 1272 1974 καὶ
1286 1948 1370 1981 ἄθεοι,
1386 1948 1411 1974 oi
1424 1947 1479 1974 τῶν
1498 1948 1619 1983 πατρίων
1632 1948 1701 1974 ἐθῶν
1720 1947 1895 1980 ἀποστάντες,

269 1994 369 2029 impios
383 2003 454 2029 esse,
474 2000 501 2024 et
516 1996 690 2024 Divinitatem
710 1997 833 2024 funditus
850 1996 994 2024 sustulisse
1010 2003 1058 2023 ne-

1108 1995 1142 2021 δι’
1154 1991 1191 2021 ὧν
1209 1995 1263 2021 πᾶν
1283 1994 1359 2026 ἔθνος
1372 1995 1419 2021 καὶ
1442 1995 1516 2021 πᾶσα
1539 1994 1616 2026 πόλις
1628 1994 1808 2030 συνέστηκεν;
1823 1994 1857 2020 Ἢ
1871 1993 1896 2020 τί

270 2045 324 2076 get,
345 2042 391 2077 qui
411 2049 501 2070 mores
519 2043 621 2078 patrios
637 2043 850 2077 deseruerimus,
867 2050 985 2077 quorum
1007 2043 1057 2069 ob-

1109 2041 1191 2068 καλδν
1206 2041 1313 2068 ἐλπίσαι
1331 2041 1404 2073 εἰκὸς
1416 2042 1479 2073 τοὺς
1494 2041 1548 2068 τῶν
1569 2041 1707 2077 σωτηρίων
1725 2040 1838 2075 ἐχθροὺς
1851 2040 1897 2077 καὶ

271 2088 408 2115 servantia
421 2089 512 2116 nullus
524 2097 577 2117 non
593 2089 720 2124 populus,
734 2097 788 2116 non
801 2089 897 2116 civitas
909 2094 972 2116 ante
983 2088 1056 2116 nulla

1109 2088 1256 2124 πολεμίους
1289 2088 1487 2120 καταστάντας,
1510 2088 1557 2114 καὶ
1577 2088 1639 2118 τοὺς
1661 2087 1808 2122 εὐεργέτας
1828 2095 1897 2122 παρ-

271 2133 481 2161 continebatur?
498 2134 645 2168 Praeterea,
672 2135 738 2170 quid
765 2134 921 2162 hominibus
946 2135 1000 2162 illis
1024 2135 1058 2162 ad

1108 2135 1282 2170 ωσαμένους;
1298 2135 1353 2162 Καὶ
1365 2135 1390 2161 τί
1401 2134 1455 2170 γὰρ
1468 2133 1568 2168 ἄλλο,ἢ
1583 2133 1797 2168 (impexa-Sume;
1817 2133 1895 2165 ποίας

271 2186 347 2213 spem
373 2179 455 2207 ullius
471 2179 534 2207 boni
557 2181 727 2213 ostendatur,
753 2181 798 2216 qui
821 2181 982 2208 tutelaribus
1006 2181 1058 2209 diis

1109 2182 1136 2208 δέ
1152 2181 1199 2208 καὶ
1215 2181 1413 2217 ἁξιωθήσεσθαι
1430 2179 1593 2215 συγγνώμης
1608 2180 1671 2211 τοὺς
1691 2179 1720 2211 ἐξ
1735 2179 1832 2211 αἰῶνος
1849 2180 1896 2215 μὲν

271 2224 372 2252 bellum
388 2226 586 2259 denuntiarint,
604 2235 730 2262 quosque
747 2231 787 2254 tot
800 2227 993 2255 beneﬁciorum
1009 2235 1059 2254 au-

1111 2228 1186 2264 παρὰ
1202 2229 1285 2254 πᾶσιν
1301 2226 1412 2262 Ἕλλησι
1432 2227 1478 2253 καὶ
1494 2226 1653 2261 βαρϐάροις,
1667 2226 1738 2253 κατά
1753 2234 1784 2252 τε
1807 2226 1897 2258 πόλεις

270 2274 361 2297 ctores
377 2270 487 2303 habent,
505 2270 696 2307 repudiarint?
712 2271 781 2299 Nam
801 2273 866 2308 quid
887 2273 922 2300 ab
937 2273 969 2301 iis
984 2273 1059 2301 aliud

1111 2275 1159 2301 xui.
1173 2274 1275 2310 ἀγροὺς
1289 2273 1426 2304 παντοίοις
1442 2273 1523 2307 ἱεροῖς
1537 2272 1582 2298 καὶ
1598 2272 1718 2304 τελεταῖς
1733 2272 1779 2298 καὶ
1797 2280 1897 2307 μυστη-

271 2316 340 2348 ﬁeri,
353 2324 435 2352 quam
453 2325 515 2345 cum
528 2318 580 2346 diis
595 2318 662 2353 ipsis
675 2318 790 2354 pugnari
801 2319 895 2346 dicas?
906 2318 965 2352 Qua
976 2327 1058 2354 porro
1074 2311 1086 2338 Ῐ

1082 2311 1096 2338 )
1113 2321 1179 2356 ρίοις
1196 2320 1263 2356 πρὸς
1286 2319 1412 2346 ἁπάντων
1434 2318 1500 2354 ὁμοῦ
1523 2317 1653 2354 βασιλέων
1672 2327 1702 2345 τε
1720 2319 1766 2346 καὶ
1785 2319 1897 2354 νομοθε-

271 2362 349 2388 venia
366 2361 464 2398 dignos
481 2362 548 2395 fore,
569 2363 616 2398 qui
637 2371 700 2391 cum
723 2364 758 2391 ab
773 2372 871 2392 eorum
891 2365 966 2392 cultu
982 2364 1058 2392 defe-

1110 2366 1164 2393 τῶν
1179 2367 1225 2392 καὶ
1246 2365 1396 2401 φιλοσόφων
1418 2364 1642 2399 θεολογουμένους
1663 2365 1896 2400 ἀποστραφέντας,

272 2408 371 2440 cerint,
397 2416 467 2444 quos
493 2409 528 2437 ab
549 2410 639 2437 omnis
657 2410 707 2437 aevi
735 2411 868 2438 memoria
893 2416 950 2438 tam
972 2411 1059 2439 Graeci

1113 2411 1256 2447 ἑλομένους
1274 2411 1302 2438 δὲ
1318 2410 1354 2438 τὰ
1365 2410 1451 2446 ἀσεϐῆ
1466 2411 1513 2438 καὶ
1534 2410 1601 2437 ἄθεα
1617 2410 1671 2438 τῶν
1686 2411 1714 2436 ὲν
1728 2409 1896 2446 ἀνθρώποις

272 2461 354 2487 quam
381 2454 492 2481 barbari
518 2455 621 2489 passim
648 2456 780 2490 universi,
811 2461 864 2484 tam
889 2457 917 2484 in
946 2458 1060 2486 urbibus

1111 2459 1206 2490 Ποίαις
1224 2458 1245 2484 δ’
1265 2458 1316 2484 οὐκ
1339 2457 1371 2485 ἂν
1391 2457 1502 2489 ἐνδίκως
1518 2457 1694 2493 ὺποὸληθεῖεν
1705 2457 1861 2492 τιμωρίαις,
1873 2458 1897 2484 oi

271 2507 353 2533 quam
367 2499 394 2526 in
409 2501 493 2536 agris,
507 2502 581 2529 omni
594 2509 747 2535 sacrorum,
764 2503 925 2538 religionum
949 2512 982 2532 ac
1001 2512 1060 2540 my-

1110 2504 1164 2531 τῶν
1180 2504 1228 2539 μὲν
1243 2503 1365 2539 πατρίων
1380 2503 1496 2538 φυγάδες
1507 2524 1513 2536 ,
1533 2503 1588 2529 τῶν
1603 2503 1624 2529 δ’
1638 2502 1747 2528 ὀθνείων
1764 2503 1810 2529 καὶ
1823 2502 1897 2538 παρὰ

274 2545 419 2572 steriorum
446 2555 555 2580 genere,
586 2549 781 2584 communique
802 2558 897 2586 regum
923 2551 1058 2584 omnium,

1111 2550 1178 2577 πᾶσι
1198 2549 1417 2585 διαϐεϐλημένων
1437 2550 1589 2577 Ἰουδαϊκῶν
1607 2549 1837 2585 μυθολογημάτων
1851 2558 1896 2584 γε-

274 2589 482 2625 legumlatorum
502 2601 535 2620 ae
552 2593 776 2629 philosophorum
786 2596 981 2630 approbatione
991 2596 1060 2623 Deos

1111 2596 1218 2631 νόμενοι
1243 2595 1379 2632 ζηλωταίς
1403 2595 1462 2628 πῶς
1481 2596 1503 2623 δ’
1520 2596 1550 2623 οὺ
1574 2594 1724 2630 μοχθηρίας
1748 2593 1816 2621 εἷναι
1849 2595 1897 2622 καὶ

275 2636 468 2670 celebrarunt;
502 2641 558 2665 tum
586 2647 650 2667 vero
678 2640 810 2675 quidquid
842 2640 912 2668 inter
935 2641 1060 2669 homines

1111 2640 1252 2676 εὐχερείας
1273 2641 1407 2676 ἐσχάτης,
1426 2641 1457 2668 τὺ
1481 2640 1641 2677 μεταθέσθαι
1663 2641 1712 2674 μὲν
1731 2640 1849 2672 εὐκόλως
1864 2640 1898 2667 τὰ

274 2682 387 2716 impium
417 2690 448 2711 ac
473 2683 526 2711 diis
552 2684 671 2712 invisum
694 2690 768 2718 erat,
799 2685 871 2713 ultro
892 2686 1060 2722 delegerint?

1110 2686 1165 2713 τῶν
1183 2686 1301 2719 οἰκείων,
1319 2687 1407 2722 ἀλόγῳ
1418 2687 1445 2713 δὲ
1456 2687 1503 2713 καὶ
1516 2686 1684 2721 ἀνεξετάστῳ
1699 2686 1788 2712 πίστει
1800 2685 1834 2712 τὰ
1846 2686 1897 2712 τῶν

273 2728 378 2761 Quibus
410 2733 501 2756 autem
528 2730 547 2757 ii
573 2730 634 2765 jure
666 2739 720 2758 non
749 2731 930 2766 subjiciantur
952 2732 1057 2767 poenis,

1112 2732 1247 2759 δυσσεὸῶν
1265 2734 1312 2760 καὶ
1336 2734 1418 2760 πᾶσιν
1438 2733 1526 2759 ἔθνεσι
1547 2731 1683 2767 πολεμίων
1700 2732 1823 2765 ἑλέσθαι;
1843 2732 1897 2759 Καὶ

274 2774 321 2809 qui
340 2775 491 2809 patriorum
506 2783 648 2805 sacrorum
670 2777 833 2812 desertores,
857 2778 1013 2814 peregrinas
1033 2783 1059 2806 et

1115 2779 1175 2814 μηδ’
1190 2778 1264 2815 αὐτῷ
1279 2779 1318 2815 τῷ
1331 2779 1407 2815 παρὰ
1427 2778 1562 2811 Ἰουδαίοις
1582 2779 1729 2815 τιμωμένῳ
1745 2778 1813 2814 Θεῷ,
1829 2778 1897 2805 κατὰ

295 2864 348 2905 _(5)
368 2865 553 2900 οἰκονομίας.
576 2866 650 2895 Trita
663 2873 715 2896 vox
728 2867 799 2903 apud
817 2866 865 2897 SS.
880 2866 985 2902 Patres,
998 2867 1056 2895 ἀντὶ
1075 2877 1089 2895 τ

274 2908 328 2927 των
342 2900 410 2936 πρὸς
424 2901 516 2938 αὑτήν.

1076 2868 1123 2904 τῆς
1139 2870 1380 2907 ὲνανθρωπήσεως,
1398 2870 1444 2898 καὶ
1461 2869 1624 2905 σαρκώσεως
1649 2869 1696 2900 τοῦ
1715 2871 1801 2905 Λόγου
1812 2889 1820 2902 ,
1846 2870 1891 2897 καὶ
