2064 3212
177 166 213 194 29
782 164 943 193 PltzEPAB.
965 164 1090 193 EVANG.
1107 165 1170 193 LIB.
1189 165 1209 192 ι.
1772 169 1808 197 ὅθ

177 226 211 252 τὰ
229 225 292 260 παρ’
309 224 405 256 αὐτοῖς
427 223 605 260 προσανέχειν
625 223 736 259 νόμιμα·
757 223 852 259 καινὴν
867 223 895 250 δέ
910 232 970 250 τινα

1025 223 1144 250 omnium
1161 224 1300 252 traductas
1310 223 1423 251 vocibus
1435 222 1592 252 Judaeorum
1605 224 1711 252 fabulas
1721 233 1806 253 aemu-

178 270 223 298 καὶ
239 270 347 306 ἐρήμην
361 269 469 297 ἀνοδίαν
483 270 589 300 ἑαυτοῖς
604 271 755 304 συντεμεῖν,
769 270 838 305 μήτε
854 269 888 296 τὰ
911 269 969 296 Ἐλ-

1025 270 1129 296 lentur?
1151 269 1218 303 Quis
1236 270 1300 297 item
1318 270 1370 298 hoc
1387 278 1501 298 summa!
1515 271 1658 305 cujusdam
1676 271 1807 306 improbi—

177 315 274 351 λήνων,
291 316 362 352 μήτε
372 315 407 342 τὰ
424 315 557 342 Ἰουδαίων
570 315 771 350 φυλάττουσαν;

1025 315 1089 342 tatis
1099 322 1131 342 ac
1142 316 1303 344 temeritatis
1316 324 1376 344 esse
1394 325 1447 344 non
1465 317 1564 350 videat,
1581 317 1732 344 amicorum
1753 325 1804 344 ne-

179 363 420 397 cessariorumque
444 370 535 390 mores
558 367 639 397 atque
656 362 726 390 ritus
748 362 947 390 inconsiderate
961 370 993 390 ac
1013 363 1108 390 leviter
1135 363 1269 398 abjicere,
1296 371 1328 391 ac
1351 371 1412 392 sese
1432 364 1503 392 futili
1535 365 1652 400 quadam
1679 365 1808 400 nulloque

177 411 305 438 examine
327 411 443 444 probata
461 409 513 436 ﬁde
533 409 566 436 ad
594 409 734 436 hominum
766 409 922 444 impiorum,
945 410 1113 444 populosque
1135 417 1230 438 omnes
1258 411 1348 438 hostili
1379 413 1600 448 prosequentium
1620 413 1682 441 odio
1706 419 1807 441 sectam

177 456 346 491 axljungere?
378 455 446 488 lmo,
464 463 499 482 ne
518 455 601 482 Deum
627 455 737 491 quidem
764 456 851 490 ipsum
868 464 883 483 a
899 455 1000 484 Judmis
1019 456 1122 484 cultum
1149 465 1225 485 more
1244 458 1420 493 institutoque
1436 458 1590 487 Iudaeorum
1606 461 1728 488 venerari
1742 469 1748 487 :
1761 460 1808 488 sed

179 511 279 531 novam
293 511 326 530 ac
337 503 475 530 desertam
493 503 650 538 quamdam,
673 503 720 531 ubi
744 503 848 530 nullum
877 507 925 530 aut
945 503 1102 531 Grecorum
1123 509 1170 531 aut
1204 505 1382 532 barbarorum
1405 506 1545 542 vestigium
1569 513 1707 542 appareat,
1727 508 1810 536 semi-

182 555 239 578 tam
251 550 398 578 insistere?

214 597 310 624 Ταῦτα
327 597 377 633 μὲν
398 595 445 624 οὖν
469 597 580 628 εἰκότως
600 597 632 624 ἄν
655 606 697 630 τις
717 596 861 633 Ἑλλήνων,
888 596 971 632 μηδὲν

179 643 279 680 ἀληθὲς
308 644 375 679 μήτε
407 643 461 670 τῶν
486 643 612 676 οἰκείων,
635 644 702 678 μήτε
732 643 787 669 τῶν
811 643 872 670 καθ’
897 643 970 678 ἡμᾶς

179 691 294 722 ὲπαῖων,
317 690 386 725 πρὸς
408 689 482 724 ἡμᾶς
503 689 678 725 ἀπορήσειεν.
708 688 924 724 Ἐπιμέμψαιντο
948 688 970 714 δ’

179 737 213 763 ἂν
230 737 297 772 ἡμῖν
309 736 357 762 καὶ
375 735 509 771 Ἐϐραίων
525 735 633 767 παῖδες,
649 736 674 762 εί
688 734 720 770 δὴ
740 735 880 769 meeum
895 734 970 766 ὀντες

180 783 228 809 καὶ
241 782 406 816 ἀλλογενεῖς,
425 784 485 814 ταῖς
500 782 588 809 αὐτῶν
602 780 701 816 βίϐλοις
718 780 899 816 ἀποχρώμεοα
920 789 972 815 μη-

179 829 224 855 δὲν
240 829 306 863 ἡμῖν
316 828 527 864 προιιήκούσαις⁸
544 828 584 854 ὅτι
597 836 626 853 τε
646 826 771 859 ἀναιδῶς,
789 826 826 858 ὡς
848 827 880 853 ἂν
894 826 970 852 αὐτοὶ

181 875 271 908 φαῖεν,
295 875 344 901 καὶ
366 874 551 910 ἀναισχύντως
576 873 687 905 ἑαυτοὺς
713 873 762 908 μὲν
784 872 968 907 είσωθοῦμεν,

180 921 245 952 τοὺς
267 920 296 946 δὲ
319 920 437 951 οἰκείους
455 920 502 946 καὶ
525 920 646 954 ἐγγενεῖς
667 918 720 945 τῶν
739 918 830 950 αὐτοῖς
849 917 970 954 πατρίων

182 965 292 1003 ἐξωθεῖν
314 966 549 1002 παραϐιαζόμεθα.
572 966 633 992 Εἴτε
655 965 709 1000 γάρ
730 973 771 996 τις
792 964 834 1000 εἴη
855 964 970 1000 Χριστὸς

182 1010 392 1046 θεσπιςόμενος,
417 1011 485 1038 ἀλλὰ
515 1011 648 1038 Ἰουδαίων
677 1009 748 1046 ἦσαν
779 1011 915 1046 προφῆται
947 1011 972 1036 οἱ

181 1056 278 1083 τούτου
292 1057 341 1093 τὴν
355 1057 445 1092 ἄφιξιν
452 1057 682 1094 προκηρύξαντες,
691 1057 716 1084 οἳ
725 1058 771 1084 καὶ
777 1056 913 1092 λυτρωτὴν
925 1057 971 1083 καὶ

185 1103 295 1138 βασιλέα
313 1104 446 1130 Ἰουδαίων
462 1103 535 1139 ἥξειν
550 1103 641 1135 αὑτὸν,
657 1104 716 1139 οὐχ).
737 1104 765 1130 δὲ
787 1102 841 1130 τῶν
858 1102 973 1138 ἀλλοφύ-

183 1148 238 1176 λων
254 1150 338 1177 ἐθνῶν
351 1150 532 1186 κατήγγειλαν
544 1157 550 1164 ”
565 1150 619 1176 εἴτε
647 1149 707 1176 τινὰ
728 1149 795 1176 ἄλλα
811 1148 972 1185 φαιδρότερα

184 1195 355 1230 περιέχουσιν
371 1195 524 1232 αὶΓραεεαὶ,
539 1195 586 1221 καὶ
604 1194 691 1221 ταῦτα
710 1194 847 1225 Ἰουδαίοις
864 1194 974 1227 ἀναφω-

184 1240 302 1272 νεῖσῦαι,
325 1237 362 1268 ὧν
383 1241 433 1267 οὐκ
455 1238 484 1267 εὖ
509 1240 677 1276 πράττοντας
702 1239 867 1275 παρακούειν
886 1239 970 1274 ἡμᾶς.

184 1287 239 1313 Καὶ
261 1287 364 1322 σφόδρα
387 1287 495 1318 ἀτόπως
515 1286 578 1317 τοὺς
599 1286 647 1322 μὲν
667 1285 737 1312 κατὰ
758 1284 805 1311 τοῦ
821 1284 914 1315 ἔθνους
930 1283 971 1317 ἐφ’

185 1330 225 1363 οἷς
241 1333 398 1368 ἡμάρτανον
415 1332 550 1368 ἐλέγχους,
567 1330 597 1358 εὖ
623 1331 694 1367 μάλα
717 1330 861 1366 ἁρπαλέως
875 1329 971 1356 ἁποδέ-

185 1377 294 1412 χεσθαι·
310 1377 361 1410 τὰς
380 1378 408 1404 δὲ
425 1378 479 1405 τῶν
504 1377 613 1412 ἀγαθῶν
634 1377 715 1404 πάλιν
736 1377 827 1408 αὐτοῖς
848 1375 973 1407 θεσπιζο-

186 1422 269 1456 μένας
284 1423 451 1458 ἐπαγγελίας
471 1423 648 1458 ἀποσιωπᾷν,
674 1423 772 1458 μᾶλλον
794 1422 823 1449 δὲ
846 1421 972 1453 ἐκϐιάζε-

186 1467 246 1494 σθαι
266 1468 313 1495 καὶ
327 1470 367 1500 εις
385 1469 498 1501 ἑαυτοὺς
523 1468 696 1504 μεταφέρειν,
713 1467 842 1502 ἄντικρυς
865 1466 973 1493 πλεονε-

186 1513 323 1546 κτοῦντας,
338 1514 386 1540 καὶ
407 1515 482 1541 οὐδὲν
499 1515 594 1547 πλέον,
609 1515 625 1549 ἢ
640 1515 752 1546 ἑαυτοὺς
770 1512 970 1545 ἐξαπατῶντας.

185 1559 221 1586 Τὸ
245 1559 274 1586 δὲ
298 1557 345 1587 οὖν
368 1561 495 1587 ἀπάντων
521 1560 758 1596 παραλογώτατον,
783 1560 824 1586 ὅτι
848 1559 915 1594 μηδὲ
938 1559 972 1586 τὰ
986 1579 1008 1608 C

185 1604 288 1640 νόμιμα
304 1606 502 1641 παραπλησίως
517 1606 607 1638 αὐτοῖς
623 1606 808 1642 περιέποντες,
825 1605 891 1632 ἀλλά
904 1614 972 1641 προ-

186 1651 277 1685 φανῶς
297 1652 529 1688 παρανομοῦντες,
549 1653 599 1686 τὰς
621 1653 828 1688 ἐπηγγελμένας
848 1654 904 1684 τοῖς
919 1652 972 1679 τῶν

185 1696 274 1731 νόμων
305 1697 401 1731 φύλαξι
426 1698 610 1734 χρηστοτέρας
642 1698 758 1733 ἀμοιϐὰς
792 1698 832 1729 εἰς
862 1698 974 1729 ἑαυτοὺς

185 1741 376 1778 ὲπισπώμεθα.

1057 595 1147 629 Atque
1165 595 1223 622 hate
1237 594 1394 622 Grzecorum
1412 595 1479 623 forte
1497 596 1646 631 quispiam,
1669 597 1716 632 qui
1739 597 1807 624 nihil

1022 648 1137 676 usquam
1152 640 1207 667 veri
1224 639 1257 667 de
1279 640 1337 667 suis
1352 641 1485 668 nostrisve
1503 643 1584 669 rebus
1603 650 1635 670 ac
1654 643 1808 671 rationibus

1022 685 1195 719 intellexerit,
1208 686 1287 713 nobis
1299 686 1484 713 verisimiliter
1491 688 1612 722 objiciat.
1626 687 1730 715 Hebraei
1743 697 1808 716 vero

1021 737 1117 760 contra
1130 736 1319 765 succenseant,
1332 733 1404 766 quod
1419 734 1523 760 externi
1535 738 1562 760 et
1573 734 1731 768 alienigena:
1744 742 1807 761 cum

1022 779 1118 810 simus,
1140 786 1235 806 eorum
1247 783 1339 806 tamen
1355 778 1432 806 libris
1445 779 1513 806 nihil
1526 779 1559 806 ad
1578 787 1628 806 nos
1641 780 1733 814 utique
1748 788 1810 814 per-

1021 823 1169 852 tinentibus
1191 825 1353 857 abutamur,
1378 824 1507 860 quodque
1533 832 1583 852 nos
1610 825 1683 860 ipsos
1704 825 1810 853 invere-

1020 870 1118 903 cunde,
1138 875 1169 898 ut
1187 870 1238 905 ipsi
1253 871 1410 906 loquentur,
1426 875 1452 898 et
1473 871 1644 906 impudenter
1667 872 1807 899 intruden-

1022 921 1072 950 tes,
1086 917 1253 944 domesticos
1267 922 1294 944 et
1306 917 1447 952 indigenas
1462 917 1559 952 patriis
1571 917 1749 952 religionibus
1762 925 1810 952 per

1021 962 1076 990 vim
1099 963 1245 990 exturbare
1266 971 1408 990 conemur.
1437 962 1593 995 Enimvero,
1613 963 1669 990 sive
1685 963 1810 991 Christus

1023 1009 1120 1044 aliquis
1142 1009 1273 1036 divinitus
1297 1009 1362 1036 olim
1385 1010 1584 1044 praenuntiatus
1605 1009 1752 1041 habeatur,
1777 1017 1810 1037 ex

1022 1054 1123 1082 ludatis
1138 1059 1212 1082 certe
1226 1056 1374 1090 prophetas
1398 1056 1461 1084 illos
1476 1055 1572 1089 fuisse,
1595 1057 1642 1091 qui
1663 1057 1808 1084 adventutn

1022 1101 1082 1136 ejus
1095 1101 1256 1136 praedixere,
1277 1102 1325 1136 qui
1347 1102 1430 1129 simul
1450 1102 1537 1137 ipsum
1557 1102 1668 1134 Judaeis,
1684 1110 1737 1129 non
1758 1111 1810 1130 au-

1023 1152 1076 1176 tem
1094 1149 1202 1184 populis
1217 1149 1377 1183 alienigenis
1392 1148 1601 1183 Rcdemptorem
1619 1157 1679 1177 esse
1695 1149 1810 1184 Regem-

1023 1202 1078 1230 que
1092 1199 1239 1222 venturum
1259 1194 1383 1222 cecinere
1399 1204 1405 1222 :
1423 1195 1480 1222 sive
1497 1195 1550 1222 alia
1565 1196 1688 1230 quredam
1706 1195 1810 1223 laetiora

1024 1248 1110 1268 sacra:
1129 1240 1225 1268 litterae
1244 1240 1412 1273 contineant,
1435 1248 1467 1268 ea
1489 1249 1599 1276 quoque
1623 1240 1725 1268 Iudaeis
1746 1249 1810 1275 pro-

1024 1285 1149 1313 nuntiata
1171 1293 1249 1318 esse,
1270 1285 1392 1320 adeoque
1414 1286 1506 1313 minus
1525 1285 1598 1320 juste
1625 1294 1676 1313 nos
1705 1285 1810 1319 facere,

1024 1332 1070 1366 qui
1091 1339 1232 1367 perperam
1246 1332 1340 1359 eadem
1363 1336 1390 1359 et
1413 1332 1502 1359 alieno
1522 1332 1602 1367 plane
1620 1340 1703 1360 sensu
1719 1333 1812 1367 capia-

1024 1386 1095 1406 mus.
1111 1378 1140 1413 6
1154 1377 1222 1405 Illud
1243 1378 1326 1405 etiam
1360 1378 1559 1413 perabsurdum
1581 1386 1652 1411 esse,
1675 1378 1747 1413 quod
1764 1386 1810 1406 eas

1024 1423 1135 1458 quidem
1156 1422 1394 1457 reprehensiones,
1415 1423 1515 1457 quibus
1532 1423 1652 1451 nationis
1666 1423 1746 1458 hujus
1763 1423 1811 1451 de-

1024 1469 1087 1496 licta
1113 1472 1308 1504 coarguuntur,
1329 1468 1426 1503 cupide
1445 1469 1593 1496 admodum
1614 1470 1746 1505 avideque
1766 1477 1811 1496 ar-

1024 1513 1174 1549 ripiamus;
1199 1521 1260 1549 quae
1280 1521 1345 1541 vero
1373 1514 1509 1549 promissa
1537 1515 1669 1542 divinitus
1691 1516 1714 1542 ei
1740 1516 1811 1543 bona

1025 1565 1099 1592 sunt,
1126 1560 1238 1587 omnino
1262 1560 1435 1592 reticeamus,
1463 1561 1504 1588 vel
1529 1561 1620 1596 potius
1635 1566 1740 1589 extorta
1763 1569 1813 1596 per

1026 1607 1080 1634 vim
1099 1607 1125 1633 in
1141 1614 1191 1634 nos
1211 1607 1286 1642 ipsos
1306 1606 1504 1634 transferamus
1519 1616 1525 1634 :
1542 1607 1615 1642 quod
1638 1615 1704 1634 sane
1722 1607 1810 1642 palam

1026 1657 1053 1679 et
1067 1660 1129 1679 cum
1153 1652 1270 1679 aliorum
1287 1651 1386 1687 injuria
1407 1660 1464 1680 sua:
1483 1653 1625 1688 cupiditati
1647 1654 1760 1686 servire,
1780 1661 1813 1681 ac

1028 1705 1057 1725 se
1071 1697 1161 1732 ipsum
1183 1697 1210 1723 in
1225 1703 1345 1724 errorem
1364 1701 1391 1724 et
1407 1696 1529 1724 fraudem
1547 1697 1676 1725 inducere
1691 1703 1742 1726 est.
1758 1698 1810 1726 De-

1028 1745 1110 1778 nique
1130 1743 1182 1770 hoc
1196 1743 1230 1770 ah
1249 1743 1324 1770 omni
1338 1742 1443 1770 ratione
1466 1743 1584 1770 maxime
1602 1743 1720 1770 alienum
1740 1750 1812 1776 esse,

186 1791 258 1824 quod
289 1799 352 1819 cum
375 1800 409 1820 nc
433 1793 479 1820 illa
503 1793 624 1828 quidem,
644 1800 705 1828 qua:
724 1791 879 1819 Iudaeorum
911 1791 1016 1826 legibus
1036 1791 1182 1819 constituta
1211 1795 1290 1824 sunt,
1321 1791 1415 1818 eodem
1447 1791 1501 1818 ritu
1527 1798 1685 1823 servemus,
1714 1791 1761 1818 sed
1786 1791 1812 1817 in

187 1839 310 1866 omnium
330 1840 417 1868 oculis
443 1840 586 1869 adversum
611 1848 643 1868 ea
669 1840 875 1875 delinquamus;
900 1839 1033 1874 promissa
1056 1843 1147 1866 tamen
1167 1839 1201 1866 iis
1227 1838 1275 1874 qui
1290 1838 1394 1874 legibus
1415 1838 1604 1874 obtemperant
1619 1839 1721 1874 optima
1738 1846 1814 1874 quae-

187 1893 239 1919 que
252 1887 330 1914 nobis
347 1887 456 1922 premia
472 1888 651 1915 vindiccmus.

455 1934 653 1961 ΚΕΦΔΛΑΙΟΝ
673 1933 709 1960 Γ¹.

207 1978 265 2004 Ὀτι
286 1978 330 2012 μὴ
350 1979 556 2013 ἀνεξετάστως
577 1980 613 2006 τὰ
630 1980 682 2007 τοῦ
697 1980 845 2014 σωτηρίου
865 1980 959 2014 λόγου

441 2015 562 2049 φρονεῖν
577 2016 733 2050 εὶλιτμεθα.,

223 2059 331 2086 Τούτων
346 2060 463 2095 εὐλόγως
472 2061 505 2088 ἂν
520 2061 598 2096 ἡμῶν
614 2067 627 2081 ι
642 2063 671 2088 ὲν
694 2060 812 2097 πρώτοις
831 2060 980 2096 ἀπορηθέν-

189 2111 252 2135 των,
276 2103 353 2139 φέρε,
383 2105 428 2131 τὸν
449 2105 503 2132 τῶν
523 2106 591 2132 ὃλων
612 2105 688 2139 Θεὸν,
712 2106 756 2133 διὰ
780 2105 827 2132 τοῦ
855 2106 979 2141 Σωτῆρος

1338 1927 1453 1956 CAPUT
1474 1927 1518 1956 lli.

1031 1974 1092 2002 Non
1116 1980 1210 2002 temere
1228 1978 1375 2014 susceptam
1397 1982 1413 2000 α
1434 1973 1508 2014 nobis
1530 1981 1586 2000 esse
1609 1972 1737 1999 salutaris
1765 1971 1814 1998 do-

1296 2010 1389 2036 ctrime
1400 2010 1547 2035 veritatem.

1065 2055 1198 2083 Adductis
1214 2055 1241 2082 in
1259 2054 1379 2082 medium
1396 2054 1440 2087 iis,
1454 2054 1487 2082 de
1500 2054 1599 2089 quibus
1614 2052 1734 2080 dubitari
1751 2060 1813 2079 cum

1031 2102 1123 2136 aliqua
1135 2101 1326 2136 probabilitate
1337 2100 1434 2135 possit,
1446 2108 1494 2136 age
1505 2099 1718 2135 jam,implorato
1734 2099 1815 2133 hujus

189 2149 277 2184 ἡμῶν,
293 2150 340 2176 τοῦ
362 2150 444 2178 αὐτοῦ
458 2151 562 2186 Λόγου,
580 2151 617 2184 ὼς
643 2148 676 2175 δι’
704 2152 870 2188 ἀρχιερέως,
885 2152 975 2178 ἐπικα-

1031 2147 1216 2175 universitatis
1241 2147 1287 2174 Dei
1308 2154 1356 2182 per
1379 2146 1552 2174 Servatorem
1579 2151 1703 2173 nostrum
1729 2145 1815 2180 ipsius

189 2194 346 2230 λεσάμενοι,
370 2197 401 2223 τὸ
426 2197 534 2233 πρῶτον
557 2197 612 2224 τῶν
634 2198 819 2234 προτεθέντων
843 2197 980 2225 ἀποκαθά-

1030 2194 1160 2227 Verbum,
1177 2198 1306 2229 tanquam
1328 2200 1377 2228 per
1393 2201 1531 2221 summum
1552 2191 1719 2227 pontiﬁcem,
1736 2191 1815 2218 auxi-

191 2249 300 2276 ρωμεν,
337 2243 507 2278 συκοφάντας
535 2243 778 2280 προαποδείξαντες
808 2244 870 2275 τοὺς
898 2243 975 2278 μηδὲν

1031 2240 1084 2274 lio;
1103 2240 1176 2275 quod
1198 2239 1317 2274 primum
1338 2239 1418 2266 nobis
1438 2239 1574 2274 objectum
1594 2242 1636 2266 est
1658 2238 1694 2265 ita
1719 2245 1816 2272 purgeo

188 2287 260 2322 ἔχειν
286 2289 358 2324 ἡμᾶς
383 2289 415 2316 δι’
439 2289 602 2322 ἀποδείξεως
628 2289 810 2326 παριστάναι,
834 2288 923 2324 ἀλόγῳ
949 2288 977 2315 δὲ

190 2335 280 2361 πίστει
305 2335 448 2372 προσέχειν
473 2335 707 2370 ἀποφηναμένους
737 2334 854 2362 Δύτόθεν
878 2333 913 2370 (6)
945 2333 978 2369 δὴ

190 2379 236 2408 ὧν
251 2381 332 2408 τοῦτο
354 2382 401 2410 κα).
417 2382 467 2408 οὐκ
483 2382 515 2408 ὲκ
533 2381 638 2418 μακροῦ
652 2381 834 2416 διελέγξομεν,
848 2380 880 2407 ἐκ
894 2389 924 2406 τε
940 2376 978 2407 ὧν

190 2426 320 2462 χρώμεθα
340 2427 408 2463 πρὸς
427 2428 490 2460 τοὺς
512 2428 558 2454 ἐπὶ
581 2427 739 2463 διδασκαλίᾳ
758 2427 812 2454 τῶν
826 2426 887 2454 καθ’
905 2427 978 2462 ἡμᾶς

190 2472 278 2506 λόγων
299 2473 460 2509 προσιόντας
482 2473 659 2507 ἀποδείξεων,
681 2474 728 2500 καὶ
750 2473 805 2500 τῶν
826 2473 894 2509 πρὸς
916 2473 980 2505 τοὺς

226 2569 239 2583 ι
259 2563 303 2590 ῖσ.
317 2564 392 2599 ἡμῖν.

229 2641 268 2676 (6)
277 2642 549 2678 γΑὺτόθεν-ηδυύωο
562 2642 600 2678 τῷ
613 2643 695 2674 πάνυ,
710 2642 914 2677 obscrvatajam
927 2642 980 2678 hu—

191 2677 237 2713 jus
251 2677 550 2713 adverblsigniﬁcatio,
562 2676 592 2704 in
606 2683 740 2713 promptu,
758 2686 772 2705 e
787 2686 816 2705 re
828 2676 902 2705 nata.
927 2676 980 2704 Sed

194 2712 276 2743 infra,
293 2712 407 2738 αὐτόθεν
422 2713 499 2748 πρὸς
514 2713 641 2745 εὐζωῖαν,
657 2712 721 2745 etc.,
736 2721 782 2747 per
805 2721 869 2746 sese,
887 2717 980 2747 suapte

192 2747 228 2783 οἱ,
249 2748 317 2780 suis,
335 2756 386 2774 non
398 2747 493 2775 alienis
507 2748 617 2783 opibus;
633 2751 660 2775 et
680 2757 687 2774 :
705 2748 735 2774 τὸ
755 2748 866 2774 αὐτόθεν
897 2747 982 2783 ὑπεο-

193 2782 407 2818 έχονβιρηθοό.
423 2790 514 2818 sensu.
529 2783 606 2818 Apud
622 2783 651 2809 Β.
664 2783 805 2818 Chrysost.
821 2791 899 2809 serm.
909 2783 940 2809 de
947 2782 979 2818 ξ.

203 2815 302 2858 Subyla‘
313 2825 322 2844 :
334 2817 402 2858 Τρτε
419 2817 447 2844 δὲ
458 2815 569 2845 αὐτόθεν
582 2815 729 2858 ἔδείκνυτοξ
741 2818 781 2858 ὅτι
807 2815 978 2858 δαιμόνιεσνῆν

194 2852 262 2887 ἔργα
276 2852 309 2879 τὰ
323 2852 482 2888 τελούμενα,
496 2859 560 2886 etc.,
577 2853 708 2881 omissum
724 2852 873 2887 interpreti.
889 2852 980 2888 ldpst.

196 2895 236 2915 res
251 2895 293 2920 per
320 2895 375 2915 sese
399 2887 563 2924 loquebatur,
576 2896 652 2922 opera
669 2896 724 2916 esse
740 2888 898 2916 darmonum.
917 2887 980 2915 Plu-

1028 2294 1100 2319 mus,
1130 2289 1160 2313 ut
1184 2293 1232 2313 eos
1257 2289 1320 2313 ante
1344 2285 1436 2313 omnia
1455 2284 1617 2312 calumniari
1644 2283 1816 2311 demonstre-

1028 2339 1102 2364 mus,
1116 2331 1164 2366 qui
1179 2331 1248 2358 nihil
1263 2339 1278 2358 a
1297 2331 1377 2359 nobis
1388 2335 1463 2359 certo
1481 2338 1562 2365 posse
1578 2333 1738 2365 argumento
1750 2336 1816 2356 con-

1029 2377 1142 2410 ﬁrmari,
1166 2378 1213 2405 sed
1238 2377 1301 2405 ﬁdei
1322 2377 1430 2404 cuidam
1455 2377 1490 2404 ab
1510 2376 1637 2404 omnibus
1663 2375 1816 2402 rationibus

1029 2422 1171 2458 imparatae
1183 2422 1308 2450 addictos
1321 2430 1373 2450 nos
1391 2430 1451 2450 esse
1463 2421 1612 2456 aﬂixosque
1628 2419 1814 2455 pronuntiant.

1029 2469 1123 2505 Neque
1150 2477 1215 2497 vero
1243 2473 1429 2497 commentum
1458 2469 1530 2496 istuc
1557 2467 1666 2503 longius
1694 2467 1817 2502 repetitis

1032 2635 1119 2663 tarch.
1129 2632 1285 2669 Comparat.
1302 2633 1410 2661 Solonis
1424 2637 1451 2660 ct
1465 2631 1620 2669 Publicolte,
1630 2631 1681 2669 p._i
1690 2631 1732 2663 ll,
1742 2629 1760 2658 b
1773 2630 1817 2669 5'0

1031 2671 1059 2698 δὲ
1070 2670 1180 2698 αὐτόθεν
1192 2666 1342 2705 ἀναρρίψας
1355 2669 1402 2705 τον
1414 2668 1461 2694 ἐπὶ
1474 2667 1608 2705 μεγίστων
1619 2666 1749 2697 κίνδυνον,
1772 2666 1819 2692 ἑπ-

1031 2697 1130 2740 ανέστη
1147 2697 1304 2741 Ταρκυνίῳ,
1321 2697 1460 2741 confestim
1474 2697 1500 2741 in
1514 2697 1638 2741 apertum
1657 2709 1714 2741 sese
1728 2707 1818 2741 rerum

1031 2736 1208 2767 maximarum
1223 2736 1375 2766 discrimen'
1391 2739 1541 2772 conﬁciens.
1559 2737 1676 2772 Opponit
1692 2736 1766 2772 enim
1782 2736 1816 2772 ila-

1032 2777 1077 2803 lud
1096 2775 1219 2806 αὐτόθεν,
1235 2773 1411 2811 δοιο-ηἰξητῷ-
1431 2771 1643 2811 προσποιήματι,
1658 2776 1687 2811 et
1707 2771 1817 2811 παιδιᾶς

1031 2819 1084 2837 τινι
1100 2811 1203 2845 τρόπῳ,
1215 2817 1276 2837 cum
1293 2807 1430 2839 Publicola
1442 2807 1499 2837 sine
1513 2808 1587 2835 larva
1601 2812 1627 2836 et
1642 2807 1817 2835 simulatione

1033 2845 1212 2881 Tarquinium
1228 2850 1339 2880 peteret.
1612 2855 1617 2859 -
