2064 3212
264 159 294 188 δΙ
575 158 710 187 EUSEBll
733 155 969 184 C/ESARIENSIS
988 155 1061 183 OPP.
1077 154 1167 182 PARS
1185 153 1216 181 ll.
1238 169 1272 174 ——
1289 150 1538 179 APOLOGETICA.
1851 145 1887 173 3‘3

265 215 482 250 probationibus,
501 214 546 242 sed
562 222 577 242 e
593 223 622 242 re
642 219 704 241 nata
726 213 815 241 ductis
833 212 1044 248 redarguemus;

1099 209 1359 245 ἀντιδιατιθεμένους
1380 210 1445 244 ἡμῖν
1466 208 1495 235 ὲν
1516 208 1575 238 ταῖς
1594 204 1785 240 λογικωτέραις
1804 203 1887 238 ζητή-

263 255 360 296 partiut
383 261 508 288 videlicet
528 268 561 288 eo
578 260 840 287 detnonstratiouum
863 266 972 294 genere,
993 266 1048 292 quo

263 307 333 342 apud
349 307 410 334 illos
424 307 536 338 utimur,
558 307 605 340 qui
629 306 805 340 percipiendze
825 312 982 331 sermonum
1000 312 1048 331 eo-

262 362 322 381 rum
346 361 416 388 quos
442 353 475 380 de
501 352 582 379 rebus
606 352 708 379 nostris
732 351 901 379 instituimus
917 350 1048 377 doctrinae

263 399 349 434 gratia
364 398 531 425 conveniunt
549 407 555 424 :
571 398 670 432 partim
685 405 717 424 ex
737 396 886 431 responsis,
903 396 1002 430 quibus
1020 396 1048 423 in

260 443 458 478 quaestionibus
471 451 502 469 ex
524 443 660 469 subtiliori
676 442 825 476 logicorum
844 446 901 468 arte
914 441 1047 468 discussis

261 489 480 516 adversariorum
499 494 657 523 argumenta
676 487 840 520 refellimus;
857 487 955 522 partim
968 487 1047 514 deni-

261 541 315 569 que
334 542 365 561 οι
391 534 623 568 disputationibus
640 534 703 566 illis,
725 541 794 568 quas
815 538 946 567 tanquam
968 533 1047 560 nobis

261 580 435 612 honoriﬁcas,
460 585 514 607 tam
537 581 638 615 scripto
664 587 745 614 quam
772 579 832 606 sine
854 579 965 613 scripto,
990 579 1048 606 sive

261 625 386 660 privatim
401 633 462 652 cum
475 626 589 661 singulis
602 626 648 660 qui
663 633 712 652 nos
727 625 906 661 interrogant,
924 626 979 653 sive
993 634 1047 660 pu-

260 671 331 699 blice
350 672 382 698 ad
400 672 527 706 populum
549 671 621 698 ultro
637 671 737 698 habere
755 672 959 698 consuevimus.
977 672 1046 705 Qui-

261 719 311 746 bus
328 719 426 745 merito
441 726 506 745 sane
518 717 590 750 libri,
604 725 673 752 quos
688 725 743 752 [πω
760 718 887 745 manibus
903 718 1046 750 habemus,

258 764 320 791 addi
334 768 458 798 possunt,
477 767 569 797 utpote
584 763 631 797 qui
649 764 807 791 universum
822 764 978 801 evangelica:
997 764 1047 791 De-

259 809 457 835 monstrationis
478 816 546 843 opus
563 808 804 843 comprehendant.
828 809 874 837 Sic
894 810 966 837 enim
991 818 1047 837 ma-

258 858 367 881 nantem
396 861 427 880 ex
447 853 503 881 Deo
531 854 665 888 gratiam,
691 862 722 881 ac
744 855 863 882 caelestis
888 855 1048 882 muniﬁcen-

258 899 302 926 tiae
330 900 405 932 vim,
432 903 561 935 tauquam
590 899 655 926 felix
680 900 813 934 nuntius,
841 901 968 928 universo
995 902 1045 928 ho—
1062 891 1082 918 Β

258 945 363 972 minum
393 946 484 979 generi
518 949 661 979 susceptus
691 953 706 972 a
735 946 813 973 nobis
838 953 928 973 sermo
953 946 1045 973 decla-

257 997 310 1023 rat,
334 996 364 1018 ut
384 991 458 1018 illam
482 999 591 1026 quoque
615 992 680 1020 Jesu
704 992 805 1020 Christi
830 992 877 1020 Dei
898 993 957 1020 Filii
985 993 1046 1020 Scr—

258 1037 362 1063 vatoris
388 1036 551 1071 Dominique
576 1038 663 1065 nostri
693 1038 873 1065 mconomiam
902 1038 1045 1065 subtiliore

258 1082 478 1117 plurimorumet
491 1083 743 1111 illustrissimorum
761 1089 983 1118 argumentorum
997 1083 1045 1110 de-

258 1129 455 1156 tnonstratione
473 1129 625 1156 conﬁrmet.
651 1129 689 1156 Ac
714 1129 840 1164 permulti
866 1130 973 1164 quidem
996 1137 1045 1156 an-

257 1179 282 1200 te
298 1174 322 1209 7
339 1182 388 1202 nos
409 1175 436 1201 in
461 1175 515 1201 alio
532 1183 602 1209 saepe
617 1175 770 1210 disputandi
787 1183 884 1209 genere
898 1175 1044 1203 studiosius

256 1219 447 1253 elaborarunt;
469 1228 515 1248 seu
541 1221 650 1256 scriptis
667 1222 850 1249 voluminibus
873 1222 1045 1249 adversario-

257 1273 317 1292 rum
333 1271 488 1292 uostrorum
503 1267 669 1301 ohjectiones
685 1267 875 1299 confutarent,
903 1275 950 1294 seu
972 1275 1044 1295 com-

257 1310 397 1336 mentariis
421 1310 583 1345 quibusdam
615 1315 642 1338 et
671 1312 832 1339 tractatibus
853 1312 990 1346 sigillatim
1016 1312 1042 1338 in

256 1360 329 1382 certa
344 1356 465 1383 membra
481 1356 603 1391 digestis,
620 1357 766 1391 iuspiratas
788 1358 919 1385 divinitus
937 1365 1044 1385 sacras-

256 1408 309 1435 que
322 1401 425 1428 litteras
444 1402 586 1436 diligenter
600 1403 788 1437 explanarent,
806 1411 854 1430 seu
878 1403 994 1438 denique
1010 1403 1043 1430 ﬁ-

256 1445 298 1472 dei
315 1452 414 1474 nostra:
430 1446 555 1480 dogmata
579 1448 774 1475 vehementiori
796 1449 970 1476 contentione
994 1450 1039 1477 de-

255 1491 405 1519 fenderent.
435 1492 596 1527 Hujusmodi
626 1499 716 1521 tamen
741 1495 819 1527 quasi
845 1495 984 1530 proprium
1012 1504 1043 1523 ac

256 1538 392 1572 singulare
406 1545 596 1573 argumentum
610 1548 624 1567 a
641 1541 720 1568 nobis
733 1549 794 1568 cum
807 1541 889 1568 animi
905 1542 1043 1576 voluptate

255 1587 398 1610 tractatur.
424 1583 583 1618 Quanquam
602 1585 723 1612 omnium
748 1593 814 1612 sane
830 1587 955 1621 princeps
972 1586 1043 1614 Pau-

256 1628 298 1655 lus
313 1629 356 1656 ille
369 1637 445 1656 sacer
460 1631 600 1663 apostolus
612 1651 619 1662 ,
638 1631 786 1665 repudiatis
801 1631 942 1659 fallacibus
955 1640 987 1659 ac
1002 1632 1045 1659 fu—

256 1678 343 1700 catam
356 1674 555 1708 probabilitatis
578 1675 693 1709 speciem
712 1677 917 1705 ostendentibus
935 1678 1045 1705 conclu-

256 1718 405 1751 siunculis,
427 1724 515 1747 certas
532 1724 559 1746 et
586 1720 620 1747 ab
643 1721 716 1747 omni
741 1722 916 1756 ambiguitate
943 1731 1044 1750 vacuas

255 1764 503 1792 demonstrationes
529 1765 679 1798 adhibens,
709 1766 748 1794 sic
774 1767 873 1794 alicubi
899 1769 1042 1803 loquitur:

259 1818 269 1834 ι
287 1809 318 1836 Ει
331 1818 419 1837 501⁸1110
433 1819 510 1838 meus
526 1816 552 1838 et
566 1811 722 1845 praedicatio
736 1820 795 1840 mea
810 1821 864 1840 non
884 1814 911 1840 in
929 1822 1042 1849 persua-

257 1854 380 1882 sibilibus
406 1855 531 1882 humana:
548 1857 686 1890 sapientia:
699 1858 805 1890 verbis,
826 1859 873 1886 sed
900 1859 927 1886 in
953 1865 1044 1887 osten-

256 1900 332 1927 sione
347 1900 459 1935 spiritus
475 1905 501 1927 et
516 1901 623 1928 virtutis
641 1902 661 1929 °.
684 1911 693 1928 ι
717 1901 822 1935 Quibus
839 1904 896 1931 lucc
912 1904 1040 1939 subjicit:

259 1956 269 1971 ι
290 1946 456 1980 Sapientiam
474 1951 563 1974 autem
588 1947 726 1982 loquimur
743 1949 813 1976 inter
823 1949 977 1984 perfectos;
997 1958 1042 1977 sa-

256 1992 383 2026 pientiam
407 2000 471 2019 vero
494 2001 547 2019 uoti
564 1992 645 2027 hujus
667 1994 769 2026 sat-culi,
785 2002 872 2029 neque
887 1995 1042 2030 principum

257 2037 338 2071 hujus
354 2037 443 2064 smeuli
457 2057 464 2069 ,
483 2038 529 2072 qui
553 2038 754 2065 destruuutur:
775 2039 820 2066 scd
842 2040 980 2074 loquimur
996 2041 1041 2068 Dei

256 2082 417 2116 sapientiam
430 2082 456 2108 iu
474 2083 612 2117 mysterio,
628 2091 689 2116 quas
708 2084 865 2111 abscondita
879 2086 954 2113 est".
975 2095 983 2111 I
1003 2085 1041 2112 Ac

254 2135 364 2155 rursum
379 2137 386 2154 :
403 2137 412 2153 ‹
432 2127 596 2156 Sullicieutia
622 2135 733 2162 nostra,
752 2131 850 2165 inquit,
867 2139 897 2158 ex
915 2131 968 2159 Deo
981 2137 1039 2166 est,

254 2174 300 2208 qui
327 2178 354 2200 et
384 2174 496 2201 idoneos
522 2182 571 2202 nos
605 2175 669 2203 fecit
696 2176 835 2203 ministros
857 2177 920 2204 novi
947 2177 1041 2204 Testa-

1100 265 1173 283 σεσιν
1195 256 1395 291 ἀντιρῤήσεων·
1412 255 1446 281 δι’
1461 250 1498 280 ὧν
1519 261 1550 279 τε
1573 250 1785 286 φιλοτιμούμεθα
1802 249 1886 275 ποιεῖ-

1100 302 1161 329 σθαι
1176 302 1309 338 ἀγράφων
1326 309 1354 327 τε
1379 301 1425 327 καὶ
1447 300 1601 335 ἐγγράφων,
1625 297 1678 332 ἰδίᾳ
1692 305 1722 322 τε
1744 296 1789 323 καὶ
1820 294 1887 329 πρὸς

1099 350 1214 376 ἕκαστον
1231 348 1285 375 τῶν
1304 346 1479 383 ἐρωτώντων,
1501 345 1548 371 καὶ
1565 344 1640 378 κοινῇ
1659 341 1726 378 πρὸς
1747 341 1781 367 τὰ
1797 340 1886 375 πλήθη

1098 395 1251 427 διαλέξεων.
1273 394 1326 420 Nati.
1343 393 1395 428 μὴν
1412 393 1458 418 καὶ
1475 390 1519 418 διὰ
1537 390 1590 416 τῶν
1612 390 1639 415 ὲν
1655 387 1732 424 χερσὶ
1746 395 1886 421 συγγραμ-

1100 442 1209 477 μάτων,
1227 441 1275 476 τὴν
1297 439 1410 466 καθόλου
1432 436 1622 474 πραγματείαν
1643 434 1822 470 περιεχόντων
1836 432 1886 467 τῆς

1099 486 1302 522 Εὑαγγελικῆς
1318 485 1506 516 ἀποδείξεως·
1522 483 1549 509 ἐν
1604 482 1692 508 πᾶσαν
1704 480 1752 515 τὴν
1769 480 1801 506 ἐκ
1818 477 1885 505 Θεοῦ

1098 534 1188 570 χάριν,
1211 533 1258 559 καὶ
1281 532 1329 567 τὴν
1351 531 1475 566 οὐράνιον
1489 527 1656 564 εὐεργεσίαν,
1672 527 1686 553 ὁ
1701 525 1794 562 παρὼν
1809 524 1886 558 λόγος

1100 571 1204 611 πάντας
1217 578 1375 614 ἀνθρώπους
1393 577 1441 612 (6‘)
1460 575 1672 610 εὐαγγελίζεται,
1691 574 1738 608 τὴν
1755 571 1825 599 κατὰ
1840 571 1886 598 τὸν

1099 626 1212 661 Σωτῆρα
1225 625 1270 651 καὶ
1280 624 1320 651 Κύ
1325 633 1380 660 ριον
1388 625 1405 659 ἡ
1410 623 1466 659 μῶν
1480 621 1582 657 Ἰησοῦν
1589 622 1611 647 Χ
1615 619 1756 656 ριστὸνξτὺν
1763 618 1826 645 Υἱδν
1839 617 1885 644 τοῦ

1099 671 1165 698 Θεοῦ
1178 671 1334 706 οἰκονομίαν
1356 669 1533 705 λογικώτερον
1547 667 1589 694 διὰ
1601 666 1732 693 πλείστων
1749 664 1796 692 καὶ
1809 665 1882 699 ἐναρ-

1098 718 1152 753 γῶν
1170 717 1331 749 ἀποδείξεων
1349 716 1537 750 πιστούμενος.
1557 712 1750 740 Ἐσπούδασται
1776 711 1823 746 μὲν
1839 708 1885 737 οὖν

1098 764 1232 796 πλείστοις
1251 763 1304 790 τῶν
1326 762 1378 798 πρὸ
1399 761 1478 798 ἡμῶν
1499 760 1582 795 πολλή
1608 768 1648 791 τις
1669 758 1736 793 ἄλλη
1755 765 1885 792 πραγμα-

1097 811 1166 843 τεία,
1189 811 1249 837 τοτὲ
1272 810 1319 845 μὲν
1342 809 1466 843 ἐλέγχους
1488 807 1536 834 καὶ
1559 805 1732 840 ἀντιρρήσεις
1754 802 1883 830 ἐναντίων

1098 858 1162 892 ἡμῖν
1183 856 1268 890 λόγων
1284 854 1501 889 συνταξαμένοις,
1525 852 1585 878 τοτέ
1597 852 1625 878 δὲ
1642 850 1690 881 τὰς
1711 849 1818 880 ἐνθέους
1835 847 1884 874 καὶ

1099 903 1173 938 ἱερὰς
1196 902 1307 937 Γραῳὰς
1333 900 1504 935 ἐξηγητικοῖς
1532 897 1723 933 ὑπομνήμασι,
1749 895 1796 922 καὶ
1823 895 1884 925 ταῖς

1097 948 1166 975 κατὰ
1182 949 1263 984 μέρος
1276 946 1394 982 ὁμιλίαις
1408 944 1627 980 διερμηνεύσασι,
1641 942 1701 969 τοτὲ
1712 942 1739 968 δέ
1751 942 1807 972 τοῖς
1821 939 1884 966 καθ’

1095 996 1169 1030 ἡμᾶς
1184 994 1315 1028 δόγμασιν
1331 990 1578 1026 ἀγωνιστικώτερον
1594 988 1800 1024 πρεσϐεύσασιψ
1816 987 1883 1022 ἡμῖν

1096 1049 1128 1075 γε
1141 1040 1192 1076 μὴν
1213 1040 1284 1070 ἰδίως
1302 1039 1318 1073 ἡ
1336 1037 1403 1073 μετὰ
1417 1037 1504 1071 χαρᾶς
1522 1036 1559 1071 (7)
1573 1036 1726 1061 ὲκπονεῖται
1744 1033 1880 1069 πρόθεσις.

1096 1086 1206 1122 Πρῶτός
1220 1086 1251 1120 γέ
1264 1094 1303 1112 τοι
1319 1084 1426 1111 πάντων
1440 1083 1453 1109 ὁ
1465 1081 1535 1117 ἱερός
1548 1081 1692 1111 ἀπόστολος
1706 1079 1819 1111 Παῦλος,
1830 1077 1879 1109 τὰς

1097 1133 1145 1169 μὲν
1160 1131 1300 1166 ἀπατηλὰς
1309 1131 1355 1157 καὶ
1368 1127 1522 1164 σοφιστικὰς
1536 1125 1722 1160 πιθανολογίας
1735 1123 1882 1160 παραιτού-

1096 1188 1183 1214 μενος,
1193 1177 1385 1212 ἀναμφιλόγοις
1391 1175 1418 1201 δέ
1427 1173 1566 1209 χρώμενος
1575 1174 1633 1203 ταῖς
1640 1171 1802 1203 ἀποδείξεσι,
1815 1169 1881 1205 φησί

1094 1232 1155 1250 που·
1174 1233 1183 1249 (
1196 1224 1252 1250 Καὶ
1265 1223 1278 1249 ὁ
1290 1221 1368 1255 λόγος
1387 1220 1476 1255 ἡμῶν,
1492 1219 1538 1246 καὶ
1552 1219 1581 1244 τὸ
1592 1219 1720 1253 κήρυγμα
1727 1217 1776 1242 οὐκ
1787 1216 1815 1241 ὲν
1824 1223 1884 1241 πει-

1095 1270 1136 1296 θοῖ
1162 1267 1334 1303 ἀνθρωπίνης
1360 1266 1454 1300 σοιρίας
1482 1265 1580 1298 λόγων,
1611 1263 1667 1289 ἀλλ’
1694 1263 1722 1288 ἐν
1748 1259 1883 1293 ἀποδείξει

1095 1313 1249 1348 πνεύματος
1259 1313 1304 1339 καὶ
1317 1311 1465 1346 δυνάμεως.
1484 1320 1493 1335 ι
1510 1307 1556 1341 Οἷς
1567 1308 1686 1342 ἐπιλέγει
1698 1315 1704 1322 ·
1723 1316 1732 1332 ι
1745 1306 1843 1340 Σοφίαν
1853 1305 1882 1332 δὲ

1094 1358 1226 1393 λαλοῦμεν
1245 1358 1274 1384 ἐν
1290 1358 1346 1388 τοῖς
1365 1356 1486 1386 τελείοις·
1507 1354 1602 1388 σοφίαν
1619 1353 1657 1384 δὲ,
1675 1353 1704 1378 οὑ
1717 1351 1763 1378 τοῦ
1785 1350 1882 1382 αἰῶνος

1093 1404 1198 1436 τούτου,
1211 1403 1271 1430 οὺδέ
1283 1402 1336 1428 τῶν
1350 1401 1485 1438 ἀρχόντων
1497 1400 1550 1427 τῶν
1564 1397 1801 1433 καταργουμένων·
1815 1394 1882 1422 ἀλλὰ

1093 1450 1226 1485 λαλοῦμεν
1241 1447 1307 1475 Θεοῦ
1330 1447 1424 1482 σοφίαν
1441 1447 1468 1472 ἐν
1488 1445 1628 1481 μυστηρίῳ
1642 1443 1691 1479 τὴν
1707 1443 1883 1477 ἀποκεκρυμ-

1095 1495 1187 1531 μένην.
1202 1504 1212 1520 ›
1233 1494 1287 1520 Καὶ
1307 1491 1396 1524 αὖθις·
1415 1502 1424 1517 ί
1448 1492 1479 1518 'H
1503 1490 1628 1525 ἱκανότης
1658 1487 1735 1524 ἡμῶν
1758 1487 1811 1513 ἀπὸ
1835 1486 1882 1513 τοῦ

1094 1540 1171 1571 Θεοῦ,
1188 1539 1216 1571 ὃς
1227 1539 1273 1565 καὶ
1289 1538 1418 1565 ἱκάνωσεν
1432 1537 1505 1572 ἡμᾶς
1518 1536 1655 1565 διακόνους
1671 1533 1774 1568 Καινῆς
1785 1532 1882 1567 Διαθῆ-

1095 1595 1156 1622 κης.
1177 1596 1186 1611 ι
1203 1585 1321 1617 Εἰκότως
1346 1585 1412 1620 δῆτα
1431 1585 1497 1619 ἡμῖν
1521 1584 1549 1609 ἐν
1576 1582 1659 1608 ἆπασι
1683 1579 1881 1615 παρήγγελται,

1095 1633 1217 1667 ἑτοίμους
1240 1630 1307 1657 εἶναι
1330 1631 1368 1661 εἰς
1382 1629 1527 1663 ἀπολογίαν
1551 1627 1631 1654 παντὶ
1650 1625 1689 1661 τῷ
1711 1624 1883 1659 ἐπερωτῶντι

1094 1679 1166 1713 ἡμᾶς
1176 1677 1253 1711 λόγον
1269 1677 1333 1711 περὶ
1349 1676 1398 1710 τῆς
1419 1676 1448 1701 ἐν
1460 1675 1525 1709 ἡμῖν
1543 1672 1659 1704 ἐλπίδος.
1675 1670 1756 1697 Ὅθεν
1770 1668 1882 1696 καὶτῶν

1094 1722 1160 1748 νέων
1181 1721 1359 1756 συγγραφέων
1381 1719 1479 1754 μυρίας
1503 1719 1577 1749 ὅσας,
1595 1717 1632 1748 ὡς
1653 1716 1768 1751 εἴρηται,
1784 1714 1884 1741 πανσό-

1095 1777 1159 1802 φους
1170 1768 1216 1793 καὶ
1229 1768 1350 1802 ἐναργεῖς
1365 1765 1434 1801 μετὰ
1445 1763 1630 1799 συλλογισμῶν
1641 1762 1799 1795 ἀποδείξεις,
1812 1761 1882 1797 ὑπὲρ

1093 1814 1138 1841 τοῦ
1152 1813 1210 1840 καθ’
1232 1813 1304 1848 ἡμᾶς
1315 1812 1465 1848 γραςοείσας
1481 1811 1570 1845 λόγου,
1582 1808 1725 1843 διαγνῶναι
1741 1808 1881 1842 πάρεστιν,

1095 1858 1279 1894 ὑπομνήματά
1290 1867 1319 1885 τε
1338 1858 1388 1884 οὐκ
1402 1857 1479 1891 ὀλίγα
1500 1857 1539 1888 εἰς
1551 1855 1600 1887 τὰς
1615 1854 1690 1890 ἱερὰς
1709 1853 1756 1880 καὶ
1775 1852 1883 1883 ἐνθέους

1093 1904 1203 1941 Γραφὰς
1220 1904 1405 1939 πεπονημένα,
1424 1903 1453 1930 τὸ
1467 1902 1581 1937 ἀψευδές
1601 1909 1630 1927 τε
1647 1901 1694 1927 καὶ
1715 1899 1882 1926 ἀδιάπτωτον

1093 1951 1147 1977 τῶν
1159 1950 1277 1986 ἀρχῆθεν
1288 1949 1522 1984 καταγγειλάντων
1537 1949 1601 1983 ἡμῖν
1613 1947 1657 1973 τὸν
1668 1946 1718 1981 τῆς
1729 1943 1882 1975 θεοσεϐείας

1094 1997 1182 2031 λόγον,
1210 1997 1382 2033 γραμμικαῖς
1407 1994 1558 2026 ἀποδείξεσι
1601 1992 1784 2028 παριστῶντα.
1808 1989 1882 2024 Πλὴν

1092 2043 1159 2070 ἀλλὰ
1176 2043 1296 2078 περιττοὶ
1314 2043 1338 2068 οἱ
1351 2042 1424 2076 λόγοι
1441 2041 1549 2072 πάντες,
1565 2035 1602 2065 ὧν
1621 2038 1720 2074 ἐναργῆ
1734 2037 1782 2063 καὶ
1797 2035 1881 2069 σαφέ-

1093 2099 1174 2125 στερα
1190 2089 1223 2115 τὰ
1241 2089 1318 2125 ἔργα,
1338 2089 1408 2123 ἅπερ
1419 2088 1435 2122 ἡ
1446 2087 1505 2113 θεία
1525 2086 1570 2112 καὶ
1586 2085 1708 2120 οὐράνιος
1730 2082 1777 2108 τοῦ
1790 2082 1881 2116 Σωτῆ-

1094 2145 1138 2171 ρος
1164 2136 1244 2170 ἡμῶν
1264 2135 1386 2169 δύναμις,
1412 2133 1514 2164 πάντας
1539 2131 1696 2166 ἀνθρώπους
1717 2129 1766 2164 τὴν
1792 2128 1881 2155 ἔνθεον

1092 2184 1138 2209 καὶ
1151 2183 1274 2216 οὐράνιον
1288 2181 1359 2216 ζωὴν
1375 2179 1612 2214 εὐαγγελιζομὲνη,
1628 2177 1775 2213 διαρρήδην
1797 2175 1879 2202 εἰσέτι

253 2219 338 2246 menti
354 2219 374 2246 ³.
393 2229 402 2244 ι
424 2219 568 2246 Enimvero
591 2220 651 2254 jure
674 2221 752 2248 nobis
769 2221 839 2248 inter
863 2229 958 2249 omnes
974 2230 1040 2256 pra:—

1095 2228 1139 2254 xati.
1152 2226 1198 2254 νῦν
1219 2226 1411 2252 ἐπιδείκνυται.
1425 2224 1527 2250 Αὐτίκα
1548 2223 1614 2257 γοῦν
1637 2222 1685 2258 τὴν
1708 2220 1879 2248 διδασκαλίαν

253 2270 359 2299 ceptum
375 2265 426 2292 hoc
438 2269 494 2298 est,
521 2270 551 2292 ut
565 2266 720 2300 quicunque
746 2267 854 2293 demum
873 2268 945 2294 illitis
962 2268 1036 2302 spei,

252 2319 313 2346 qua:
329 2311 459 2346 religione
475 2316 566 2338 nostra
583 2312 738 2339 continetur
749 2333 756 2346 ,
772 2313 903 2340 rationem
916 2321 948 2340 ex
961 2314 1038 2341 nobis

252 2358 390 2392 requirat,
416 2359 449 2385 ad
473 2358 674 2393 suscipiendam
696 2359 756 2393 ejus
781 2360 965 2387 defensionem
992 2367 1040 2394 pa-

252 2405 303 2431 rati
321 2406 451 2432 contiuuo
478 2414 505 2433 et
527 2407 645 2441 expediti
674 2406 769 2433 simus.
796 2405 977 2438 Quamobrem
992 2414 1039 2433 ex-

250 2450 358 2484 plorare
380 2451 466 2478 cuivis
487 2459 519 2479 ac
534 2452 671 2480 discutere
698 2453 780 2485 licet,
800 2460 861 2479 cum
887 2453 1040 2479 innumera-

251 2497 330 2528 biles,
347 2501 450 2524 utaute
464 2498 586 2525 dicebam
600 2519 608 2532 ,
632 2507 701 2533 quas
728 2499 894 2526 recentiores
916 2499 1040 2533 plerique

252 2543 426 2570 acutissimas
443 2547 469 2570 et
483 2544 701 2572 evidentissimus
727 2545 759 2571 ad
785 2545 915 2571 doctrinae
939 2549 1040 2572 nostra

253 2587 487 2615 conﬁrmationem
501 2595 722 2624 argumentorum
734 2590 906 2625 probationes
921 2591 1038 2624 edidere;

290 2643 300 2658 ⁶
319 2641 410 2670 lCor.
429 2651 459 2674 tt,
473 2643 500 2670 4.
539 2644 549 2659 ⁷
576 2646 641 2673 ibid.
659 2645 685 2677 6,
703 2644 729 2672 7.
763 2644 773 2658 ⁸
786 2652 803 2670 ιι
817 2645 880 2672 Cor.
893 2652 934 2677 ιιι,
947 2645 973 2676 5,
989 2645 1017 2673 6.

290 2699 340 2733 (6')
360 2700 480 2733 Πάντας
494 2701 678 2734 ἀνθρώπους.
702 2700 749 2727 Est
774 2701 819 2735 qui
847 2701 933 2735 legere
955 2702 1040 2734 malit,

254 2736 293 2766 εἰς
318 2735 422 2772 πριντας
439 2735 608 2772 ἀνθρώπους.
627 2736 691 2762 Mihi
708 2736 775 2772 nihil
789 2737 947 2772 mutandum
964 2737 1041 2763 vidc-

255 2774 317 2803 tur;
332 2770 459 2805 frequens
475 2770 547 2798 enim
569 2779 633 2798 usus
659 2776 698 2798 est
722 2771 795 2797 verbi
819 2771 1041 2805 εὐαγγελίζεσθαι

256 2814 317 2832 cum
336 2811 456 2833 accusat.
476 2811 528 2832 tam
544 2807 580 2833 rei
594 2814 674 2840 quam
690 2814 820 2839 personat.
846 2807 881 2832 ltu
909 2815 968 2833 mox
990 2815 1041 2833 uo—

256 2846 325 2877 ater:
337 2841 444 2877 Πάντας
455 2841 614 2877 ἀνθρώπους
625 2841 672 2875 τὴν
683 2840 771 2877 ἔνθεον
783 2842 828 2867 καὶ
836 2841 958 2876 οὐράνιον
970 2841 1041 2876 ζωὴν

255 2876 496 2912 ιύαγγελιζομένη·
518 2882 543 2904 et
558 2877 628 2904 infra
643 2885 648 2902 ε
665 2877 704 2903 Τὰ
728 2876 853 2911 μέγιστα,
873 2877 917 2903 καὶ
935 2877 1041 2912 ἀληθῶς

1095 2271 1175 2300 αὑτοῦ
1197 2270 1418 2307 κηρυχθήσεσθαι
1431 2269 1546 2304 καθὸλης
1559 2269 1608 2304 τῆς
1622 2267 1772 2303 ἀνθρώπων
1790 2267 1878 2292 οἰκου-

1091 2318 1184 2353 μένης,
1202 2318 1241 2348 εἰς
1256 2316 1404 2352 μαρτύριον
1427 2315 1493 2341 πᾶσι
1513 2316 1569 2346 τοῖς
1583 2314 1670 2340 ἔθνεσι
1692 2313 1878 2343 Θεσπίσαντος,

1089 2365 1138 2399 τήν
1153 2372 1182 2390 τε
1197 2363 1308 2398 ὕστερόν
1335 2370 1398 2388 ποτε
1415 2362 1550 2388 συστᾶσαν
1565 2362 1597 2396 τῇ
1614 2360 1694 2387 αὑτοῦ
1717 2359 1828 2393 δυνάμει
1849 2358 1879 2390 ἐξ

1090 2412 1215 2438 ἁπάντων
1237 2409 1291 2436 τῶν
1305 2408 1388 2434 ἐθνῶν
1407 2408 1579 2444 Ἐκκλησίαν,
1593 2406 1668 2433 οὔπω
1687 2407 1746 2432 τότε
1760 2404 1820 2431 καθ’
1832 2404 1879 2436 οὓς

1091 2457 1294 2494 ἐνηνθρωπήκει
1319 2455 1428 2492 χρόνους
1452 2455 1603 2490 ὁρωμένην,
1624 2453 1684 2480 οὺδέ
1707 2451 1878 2478 συνεστῶσαν

1091 2512 1144 2534 πω,
1162 2502 1244 2537 ἐνθέῳ
1264 2500 1416 2537 προγνώσει
1440 2501 1573 2536 ἀήττητον
1597 2499 1644 2526 καὶ
1667 2497 1878 2532 ἀκαταμάχητον

1091 2547 1208 2579 ἔσεσθαι,
1223 2547 1269 2573 καὶ
1283 2545 1461 2582 μηδεπώποτε
1474 2545 1526 2572 ὑπὸ
1545 2544 1658 2571 θανάτου
1672 2541 1877 2578 νικηθήσεσθαι,

1092 2594 1201 2620 ἑστάναι
1213 2593 1242 2619 δὲ
1265 2593 1310 2619 καὶ
1344 2592 1436 2628 μένειν
1457 2593 1588 2622 ἄσειστον,
1612 2589 1686 2616 ώσὰν
1700 2590 1742 2615 ἐπ’
1761 2588 1878 2624 dissic-np

1094 2701 1183 2738 ἁγαθᾲ
1196 2701 1298 2733 πάντας
1310 2701 1468 2738 ἀνθρώπους
1483 2697 1709 2738 εὐαγγελίσασθαι
1722 2696 1768 2738 τὸν
1781 2697 1879 2738 ἡμέτε-

1097 2733 1141 2772 ρον
1155 2737 1244 2770 λόγον,
1261 2741 1288 2763 et
1314 2733 1378 2764 alibi
1405 2744 1484 2773 saepe.
1501 2735 1577 2773 Quod
1593 2734 1625 2773 iu_
1636 2734 1702 2773 aliis
1714 2733 1876 2773 quibusdam

1094 2768 1335 2812 verbis-receptum
1351 2776 1401 2800 est.
1417 2768 1487 2798 utin
1502 2770 1599 2801 ποιεῖν,
1617 2768 1790 2804 ἐργάζεσθαι,
1803 2772 1829 2795 et
1843 2768 1878 2795 ni-

1096 2807 1293 2876 ¹¹¹¹ίίὶςᾝρᾱφ
1313 2841 1391 2869 l‘ortc
1408 2840 1551 2876 legendum
1567 2841 1670 2876 χεῖρας.
1686 2839 1764 2866 Eutr.
