  <div class='ocr_page' id='page_1' title='image "/cluster/home/n/w/nwhite01/storage/ocr_20150623/21/njp.32101077772489/023.png"; bbox 0 0 2064 3212; ppageno 0'>
   <div class='ocr_carea' id='block_1_1' title="bbox 259 190 1892 238">
    <p class='ocr_par' dir='ltr' id='par_1_1' title="bbox 259 190 1892 238">
     <span class='ocr_line' id='line_1_1' title="bbox 259 190 1892 238; baseline 0.012 -20"><span class='ocrx_word' id='word_1_1' title='bbox 259 190 295 219; x_wconf 69' lang='lat'><strong>35</strong></span> <span class='ocrx_word' id='word_1_2' title='bbox 586 191 721 220; x_wconf 84' lang='lat' dir='ltr'><strong>EUSEBH</strong></span> <span class='ocrx_word' id='word_1_3' title='bbox 740 193 980 223; x_wconf 67' lang='lat' dir='ltr'><strong>CESARIENSIS</strong></span> <span class='ocrx_word' id='word_1_4' title='bbox 998 196 1072 225; x_wconf 83' lang='lat' dir='ltr'><strong>OPP.</strong></span> <span class='ocrx_word' id='word_1_5' title='bbox 1092 198 1183 228; x_wconf 78' lang='lat' dir='ltr'><strong>PARS</strong></span> <span class='ocrx_word' id='word_1_6' title='bbox 1199 200 1232 228; x_wconf 86' lang='lat' dir='ltr'><strong>ll.</strong></span> <span class='ocrx_word' id='word_1_7' title='bbox 1254 217 1289 222; x_wconf 98' lang='lat'><strong>—</strong></span> <span class='ocrx_word' id='word_1_8' title='bbox 1307 202 1561 234; x_wconf 81' lang='lat' dir='ltr'><strong>APOLOGETICA.</strong></span> <span class='ocrx_word' id='word_1_9' title='bbox 1856 211 1892 238; x_wconf 74' lang='lat'><strong>36</strong></span> 
     </span>
    </p>
   </div>
   <div class='ocr_carea' id='block_1_2' title="bbox 257 249 1036 305">
    <p class='ocr_par' dir='ltr' id='par_1_2' title="bbox 257 249 1036 290">
     <span class='ocr_line' id='line_1_2' title="bbox 257 249 1036 290; baseline 0.008 -14"><span class='ocrx_word' id='word_1_10' title='bbox 257 249 348 277; x_wconf 80' lang='lat' dir='ltr'><strong>uicem</strong></span> <span class='ocrx_word' id='word_1_11' title='bbox 363 254 444 284; x_wconf 86' lang='lat' dir='ltr'><strong>caput</strong></span> <span class='ocrx_word' id='word_1_12' title='bbox 466 249 585 282; x_wconf 89' lang='lat' dir='ltr'><strong>attollit,</strong></span> <span class='ocrx_word' id='word_1_13' title='bbox 608 258 642 278; x_wconf 86' lang='lat' dir='ltr'><strong>ac</strong></span> <span class='ocrx_word' id='word_1_14' title='bbox 669 251 747 280; x_wconf 87' lang='lat' dir='ltr'><strong>novis</strong></span> <span class='ocrx_word' id='word_1_15' title='bbox 763 253 885 287; x_wconf 85' lang='lat' dir='ltr'><strong>quotidie</strong></span> <span class='ocrx_word' id='word_1_16' title='bbox 905 253 1036 290; x_wconf 82' lang='lat' dir='ltr'><strong>dignitati:</strong></span> 
     </span>
    </p>
   </div>
   <div class='ocr_carea' id='block_1_3' title="bbox 1089 249 1892 305">
    <p class='ocr_par' dir='ltr' id='par_1_3' title="bbox 1098 257 1892 305">
     <span class='ocr_line' id='line_1_3' title="bbox 1098 257 1892 305; baseline 0.015 -22"><span class='ocrx_word' id='word_1_17' title='bbox 1098 257 1205 305; x_wconf 59' lang='grc' dir='ltr'>ἐχθροῖς</span> <span class='ocrx_word' id='word_1_18' title='bbox 1221 260 1268 286; x_wconf 72' lang='grc' dir='ltr'>καὶ</span> <span class='ocrx_word' id='word_1_19' title='bbox 1286 261 1426 296; x_wconf 86' lang='grc' dir='ltr'>πολεμίοις</span> <span class='ocrx_word' id='word_1_20' title='bbox 1449 262 1584 291; x_wconf 85' lang='grc' dir='ltr'>δουλείαν.</span> <span class='ocrx_word' id='word_1_21' title='bbox 1605 265 1638 291; x_wconf 76' lang='grc' dir='ltr'><strong>Ἀ</strong></span> <span class='ocrx_word' id='word_1_22' title='bbox 1660 266 1707 293; x_wconf 82' lang='grc' dir='ltr'><strong>καὶ</strong></span> <span class='ocrx_word' id='word_1_23' title='bbox 1725 268 1784 300; x_wconf 87' lang='grc' dir='ltr'>ταῖς</span> <span class='ocrx_word' id='word_1_24' title='bbox 1807 270 1892 305; x_wconf 74' lang='grc' dir='ltr'>προρ-</span> 
     </span>
    </p>
   </div>
   <div class='ocr_carea' id='block_1_4' title="bbox 258 294 1050 333">
    <p class='ocr_par' dir='ltr' id='par_1_4' title="bbox 258 294 1050 333">
     <span class='ocr_line' id='line_1_4' title="bbox 258 294 1050 333; baseline 0.009 -12"><span class='ocrx_word' id='word_1_25' title='bbox 258 294 434 322; x_wconf 86' lang='lat' dir='ltr'><strong>incrementis</strong></span> <span class='ocrx_word' id='word_1_26' title='bbox 451 301 541 327; x_wconf 83' lang='lat' dir='ltr'><strong>aucta,</strong></span> <span class='ocrx_word' id='word_1_27' title='bbox 555 295 671 330; x_wconf 85' lang='lat' dir='ltr'><strong>spiritali</strong></span> <span class='ocrx_word' id='word_1_28' title='bbox 689 304 721 324; x_wconf 89' lang='lat' dir='ltr'><strong>ac</strong></span> <span class='ocrx_word' id='word_1_29' title='bbox 736 297 830 325; x_wconf 86' lang='lat' dir='ltr'><strong>divino</strong></span> <span class='ocrx_word' id='word_1_30' title='bbox 840 299 994 333; x_wconf 64' lang='lat' dir='ltr'><strong>praedicata;</strong></span> <span class='ocrx_word' id='word_1_31' title='bbox 1015 301 1050 328; x_wconf 88' lang='lat' dir='ltr'><strong>ab</strong></span> 
     </span>
    </p>
   </div>
   <div class='ocr_carea' id='block_1_5' title="bbox 258 340 1049 377">
    <p class='ocr_par' dir='ltr' id='par_1_5' title="bbox 258 340 1049 377">
     <span class='ocr_line' id='line_1_5' title="bbox 258 340 1049 377; baseline 0.009 -10"><span class='ocrx_word' id='word_1_32' title='bbox 258 340 306 368; x_wconf 93' lang='lat' dir='ltr'><strong>illo</strong></span> <span class='ocrx_word' id='word_1_33' title='bbox 322 340 430 375; x_wconf 87' lang='lat' dir='ltr'><strong>pietatis</strong></span> <span class='ocrx_word' id='word_1_34' title='bbox 450 340 555 376; x_wconf 75' lang='lat' dir='ltr'><strong>fulgore</strong></span> <span class='ocrx_word' id='word_1_35' title='bbox 570 342 670 376; x_wconf 87' lang='lat' dir='ltr'><strong>passim</strong></span> <span class='ocrx_word' id='word_1_36' title='bbox 684 342 720 370; x_wconf 87' lang='lat' dir='ltr'><strong>ita</strong></span> <span class='ocrx_word' id='word_1_37' title='bbox 736 348 908 377; x_wconf 79' lang='lat' dir='ltr'><strong>coruscat,ut</strong></span> <span class='ocrx_word' id='word_1_38' title='bbox 920 354 975 373; x_wconf 92' lang='lat' dir='ltr'><strong>non</strong></span> <span class='ocrx_word' id='word_1_39' title='bbox 989 347 1049 374; x_wconf 85' lang='lat' dir='ltr'><strong>suis</strong></span> 
     </span>
    </p>
   </div>
   <div class='ocr_carea' id='block_1_6' title="bbox 258 387 1049 424">
    <p class='ocr_par' dir='ltr' id='par_1_6' title="bbox 258 387 1049 424">
     <span class='ocr_line' id='line_1_6' title="bbox 258 387 1049 424; baseline 0.01 -11"><span class='ocrx_word' id='word_1_40' title='bbox 258 391 365 414; x_wconf 86' lang='lat' dir='ltr'><strong>tantum</strong></span> <span class='ocrx_word' id='word_1_41' title='bbox 383 387 518 420; x_wconf 90' lang='lat' dir='ltr'><strong>hostibus,</strong></span> <span class='ocrx_word' id='word_1_42' title='bbox 535 388 582 414; x_wconf 89' lang='lat' dir='ltr'><strong>sed</strong></span> <span class='ocrx_word' id='word_1_43' title='bbox 599 395 634 415; x_wconf 89' lang='lat' dir='ltr'><strong>ne</strong></span> <span class='ocrx_word' id='word_1_44' title='bbox 657 389 723 423; x_wconf 89' lang='lat' dir='ltr'><strong>ipsis</strong></span> <span class='ocrx_word' id='word_1_45' title='bbox 734 390 844 424; x_wconf 82' lang='lat' dir='ltr'><strong>quidem</strong></span> <span class='ocrx_word' id='word_1_46' title='bbox 867 392 965 420; x_wconf 88' lang='lat' dir='ltr'><strong>mortis</strong></span> <span class='ocrx_word' id='word_1_47' title='bbox 983 392 1049 421; x_wconf 83' lang='lat' dir='ltr'><strong>fori—</strong></span> 
     </span>
    </p>
   </div>
   <div class='ocr_carea' id='block_1_7' title="bbox 258 432 1047 472">
    <p class='ocr_par' dir='ltr' id='par_1_7' title="bbox 258 432 1047 472">
     <span class='ocr_line' id='line_1_7' title="bbox 258 432 1047 472; baseline 0.008 -13"><span class='ocrx_word' id='word_1_48' title='bbox 258 432 310 459; x_wconf 90' lang='lat' dir='ltr'><strong>bus</strong></span> <span class='ocrx_word' id='word_1_49' title='bbox 326 432 366 459; x_wconf 85' lang='lat' dir='ltr'><strong>vel</strong></span> <span class='ocrx_word' id='word_1_50' title='bbox 381 433 514 460; x_wconf 84' lang='lat' dir='ltr'><strong>tanlillum</strong></span> <span class='ocrx_word' id='word_1_51' title='bbox 531 433 670 460; x_wconf 87' lang='lat' dir='ltr'><strong>debilitata</strong></span> <span class='ocrx_word' id='word_1_52' title='bbox 687 435 827 462; x_wconf 79' lang='lat' dir='ltr'><strong>concedat.</strong></span> <span class='ocrx_word' id='word_1_53' title='bbox 849 436 914 469; x_wconf 72' lang='lat' dir='ltr'><strong>Quae</strong></span> <span class='ocrx_word' id='word_1_54' title='bbox 937 438 1047 472; x_wconf 88' lang='lat' dir='ltr'><strong>quidem</strong></span> 
     </span>
    </p>
   </div>
   <div class='ocr_carea' id='block_1_8' title="bbox 256 480 1047 517">
    <p class='ocr_par' dir='ltr' id='par_1_8' title="bbox 256 480 1047 517">
     <span class='ocr_line' id='line_1_8' title="bbox 256 480 1047 517; baseline 0.009 -11"><span class='ocrx_word' id='word_1_55' title='bbox 256 480 350 506; x_wconf 83' lang='lat' dir='ltr'><strong>omnia</strong></span> <span class='ocrx_word' id='word_1_56' title='bbox 365 480 429 507; x_wconf 87' lang='lat' dir='ltr'><strong>huic</strong></span> <span class='ocrx_word' id='word_1_57' title='bbox 445 480 494 507; x_wconf 86' lang='lat' dir='ltr'><strong>uni</strong></span> <span class='ocrx_word' id='word_1_58' title='bbox 517 480 551 507; x_wconf 85' lang='lat' dir='ltr'><strong>ab</strong></span> <span class='ocrx_word' id='word_1_59' title='bbox 576 487 609 507; x_wconf 88' lang='lat' dir='ltr'><strong>eo</strong></span> <span class='ocrx_word' id='word_1_60' title='bbox 632 482 768 515; x_wconf 88' lang='lat' dir='ltr'><strong>quondam</strong></span> <span class='ocrx_word' id='word_1_61' title='bbox 788 483 900 517; x_wconf 69' lang='lat' dir='ltr'><strong>prolatae</strong></span> <span class='ocrx_word' id='word_1_62' title='bbox 924 485 983 512; x_wconf 90' lang='lat' dir='ltr'><strong>voci</strong></span> <span class='ocrx_word' id='word_1_63' title='bbox 1000 493 1047 513; x_wconf 88' lang='lat' dir='ltr'><strong>ac-</strong></span> 
     </span>
    </p>
   </div>
   <div class='ocr_carea' id='block_1_9' title="bbox 254 526 1047 563">
    <p class='ocr_par' dir='ltr' id='par_1_9' title="bbox 254 526 1047 563">
     <span class='ocr_line' id='line_1_9' title="bbox 254 526 1047 563; baseline 0.009 -11"><span class='ocrx_word' id='word_1_64' title='bbox 254 530 333 560; x_wconf 85' lang='lat' dir='ltr'><strong>cepta</strong></span> <span class='ocrx_word' id='word_1_65' title='bbox 344 526 451 553; x_wconf 87' lang='lat' dir='ltr'><strong>ferenda</strong></span> <span class='ocrx_word' id='word_1_66' title='bbox 471 530 534 554; x_wconf 85' lang='lat' dir='ltr'><strong>sunt</strong></span> <span class='ocrx_word' id='word_1_67' title='bbox 544 527 554 542; x_wconf 85' lang='grc'>⁹</span> <span class='ocrx_word' id='word_1_68' title='bbox 569 536 576 554; x_wconf 89' lang='lat'>:</span> <span class='ocrx_word' id='word_1_69' title='bbox 591 536 600 552; x_wconf 87' lang='grc'><strong>‹</strong></span> <span class='ocrx_word' id='word_1_70' title='bbox 615 526 701 562; x_wconf 85' lang='lat' dir='ltr'><strong>Super</strong></span> <span class='ocrx_word' id='word_1_71' title='bbox 712 528 782 555; x_wconf 89' lang='lat' dir='ltr'><strong>hanc</strong></span> <span class='ocrx_word' id='word_1_72' title='bbox 793 534 896 563; x_wconf 79' lang='lat' dir='ltr'><strong>petram</strong></span> <span class='ocrx_word' id='word_1_73' title='bbox 907 531 1047 559; x_wconf 78' lang='lat' dir='ltr'><strong>:ediﬁcabo</strong></span> 
     </span>
    </p>
   </div>
   <div class='ocr_carea' id='block_1_10' title="bbox 254 571 1046 610">
    <p class='ocr_par' dir='ltr' id='par_1_10' title="bbox 254 571 1046 610">
     <span class='ocr_line' id='line_1_10' title="bbox 254 571 1046 610; baseline 0.008 -12"><span class='ocrx_word' id='word_1_74' title='bbox 254 571 406 599; x_wconf 86' lang='lat' dir='ltr'><strong>Ecclesiam</strong></span> <span class='ocrx_word' id='word_1_75' title='bbox 419 579 524 606; x_wconf 84' lang='lat' dir='ltr'><strong>meam,</strong></span> <span class='ocrx_word' id='word_1_76' title='bbox 548 577 574 600; x_wconf 86' lang='lat' dir='ltr'><strong>et</strong></span> <span class='ocrx_word' id='word_1_77' title='bbox 589 577 674 607; x_wconf 66' lang='lat' dir='ltr'><strong>portae</strong></span> <span class='ocrx_word' id='word_1_78' title='bbox 695 574 775 601; x_wconf 85' lang='lat' dir='ltr'><strong>inferi</strong></span> <span class='ocrx_word' id='word_1_79' title='bbox 791 583 844 602; x_wconf 92' lang='lat' dir='ltr'><strong>non</strong></span> <span class='ocrx_word' id='word_1_80' title='bbox 860 577 1046 610; x_wconf 62' lang='lat' dir='ltr'><strong>praevalebunt</strong></span> 
     </span>
    </p>
   </div>
   <div class='ocr_carea' id='block_1_11' title="bbox 254 617 1044 657">
    <p class='ocr_par' dir='ltr' id='par_1_11' title="bbox 254 617 1044 657">
     <span class='ocr_line' id='line_1_11' title="bbox 254 617 1044 657; baseline 0.009 -14"><span class='ocrx_word' id='word_1_81' title='bbox 254 617 386 644; x_wconf 88' lang='lat' dir='ltr'><strong>adversus</strong></span> <span class='ocrx_word' id='word_1_82' title='bbox 404 625 474 644; x_wconf 86' lang='lat' dir='ltr'><strong>eam.</strong></span> <span class='ocrx_word' id='word_1_83' title='bbox 503 627 512 644; x_wconf 78' lang='grc' dir='ltr'><strong>ι</strong></span> <span class='ocrx_word' id='word_1_84' title='bbox 533 617 666 646; x_wconf 69' lang='lat' dir='ltr'><strong>Caeterum</strong></span> <span class='ocrx_word' id='word_1_85' title='bbox 696 620 800 647; x_wconf 92' lang='lat' dir='ltr'><strong>inﬁnita</strong></span> <span class='ocrx_word' id='word_1_86' title='bbox 826 626 890 649; x_wconf 90' lang='lat' dir='ltr'><strong>sunt</strong></span> <span class='ocrx_word' id='word_1_87' title='bbox 915 622 941 649; x_wconf 96' lang='lat' dir='ltr'><strong>id</strong></span> <span class='ocrx_word' id='word_1_88' title='bbox 958 630 1044 657; x_wconf 82' lang='lat' dir='ltr'><strong>genus</strong></span> 
     </span>
    </p>
   </div>
   <div class='ocr_carea' id='block_1_12' title="bbox 253 660 1044 700">
    <p class='ocr_par' dir='ltr' id='par_1_12' title="bbox 253 660 1044 700">
     <span class='ocr_line' id='line_1_12' title="bbox 253 660 1044 700; baseline 0.006 -12"><span class='ocrx_word' id='word_1_89' title='bbox 253 661 306 688; x_wconf 88' lang='lat' dir='ltr'><strong>alia</strong></span> <span class='ocrx_word' id='word_1_90' title='bbox 317 682 324 695; x_wconf 89' lang='lat'><strong>,</strong></span> <span class='ocrx_word' id='word_1_91' title='bbox 350 669 366 688; x_wconf 86' lang='lat' dir='ltr'><strong>a</strong></span> <span class='ocrx_word' id='word_1_92' title='bbox 383 660 528 689; x_wconf 85' lang='lat' dir='ltr'><strong>Servatore</strong></span> <span class='ocrx_word' id='word_1_93' title='bbox 545 667 640 690; x_wconf 89' lang='lat' dir='ltr'><strong>nostro</strong></span> <span class='ocrx_word' id='word_1_94' title='bbox 669 664 850 699; x_wconf 66' lang='lat' dir='ltr'><strong>praenuntiata</strong></span> <span class='ocrx_word' id='word_1_95' title='bbox 863 685 870 698; x_wconf 87' lang='lat'><strong>,</strong></span> <span class='ocrx_word' id='word_1_96' title='bbox 901 666 1001 700; x_wconf 91' lang='lat' dir='ltr'><strong>quibus</strong></span> <span class='ocrx_word' id='word_1_97' title='bbox 1016 667 1044 693; x_wconf 90' lang='lat' dir='ltr'><strong>in</strong></span> 
     </span>
    </p>
   </div>
   <div class='ocr_carea' id='block_1_13' title="bbox 252 707 1043 747">
    <p class='ocr_par' dir='ltr' id='par_1_13' title="bbox 252 707 1043 747">
     <span class='ocr_line' id='line_1_13' title="bbox 252 707 1043 747; baseline 0.006 -13"><span class='ocrx_word' id='word_1_98' title='bbox 252 707 392 742; x_wconf 88' lang='lat' dir='ltr'><strong>proprium</strong></span> <span class='ocrx_word' id='word_1_99' title='bbox 406 715 438 735; x_wconf 89' lang='lat' dir='ltr'><strong>ac</strong></span> <span class='ocrx_word' id='word_1_100' title='bbox 453 708 592 743; x_wconf 82' lang='lat' dir='ltr'><strong>singulare</strong></span> <span class='ocrx_word' id='word_1_101' title='bbox 607 715 797 745; x_wconf 80' lang='lat' dir='ltr'><strong>argumentum</strong></span> <span class='ocrx_word' id='word_1_102' title='bbox 816 711 962 747; x_wconf 87' lang='lat' dir='ltr'><strong>locumque</strong></span> <span class='ocrx_word' id='word_1_103' title='bbox 975 720 1043 739; x_wconf 82' lang='lat' dir='ltr'><strong>con-</strong></span> 
     </span>
    </p>
   </div>
   <div class='ocr_carea' id='block_1_14' title="bbox 252 755 1043 790">
    <p class='ocr_par' dir='ltr' id='par_1_14' title="bbox 252 755 1043 790">
     <span class='ocr_line' id='line_1_14' title="bbox 252 755 1043 790; baseline 0.009 -10"><span class='ocrx_word' id='word_1_104' title='bbox 252 755 346 788; x_wconf 78' lang='lat' dir='ltr'><strong>gestis,</strong></span> <span class='ocrx_word' id='word_1_105' title='bbox 365 755 432 781; x_wconf 92' lang='lat' dir='ltr'><strong>dum</strong></span> <span class='ocrx_word' id='word_1_106' title='bbox 458 761 640 790; x_wconf 89' lang='lat' dir='ltr'><strong>congruentes</strong></span> <span class='ocrx_word' id='word_1_107' title='bbox 663 761 690 784; x_wconf 89' lang='lat' dir='ltr'><strong>et</strong></span> <span class='ocrx_word' id='word_1_108' title='bbox 716 762 916 786; x_wconf 87' lang='lat' dir='ltr'><strong>consentaneos</strong></span> <span class='ocrx_word' id='word_1_109' title='bbox 942 759 1043 787; x_wconf 79' lang='lat' dir='ltr'><strong>divinis</strong></span> 
     </span>
    </p>
   </div>
   <div class='ocr_carea' id='block_1_15' title="bbox 251 796 1043 836">
    <p class='ocr_par' dir='ltr' id='par_1_15' title="bbox 251 796 1043 836">
     <span class='ocr_line' id='line_1_15' title="bbox 251 796 1043 836; baseline 0.01 -13"><span class='ocrx_word' id='word_1_110' title='bbox 251 796 310 831; x_wconf 86' lang='lat' dir='ltr'><strong>ejus</strong></span> <span class='ocrx_word' id='word_1_111' title='bbox 338 798 570 832; x_wconf 67' lang='lat' dir='ltr'><strong>praesensionibus</strong></span> <span class='ocrx_word' id='word_1_112' title='bbox 594 808 685 828; x_wconf 88' lang='lat' dir='ltr'><strong>rerum</strong></span> <span class='ocrx_word' id='word_1_113' title='bbox 712 801 834 836; x_wconf 88' lang='lat' dir='ltr'><strong>ipsarum</strong></span> <span class='ocrx_word' id='word_1_114' title='bbox 860 803 950 831; x_wconf 83' lang='lat' dir='ltr'><strong>exitus</strong></span> <span class='ocrx_word' id='word_1_115' title='bbox 980 808 1043 831; x_wconf 88' lang='lat' dir='ltr'><strong>ante</strong></span> 
     </span>
    </p>
   </div>
   <div class='ocr_carea' id='block_1_16' title="bbox 250 842 1041 882">
    <p class='ocr_par' dir='ltr' id='par_1_16' title="bbox 250 842 1041 882">
     <span class='ocr_line' id='line_1_16' title="bbox 250 842 1041 882; baseline 0.008 -13"><span class='ocrx_word' id='word_1_116' title='bbox 250 842 347 870; x_wconf 89' lang='lat' dir='ltr'><strong>oculos</strong></span> <span class='ocrx_word' id='word_1_117' title='bbox 360 843 499 878; x_wconf 88' lang='lat' dir='ltr'><strong>ponimus,</strong></span> <span class='ocrx_word' id='word_1_118' title='bbox 515 853 610 872; x_wconf 87' lang='lat' dir='ltr'><strong>eorum</strong></span> <span class='ocrx_word' id='word_1_119' title='bbox 626 853 685 880; x_wconf 72' lang='lat' dir='ltr'><strong>quae</strong></span> <span class='ocrx_word' id='word_1_120' title='bbox 703 846 782 873; x_wconf 89' lang='lat' dir='ltr'><strong>nobis</strong></span> <span class='ocrx_word' id='word_1_121' title='bbox 797 847 830 874; x_wconf 91' lang='lat' dir='ltr'><strong>de</strong></span> <span class='ocrx_word' id='word_1_122' title='bbox 850 847 908 882; x_wconf 87' lang='lat' dir='ltr'><strong>ipso</strong></span> <span class='ocrx_word' id='word_1_123' title='bbox 925 855 1041 882; x_wconf 90' lang='lat' dir='ltr'><strong>persua-</strong></span> 
     </span>
    </p>
   </div>
   <div class='ocr_carea' id='block_1_17' title="bbox 251 888 1041 922">
    <p class='ocr_par' dir='ltr' id='par_1_17' title="bbox 251 888 1041 922">
     <span class='ocr_line' id='line_1_17' title="bbox 251 888 1041 922; baseline 0.008 -6"><span class='ocrx_word' id='word_1_124' title='bbox 251 888 359 921; x_wconf 88' lang='lat' dir='ltr'><strong>demus,</strong></span> <span class='ocrx_word' id='word_1_125' title='bbox 382 891 526 918; x_wconf 82' lang='lat' dir='ltr'><strong>certiorem</strong></span> <span class='ocrx_word' id='word_1_126' title='bbox 543 892 618 921; x_wconf 87' lang='lat' dir='ltr'><strong>omni</strong></span> <span class='ocrx_word' id='word_1_127' title='bbox 633 892 802 920; x_wconf 79' lang='lat' dir='ltr'><strong>dubitatione</strong></span> <span class='ocrx_word' id='word_1_128' title='bbox 814 893 956 920; x_wconf 81' lang='lat' dir='ltr'><strong>veritatem</strong></span> <span class='ocrx_word' id='word_1_129' title='bbox 981 902 1041 922; x_wconf 87' lang='lat' dir='ltr'><strong>esse</strong></span> 
     </span>
    </p>
   </div>
   <div class='ocr_carea' id='block_1_18' title="bbox 1104 302 1892 349">
    <p class='ocr_par' dir='ltr' id='par_1_18' title="bbox 1104 302 1892 349">
     <span class='ocr_line' id='line_1_18' title="bbox 1104 302 1892 349; baseline 0.018 -21"><span class='ocrx_word' id='word_1_130' title='bbox 1104 302 1215 337; x_wconf 82' lang='grc' dir='ltr'>ῥήσεσιν</span> <span class='ocrx_word' id='word_1_131' title='bbox 1236 305 1402 340; x_wconf 85' lang='grc' dir='ltr'>ἀκολούθως,</span> <span class='ocrx_word' id='word_1_132' title='bbox 1427 307 1496 341; x_wconf 79' lang='grc' dir='ltr'>μετὰ</span> <span class='ocrx_word' id='word_1_133' title='bbox 1521 307 1571 344; x_wconf 82' lang='grc' dir='ltr'>τὴν</span> <span class='ocrx_word' id='word_1_134' title='bbox 1592 309 1639 336; x_wconf 84' lang='grc' dir='ltr'>τοῦ</span> <span class='ocrx_word' id='word_1_135' title='bbox 1663 310 1789 347; x_wconf 78' lang='grc' dir='ltr'>Σωτῆρος</span> <span class='ocrx_word' id='word_1_136' title='bbox 1813 302 1892 349; x_wconf 65' lang='grc' dir='ltr'><strong>ήμῶν</strong></span> 
     </span>
    </p>
   </div>
   <div class='ocr_carea' id='block_1_19' title="bbox 1103 349 1891 392">
    <p class='ocr_par' dir='ltr' id='par_1_19' title="bbox 1103 349 1891 392">
     <span class='ocr_line' id='line_1_19' title="bbox 1103 349 1891 392; baseline 0.014 -18"><span class='ocrx_word' id='word_1_137' title='bbox 1103 349 1263 383; x_wconf 84' lang='grc' dir='ltr'><strong>παρουσίαν,</strong></span> <span class='ocrx_word' id='word_1_138' title='bbox 1282 351 1421 385; x_wconf 83' lang='grc' dir='ltr'>φαίνονται</span> <span class='ocrx_word' id='word_1_139' title='bbox 1439 353 1611 387; x_wconf 84' lang='grc' dir='ltr'>πεπονθότες.</span> <span class='ocrx_word' id='word_1_140' title='bbox 1634 355 1696 381; x_wconf 76' lang='grc' dir='ltr'><strong>Ἐπὶ</strong></span> <span class='ocrx_word' id='word_1_141' title='bbox 1716 357 1832 391; x_wconf 84' lang='grc' dir='ltr'><strong>τούτοις,</strong></span> <span class='ocrx_word' id='word_1_142' title='bbox 1849 359 1891 392; x_wconf 83' lang='grc' dir='ltr'><strong>τίς</strong></span> 
     </span>
    </p>
   </div>
   <div class='ocr_carea' id='block_1_20' title="bbox 1101 394 1890 439">
    <p class='ocr_par' dir='ltr' id='par_1_20' title="bbox 1101 394 1890 439">
     <span class='ocr_line' id='line_1_20' title="bbox 1101 394 1890 439; baseline 0.014 -19"><span class='ocrx_word' id='word_1_143' title='bbox 1101 394 1152 421; x_wconf 77' lang='grc' dir='ltr'>οὐκ</span> <span class='ocrx_word' id='word_1_144' title='bbox 1178 394 1211 422; x_wconf 83' lang='grc' dir='ltr'>ἂν</span> <span class='ocrx_word' id='word_1_145' title='bbox 1234 396 1382 433; x_wconf 81' lang='grc' dir='ltr'><strong>ἐκπλαγείη</strong></span> <span class='ocrx_word' id='word_1_146' title='bbox 1407 399 1461 425; x_wconf 86' lang='grc' dir='ltr'><strong>τῶν</strong></span> <span class='ocrx_word' id='word_1_147' title='bbox 1486 399 1575 425; x_wconf 72' lang='grc' dir='ltr'>αὐτῶν</span> <span class='ocrx_word' id='word_1_148' title='bbox 1601 401 1707 428; x_wconf 84' lang='grc' dir='ltr'>ἀκούων</span> <span class='ocrx_word' id='word_1_149' title='bbox 1732 404 1890 439; x_wconf 79' lang='grc' dir='ltr'><strong>προφητῶν,</strong></span> 
     </span>
    </p>
   </div>
   <div class='ocr_carea' id='block_1_21' title="bbox 1103 439 1892 480">
    <p class='ocr_par' dir='ltr' id='par_1_21' title="bbox 1103 439 1892 480">
     <span class='ocr_line' id='line_1_21' title="bbox 1103 439 1892 480; baseline 0.015 -15"><span class='ocrx_word' id='word_1_150' title='bbox 1103 439 1171 474; x_wconf 82' lang='grc' dir='ltr'>μετὰ</span> <span class='ocrx_word' id='word_1_151' title='bbox 1187 441 1238 476; x_wconf 87' lang='grc' dir='ltr'>τὴν</span> <span class='ocrx_word' id='word_1_152' title='bbox 1254 442 1373 478; x_wconf 77' lang='grc' dir='ltr'><strong>Χριστοῦ</strong></span> <span class='ocrx_word' id='word_1_153' title='bbox 1388 445 1548 479; x_wconf 82' lang='grc' dir='ltr'><strong>παρουσίαν,</strong></span> <span class='ocrx_word' id='word_1_154' title='bbox 1560 445 1609 480; x_wconf 81' lang='grc' dir='ltr'>τὴν</span> <span class='ocrx_word' id='word_1_155' title='bbox 1622 446 1675 473; x_wconf 84' lang='grc' dir='ltr'>τῶν</span> <span class='ocrx_word' id='word_1_156' title='bbox 1683 447 1814 476; x_wconf 83' lang='grc' dir='ltr'>Ἰουδαίων</span> <span class='ocrx_word' id='word_1_157' title='bbox 1827 449 1892 477; x_wconf 78' lang='grc' dir='ltr'><strong>ἁπό-</strong></span> 
     </span>
    </p>
   </div>
   <div class='ocr_carea' id='block_1_22' title="bbox 1101 487 1890 528">
    <p class='ocr_par' dir='ltr' id='par_1_22' title="bbox 1101 487 1890 528">
     <span class='ocr_line' id='line_1_22' title="bbox 1101 487 1890 528; baseline 0.013 -16"><span class='ocrx_word' id='word_1_158' title='bbox 1101 494 1214 519; x_wconf 81' lang='grc' dir='ltr'>πτωσιν,</span> <span class='ocrx_word' id='word_1_159' title='bbox 1231 487 1281 523; x_wconf 86' lang='grc' dir='ltr'>τὴν</span> <span class='ocrx_word' id='word_1_160' title='bbox 1297 488 1351 515; x_wconf 82' lang='grc' dir='ltr'>τῶν</span> <span class='ocrx_word' id='word_1_161' title='bbox 1371 489 1457 516; x_wconf 80' lang='grc' dir='ltr'>ἐθνῶν</span> <span class='ocrx_word' id='word_1_162' title='bbox 1473 491 1576 526; x_wconf 77' lang='grc' dir='ltr'>κλῆσιν,</span> <span class='ocrx_word' id='word_1_163' title='bbox 1596 491 1734 528; x_wconf 84' lang='grc' dir='ltr'>λαμπραῖς</span> <span class='ocrx_word' id='word_1_164' title='bbox 1749 495 1797 520; x_wconf 79' lang='grc' dir='ltr'>καὶ</span> <span class='ocrx_word' id='word_1_165' title='bbox 1812 495 1890 522; x_wconf 79' lang='grc' dir='ltr'>διαυ-</span> 
     </span>
    </p>
   </div>
   <div class='ocr_carea' id='block_1_23' title="bbox 1099 531 1890 576">
    <p class='ocr_par' dir='ltr' id='par_1_23' title="bbox 1099 531 1890 576">
     <span class='ocr_line' id='line_1_23' title="bbox 1099 531 1890 576; baseline 0.015 -19"><span class='ocrx_word' id='word_1_166' title='bbox 1099 531 1160 566; x_wconf 84' lang='grc' dir='ltr'>γέσι</span> <span class='ocrx_word' id='word_1_167' title='bbox 1175 535 1276 566; x_wconf 71' lang='grc' dir='ltr'>φωναῖς</span> <span class='ocrx_word' id='word_1_168' title='bbox 1293 534 1539 572; x_wconf 77' lang='grc' dir='ltr'>εὐαγγελιζομὲνην</span> <span class='ocrx_word' id='word_1_169' title='bbox 1555 537 1611 573; x_wconf 84' lang='grc'><strong>(8);</strong></span> <span class='ocrx_word' id='word_1_170' title='bbox 1628 539 1664 565; x_wconf 87' lang='grc' dir='ltr'><strong><em>Ἦ</em></strong></span> <span class='ocrx_word' id='word_1_171' title='bbox 1680 540 1728 566; x_wconf 77' lang='grc' dir='ltr'><strong>καὶ</strong></span> <span class='ocrx_word' id='word_1_172' title='bbox 1750 541 1819 576; x_wconf 82' lang='grc' dir='ltr'>αὐτὴ</span> <span class='ocrx_word' id='word_1_173' title='bbox 1842 542 1890 569; x_wconf 77' lang='grc' dir='ltr'><strong>ἄν·-</strong></span> 
     </span>
    </p>
   </div>
   <div class='ocr_carea' id='block_1_24' title="bbox 1098 579 1887 619">
    <p class='ocr_par' dir='ltr' id='par_1_24' title="bbox 1098 579 1887 619">
     <span class='ocr_line' id='line_1_24' title="bbox 1098 579 1887 619; baseline 0.014 -16"><span class='ocrx_word' id='word_1_174' title='bbox 1098 585 1193 612; x_wconf 82' lang='grc' dir='ltr'>τικρυς</span> <span class='ocrx_word' id='word_1_175' title='bbox 1213 580 1252 610; x_wconf 82' lang='lat' dir='ltr'><strong>si;</strong></span> <span class='ocrx_word' id='word_1_176' title='bbox 1267 579 1346 615; x_wconf 79' lang='grc' dir='ltr'>ἔργον</span> <span class='ocrx_word' id='word_1_177' title='bbox 1364 581 1487 618; x_wconf 78' lang='grc' dir='ltr'>ἐχώρησε</span> <span class='ocrx_word' id='word_1_178' title='bbox 1503 583 1563 614; x_wconf 84' lang='grc' dir='ltr'>ταῖς</span> <span class='ocrx_word' id='word_1_179' title='bbox 1581 585 1759 619; x_wconf 67' lang='grc' dir='ltr'><strong>προφητείαις</strong></span> <span class='ocrx_word' id='word_1_180' title='bbox 1774 587 1887 614; x_wconf 81' lang='grc' dir='ltr'>ἀκολού-</span> 
     </span>
    </p>
   </div>
   <div class='ocr_carea' id='block_1_25' title="bbox 1099 621 1886 662">
    <p class='ocr_par' dir='ltr' id='par_1_25' title="bbox 1099 621 1886 662">
     <span class='ocr_line' id='line_1_25' title="bbox 1099 621 1886 662; baseline 0.014 -15"><span class='ocrx_word' id='word_1_181' title='bbox 1099 621 1162 654; x_wconf 83' lang='grc' dir='ltr'>θως,</span> <span class='ocrx_word' id='word_1_182' title='bbox 1178 623 1221 649; x_wconf 83' lang='grc' dir='ltr'><strong>διὰ</strong></span> <span class='ocrx_word' id='word_1_183' title='bbox 1234 624 1283 658; x_wconf 81' lang='grc' dir='ltr'>τῆς</span> <span class='ocrx_word' id='word_1_184' title='bbox 1303 625 1349 651; x_wconf 79' lang='grc' dir='ltr'>τοῦ</span> <span class='ocrx_word' id='word_1_185' title='bbox 1367 626 1492 662; x_wconf 80' lang='grc' dir='ltr'><strong>Σωτῆρος</strong></span> <span class='ocrx_word' id='word_1_186' title='bbox 1507 627 1586 662; x_wconf 86' lang='grc' dir='ltr'>ήμῶν</span> <span class='ocrx_word' id='word_1_187' title='bbox 1604 628 1787 662; x_wconf 81' lang='grc' dir='ltr'>διδασκαλίας,</span> <span class='ocrx_word' id='word_1_188' title='bbox 1806 631 1840 658; x_wconf 82' lang='grc' dir='ltr'><strong>δι’</strong></span> <span class='ocrx_word' id='word_1_189' title='bbox 1854 627 1886 658; x_wconf 78' lang='grc' dir='ltr'>οὗ</span> 
     </span>
    </p>
   </div>
   <div class='ocr_carea' id='block_1_26' title="bbox 1098 668 1885 710">
    <p class='ocr_par' dir='ltr' id='par_1_26' title="bbox 1098 668 1885 710">
     <span class='ocr_line' id='line_1_26' title="bbox 1098 668 1885 710; baseline 0.013 -17"><span class='ocrx_word' id='word_1_190' title='bbox 1098 668 1131 694; x_wconf 83' lang='grc' dir='ltr'><strong>ὲκ</strong></span> <span class='ocrx_word' id='word_1_191' title='bbox 1146 669 1245 700; x_wconf 84' lang='grc' dir='ltr'>παντὸς</span> <span class='ocrx_word' id='word_1_192' title='bbox 1258 670 1353 704; x_wconf 79' lang='grc' dir='ltr'><strong>γένους</strong></span> <span class='ocrx_word' id='word_1_193' title='bbox 1371 671 1521 707; x_wconf 85' lang='grc' dir='ltr'>ἀνθρώπων</span> <span class='ocrx_word' id='word_1_194' title='bbox 1535 674 1626 708; x_wconf 84' lang='grc' dir='ltr'>μυρίοι</span> <span class='ocrx_word' id='word_1_195' title='bbox 1642 674 1698 700; x_wconf 77' lang='grc' dir='ltr'>ὅσοι</span> <span class='ocrx_word' id='word_1_196' title='bbox 1711 674 1760 710; x_wconf 83' lang='grc' dir='ltr'>τὴν</span> <span class='ocrx_word' id='word_1_197' title='bbox 1776 675 1829 702; x_wconf 82' lang='grc' dir='ltr'><strong>τῶν</strong></span> <span class='ocrx_word' id='word_1_198' title='bbox 1844 676 1885 704; x_wconf 81' lang='grc' dir='ltr'>ει-</span> 
     </span>
    </p>
   </div>
   <div class='ocr_carea' id='block_1_27' title="bbox 1096 712 1886 753">
    <p class='ocr_par' dir='ltr' id='par_1_27' title="bbox 1096 712 1886 753">
     <span class='ocr_line' id='line_1_27' title="bbox 1096 712 1886 753; baseline 0.013 -15"><span class='ocrx_word' id='word_1_199' title='bbox 1096 712 1187 740; x_wconf 82' lang='grc' dir='ltr'>δώλων</span> <span class='ocrx_word' id='word_1_200' title='bbox 1201 714 1421 750; x_wconf 74' lang='grc' dir='ltr'>ἀποστραφέντες</span> <span class='ocrx_word' id='word_1_201' title='bbox 1434 717 1547 753; x_wconf 80' lang='grc' dir='ltr'>πλάνην,</span> <span class='ocrx_word' id='word_1_202' title='bbox 1565 718 1612 745; x_wconf 81' lang='grc' dir='ltr'>τοῦ</span> <span class='ocrx_word' id='word_1_203' title='bbox 1630 719 1678 745; x_wconf 79' lang='grc' dir='ltr'>ἐπὶ</span> <span class='ocrx_word' id='word_1_204' title='bbox 1696 720 1803 747; x_wconf 82' lang='grc' dir='ltr'>πάντων</span> <span class='ocrx_word' id='word_1_205' title='bbox 1817 721 1886 749; x_wconf 82' lang='grc' dir='ltr'>Θεοῦ</span> 
     </span>
    </p>
   </div>
   <div class='ocr_carea' id='block_1_28' title="bbox 1096 758 1887 802">
    <p class='ocr_par' dir='ltr' id='par_1_28' title="bbox 1096 758 1887 802">
     <span class='ocr_line' id='line_1_28' title="bbox 1096 758 1887 802; baseline 0.01 -17"><span class='ocrx_word' id='word_1_206' title='bbox 1096 758 1145 794; x_wconf 78' lang='grc' dir='ltr'>τὴν</span> <span class='ocrx_word' id='word_1_207' title='bbox 1160 759 1248 796; x_wconf 81' lang='grc' dir='ltr'>ἀληθῆ</span> <span class='ocrx_word' id='word_1_208' title='bbox 1263 760 1362 794; x_wconf 84' lang='grc' dir='ltr'>γνῶσίν</span> <span class='ocrx_word' id='word_1_209' title='bbox 1374 770 1404 788; x_wconf 83' lang='grc' dir='ltr'><strong>τε</strong></span> <span class='ocrx_word' id='word_1_210' title='bbox 1419 762 1465 788; x_wconf 69' lang='grc' dir='ltr'><strong>καὶ</strong></span> <span class='ocrx_word' id='word_1_211' title='bbox 1482 763 1624 790; x_wconf 78' lang='grc' dir='ltr'>εὐσέϐειαν</span> <span class='ocrx_word' id='word_1_212' title='bbox 1638 765 1824 798; x_wconf 78' lang='grc' dir='ltr'><strong>κατεδέξαντο,</strong></span> <span class='ocrx_word' id='word_1_213' title='bbox 1838 775 1887 802; x_wconf 85' lang='grc' dir='ltr'>μο-</span> 
     </span>
    </p>
   </div>
   <div class='ocr_carea' id='block_1_29' title="bbox 1096 805 1884 847">
    <p class='ocr_par' dir='ltr' id='par_1_29' title="bbox 1096 805 1884 847">
     <span class='ocr_line' id='line_1_29' title="bbox 1096 805 1884 847; baseline 0.01 -17"><span class='ocrx_word' id='word_1_214' title='bbox 1096 805 1200 840; x_wconf 76' lang='grc' dir='ltr'>νονουχὶ</span> <span class='ocrx_word' id='word_1_215' title='bbox 1226 806 1399 842; x_wconf 78' lang='grc' dir='ltr'>πιστούμενοι</span> <span class='ocrx_word' id='word_1_216' title='bbox 1423 809 1486 840; x_wconf 81' lang='grc' dir='ltr'>τοὺς</span> <span class='ocrx_word' id='word_1_217' title='bbox 1508 809 1562 835; x_wconf 79' lang='grc' dir='ltr'><strong>τῶν</strong></span> <span class='ocrx_word' id='word_1_218' title='bbox 1587 809 1708 836; x_wconf 84' lang='grc' dir='ltr'>παλαιῶν</span> <span class='ocrx_word' id='word_1_219' title='bbox 1732 813 1884 847; x_wconf 83' lang='grc' dir='ltr'>χρησμοὺς,</span> 
     </span>
    </p>
   </div>
   <div class='ocr_carea' id='block_1_30' title="bbox 1095 850 1885 893">
    <p class='ocr_par' dir='ltr' id='par_1_30' title="bbox 1095 850 1885 893">
     <span class='ocr_line' id='line_1_30' title="bbox 1095 850 1885 893; baseline 0.01 -17"><span class='ocrx_word' id='word_1_220' title='bbox 1095 850 1156 882; x_wconf 87' lang='grc' dir='ltr'>τούς</span> <span class='ocrx_word' id='word_1_221' title='bbox 1171 860 1200 877; x_wconf 87' lang='grc' dir='ltr'><strong>τε</strong></span> <span class='ocrx_word' id='word_1_222' title='bbox 1211 851 1315 885; x_wconf 82' lang='grc' dir='ltr'>ἄλλους,</span> <span class='ocrx_word' id='word_1_223' title='bbox 1331 854 1377 879; x_wconf 81' lang='grc' dir='ltr'><strong>καὶ</strong></span> <span class='ocrx_word' id='word_1_224' title='bbox 1389 853 1420 889; x_wconf 83' lang='grc' dir='ltr'>δὴ</span> <span class='ocrx_word' id='word_1_225' title='bbox 1434 854 1478 880; x_wconf 84' lang='grc' dir='ltr'>τὸν</span> <span class='ocrx_word' id='word_1_226' title='bbox 1492 854 1535 880; x_wconf 82' lang='grc' dir='ltr'>διὰ</span> <span class='ocrx_word' id='word_1_227' title='bbox 1549 854 1596 881; x_wconf 84' lang='grc' dir='ltr'>τοῦ</span> <span class='ocrx_word' id='word_1_228' title='bbox 1615 856 1747 891; x_wconf 82' lang='grc' dir='ltr'>Ἱερεμίου</span> <span class='ocrx_word' id='word_1_229' title='bbox 1762 857 1809 883; x_wconf 82' lang='grc' dir='ltr'>τοῦ</span> <span class='ocrx_word' id='word_1_230' title='bbox 1822 866 1885 893; x_wconf 80' lang='grc' dir='ltr'>προ-</span> 
     </span>
    </p>
   </div>
   <div class='ocr_carea' id='block_1_31' title="bbox 1095 898 1882 940">
    <p class='ocr_par' dir='ltr' id='par_1_31' title="bbox 1095 898 1882 940">
     <span class='ocr_line' id='line_1_31' title="bbox 1095 898 1882 940; baseline 0.009 -17"><span class='ocrx_word' id='word_1_231' title='bbox 1095 898 1190 932; x_wconf 83' lang='grc' dir='ltr'>φήτου,</span> <span class='ocrx_word' id='word_1_232' title='bbox 1210 898 1359 933; x_wconf 80' lang='grc' dir='ltr'>φήσαντος·</span> <span class='ocrx_word' id='word_1_233' title='bbox 1377 908 1387 925; x_wconf 73' lang='grc' dir='ltr'><strong>ι</strong></span> <span class='ocrx_word' id='word_1_234' title='bbox 1406 899 1491 935; x_wconf 82' lang='grc' dir='ltr'>Κύριε</span> <span class='ocrx_word' id='word_1_235' title='bbox 1505 900 1519 926; x_wconf 78' lang='grc' dir='ltr'>ὁ</span> <span class='ocrx_word' id='word_1_236' title='bbox 1531 899 1597 932; x_wconf 81' lang='grc' dir='ltr'>Θεός</span> <span class='ocrx_word' id='word_1_237' title='bbox 1613 909 1673 936; x_wconf 90' lang='grc' dir='ltr'>μου,</span> <span class='ocrx_word' id='word_1_238' title='bbox 1691 901 1759 937; x_wconf 74' lang='grc' dir='ltr'>πρὸς</span> <span class='ocrx_word' id='word_1_239' title='bbox 1774 902 1803 928; x_wconf 80' lang='grc' dir='ltr'><strong>σὲ</strong></span> <span class='ocrx_word' id='word_1_240' title='bbox 1819 903 1882 940; x_wconf 76' lang='grc' dir='ltr'>ἔθνη</span> 
     </span>
    </p>
   </div>
   <div class='ocr_carea' id='block_1_32' title="bbox 249 934 1036 986">
    <p class='ocr_par' dir='ltr' id='par_1_32' title="bbox 249 934 1036 972">
     <span class='ocr_line' id='line_1_32' title="bbox 249 934 1036 972; baseline 0.006 -10"><span class='ocrx_word' id='word_1_241' title='bbox 249 934 483 964; x_wconf 87' lang='lat' dir='ltr'><strong>demonstramus.</strong></span> <span class='ocrx_word' id='word_1_242' title='bbox 500 936 592 972; x_wconf 88' lang='lat' dir='ltr'><strong>Neque</strong></span> <span class='ocrx_word' id='word_1_243' title='bbox 613 945 677 964; x_wconf 90' lang='lat' dir='ltr'><strong>vero</strong></span> <span class='ocrx_word' id='word_1_244' title='bbox 700 938 766 965; x_wconf 76' lang='lat' dir='ltr'><strong>leris</strong></span> <span class='ocrx_word' id='word_1_245' title='bbox 792 943 818 965; x_wconf 86' lang='lat' dir='ltr'><strong>et</strong></span> <span class='ocrx_word' id='word_1_246' title='bbox 845 940 1036 967; x_wconf 64' lang='lat' dir='ltr'><strong>contemnenda</strong></span> 
     </span>
    </p>
   </div>
   <div class='ocr_carea' id='block_1_33' title="bbox 1089 934 1881 986">
    <p class='ocr_par' dir='ltr' id='par_1_33' title="bbox 1095 934 1881 986">
     <span class='ocr_line' id='line_1_33' title="bbox 1095 934 1881 986; baseline 0.01 -18"><span class='ocrx_word' id='word_1_247' title='bbox 1095 942 1204 977; x_wconf 77' lang='grc' dir='ltr'>ἥξουσιν</span> <span class='ocrx_word' id='word_1_248' title='bbox 1218 944 1263 970; x_wconf 82' lang='grc' dir='ltr'><strong>ἀπ’</strong></span> <span class='ocrx_word' id='word_1_249' title='bbox 1281 944 1394 980; x_wconf 77' lang='grc' dir='ltr'><strong>ἐσχάτου</strong></span> <span class='ocrx_word' id='word_1_250' title='bbox 1407 934 1456 981; x_wconf 78' lang='grc' dir='ltr'>τῆς</span> <span class='ocrx_word' id='word_1_251' title='bbox 1470 946 1533 981; x_wconf 78' lang='grc' dir='ltr'>γῆς,</span> <span class='ocrx_word' id='word_1_252' title='bbox 1551 947 1597 973; x_wconf 70' lang='grc' dir='ltr'><strong>καὶ</strong></span> <span class='ocrx_word' id='word_1_253' title='bbox 1613 934 1730 982; x_wconf 54' lang='grc' dir='ltr'>ἐροῦσιν,</span> <span class='ocrx_word' id='word_1_254' title='bbox 1743 949 1780 981; x_wconf 85' lang='grc' dir='ltr'>ὼς</span> <span class='ocrx_word' id='word_1_255' title='bbox 1796 934 1881 986; x_wconf 72' lang='grc' dir='ltr'>ψευδῆ</span> 
     </span>
    </p>
   </div>
   <div class='ocr_carea' id='block_1_34' title="bbox 248 982 1042 1019">
    <p class='ocr_par' dir='ltr' id='par_1_34' title="bbox 248 982 1042 1019">
     <span class='ocr_line' id='line_1_34' title="bbox 248 982 1042 1019; baseline 0.005 -11"><span class='ocrx_word' id='word_1_256' title='bbox 248 986 301 1013; x_wconf 87' lang='lat' dir='ltr'><strong>est,</strong></span> <span class='ocrx_word' id='word_1_257' title='bbox 314 982 336 1009; x_wconf 91' lang='lat' dir='ltr'><strong>si</strong></span> <span class='ocrx_word' id='word_1_258' title='bbox 354 982 388 1008; x_wconf 88' lang='lat' dir='ltr'><strong>ad</strong></span> <span class='ocrx_word' id='word_1_259' title='bbox 405 983 559 1017; x_wconf 83' lang='lat' dir='ltr'><strong>superiores</strong></span> <span class='ocrx_word' id='word_1_260' title='bbox 577 984 758 1019; x_wconf 82' lang='lat' dir='ltr'><strong>adjungatur,</strong></span> <span class='ocrx_word' id='word_1_261' title='bbox 773 985 860 1011; x_wconf 87' lang='lat' dir='ltr'><strong>eidem</strong></span> <span class='ocrx_word' id='word_1_262' title='bbox 877 985 983 1012; x_wconf 84' lang='lat' dir='ltr'><strong>veritati</strong></span> <span class='ocrx_word' id='word_1_263' title='bbox 997 993 1042 1013; x_wconf 88' lang='lat' dir='ltr'><strong>as—</strong></span> 
     </span>
    </p>
   </div>
   <div class='ocr_carea' id='block_1_35' title="bbox 249 1028 1038 1063">
    <p class='ocr_par' dir='ltr' id='par_1_35' title="bbox 249 1028 1038 1063">
     <span class='ocr_line' id='line_1_35' title="bbox 249 1028 1038 1063; baseline 0.006 -9"><span class='ocrx_word' id='word_1_264' title='bbox 249 1028 370 1055; x_wconf 73' lang='lat' dir='ltr'><strong>serendae</strong></span> <span class='ocrx_word' id='word_1_265' title='bbox 386 1028 463 1060; x_wconf 86' lang='lat' dir='ltr'><strong>ﬁdes,</strong></span> <span class='ocrx_word' id='word_1_266' title='bbox 477 1037 559 1063; x_wconf 91' lang='lat' dir='ltr'><strong>quam</strong></span> <span class='ocrx_word' id='word_1_267' title='bbox 575 1037 608 1056; x_wconf 84' lang='lat' dir='ltr'><strong>cx</strong></span> <span class='ocrx_word' id='word_1_268' title='bbox 620 1029 814 1057; x_wconf 89' lang='lat' dir='ltr'><strong>llebraicarum</strong></span> <span class='ocrx_word' id='word_1_269' title='bbox 828 1031 980 1058; x_wconf 87' lang='lat' dir='ltr'><strong>litterarum</strong></span> <span class='ocrx_word' id='word_1_270' title='bbox 999 1036 1038 1059; x_wconf 82' lang='lat' dir='ltr'><strong>te—</strong></span> 
     </span>
    </p>
   </div>
   <div class='ocr_carea' id='block_1_36' title="bbox 247 1073 1036 1112">
    <p class='ocr_par' dir='ltr' id='par_1_36' title="bbox 247 1073 1036 1112">
     <span class='ocr_line' id='line_1_36' title="bbox 247 1073 1036 1112; baseline 0.006 -13"><span class='ocrx_word' id='word_1_271' title='bbox 247 1073 377 1101; x_wconf 90' lang='lat' dir='ltr'><strong>stimonio</strong></span> <span class='ocrx_word' id='word_1_272' title='bbox 393 1075 569 1108; x_wconf 84' lang='lat' dir='ltr'><strong>arcessimus,</strong></span> <span class='ocrx_word' id='word_1_273' title='bbox 588 1084 649 1103; x_wconf 85' lang='lat' dir='ltr'><strong>cum</strong></span> <span class='ocrx_word' id='word_1_274' title='bbox 666 1076 699 1104; x_wconf 89' lang='lat' dir='ltr'><strong>iis</strong></span> <span class='ocrx_word' id='word_1_275' title='bbox 717 1081 778 1104; x_wconf 84' lang='lat' dir='ltr'><strong>ante</strong></span> <span class='ocrx_word' id='word_1_276' title='bbox 804 1081 844 1104; x_wconf 88' lang='lat' dir='ltr'><strong>tot</strong></span> <span class='ocrx_word' id='word_1_277' title='bbox 865 1085 951 1104; x_wconf 90' lang='lat' dir='ltr'><strong>annos</strong></span> <span class='ocrx_word' id='word_1_278' title='bbox 969 1085 1036 1112; x_wconf 67' lang='lat' dir='ltr'><strong>pra:-</strong></span> 
     </span>
    </p>
   </div>
   <div class='ocr_carea' id='block_1_37' title="bbox 1097 989 1882 1029">
    <p class='ocr_par' dir='ltr' id='par_1_37' title="bbox 1097 989 1882 1029">
     <span class='ocr_line' id='line_1_37' title="bbox 1097 989 1882 1029; baseline 0.01 -16"><span class='ocrx_word' id='word_1_279' title='bbox 1097 989 1247 1023; x_wconf 80' lang='grc' dir='ltr'>ὲκτήσαντο</span> <span class='ocrx_word' id='word_1_280' title='bbox 1267 989 1290 1015; x_wconf 78' lang='grc' dir='ltr'>οἱ</span> <span class='ocrx_word' id='word_1_281' title='bbox 1311 990 1428 1025; x_wconf 78' lang='grc' dir='ltr'><strong>πατέρες</strong></span> <span class='ocrx_word' id='word_1_282' title='bbox 1451 991 1531 1026; x_wconf 79' lang='grc' dir='ltr'>ἡμῶν</span> <span class='ocrx_word' id='word_1_283' title='bbox 1553 992 1659 1024; x_wconf 76' lang='grc' dir='ltr'>εἴδωλα,</span> <span class='ocrx_word' id='word_1_284' title='bbox 1678 993 1725 1019; x_wconf 83' lang='grc' dir='ltr'><strong>καὶ</strong></span> <span class='ocrx_word' id='word_1_285' title='bbox 1744 994 1793 1020; x_wconf 74' lang='grc' dir='ltr'>οὐκ</span> <span class='ocrx_word' id='word_1_286' title='bbox 1806 993 1839 1029; x_wconf 88' lang='grc' dir='ltr'>ἦν</span> <span class='ocrx_word' id='word_1_287' title='bbox 1852 997 1882 1022; x_wconf 76' lang='grc' dir='ltr'>ἐν</span> 
     </span>
    </p>
   </div>
   <div class='ocr_carea' id='block_1_38' title="bbox 1091 1034 1880 1075">
    <p class='ocr_par' dir='ltr' id='par_1_38' title="bbox 1091 1034 1880 1075">
     <span class='ocr_line' id='line_1_38' title="bbox 1091 1034 1880 1075; baseline 0.01 -15"><span class='ocrx_word' id='word_1_288' title='bbox 1091 1034 1182 1066; x_wconf 77' lang='grc' dir='ltr'>αὐτοῖς</span> <span class='ocrx_word' id='word_1_289' title='bbox 1198 1035 1326 1069; x_wconf 74' lang='grc' dir='ltr'>ὠφέλεια.</span> <span class='ocrx_word' id='word_1_290' title='bbox 1342 1036 1374 1062; x_wconf 87' lang='grc' dir='ltr'><strong>Εἰ</strong></span> <span class='ocrx_word' id='word_1_291' title='bbox 1390 1037 1528 1072; x_wconf 80' lang='grc' dir='ltr'>ποιήσειεν</span> <span class='ocrx_word' id='word_1_292' title='bbox 1544 1038 1618 1073; x_wconf 85' lang='grc' dir='ltr'><strong>αὑτῷ</strong></span> <span class='ocrx_word' id='word_1_293' title='bbox 1631 1039 1772 1075; x_wconf 81' lang='grc' dir='ltr'>ἄνθρωπος</span> <span class='ocrx_word' id='word_1_294' title='bbox 1793 1040 1880 1074; x_wconf 78' lang='grc' dir='ltr'>θεοὺς,</span> 
     </span>
    </p>
   </div>
   <div class='ocr_carea' id='block_1_39' title="bbox 1090 1078 1480 1113">
    <p class='ocr_par' dir='ltr' id='par_1_39' title="bbox 1090 1078 1480 1113">
     <span class='ocr_line' id='line_1_39' title="bbox 1090 1078 1480 1113; baseline 0.01 -10"><span class='ocrx_word' id='word_1_295' title='bbox 1090 1078 1136 1104; x_wconf 78' lang='grc' dir='ltr'><strong>καὶ</strong></span> <span class='ocrx_word' id='word_1_296' title='bbox 1150 1079 1198 1104; x_wconf 80' lang='grc' dir='ltr'><strong>οὐκ</strong></span> <span class='ocrx_word' id='word_1_297' title='bbox 1210 1079 1276 1105; x_wconf 67' lang='grc' dir='ltr'>εἰσὶν</span> <span class='ocrx_word' id='word_1_298' title='bbox 1293 1087 1366 1106; x_wconf 77' lang='grc' dir='ltr'>ουτοι</span> <span class='ocrx_word' id='word_1_299' title='bbox 1380 1079 1450 1113; x_wconf 73' lang='grc' dir='ltr'>θεοίς</span> <span class='ocrx_word' id='word_1_300' title='bbox 1470 1090 1480 1107; x_wconf 73' lang='grc' dir='ltr'><strong>ι</strong></span> 
     </span>
    </p>
   </div>
   <div class='ocr_carea' id='block_1_40' title="bbox 247 1119 1881 1167">
    <p class='ocr_par' dir='ltr' id='par_1_40' title="bbox 247 1119 1881 1167">
     <span class='ocr_line' id='line_1_40' title="bbox 247 1119 1881 1167; baseline 0.009 -22"><span class='ocrx_word' id='word_1_301' title='bbox 247 1119 364 1146; x_wconf 87' lang='lat' dir='ltr'><strong>sentium</strong></span> <span class='ocrx_word' id='word_1_302' title='bbox 391 1119 526 1146; x_wconf 89' lang='lat' dir='ltr'><strong>bonorum</strong></span> <span class='ocrx_word' id='word_1_303' title='bbox 550 1120 760 1154; x_wconf 72' lang='lat' dir='ltr'><strong>promissionem</strong></span> <span class='ocrx_word' id='word_1_304' title='bbox 790 1120 895 1148; x_wconf 65' lang='lat' dir='ltr'><strong>Hebraei</strong></span> <span class='ocrx_word' id='word_1_305' title='bbox 919 1122 1056 1157; x_wconf 71' lang='lat' dir='ltr'><strong>prophetae</strong></span> <span class='ocrx_word' id='word_1_306' title='bbox 1076 1123 1166 1157; x_wconf 81' lang='lat' dir='ltr'><strong>generi</strong></span> <span class='ocrx_word' id='word_1_307' title='bbox 1193 1124 1346 1151; x_wconf 79' lang='lat' dir='ltr'><strong>mortalium</strong></span> <span class='ocrx_word' id='word_1_308' title='bbox 1376 1125 1502 1153; x_wconf 89' lang='lat' dir='ltr'><strong>universo</strong></span> <span class='ocrx_word' id='word_1_309' title='bbox 1524 1128 1707 1161; x_wconf 73' lang='lat' dir='ltr'><strong>praedicarim,</strong></span> <span class='ocrx_word' id='word_1_310' title='bbox 1740 1130 1881 1167; x_wconf 80' lang='lat' dir='ltr'><strong>ipsiusque</strong></span> 
     </span>
    </p>
   </div>
   <div class='ocr_carea' id='block_1_41' title="bbox 247 1165 1880 1210">
    <p class='ocr_par' dir='ltr' id='par_1_41' title="bbox 247 1165 1880 1210">
     <span class='ocr_line' id='line_1_41' title="bbox 247 1165 1880 1210; baseline 0.007 -18"><span class='ocrx_word' id='word_1_311' title='bbox 247 1166 316 1192; x_wconf 86' lang='lat' dir='ltr'><strong>adeo</strong></span> <span class='ocrx_word' id='word_1_312' title='bbox 330 1165 431 1193; x_wconf 85' lang='lat' dir='ltr'><strong>Christi</strong></span> <span class='ocrx_word' id='word_1_313' title='bbox 449 1166 570 1193; x_wconf 90' lang='lat' dir='ltr'><strong>nominis</strong></span> <span class='ocrx_word' id='word_1_314' title='bbox 593 1167 630 1194; x_wconf 84' lang='lat' dir='ltr'><strong>ita</strong></span> <span class='ocrx_word' id='word_1_315' title='bbox 647 1166 838 1199; x_wconf 87' lang='lat' dir='ltr'><strong>meminerint,</strong></span> <span class='ocrx_word' id='word_1_316' title='bbox 859 1172 889 1194; x_wconf 93' lang='lat' dir='ltr'><strong>ut</strong></span> <span class='ocrx_word' id='word_1_317' title='bbox 913 1167 1034 1195; x_wconf 80' lang='lat' dir='ltr'><strong>futurum</strong></span> <span class='ocrx_word' id='word_1_318' title='bbox 1056 1168 1138 1196; x_wconf 88' lang='lat' dir='ltr'><strong>simul</strong></span> <span class='ocrx_word' id='word_1_319' title='bbox 1163 1169 1197 1196; x_wconf 91' lang='lat' dir='ltr'><strong>ad</strong></span> <span class='ocrx_word' id='word_1_320' title='bbox 1222 1170 1345 1198; x_wconf 87' lang='lat' dir='ltr'><strong>homines</strong></span> <span class='ocrx_word' id='word_1_321' title='bbox 1372 1171 1494 1206; x_wconf 86' lang='lat' dir='ltr'><strong>ejusdem</strong></span> <span class='ocrx_word' id='word_1_322' title='bbox 1522 1173 1668 1202; x_wconf 86' lang='lat' dir='ltr'><strong>adventum</strong></span> <span class='ocrx_word' id='word_1_323' title='bbox 1695 1165 1880 1210; x_wconf 69' lang='lat' dir='ltr'><strong>praedixerint.</strong></span> 
     </span>
    </p>
   </div>
   <div class='ocr_carea' id='block_1_42' title="bbox 245 1211 1879 1256">
    <p class='ocr_par' dir='ltr' id='par_1_42' title="bbox 245 1211 1879 1256">
     <span class='ocr_line' id='line_1_42' title="bbox 245 1211 1879 1256; baseline 0.009 -19"><span class='ocrx_word' id='word_1_324' title='bbox 245 1211 321 1238; x_wconf 85' lang='lat' dir='ltr'><strong>Adde</strong></span> <span class='ocrx_word' id='word_1_325' title='bbox 337 1211 410 1246; x_wconf 90' lang='lat' dir='ltr'><strong>quod</strong></span> <span class='ocrx_word' id='word_1_326' title='bbox 431 1219 530 1239; x_wconf 91' lang='lat' dir='ltr'><strong>novum</strong></span> <span class='ocrx_word' id='word_1_327' title='bbox 557 1212 639 1239; x_wconf 89' lang='lat' dir='ltr'><strong>etiam</strong></span> <span class='ocrx_word' id='word_1_328' title='bbox 673 1217 700 1239; x_wconf 88' lang='lat' dir='ltr'><strong>et</strong></span> <span class='ocrx_word' id='word_1_329' title='bbox 720 1213 854 1245; x_wconf 85' lang='lat' dir='ltr'><strong>insolens,</strong></span> <span class='ocrx_word' id='word_1_330' title='bbox 871 1222 932 1248; x_wconf 64' lang='lat' dir='ltr'><strong>qua:</strong></span> <span class='ocrx_word' id='word_1_331' title='bbox 954 1222 1002 1249; x_wconf 91' lang='lat' dir='ltr'><strong>per</strong></span> <span class='ocrx_word' id='word_1_332' title='bbox 1024 1222 1119 1242; x_wconf 88' lang='lat' dir='ltr'><strong>omnes</strong></span> <span class='ocrx_word' id='word_1_333' title='bbox 1134 1216 1256 1250; x_wconf 82' lang='lat' dir='ltr'><strong>populos</strong></span> <span class='ocrx_word' id='word_1_334' title='bbox 1274 1216 1441 1249; x_wconf 84' lang='lat' dir='ltr'><strong>funderetur.</strong></span> <span class='ocrx_word' id='word_1_335' title='bbox 1462 1218 1591 1247; x_wconf 71' lang='lat' dir='ltr'><strong>doctrinae</strong></span> <span class='ocrx_word' id='word_1_336' title='bbox 1616 1229 1701 1256; x_wconf 86' lang='lat' dir='ltr'><strong>genus</strong></span> <span class='ocrx_word' id='word_1_337' title='bbox 1715 1222 1879 1256; x_wconf 82' lang='lat' dir='ltr'><strong>indicarunt,</strong></span> 
     </span>
    </p>
   </div>
   <div class='ocr_carea' id='block_1_43' title="bbox 245 1256 1881 1305">
    <p class='ocr_par' dir='ltr' id='par_1_43' title="bbox 245 1256 1881 1305">
     <span class='ocr_line' id='line_1_43' title="bbox 245 1256 1881 1305; baseline 0.008 -20"><span class='ocrx_word' id='word_1_338' title='bbox 245 1256 366 1285; x_wconf 88' lang='lat' dir='ltr'><strong>futuram</strong></span> <span class='ocrx_word' id='word_1_339' title='bbox 383 1266 493 1293; x_wconf 88' lang='lat' dir='ltr'><strong>quoque</strong></span> <span class='ocrx_word' id='word_1_340' title='bbox 518 1259 637 1286; x_wconf 63' lang='lat' dir='ltr'><strong>Judaicm</strong></span> <span class='ocrx_word' id='word_1_341' title='bbox 662 1260 781 1288; x_wconf 86' lang='lat' dir='ltr'><strong>nationis</strong></span> <span class='ocrx_word' id='word_1_342' title='bbox 805 1261 1021 1289; x_wconf 82' lang='lat' dir='ltr'><strong>incredulitatem</strong></span> <span class='ocrx_word' id='word_1_343' title='bbox 1043 1268 1071 1290; x_wconf 91' lang='lat' dir='ltr'><strong>et</strong></span> <span class='ocrx_word' id='word_1_344' title='bbox 1089 1263 1261 1291; x_wconf 88' lang='lat' dir='ltr'><strong>obtirmatarn</strong></span> <span class='ocrx_word' id='word_1_345' title='bbox 1289 1265 1317 1292; x_wconf 90' lang='lat' dir='ltr'><strong>in</strong></span> <span class='ocrx_word' id='word_1_346' title='bbox 1344 1267 1522 1301; x_wconf 79' lang='lat' dir='ltr'><strong>repugnando</strong></span> <span class='ocrx_word' id='word_1_347' title='bbox 1558 1271 1757 1297; x_wconf 85' lang='lat' dir='ltr'><strong>contumaciam</strong></span> <span class='ocrx_word' id='word_1_348' title='bbox 1782 1271 1881 1305; x_wconf 69' lang='lat' dir='ltr'><strong>pr:edi~</strong></span> 
     </span>
    </p>
   </div>
   <div class='ocr_carea' id='block_1_44' title="bbox 245 1307 1879 1360">
    <p class='ocr_par' dir='ltr' id='par_1_44' title="bbox 245 1307 1879 1360">
     <span class='ocr_line' id='line_1_44' title="bbox 245 1307 1879 1360; baseline 0.007 -27"><span class='ocrx_word' id='word_1_349' title='bbox 245 1310 348 1339; x_wconf 88' lang='lat' dir='ltr'><strong>centes,</strong></span> <span class='ocrx_word' id='word_1_350' title='bbox 361 1314 411 1334; x_wconf 90' lang='lat' dir='ltr'><strong>nec</strong></span> <span class='ocrx_word' id='word_1_351' title='bbox 429 1314 483 1333; x_wconf 93' lang='lat' dir='ltr'><strong>non</strong></span> <span class='ocrx_word' id='word_1_352' title='bbox 497 1307 628 1342; x_wconf 87' lang='lat' dir='ltr'><strong>quidquid</strong></span> <span class='ocrx_word' id='word_1_353' title='bbox 641 1308 772 1336; x_wconf 84' lang='lat' dir='ltr'><strong>adversus</strong></span> <span class='ocrx_word' id='word_1_354' title='bbox 788 1316 850 1336; x_wconf 91' lang='lat' dir='ltr'><strong>eum</strong></span> <span class='ocrx_word' id='word_1_355' title='bbox 863 1309 944 1344; x_wconf 88' lang='lat' dir='ltr'><strong>impie</strong></span> <span class='ocrx_word' id='word_1_356' title='bbox 963 1310 1055 1337; x_wconf 89' lang='lat' dir='ltr'><strong>molita</strong></span> <span class='ocrx_word' id='word_1_357' title='bbox 1076 1315 1127 1343; x_wconf 89' lang='lat' dir='ltr'><strong>est,</strong></span> <span class='ocrx_word' id='word_1_358' title='bbox 1143 1319 1175 1338; x_wconf 86' lang='lat' dir='ltr'><strong>ac</strong></span> <span class='ocrx_word' id='word_1_359' title='bbox 1195 1319 1364 1347; x_wconf 67' lang='lat' dir='ltr'><strong>quaecunque</strong></span> <span class='ocrx_word' id='word_1_360' title='bbox 1379 1313 1452 1340; x_wconf 89' lang='lat' dir='ltr'><strong>illam</strong></span> <span class='ocrx_word' id='word_1_361' title='bbox 1471 1319 1612 1349; x_wconf 86' lang='lat' dir='ltr'><strong>propterea</strong></span> <span class='ocrx_word' id='word_1_362' title='bbox 1630 1323 1684 1343; x_wconf 91' lang='lat' dir='ltr'><strong>non</strong></span> <span class='ocrx_word' id='word_1_363' title='bbox 1704 1317 1794 1360; x_wconf 66' lang='lat' dir='ltr'><strong>dilata:</strong></span> <span class='ocrx_word' id='word_1_364' title='bbox 1816 1318 1879 1345; x_wconf 52' lang='lat' dir='ltr'><strong>loav</strong></span> 
     </span>
    </p>
   </div>
   <div class='ocr_carea' id='block_1_45' title="bbox 244 1353 1877 1399">
    <p class='ocr_par' dir='ltr' id='par_1_45' title="bbox 244 1353 1877 1399">
     <span class='ocr_line' id='line_1_45' title="bbox 244 1353 1877 1399; baseline 0.007 -19"><span class='ocrx_word' id='word_1_365' title='bbox 244 1353 320 1387; x_wconf 74' lang='lat' dir='ltr'><strong>gius,</strong></span> <span class='ocrx_word' id='word_1_366' title='bbox 355 1353 383 1389; x_wconf 82' lang='lat'><strong>9</strong></span> <span class='ocrx_word' id='word_1_367' title='bbox 412 1355 459 1382; x_wconf 79' lang='lat' dir='ltr'><strong>sed</strong></span> <span class='ocrx_word' id='word_1_368' title='bbox 481 1356 559 1390; x_wconf 87' lang='lat' dir='ltr'><strong>quasi</strong></span> <span class='ocrx_word' id='word_1_369' title='bbox 581 1363 597 1382; x_wconf 88' lang='lat' dir='ltr'><strong>e</strong></span> <span class='ocrx_word' id='word_1_370' title='bbox 620 1356 734 1392; x_wconf 84' lang='lat' dir='ltr'><strong>vestigio</strong></span> <span class='ocrx_word' id='word_1_371' title='bbox 759 1362 858 1385; x_wconf 77' lang='lat' dir='ltr'><strong>secuta:</strong></span> <span class='ocrx_word' id='word_1_372' title='bbox 879 1358 1048 1386; x_wconf 81' lang='lat' dir='ltr'><strong>calamitates</strong></span> <span class='ocrx_word' id='word_1_373' title='bbox 1078 1366 1238 1394; x_wconf 88' lang='lat' dir='ltr'><strong>oppressere</strong></span> <span class='ocrx_word' id='word_1_374' title='bbox 1264 1369 1271 1387; x_wconf 72' lang='grc' dir='ltr'>ε</span> <span class='ocrx_word' id='word_1_375' title='bbox 1305 1369 1459 1396; x_wconf 87' lang='lat' dir='ltr'><strong>supremam</strong></span> <span class='ocrx_word' id='word_1_376' title='bbox 1494 1362 1614 1398; x_wconf 81' lang='lat' dir='ltr'><strong>intelligo</strong></span> <span class='ocrx_word' id='word_1_377' title='bbox 1646 1353 1727 1399; x_wconf 51' lang='lat' dir='ltr'><strong>regiae</strong></span> <span class='ocrx_word' id='word_1_378' title='bbox 1755 1365 1877 1399; x_wconf 89' lang='lat' dir='ltr'><strong>ipsorum</strong></span> 
     </span>
    </p>
   </div>
   <div class='ocr_carea' id='block_1_46' title="bbox 243 1402 1875 1447">
    <p class='ocr_par' dir='ltr' id='par_1_46' title="bbox 243 1402 1875 1447">
     <span class='ocr_line' id='line_1_46' title="bbox 243 1402 1875 1447; baseline 0.007 -19"><span class='ocrx_word' id='word_1_379' title='bbox 243 1402 402 1436; x_wconf 77' lang='lat' dir='ltr'><strong>metropolis</strong></span> <span class='ocrx_word' id='word_1_380' title='bbox 413 1402 593 1440; x_wconf 89' lang='lat' dir='ltr'><strong>obsidionem,</strong></span> <span class='ocrx_word' id='word_1_381' title='bbox 623 1403 765 1439; x_wconf 87' lang='lat' dir='ltr'><strong>ipsamque</strong></span> <span class='ocrx_word' id='word_1_382' title='bbox 785 1405 850 1432; x_wconf 84' lang='lat' dir='ltr'><strong>adeo</strong></span> <span class='ocrx_word' id='word_1_383' title='bbox 871 1406 945 1440; x_wconf 78' lang='lat' dir='ltr'><strong>regni</strong></span> <span class='ocrx_word' id='word_1_384' title='bbox 976 1406 1097 1433; x_wconf 88' lang='lat' dir='ltr'><strong>funditus</strong></span> <span class='ocrx_word' id='word_1_385' title='bbox 1114 1407 1199 1434; x_wconf 78' lang='lat' dir='ltr'><strong>excisi</strong></span> <span class='ocrx_word' id='word_1_386' title='bbox 1222 1410 1401 1442; x_wconf 85' lang='lat' dir='ltr'><strong>eversionem,</strong></span> <span class='ocrx_word' id='word_1_387' title='bbox 1424 1417 1486 1436; x_wconf 92' lang='lat' dir='ltr'><strong>cum</strong></span> <span class='ocrx_word' id='word_1_388' title='bbox 1511 1418 1606 1437; x_wconf 91' lang='lat' dir='ltr'><strong>eorum</strong></span> <span class='ocrx_word' id='word_1_389' title='bbox 1622 1419 1670 1446; x_wconf 85' lang='lat' dir='ltr'><strong>per</strong></span> <span class='ocrx_word' id='word_1_390' title='bbox 1688 1419 1782 1439; x_wconf 89' lang='lat' dir='ltr'><strong>omnes</strong></span> <span class='ocrx_word' id='word_1_391' title='bbox 1808 1420 1875 1447; x_wconf 82' lang='lat' dir='ltr'><strong>gen-</strong></span> 
     </span>
    </p>
   </div>
   <div class='ocr_carea' id='block_1_47' title="bbox 243 1448 1877 1493">
    <p class='ocr_par' dir='ltr' id='par_1_47' title="bbox 243 1448 1877 1493">
     <span class='ocr_line' id='line_1_47' title="bbox 243 1448 1877 1493; baseline 0.009 -19"><span class='ocrx_word' id='word_1_392' title='bbox 243 1451 284 1474; x_wconf 81' lang='lat' dir='ltr'><strong>tes</strong></span> <span class='ocrx_word' id='word_1_393' title='bbox 293 1448 473 1483; x_wconf 90' lang='lat' dir='ltr'><strong>dispersione,</strong></span> <span class='ocrx_word' id='word_1_394' title='bbox 488 1458 625 1486; x_wconf 89' lang='lat' dir='ltr'><strong>quamque</strong></span> <span class='ocrx_word' id='word_1_395' title='bbox 637 1452 688 1478; x_wconf 89' lang='lat' dir='ltr'><strong>sub</strong></span> <span class='ocrx_word' id='word_1_396' title='bbox 702 1452 874 1480; x_wconf 81' lang='lat' dir='ltr'><strong>inimicorum</strong></span> <span class='ocrx_word' id='word_1_397' title='bbox 890 1459 916 1481; x_wconf 84' lang='lat' dir='ltr'><strong>et</strong></span> <span class='ocrx_word' id='word_1_398' title='bbox 937 1454 1054 1481; x_wconf 85' lang='lat' dir='ltr'><strong>hostium</strong></span> <span class='ocrx_word' id='word_1_399' title='bbox 1078 1455 1217 1482; x_wconf 82' lang='lat' dir='ltr'><strong>dominatu</strong></span> <span class='ocrx_word' id='word_1_400' title='bbox 1229 1456 1370 1490; x_wconf 88' lang='lat' dir='ltr'><strong>patiuntur</strong></span> <span class='ocrx_word' id='word_1_401' title='bbox 1395 1458 1517 1485; x_wconf 88' lang='lat' dir='ltr'><strong>servituti</strong></span> <span class='ocrx_word' id='word_1_402' title='bbox 1536 1459 1719 1493; x_wconf 90' lang='lat' dir='ltr'><strong>conjunctam.</strong></span> <span class='ocrx_word' id='word_1_403' title='bbox 1733 1459 1799 1493; x_wconf 69' lang='lat' dir='ltr'><strong>Qure</strong></span> <span class='ocrx_word' id='word_1_404' title='bbox 1817 1468 1877 1488; x_wconf 82' lang='lat' dir='ltr'><strong>cer-</strong></span> 
     </span>
    </p>
   </div>
   <div class='ocr_carea' id='block_1_48' title="bbox 243 1495 1876 1541">
    <p class='ocr_par' dir='ltr' id='par_1_48' title="bbox 243 1495 1876 1541">
     <span class='ocr_line' id='line_1_48' title="bbox 243 1495 1876 1541; baseline 0.008 -20"><span class='ocrx_word' id='word_1_405' title='bbox 243 1498 270 1521; x_wconf 90' lang='lat' dir='ltr'><strong>te</strong></span> <span class='ocrx_word' id='word_1_406' title='bbox 289 1495 513 1529; x_wconf 54' lang='lat' dir='ltr'><strong>praedictionibus</strong></span> <span class='ocrx_word' id='word_1_407' title='bbox 534 1496 587 1524; x_wconf 86' lang='lat' dir='ltr'><strong>illis</strong></span> <span class='ocrx_word' id='word_1_408' title='bbox 607 1502 801 1531; x_wconf 83' lang='lat' dir='ltr'><strong>consentanea,</strong></span> <span class='ocrx_word' id='word_1_409' title='bbox 823 1503 885 1533; x_wconf 88' lang='lat' dir='ltr'><strong>post</strong></span> <span class='ocrx_word' id='word_1_410' title='bbox 912 1499 1032 1533; x_wconf 89' lang='lat' dir='ltr'><strong>ejusdem</strong></span> <span class='ocrx_word' id='word_1_411' title='bbox 1054 1501 1140 1526; x_wconf 87' lang='lat' dir='ltr'><strong>nostri</strong></span> <span class='ocrx_word' id='word_1_412' title='bbox 1165 1499 1317 1528; x_wconf 85' lang='lat' dir='ltr'><strong>Servatoris</strong></span> <span class='ocrx_word' id='word_1_413' title='bbox 1342 1502 1498 1536; x_wconf 86' lang='lat' dir='ltr'><strong>adventum,</strong></span> <span class='ocrx_word' id='word_1_414' title='bbox 1523 1504 1548 1530; x_wconf 91' lang='lat' dir='ltr'><strong>in</strong></span> <span class='ocrx_word' id='word_1_415' title='bbox 1567 1505 1690 1532; x_wconf 88' lang='lat' dir='ltr'><strong>omnium</strong></span> <span class='ocrx_word' id='word_1_416' title='bbox 1709 1506 1795 1533; x_wconf 92' lang='lat' dir='ltr'><strong>oculis</strong></span> <span class='ocrx_word' id='word_1_417' title='bbox 1812 1514 1876 1541; x_wconf 80' lang='lat' dir='ltr'><strong>per-</strong></span> 
     </span>
    </p>
   </div>
   <div class='ocr_carea' id='block_1_49' title="bbox 243 1542 1874 1587">
    <p class='ocr_par' dir='ltr' id='par_1_49' title="bbox 243 1542 1874 1587">
     <span class='ocr_line' id='line_1_49' title="bbox 243 1542 1874 1587; baseline 0.007 -18"><span class='ocrx_word' id='word_1_418' title='bbox 243 1543 340 1570; x_wconf 91' lang='lat' dir='ltr'><strong>tulere.</strong></span> <span class='ocrx_word' id='word_1_419' title='bbox 353 1542 411 1570; x_wconf 87' lang='lat' dir='ltr'><strong>Jam</strong></span> <span class='ocrx_word' id='word_1_420' title='bbox 429 1551 492 1571; x_wconf 86' lang='lat' dir='ltr'><strong>vero</strong></span> <span class='ocrx_word' id='word_1_421' title='bbox 507 1545 568 1579; x_wconf 86' lang='lat' dir='ltr'><strong>quis</strong></span> <span class='ocrx_word' id='word_1_422' title='bbox 591 1553 644 1572; x_wconf 91' lang='lat' dir='ltr'><strong>non</strong></span> <span class='ocrx_word' id='word_1_423' title='bbox 673 1546 793 1573; x_wconf 87' lang='lat' dir='ltr'><strong>illustres</strong></span> <span class='ocrx_word' id='word_1_424' title='bbox 811 1547 870 1573; x_wconf 86' lang='lat' dir='ltr'><strong>illas</strong></span> <span class='ocrx_word' id='word_1_425' title='bbox 888 1551 969 1581; x_wconf 83' lang='lat' dir='ltr'><strong>atque</strong></span> <span class='ocrx_word' id='word_1_426' title='bbox 988 1547 1146 1582; x_wconf 89' lang='lat' dir='ltr'><strong>perspicuas</strong></span> <span class='ocrx_word' id='word_1_427' title='bbox 1168 1549 1325 1575; x_wconf 88' lang='lat' dir='ltr'><strong>eorumdem</strong></span> <span class='ocrx_word' id='word_1_428' title='bbox 1347 1550 1542 1584; x_wconf 84' lang='lat' dir='ltr'><strong>prophetarum</strong></span> <span class='ocrx_word' id='word_1_429' title='bbox 1564 1559 1655 1584; x_wconf 81' lang='lat' dir='ltr'><strong>voces,</strong></span> <span class='ocrx_word' id='word_1_430' title='bbox 1678 1553 1778 1587; x_wconf 88' lang='lat' dir='ltr'><strong>quibus</strong></span> <span class='ocrx_word' id='word_1_431' title='bbox 1800 1553 1874 1581; x_wconf 84' lang='lat' dir='ltr'><strong>futu-</strong></span> 
     </span>
    </p>
   </div>
   <div class='ocr_carea' id='block_1_50' title="bbox 241 1591 1873 1634">
    <p class='ocr_par' dir='ltr' id='par_1_50' title="bbox 241 1591 1873 1634">
     <span class='ocr_line' id='line_1_50' title="bbox 241 1591 1873 1634; baseline 0.006 -16"><span class='ocrx_word' id='word_1_432' title='bbox 241 1598 315 1624; x_wconf 84' lang='lat' dir='ltr'><strong>ram,</strong></span> <span class='ocrx_word' id='word_1_433' title='bbox 330 1591 440 1618; x_wconf 87' lang='lat' dir='ltr'><strong>Christo</strong></span> <span class='ocrx_word' id='word_1_434' title='bbox 459 1591 515 1625; x_wconf 92' lang='lat' dir='ltr'><strong>jam</strong></span> <span class='ocrx_word' id='word_1_435' title='bbox 531 1600 564 1619; x_wconf 77' lang='lat' dir='ltr'><strong>ex</strong></span> <span class='ocrx_word' id='word_1_436' title='bbox 584 1593 666 1620; x_wconf 89' lang='lat' dir='ltr'><strong>rebus</strong></span> <span class='ocrx_word' id='word_1_437' title='bbox 690 1594 818 1620; x_wconf 90' lang='lat' dir='ltr'><strong>humanis</strong></span> <span class='ocrx_word' id='word_1_438' title='bbox 843 1595 988 1626; x_wconf 86' lang='lat' dir='ltr'><strong>subducto,</strong></span> <span class='ocrx_word' id='word_1_439' title='bbox 1013 1602 1074 1621; x_wconf 95' lang='lat' dir='ltr'><strong>cum</strong></span> <span class='ocrx_word' id='word_1_440' title='bbox 1095 1594 1250 1622; x_wconf 67' lang='lat' dir='ltr'><strong>Judreorum</strong></span> <span class='ocrx_word' id='word_1_441' title='bbox 1274 1596 1472 1631; x_wconf 89' lang='lat' dir='ltr'><strong>prolapsionem</strong></span> <span class='ocrx_word' id='word_1_442' title='bbox 1504 1607 1535 1626; x_wconf 88' lang='lat' dir='ltr'><strong>ac</strong></span> <span class='ocrx_word' id='word_1_443' title='bbox 1559 1600 1784 1634; x_wconf 86' lang='lat' dir='ltr'><strong>repudiationem,</strong></span> <span class='ocrx_word' id='word_1_444' title='bbox 1816 1605 1873 1628; x_wconf 87' lang='lat' dir='ltr'><strong>tum</strong></span> 
     </span>
    </p>
   </div>
   <div class='ocr_carea' id='block_1_51' title="bbox 242 1636 1877 1677">
    <p class='ocr_par' dir='ltr' id='par_1_51' title="bbox 242 1636 1877 1677">
     <span class='ocr_line' id='line_1_51' title="bbox 242 1636 1877 1677; baseline 0.008 -16"><span class='ocrx_word' id='word_1_445' title='bbox 242 1637 363 1671; x_wconf 76' lang='lat' dir='ltr'><strong>gentium</strong></span> <span class='ocrx_word' id='word_1_446' title='bbox 390 1637 559 1663; x_wconf 88' lang='lat' dir='ltr'><strong>vocationem</strong></span> <span class='ocrx_word' id='word_1_447' title='bbox 594 1636 710 1664; x_wconf 77' lang='lat' dir='ltr'><strong>feliciter</strong></span> <span class='ocrx_word' id='word_1_448' title='bbox 735 1639 969 1673; x_wconf 81' lang='lat' dir='ltr'><strong>pramuntiarunt,</strong></span> <span class='ocrx_word' id='word_1_449' title='bbox 1006 1640 1187 1668; x_wconf 82' lang='lat' dir='ltr'><strong>admiratione</strong></span> <span class='ocrx_word' id='word_1_450' title='bbox 1223 1640 1328 1669; x_wconf 82' lang='lat' dir='ltr'><strong>deﬁxus</strong></span> <span class='ocrx_word' id='word_1_451' title='bbox 1353 1642 1544 1677; x_wconf 83' lang='lat' dir='ltr'><strong>Obstupescat,</strong></span> <span class='ocrx_word' id='word_1_452' title='bbox 1574 1652 1636 1671; x_wconf 87' lang='lat' dir='ltr'><strong>cum</strong></span> <span class='ocrx_word' id='word_1_453' title='bbox 1667 1645 1724 1672; x_wconf 71' lang='lat' dir='ltr'><strong>lucc</strong></span> <span class='ocrx_word' id='word_1_454' title='bbox 1750 1646 1877 1674; x_wconf 82' lang='lat' dir='ltr'><strong>similiter‘</strong></span> 
     </span>
    </p>
   </div>
   <div class='ocr_carea' id='block_1_52' title="bbox 242 1683 1870 1726">
    <p class='ocr_par' dir='ltr' id='par_1_52' title="bbox 242 1683 1870 1726">
     <span class='ocr_line' id='line_1_52' title="bbox 242 1683 1870 1726; baseline 0.007 -16"><span class='ocrx_word' id='word_1_455' title='bbox 242 1683 395 1710; x_wconf 86' lang='lat' dir='ltr'><strong>Servatoris</strong></span> <span class='ocrx_word' id='word_1_456' title='bbox 415 1684 500 1710; x_wconf 86' lang='lat' dir='ltr'><strong>nostri</strong></span> <span class='ocrx_word' id='word_1_457' title='bbox 521 1684 652 1712; x_wconf 70' lang='lat' dir='ltr'><strong>doctrina:</strong></span> <span class='ocrx_word' id='word_1_458' title='bbox 677 1686 817 1718; x_wconf 84' lang='lat' dir='ltr'><strong>beneﬁcio,</strong></span> <span class='ocrx_word' id='word_1_459' title='bbox 840 1687 930 1722; x_wconf 82' lang='lat' dir='ltr'><strong>palam</strong></span> <span class='ocrx_word' id='word_1_460' title='bbox 948 1688 1050 1714; x_wconf 75' lang='lat' dir='ltr'><strong>exitum</strong></span> <span class='ocrx_word' id='word_1_461' title='bbox 1071 1693 1150 1715; x_wconf 87' lang='lat' dir='ltr'><strong>nacta</strong></span> <span class='ocrx_word' id='word_1_462' title='bbox 1177 1688 1258 1715; x_wconf 83' lang='lat' dir='ltr'><strong>fuerit</strong></span> <span class='ocrx_word' id='word_1_463' title='bbox 1286 1697 1347 1716; x_wconf 91' lang='lat' dir='ltr'><strong>cum</strong></span> <span class='ocrx_word' id='word_1_464' title='bbox 1368 1690 1476 1717; x_wconf 90' lang='lat' dir='ltr'><strong>illorum</strong></span> <span class='ocrx_word' id='word_1_465' title='bbox 1502 1691 1650 1726; x_wconf 80' lang='lat' dir='ltr'><strong>prophetiis</strong></span> <span class='ocrx_word' id='word_1_466' title='bbox 1679 1693 1791 1720; x_wconf 88' lang='lat' dir='ltr'><strong>omnino</strong></span> <span class='ocrx_word' id='word_1_467' title='bbox 1807 1701 1870 1721; x_wconf 88' lang='lat' dir='ltr'><strong>c0n-</strong></span> 
     </span>
    </p>
   </div>
   <div class='ocr_carea' id='block_1_53' title="bbox 239 1731 1874 1774">
    <p class='ocr_par' dir='ltr' id='par_1_53' title="bbox 239 1731 1874 1774">
     <span class='ocr_line' id='line_1_53' title="bbox 239 1731 1874 1774; baseline 0.006 -16"><span class='ocrx_word' id='word_1_468' title='bbox 239 1731 395 1767; x_wconf 77' lang='lat' dir='ltr'><strong>gruentem?</strong></span> <span class='ocrx_word' id='word_1_469' title='bbox 407 1731 458 1759; x_wconf 86' lang='lat' dir='ltr'><strong>Per</strong></span> <span class='ocrx_word' id='word_1_470' title='bbox 483 1731 570 1766; x_wconf 88' lang='lat' dir='ltr'><strong>ipsum</strong></span> <span class='ocrx_word' id='word_1_471' title='bbox 590 1733 661 1759; x_wconf 91' lang='lat' dir='ltr'><strong>enim</strong></span> <span class='ocrx_word' id='word_1_472' title='bbox 688 1733 813 1760; x_wconf 71' lang='lat' dir='ltr'><strong>etfectum</strong></span> <span class='ocrx_word' id='word_1_473' title='bbox 842 1739 893 1768; x_wconf 87' lang='lat' dir='ltr'><strong>est,</strong></span> <span class='ocrx_word' id='word_1_474' title='bbox 907 1739 935 1761; x_wconf 87' lang='lat' dir='ltr'><strong>ut</strong></span> <span class='ocrx_word' id='word_1_475' title='bbox 954 1735 1160 1764; x_wconf 83' lang='lat' dir='ltr'><strong>innumerabilis</strong></span> <span class='ocrx_word' id='word_1_476' title='bbox 1174 1744 1207 1763; x_wconf 84' lang='lat' dir='ltr'><strong>ex</strong></span> <span class='ocrx_word' id='word_1_477' title='bbox 1231 1737 1305 1763; x_wconf 90' lang='lat' dir='ltr'><strong>omni</strong></span> <span class='ocrx_word' id='word_1_478' title='bbox 1320 1737 1461 1764; x_wconf 87' lang='lat' dir='ltr'><strong>hominum</strong></span> <span class='ocrx_word' id='word_1_479' title='bbox 1487 1746 1584 1772; x_wconf 86' lang='lat' dir='ltr'><strong>genere</strong></span> <span class='ocrx_word' id='word_1_480' title='bbox 1604 1739 1748 1766; x_wconf 72' lang='lat' dir='ltr'><strong>multitudo</strong></span> <span class='ocrx_word' id='word_1_481' title='bbox 1766 1740 1874 1774; x_wconf 90' lang='lat' dir='ltr'><strong>rejectis</strong></span> 
     </span>
    </p>
   </div>
   <div class='ocr_carea' id='block_1_54' title="bbox 242 1779 1872 1821">
    <p class='ocr_par' dir='ltr' id='par_1_54' title="bbox 242 1779 1872 1821">
     <span class='ocr_line' id='line_1_54' title="bbox 242 1779 1872 1821; baseline 0.005 -15"><span class='ocrx_word' id='word_1_482' title='bbox 242 1779 377 1806; x_wconf 86' lang='lat' dir='ltr'><strong>idolorum</strong></span> <span class='ocrx_word' id='word_1_483' title='bbox 402 1779 550 1812; x_wconf 89' lang='lat' dir='ltr'><strong>erroribus,</strong></span> <span class='ocrx_word' id='word_1_484' title='bbox 580 1788 671 1807; x_wconf 85' lang='lat' dir='ltr'><strong>veram</strong></span> <span class='ocrx_word' id='word_1_485' title='bbox 689 1782 863 1816; x_wconf 68' lang='lat' dir='ltr'><strong>praepotentis</strong></span> <span class='ocrx_word' id='word_1_486' title='bbox 883 1790 973 1810; x_wconf 89' lang='lat' dir='ltr'><strong>rerum</strong></span> <span class='ocrx_word' id='word_1_487' title='bbox 993 1784 1115 1811; x_wconf 90' lang='lat' dir='ltr'><strong>omnium</strong></span> <span class='ocrx_word' id='word_1_488' title='bbox 1141 1785 1320 1812; x_wconf 86' lang='lat' dir='ltr'><strong>moderatoris</strong></span> <span class='ocrx_word' id='word_1_489' title='bbox 1339 1784 1386 1812; x_wconf 88' lang='lat' dir='ltr'><strong>Dei</strong></span> <span class='ocrx_word' id='word_1_490' title='bbox 1411 1786 1535 1812; x_wconf 88' lang='lat' dir='ltr'><strong>notitiam</strong></span> <span class='ocrx_word' id='word_1_491' title='bbox 1559 1786 1768 1821; x_wconf 74' lang='lat' dir='ltr'><strong>religionemque</strong></span> <span class='ocrx_word' id='word_1_492' title='bbox 1786 1788 1872 1814; x_wconf 89' lang='lat' dir='ltr'><strong>susci-</strong></span> 
     </span>
    </p>
   </div>
   <div class='ocr_carea' id='block_1_55' title="bbox 240 1830 1872 1868">
    <p class='ocr_par' dir='ltr' id='par_1_55' title="bbox 240 1830 1872 1868">
     <span class='ocr_line' id='line_1_55' title="bbox 240 1830 1872 1868; baseline 0.007 -17"><span class='ocrx_word' id='word_1_493' title='bbox 240 1831 333 1862; x_wconf 86' lang='lat' dir='ltr'><strong>peret,</strong></span> <span class='ocrx_word' id='word_1_494' title='bbox 360 1834 476 1861; x_wconf 92' lang='lat' dir='ltr'><strong>cumque</strong></span> <span class='ocrx_word' id='word_1_495' title='bbox 495 1831 654 1855; x_wconf 72' lang='lat' dir='ltr'><strong>czeterorum</strong></span> <span class='ocrx_word' id='word_1_496' title='bbox 685 1836 746 1863; x_wconf 82' lang='lat' dir='ltr'><strong>quae</strong></span> <span class='ocrx_word' id='word_1_497' title='bbox 777 1830 859 1863; x_wconf 89' lang='lat' dir='ltr'><strong>prisci</strong></span> <span class='ocrx_word' id='word_1_498' title='bbox 884 1830 1009 1858; x_wconf 85' lang='lat' dir='ltr'><strong>homines</strong></span> <span class='ocrx_word' id='word_1_499' title='bbox 1038 1831 1165 1859; x_wconf 90' lang='lat' dir='ltr'><strong>fuderunt</strong></span> <span class='ocrx_word' id='word_1_500' title='bbox 1191 1833 1374 1866; x_wconf 90' lang='lat' dir='ltr'><strong>oraculorum,</strong></span> <span class='ocrx_word' id='word_1_501' title='bbox 1400 1839 1457 1860; x_wconf 89' lang='lat' dir='ltr'><strong>tum</strong></span> <span class='ocrx_word' id='word_1_502' title='bbox 1483 1834 1565 1868; x_wconf 90' lang='lat' dir='ltr'><strong>hujus</strong></span> <span class='ocrx_word' id='word_1_503' title='bbox 1590 1835 1723 1868; x_wconf 88' lang='lat' dir='ltr'><strong>imprimis</strong></span> <span class='ocrx_word' id='word_1_504' title='bbox 1748 1834 1872 1862; x_wconf 69' lang='lat' dir='ltr'><strong>Ieremia:</strong></span> 
     </span>
    </p>
   </div>
   <div class='ocr_carea' id='block_1_56' title="bbox 239 1873 1871 1917">
    <p class='ocr_par' dir='ltr' id='par_1_56' title="bbox 239 1873 1871 1917">
     <span class='ocr_line' id='line_1_56' title="bbox 239 1873 1871 1917; baseline 0.007 -18"><span class='ocrx_word' id='word_1_505' title='bbox 239 1873 388 1908; x_wconf 77' lang='lat' dir='ltr'><strong>prophetia:</strong></span> <span class='ocrx_word' id='word_1_506' title='bbox 404 1874 484 1901; x_wconf 87' lang='lat' dir='ltr'><strong>tidem</strong></span> <span class='ocrx_word' id='word_1_507' title='bbox 510 1874 712 1909; x_wconf 87' lang='lat' dir='ltr'><strong>quodammodo</strong></span> <span class='ocrx_word' id='word_1_508' title='bbox 728 1876 820 1905; x_wconf 80' lang='lat' dir='ltr'><strong>facere</strong></span> <span class='ocrx_word' id='word_1_509' title='bbox 834 1878 973 1906; x_wconf 74' lang='lat' dir='ltr'><strong>videretur</strong></span> <span class='ocrx_word' id='word_1_510' title='bbox 987 1887 995 1906; x_wconf 94' lang='lat'><strong>:</strong></span> <span class='ocrx_word' id='word_1_511' title='bbox 1014 1888 1023 1904; x_wconf 72' lang='grc' dir='ltr'><strong>ι</strong></span> <span class='ocrx_word' id='word_1_512' title='bbox 1047 1879 1243 1915; x_wconf 76' lang='lat' dir='ltr'><strong>Domine_Deus</strong></span> <span class='ocrx_word' id='word_1_513' title='bbox 1268 1889 1355 1913; x_wconf 85' lang='lat' dir='ltr'><strong>meus,</strong></span> <span class='ocrx_word' id='word_1_514' title='bbox 1368 1881 1401 1908; x_wconf 90' lang='lat' dir='ltr'><strong>ad</strong></span> <span class='ocrx_word' id='word_1_515' title='bbox 1416 1886 1442 1909; x_wconf 88' lang='lat' dir='ltr'><strong>te</strong></span> <span class='ocrx_word' id='word_1_516' title='bbox 1461 1887 1554 1917; x_wconf 82' lang='lat' dir='ltr'><strong>gentes</strong></span> <span class='ocrx_word' id='word_1_517' title='bbox 1584 1883 1689 1910; x_wconf 73' lang='lat' dir='ltr'><strong>venient</strong></span> <span class='ocrx_word' id='word_1_518' title='bbox 1704 1884 1738 1909; x_wconf 89' lang='lat' dir='ltr'><strong>ab</strong></span> <span class='ocrx_word' id='word_1_519' title='bbox 1749 1887 1871 1910; x_wconf 83' lang='lat' dir='ltr'><strong>extremo</strong></span> 
     </span>
    </p>
   </div>
   <div class='ocr_carea' id='block_1_57' title="bbox 240 1921 1868 1963">
    <p class='ocr_par' dir='ltr' id='par_1_57' title="bbox 240 1921 1868 1963">
     <span class='ocr_line' id='line_1_57' title="bbox 240 1921 1868 1963; baseline 0.006 -16"><span class='ocrx_word' id='word_1_520' title='bbox 240 1924 329 1953; x_wconf 66' lang='lat' dir='ltr'><strong>terrae,</strong></span> <span class='ocrx_word' id='word_1_521' title='bbox 346 1926 371 1948; x_wconf 86' lang='lat' dir='ltr'><strong>et</strong></span> <span class='ocrx_word' id='word_1_522' title='bbox 396 1921 496 1956; x_wconf 79' lang='lat' dir='ltr'><strong>dicent,</strong></span> <span class='ocrx_word' id='word_1_523' title='bbox 518 1922 591 1956; x_wconf 87' lang='lat' dir='ltr'><strong>quod</strong></span> <span class='ocrx_word' id='word_1_524' title='bbox 617 1922 684 1950; x_wconf 83' lang='lat' dir='ltr'><strong>falsa</strong></span> <span class='ocrx_word' id='word_1_525' title='bbox 704 1928 794 1958; x_wconf 85' lang='lat' dir='ltr'><strong>patres</strong></span> <span class='ocrx_word' id='word_1_526' title='bbox 819 1924 903 1952; x_wconf 85' lang='lat' dir='ltr'><strong>nostri</strong></span> <span class='ocrx_word' id='word_1_527' title='bbox 916 1925 988 1951; x_wconf 86' lang='lat' dir='ltr'><strong>idola</strong></span> <span class='ocrx_word' id='word_1_528' title='bbox 1016 1926 1206 1960; x_wconf 86' lang='lat' dir='ltr'><strong>possederunt,</strong></span> <span class='ocrx_word' id='word_1_529' title='bbox 1222 1935 1272 1955; x_wconf 89' lang='lat' dir='ltr'><strong>nec</strong></span> <span class='ocrx_word' id='word_1_530' title='bbox 1294 1933 1353 1955; x_wconf 85' lang='lat' dir='ltr'><strong>erat</strong></span> <span class='ocrx_word' id='word_1_531' title='bbox 1380 1929 1406 1955; x_wconf 93' lang='lat' dir='ltr'><strong>in</strong></span> <span class='ocrx_word' id='word_1_532' title='bbox 1428 1929 1493 1963; x_wconf 81' lang='lat' dir='ltr'><strong>ipsis</strong></span> <span class='ocrx_word' id='word_1_533' title='bbox 1518 1928 1630 1955; x_wconf 89' lang='lat' dir='ltr'><strong>utilitas.</strong></span> <span class='ocrx_word' id='word_1_534' title='bbox 1659 1929 1686 1955; x_wconf 90' lang='lat' dir='ltr'><strong>Si</strong></span> <span class='ocrx_word' id='word_1_535' title='bbox 1716 1929 1796 1956; x_wconf 83' lang='lat' dir='ltr'><strong>faciet</strong></span> <span class='ocrx_word' id='word_1_536' title='bbox 1816 1929 1868 1957; x_wconf 87' lang='lat' dir='ltr'><strong>sibi</strong></span> 
     </span>
    </p>
   </div>
   <div class='ocr_carea' id='block_1_58' title="bbox 239 1966 802 2004">
    <p class='ocr_par' dir='ltr' id='par_1_58' title="bbox 239 1966 802 2004">
     <span class='ocr_line' id='line_1_58' title="bbox 239 1966 802 2004; baseline 0.002 -10"><span class='ocrx_word' id='word_1_537' title='bbox 239 1966 322 1995; x_wconf 86' lang='lat' dir='ltr'><strong>homo</strong></span> <span class='ocrx_word' id='word_1_538' title='bbox 337 1968 413 2000; x_wconf 89' lang='lat' dir='ltr'><strong>deos,</strong></span> <span class='ocrx_word' id='word_1_539' title='bbox 429 1975 456 1996; x_wconf 92' lang='lat' dir='ltr'><strong>et</strong></span> <span class='ocrx_word' id='word_1_540' title='bbox 472 1969 523 2004; x_wconf 91' lang='lat' dir='ltr'><strong>ipsi</strong></span> <span class='ocrx_word' id='word_1_541' title='bbox 537 1976 592 1996; x_wconf 90' lang='lat' dir='ltr'><strong>non</strong></span> <span class='ocrx_word' id='word_1_542' title='bbox 606 1973 670 1996; x_wconf 90' lang='lat' dir='ltr'><strong>sunt</strong></span> <span class='ocrx_word' id='word_1_543' title='bbox 682 1968 718 1996; x_wconf 91' lang='lat' dir='ltr'><strong>dii</strong></span> <span class='ocrx_word' id='word_1_544' title='bbox 734 1969 773 1995; x_wconf 67' lang='grc' dir='ltr'><strong>ὀἳ</strong></span> <span class='ocrx_word' id='word_1_545' title='bbox 793 1979 802 1996; x_wconf 74' lang='grc' dir='ltr'><strong>ι</strong></span> 
     </span>
    </p>
   </div>
   <div class='ocr_carea' id='block_1_59' title="bbox 544 2026 723 2055">
    <p class='ocr_par' dir='ltr' id='par_1_59' title="bbox 544 2026 723 2055">
     <span class='ocr_line' id='line_1_59' title="bbox 544 2026 723 2055; baseline 0.011 -2"><span class='ocrx_word' id='word_1_546' title='bbox 544 2026 659 2054; x_wconf 80' lang='lat' dir='ltr'><strong>CAPUT</strong></span> <span class='ocrx_word' id='word_1_547' title='bbox 678 2026 723 2055; x_wconf 77' lang='lat' dir='ltr'><strong>IV.</strong></span> 
     </span>
    </p>
   </div>
   <div class='ocr_carea' id='block_1_60' title="bbox 243 2080 1030 2121">
    <p class='ocr_par' dir='ltr' id='par_1_60' title="bbox 243 2080 1030 2121">
     <span class='ocr_line' id='line_1_60' title="bbox 243 2080 1030 2121; baseline 0.004 -11"><span class='ocrx_word' id='word_1_548' title='bbox 243 2080 301 2110; x_wconf 83' lang='lat' dir='ltr'><strong>Non</strong></span> <span class='ocrx_word' id='word_1_549' title='bbox 315 2083 509 2111; x_wconf 77' lang='lat' dir='ltr'><strong>inconsiderate</strong></span> <span class='ocrx_word' id='word_1_550' title='bbox 525 2093 571 2111; x_wconf 78' lang='lat' dir='ltr'><strong>nos</strong></span> <span class='ocrx_word' id='word_1_551' title='bbox 584 2084 618 2111; x_wconf 84' lang='lat' dir='ltr'><strong>ad</strong></span> <span class='ocrx_word' id='word_1_552' title='bbox 632 2093 719 2111; x_wconf 82' lang='lat' dir='ltr'><strong>rerum</strong></span> <span class='ocrx_word' id='word_1_553' title='bbox 734 2085 936 2112; x_wconf 81' lang='lat' dir='ltr'><strong>utilissimarum</strong></span> <span class='ocrx_word' id='word_1_554' title='bbox 951 2086 1030 2121; x_wconf 76' lang='lat' dir='ltr'><strong>ﬁdem</strong></span> 
     </span>
    </p>
   </div>
   <div class='ocr_carea' id='block_1_61' title="bbox 446 2121 825 2154">
    <p class='ocr_par' dir='ltr' id='par_1_61' title="bbox 446 2121 825 2154">
     <span class='ocr_line' id='line_1_61' title="bbox 446 2121 825 2154; baseline 0.003 -8"><span class='ocrx_word' id='word_1_555' title='bbox 446 2128 494 2146; x_wconf 74' lang='lat' dir='ltr'><strong>suo</strong></span> <span class='ocrx_word' id='word_1_556' title='bbox 513 2125 627 2154; x_wconf 77' lang='lat' dir='ltr'><strong>tempore</strong></span> <span class='ocrx_word' id='word_1_557' title='bbox 641 2121 825 2147; x_wconf 69' lang='lat' dir='ltr'><strong>adliwrescere.</strong></span> 
     </span>
    </p>
   </div>
   <div class='ocr_carea' id='block_1_62' title="bbox 274 2165 1030 2203">
    <p class='ocr_par' dir='ltr' id='par_1_62' title="bbox 274 2165 1030 2203">
     <span class='ocr_line' id='line_1_62' title="bbox 274 2165 1030 2203; baseline 0.005 -10"><span class='ocrx_word' id='word_1_558' title='bbox 274 2165 338 2194; x_wconf 62' lang='lat' dir='ltr'><strong>Hac</strong></span> <span class='ocrx_word' id='word_1_559' title='bbox 349 2167 430 2201; x_wconf 84' lang='lat' dir='ltr'><strong>igitur</strong></span> <span class='ocrx_word' id='word_1_560' title='bbox 445 2167 489 2194; x_wconf 92' lang='lat' dir='ltr'><strong>illa</strong></span> <span class='ocrx_word' id='word_1_561' title='bbox 502 2173 577 2200; x_wconf 90' lang='lat' dir='ltr'><strong>sunt,</strong></span> <span class='ocrx_word' id='word_1_562' title='bbox 594 2169 693 2203; x_wconf 85' lang='lat' dir='ltr'><strong>quibus</strong></span> <span class='ocrx_word' id='word_1_563' title='bbox 710 2169 827 2196; x_wconf 85' lang='lat' dir='ltr'><strong>instituti</strong></span> <span class='ocrx_word' id='word_1_564' title='bbox 849 2170 934 2197; x_wconf 91' lang='lat' dir='ltr'><strong>nostri</strong></span> <span class='ocrx_word' id='word_1_565' title='bbox 961 2171 1030 2198; x_wconf 90' lang='lat' dir='ltr'><strong>ratio</strong></span> 
     </span>
    </p>
   </div>
   <div class='ocr_carea' id='block_1_63' title="bbox 239 2212 1029 2249">
    <p class='ocr_par' dir='ltr' id='par_1_63' title="bbox 239 2212 1029 2249">
     <span class='ocr_line' id='line_1_63' title="bbox 239 2212 1029 2249; baseline 0.003 -9"><span class='ocrx_word' id='word_1_566' title='bbox 239 2212 276 2240; x_wconf 83' lang='lat' dir='ltr'><strong>ita</strong></span> <span class='ocrx_word' id='word_1_567' title='bbox 287 2212 475 2245; x_wconf 83' lang='lat' dir='ltr'><strong>conﬁrmatur,</strong></span> <span class='ocrx_word' id='word_1_568' title='bbox 488 2218 517 2240; x_wconf 86' lang='lat' dir='ltr'><strong>ut</strong></span> <span class='ocrx_word' id='word_1_569' title='bbox 533 2214 624 2248; x_wconf 83' lang='lat' dir='ltr'><strong>quivis</strong></span> <span class='ocrx_word' id='word_1_570' title='bbox 639 2214 771 2249; x_wconf 83' lang='lat' dir='ltr'><strong>intelligat</strong></span> <span class='ocrx_word' id='word_1_571' title='bbox 787 2222 846 2240; x_wconf 88' lang='lat' dir='ltr'><strong>eam</strong></span> <span class='ocrx_word' id='word_1_572' title='bbox 866 2223 919 2242; x_wconf 90' lang='lat' dir='ltr'><strong>non</strong></span> <span class='ocrx_word' id='word_1_573' title='bbox 932 2215 1029 2242; x_wconf 90' lang='lat' dir='ltr'><strong>huma-</strong></span> 
     </span>
    </p>
   </div>
   <div class='ocr_carea' id='block_1_64' title="bbox 238 2257 1027 2294">
    <p class='ocr_par' dir='ltr' id='par_1_64' title="bbox 238 2257 1027 2294">
     <span class='ocr_line' id='line_1_64' title="bbox 238 2257 1027 2294; baseline 0.004 -11"><span class='ocrx_word' id='word_1_574' title='bbox 238 2264 275 2284; x_wconf 89' lang='lat' dir='ltr'><strong>no</strong></span> <span class='ocrx_word' id='word_1_575' title='bbox 290 2257 408 2292; x_wconf 84' lang='lat' dir='ltr'><strong>quodam</strong></span> <span class='ocrx_word' id='word_1_576' title='bbox 423 2258 524 2292; x_wconf 88' lang='lat' dir='ltr'><strong>impetu</strong></span> <span class='ocrx_word' id='word_1_577' title='bbox 538 2259 731 2294; x_wconf 77' lang='lat' dir='ltr'><strong>excogitatam,</strong></span> <span class='ocrx_word' id='word_1_578' title='bbox 747 2259 792 2286; x_wconf 88' lang='lat' dir='ltr'><strong>sed</strong></span> <span class='ocrx_word' id='word_1_579' title='bbox 802 2260 941 2294; x_wconf 61' lang='lat' dir='ltr'><strong>prmvisam</strong></span> <span class='ocrx_word' id='word_1_580' title='bbox 958 2260 1027 2287; x_wconf 86' lang='lat' dir='ltr'><strong>divi-</strong></span> 
     </span>
    </p>
   </div>
   <div class='ocr_carea' id='block_1_65' title="bbox 236 2303 1026 2339">
    <p class='ocr_par' dir='ltr' id='par_1_65' title="bbox 236 2303 1026 2339">
     <span class='ocr_line' id='line_1_65' title="bbox 236 2303 1026 2339; baseline 0.003 -9"><span class='ocrx_word' id='word_1_581' title='bbox 236 2303 323 2335; x_wconf 89' lang='lat' dir='ltr'><strong>nitus,</strong></span> <span class='ocrx_word' id='word_1_582' title='bbox 340 2304 504 2339; x_wconf 89' lang='lat' dir='ltr'><strong>scriptisque</strong></span> <span class='ocrx_word' id='word_1_583' title='bbox 521 2305 638 2331; x_wconf 87' lang='lat' dir='ltr'><strong>oraculis</strong></span> <span class='ocrx_word' id='word_1_584' title='bbox 655 2304 785 2331; x_wconf 67' lang='lat' dir='ltr'><strong>divinitus</strong></span> <span class='ocrx_word' id='word_1_585' title='bbox 807 2305 1026 2339; x_wconf 70' lang='lat' dir='ltr'><strong>prmnuntiatam,</strong></span> 
     </span>
    </p>
   </div>
   <div class='ocr_carea' id='block_1_66' title="bbox 236 2348 1026 2384">
    <p class='ocr_par' dir='ltr' id='par_1_66' title="bbox 236 2348 1026 2384">
     <span class='ocr_line' id='line_1_66' title="bbox 236 2348 1026 2384; baseline 0.003 -9"><span class='ocrx_word' id='word_1_586' title='bbox 236 2348 371 2384; x_wconf 81' lang='lat' dir='ltr'><strong>longeque</strong></span> <span class='ocrx_word' id='word_1_587' title='bbox 386 2350 453 2376; x_wconf 86' lang='lat' dir='ltr'><strong>adeo</strong></span> <span class='ocrx_word' id='word_1_588' title='bbox 471 2350 557 2384; x_wconf 87' lang='lat' dir='ltr'><strong>magis</strong></span> <span class='ocrx_word' id='word_1_589' title='bbox 570 2350 704 2377; x_wconf 84' lang='lat' dir='ltr'><strong>universis</strong></span> <span class='ocrx_word' id='word_1_590' title='bbox 720 2350 876 2377; x_wconf 89' lang='lat' dir='ltr'><strong>hominibus</strong></span> <span class='ocrx_word' id='word_1_591' title='bbox 891 2358 905 2377; x_wconf 88' lang='lat' dir='ltr'><strong>a</strong></span> <span class='ocrx_word' id='word_1_592' title='bbox 928 2350 1026 2377; x_wconf 83' lang='lat' dir='ltr'><strong>Serva-</strong></span> 
     </span>
    </p>
   </div>
   <div class='ocr_carea' id='block_1_67' title="bbox 236 2395 1026 2423">
    <p class='ocr_par' dir='ltr' id='par_1_67' title="bbox 236 2395 1026 2423">
     <span class='ocr_line' id='line_1_67' title="bbox 236 2395 1026 2423; baseline 0.001 -2"><span class='ocrx_word' id='word_1_593' title='bbox 236 2397 412 2422; x_wconf 31' lang='lat' dir='ltr'><strong>torernostro</strong></span> <span class='ocrx_word' id='word_1_594' title='bbox 435 2395 567 2422; x_wconf 89' lang='lat' dir='ltr'><strong>divinitus</strong></span> <span class='ocrx_word' id='word_1_595' title='bbox 582 2395 700 2422; x_wconf 86' lang='lat' dir='ltr'><strong>oblatam</strong></span> <span class='ocrx_word' id='word_1_596' title='bbox 717 2395 810 2423; x_wconf 84' lang='lat' dir='ltr'><strong>fuisse.</strong></span> <span class='ocrx_word' id='word_1_597' title='bbox 827 2395 957 2422; x_wconf 66' lang='lat' dir='ltr'><strong>l’rseterca</strong></span> <span class='ocrx_word' id='word_1_598' title='bbox 974 2404 1026 2422; x_wconf 94' lang='lat' dir='ltr'><strong>nu-</strong></span> 
     </span>
    </p>
   </div>
   <div class='ocr_carea' id='block_1_68' title="bbox 236 2441 1026 2476">
    <p class='ocr_par' dir='ltr' id='par_1_68' title="bbox 236 2441 1026 2476">
     <span class='ocr_line' id='line_1_68' title="bbox 236 2441 1026 2476; baseline 0.001 -9"><span class='ocrx_word' id='word_1_599' title='bbox 236 2441 309 2468; x_wconf 90' lang='lat' dir='ltr'><strong>mine</strong></span> <span class='ocrx_word' id='word_1_600' title='bbox 324 2442 402 2476; x_wconf 90' lang='lat' dir='ltr'><strong>plane</strong></span> <span class='ocrx_word' id='word_1_601' title='bbox 414 2441 506 2468; x_wconf 87' lang='lat' dir='ltr'><strong>divino</strong></span> <span class='ocrx_word' id='word_1_602' title='bbox 519 2441 602 2468; x_wconf 91' lang='lat' dir='ltr'><strong>robur</strong></span> <span class='ocrx_word' id='word_1_603' title='bbox 620 2441 679 2475; x_wconf 88' lang='lat' dir='ltr'><strong>ejus</strong></span> <span class='ocrx_word' id='word_1_604' title='bbox 691 2449 723 2468; x_wconf 86' lang='lat' dir='ltr'><strong>ac</strong></span> <span class='ocrx_word' id='word_1_605' title='bbox 741 2441 898 2468; x_wconf 88' lang='lat' dir='ltr'><strong>ﬁrmitatem</strong></span> <span class='ocrx_word' id='word_1_606' title='bbox 925 2442 1026 2469; x_wconf 89' lang='lat' dir='ltr'><strong>consti-</strong></span> 
     </span>
    </p>
   </div>
   <div class='ocr_carea' id='block_1_69' title="bbox 235 2487 1024 2522">
    <p class='ocr_par' dir='ltr' id='par_1_69' title="bbox 235 2487 1024 2522">
     <span class='ocr_line' id='line_1_69' title="bbox 235 2487 1024 2522; baseline 0.001 -9"><span class='ocrx_word' id='word_1_607' title='bbox 235 2487 312 2518; x_wconf 82' lang='lat' dir='ltr'><strong>tisse,</strong></span> <span class='ocrx_word' id='word_1_608' title='bbox 327 2495 388 2514; x_wconf 89' lang='lat' dir='ltr'><strong>cum</strong></span> <span class='ocrx_word' id='word_1_609' title='bbox 403 2491 497 2514; x_wconf 86' lang='lat' dir='ltr'><strong>vexata</strong></span> <span class='ocrx_word' id='word_1_610' title='bbox 515 2492 554 2514; x_wconf 93' lang='lat' dir='ltr'><strong>tot</strong></span> <span class='ocrx_word' id='word_1_611' title='bbox 575 2495 672 2520; x_wconf 87' lang='lat' dir='ltr'><strong>annos,</strong></span> <span class='ocrx_word' id='word_1_612' title='bbox 689 2488 843 2522; x_wconf 85' lang='lat' dir='ltr'><strong>partimque</strong></span> <span class='ocrx_word' id='word_1_613' title='bbox 870 2487 1024 2514; x_wconf 62' lang='lat' dir='ltr'><strong>diemonum</strong></span> 
     </span>
    </p>
   </div>
   <div class='ocr_carea' id='block_1_70' title="bbox 235 2533 1024 2568">
    <p class='ocr_par' dir='ltr' id='par_1_70' title="bbox 235 2533 1024 2568">
     <span class='ocr_line' id='line_1_70' title="bbox 235 2533 1024 2568; baseline 0 -9"><span class='ocrx_word' id='word_1_614' title='bbox 235 2533 282 2568; x_wconf 90' lang='lat' dir='ltr'><strong>qui</strong></span> <span class='ocrx_word' id='word_1_615' title='bbox 300 2533 383 2560; x_wconf 86' lang='lat' dir='ltr'><strong>videri</strong></span> <span class='ocrx_word' id='word_1_616' title='bbox 398 2541 451 2560; x_wconf 91' lang='lat' dir='ltr'><strong>non</strong></span> <span class='ocrx_word' id='word_1_617' title='bbox 463 2538 588 2568; x_wconf 79' lang='lat' dir='ltr'><strong>possunt,</strong></span> <span class='ocrx_word' id='word_1_618' title='bbox 605 2533 704 2568; x_wconf 87' lang='lat' dir='ltr'><strong>partim</strong></span> <span class='ocrx_word' id='word_1_619' title='bbox 722 2540 818 2559; x_wconf 91' lang='lat' dir='ltr'><strong>eorum</strong></span> <span class='ocrx_word' id='word_1_620' title='bbox 839 2533 885 2567; x_wconf 86' lang='lat' dir='ltr'><strong>qui</strong></span> <span class='ocrx_word' id='word_1_621' title='bbox 907 2540 956 2567; x_wconf 92' lang='lat' dir='ltr'><strong>pro</strong></span> <span class='ocrx_word' id='word_1_622' title='bbox 978 2541 1024 2560; x_wconf 91' lang='lat' dir='ltr'><strong>va-</strong></span> 
     </span>
    </p>
   </div>
   <div class='ocr_carea' id='block_1_71' title="bbox 236 2578 1024 2613">
    <p class='ocr_par' dir='ltr' id='par_1_71' title="bbox 236 2578 1024 2613">
     <span class='ocr_line' id='line_1_71' title="bbox 236 2578 1024 2613; baseline 0.003 -9"><span class='ocrx_word' id='word_1_623' title='bbox 236 2579 332 2605; x_wconf 85' lang='lat' dir='ltr'><strong>rietate</strong></span> <span class='ocrx_word' id='word_1_624' title='bbox 364 2583 515 2612; x_wconf 90' lang='lat' dir='ltr'><strong>temporum</strong></span> <span class='ocrx_word' id='word_1_625' title='bbox 548 2578 647 2606; x_wconf 81' lang='lat' dir='ltr'><strong>diversi</strong></span> <span class='ocrx_word' id='word_1_626' title='bbox 669 2578 848 2612; x_wconf 83' lang='lat' dir='ltr'><strong>imperabant,</strong></span> <span class='ocrx_word' id='word_1_627' title='bbox 883 2579 1024 2613; x_wconf 88' lang='lat' dir='ltr'><strong>oculisque</strong></span> 
     </span>
    </p>
   </div>
   <div class='ocr_carea' id='block_1_72' title="bbox 236 2624 1023 2659">
    <p class='ocr_par' dir='ltr' id='par_1_72' title="bbox 236 2624 1023 2659">
     <span class='ocr_line' id='line_1_72' title="bbox 236 2624 1023 2659; baseline 0 -7"><span class='ocrx_word' id='word_1_628' title='bbox 236 2624 418 2656; x_wconf 80' lang='lat' dir='ltr'><strong>cernebantur</strong></span> <span class='ocrx_word' id='word_1_629' title='bbox 429 2626 579 2659; x_wconf 88' lang='lat' dir='ltr'><strong>principum</strong></span> <span class='ocrx_word' id='word_1_630' title='bbox 591 2625 738 2651; x_wconf 78' lang='lat' dir='ltr'><strong>acerbitate</strong></span> <span class='ocrx_word' id='word_1_631' title='bbox 747 2624 859 2658; x_wconf 81' lang='lat' dir='ltr'><strong>jactata,</strong></span> <span class='ocrx_word' id='word_1_632' title='bbox 873 2625 1023 2659; x_wconf 85' lang='lat' dir='ltr'><strong>majoribus</strong></span> 
     </span>
    </p>
   </div>
   <div class='ocr_carea' id='block_1_73' title="bbox 236 2669 1022 2705">
    <p class='ocr_par' dir='ltr' id='par_1_73' title="bbox 236 2669 1022 2705">
     <span class='ocr_line' id='line_1_73' title="bbox 236 2669 1022 2705; baseline 0 -9"><span class='ocrx_word' id='word_1_633' title='bbox 236 2669 329 2696; x_wconf 84' lang='lat' dir='ltr'><strong>indies</strong></span> <span class='ocrx_word' id='word_1_634' title='bbox 338 2670 508 2697; x_wconf 84' lang='lat' dir='ltr'><strong>ornamentis</strong></span> <span class='ocrx_word' id='word_1_635' title='bbox 515 2675 541 2696; x_wconf 85' lang='lat' dir='ltr'><strong>et</strong></span> <span class='ocrx_word' id='word_1_636' title='bbox 550 2669 690 2696; x_wconf 86' lang='lat' dir='ltr'><strong>illustriori</strong></span> <span class='ocrx_word' id='word_1_637' title='bbox 701 2670 845 2705; x_wconf 88' lang='lat' dir='ltr'><strong>splendore</strong></span> <span class='ocrx_word' id='word_1_638' title='bbox 857 2670 1022 2704; x_wconf 87' lang='lat' dir='ltr'><strong>conjunctis,</strong></span> 
     </span>
    </p>
   </div>
   <div class='ocr_carea' id='block_1_74' title="bbox 1353 2029 1601 2067">
    <p class='ocr_par' dir='ltr' id='par_1_74' title="bbox 1353 2029 1601 2067">
     <span class='ocr_line' id='line_1_74' title="bbox 1353 2029 1601 2067; baseline 0 -13"><span class='ocrx_word' id='word_1_639' title='bbox 1353 2029 1549 2067; x_wconf 62' lang='lat' dir='ltr'><strong>liEthAAION</strong></span> <span class='ocrx_word' id='word_1_640' title='bbox 1566 2029 1601 2054; x_wconf 85' lang='lat' dir='ltr'><strong>A&#39;.</strong></span> 
     </span>
    </p>
   </div>
   <div class='ocr_carea' id='block_1_75' title="bbox 1083 2083 1868 2120">
    <p class='ocr_par' dir='ltr' id='par_1_75' title="bbox 1083 2083 1868 2120">
     <span class='ocr_line' id='line_1_75' title="bbox 1083 2083 1868 2120; baseline 0 -8"><span class='ocrx_word' id='word_1_641' title='bbox 1083 2085 1143 2112; x_wconf 84' lang='grc' dir='ltr'>Ὅτι</span> <span class='ocrx_word' id='word_1_642' title='bbox 1155 2085 1198 2120; x_wconf 78' lang='grc' dir='ltr'><strong>μὴ</strong></span> <span class='ocrx_word' id='word_1_643' title='bbox 1213 2085 1339 2118; x_wconf 81' lang='grc' dir='ltr'><strong>ἀκρίτως</strong></span> <span class='ocrx_word' id='word_1_644' title='bbox 1351 2084 1428 2120; x_wconf 66' lang='grc' dir='ltr'><strong>Δἡμῖν</strong></span> <span class='ocrx_word' id='word_1_645' title='bbox 1445 2085 1461 2117; x_wconf 76' lang='grc' dir='ltr'><strong><em>ἡ</em></strong></span> <span class='ocrx_word' id='word_1_646' title='bbox 1477 2084 1543 2118; x_wconf 77' lang='grc' dir='ltr'>περὶ</span> <span class='ocrx_word' id='word_1_647' title='bbox 1558 2083 1617 2110; x_wconf 78' lang='grc' dir='ltr'><strong>τῶν</strong></span> <span class='ocrx_word' id='word_1_648' title='bbox 1636 2083 1868 2120; x_wconf 60' lang='grc' dir='ltr'>ὠφελιμωτάτων</span> 
     </span>
    </p>
   </div>
   <div class='ocr_carea' id='block_1_76' title="bbox 1169 2118 1776 2153">
    <p class='ocr_par' dir='ltr' id='par_1_76' title="bbox 1169 2118 1776 2153">
     <span class='ocr_line' id='line_1_76' title="bbox 1169 2118 1776 2153; baseline 0 -7"><span class='ocrx_word' id='word_1_649' title='bbox 1169 2121 1270 2153; x_wconf 76' lang='grc' dir='ltr'>πίστις</span> <span class='ocrx_word' id='word_1_650' title='bbox 1287 2118 1362 2146; x_wconf 76' lang='grc' dir='ltr'>κατὰ</span> <span class='ocrx_word' id='word_1_651' title='bbox 1383 2119 1489 2153; x_wconf 62' lang='grc' dir='ltr'>καιρὸν</span> <span class='ocrx_word' id='word_1_652' title='bbox 1508 2119 1776 2152; x_wconf 71' lang='grc' dir='ltr'>παραλαμϐάνεται.</span> 
     </span>
    </p>
   </div>
   <div class='ocr_carea' id='block_1_77' title="bbox 1115 2163 1868 2201">
    <p class='ocr_par' dir='ltr' id='par_1_77' title="bbox 1115 2163 1868 2201">
     <span class='ocr_line' id='line_1_77' title="bbox 1115 2163 1868 2201; baseline -0.003 -8"><span class='ocrx_word' id='word_1_653' title='bbox 1115 2166 1209 2193; x_wconf 73' lang='grc' dir='ltr'>Πάντα</span> <span class='ocrx_word' id='word_1_654' title='bbox 1225 2166 1256 2201; x_wconf 79' lang='grc' dir='ltr'><strong>δὴ</strong></span> <span class='ocrx_word' id='word_1_655' title='bbox 1273 2165 1358 2191; x_wconf 78' lang='grc' dir='ltr'>ταῦτα</span> <span class='ocrx_word' id='word_1_656' title='bbox 1373 2165 1418 2191; x_wconf 65' lang='grc' dir='ltr'><strong>τὸν</strong></span> <span class='ocrx_word' id='word_1_657' title='bbox 1431 2165 1496 2200; x_wconf 78' lang='grc' dir='ltr'>περὶ</span> <span class='ocrx_word' id='word_1_658' title='bbox 1509 2164 1562 2190; x_wconf 82' lang='grc' dir='ltr'>τῶν</span> <span class='ocrx_word' id='word_1_659' title='bbox 1576 2164 1636 2190; x_wconf 83' lang='grc' dir='ltr'>καθ’</span> <span class='ocrx_word' id='word_1_660' title='bbox 1653 2165 1726 2199; x_wconf 79' lang='grc' dir='ltr'>ἡμᾶς</span> <span class='ocrx_word' id='word_1_661' title='bbox 1740 2163 1868 2199; x_wconf 82' lang='grc' dir='ltr'>πραγμά-</span> 
     </span>
    </p>
   </div>
   <div class='ocr_carea' id='block_1_78' title="bbox 1079 2209 1866 2246">
    <p class='ocr_par' dir='ltr' id='par_1_78' title="bbox 1079 2209 1866 2246">
     <span class='ocr_line' id='line_1_78' title="bbox 1079 2209 1866 2246; baseline -0.003 -8"><span class='ocrx_word' id='word_1_662' title='bbox 1079 2221 1133 2238; x_wconf 87' lang='grc' dir='ltr'>των</span> <span class='ocrx_word' id='word_1_663' title='bbox 1147 2211 1288 2238; x_wconf 81' lang='grc' dir='ltr'>πιστοῦται</span> <span class='ocrx_word' id='word_1_664' title='bbox 1303 2211 1390 2245; x_wconf 81' lang='grc' dir='ltr'>λόγον,</span> <span class='ocrx_word' id='word_1_665' title='bbox 1414 2210 1451 2241; x_wconf 81' lang='grc' dir='ltr'>ὡς</span> <span class='ocrx_word' id='word_1_666' title='bbox 1467 2210 1516 2236; x_wconf 75' lang='grc' dir='ltr'>οὐκ</span> <span class='ocrx_word' id='word_1_667' title='bbox 1535 2209 1564 2241; x_wconf 73' lang='grc' dir='ltr'>ἐξ</span> <span class='ocrx_word' id='word_1_668' title='bbox 1581 2209 1754 2246; x_wconf 78' lang='grc' dir='ltr'>ἀνθρωπίνης</span> <span class='ocrx_word' id='word_1_669' title='bbox 1776 2210 1866 2246; x_wconf 78' lang='grc' dir='ltr'>ὁρμῆς</span> 
     </span>
    </p>
   </div>
   <div class='ocr_carea' id='block_1_79' title="bbox 1079 2255 1864 2292">
    <p class='ocr_par' dir='ltr' id='par_1_79' title="bbox 1079 2255 1864 2292">
     <span class='ocr_line' id='line_1_79' title="bbox 1079 2255 1864 2292; baseline -0.003 -8"><span class='ocrx_word' id='word_1_670' title='bbox 1079 2257 1296 2292; x_wconf 77' lang='grc' dir='ltr'>ἐπιτηδευθέντα,</span> <span class='ocrx_word' id='word_1_671' title='bbox 1319 2256 1408 2282; x_wconf 83' lang='grc' dir='ltr'>θεόθεν</span> <span class='ocrx_word' id='word_1_672' title='bbox 1429 2255 1456 2281; x_wconf 78' lang='grc' dir='ltr'><strong>δὲ</strong></span> <span class='ocrx_word' id='word_1_673' title='bbox 1478 2255 1694 2291; x_wconf 81' lang='grc' dir='ltr'>προγνωσθέντα,</span> <span class='ocrx_word' id='word_1_674' title='bbox 1710 2256 1757 2282; x_wconf 75' lang='grc' dir='ltr'><strong>καὶ</strong></span> <span class='ocrx_word' id='word_1_675' title='bbox 1773 2255 1864 2282; x_wconf 78' lang='grc' dir='ltr'><strong>θεόθεν</strong></span> 
     </span>
    </p>
   </div>
   <div class='ocr_carea' id='block_1_80' title="bbox 1077 2301 1864 2338">
    <p class='ocr_par' dir='ltr' id='par_1_80' title="bbox 1077 2301 1864 2338">
     <span class='ocr_line' id='line_1_80' title="bbox 1077 2301 1864 2338; baseline -0.001 -9"><span class='ocrx_word' id='word_1_676' title='bbox 1077 2303 1120 2330; x_wconf 77' lang='grc' dir='ltr'>διὰ</span> <span class='ocrx_word' id='word_1_677' title='bbox 1135 2303 1189 2330; x_wconf 74' lang='grc' dir='ltr'>τῶν</span> <span class='ocrx_word' id='word_1_678' title='bbox 1206 2303 1350 2338; x_wconf 62' lang='grc' dir='ltr'>ἐγγράφων</span> <span class='ocrx_word' id='word_1_679' title='bbox 1371 2301 1501 2337; x_wconf 76' lang='grc' dir='ltr'><strong>χρησμῶν</strong></span> <span class='ocrx_word' id='word_1_680' title='bbox 1524 2301 1796 2338; x_wconf 77' lang='grc' dir='ltr'>προαναφωνηθέντα,</span> <span class='ocrx_word' id='word_1_681' title='bbox 1817 2302 1864 2328; x_wconf 68' lang='grc' dir='ltr'><strong>καὶ</strong></span> 
     </span>
    </p>
   </div>
   <div class='ocr_carea' id='block_1_81' title="bbox 1079 2347 1863 2383">
    <p class='ocr_par' dir='ltr' id='par_1_81' title="bbox 1079 2347 1863 2383">
     <span class='ocr_line' id='line_1_81' title="bbox 1079 2347 1863 2383; baseline 0 -9"><span class='ocrx_word' id='word_1_682' title='bbox 1079 2349 1146 2375; x_wconf 79' lang='grc' dir='ltr'>πολὺ</span> <span class='ocrx_word' id='word_1_683' title='bbox 1163 2349 1243 2375; x_wconf 77' lang='grc' dir='ltr'>πλέον</span> <span class='ocrx_word' id='word_1_684' title='bbox 1256 2349 1298 2375; x_wconf 85' lang='grc' dir='ltr'>ἔτι</span> <span class='ocrx_word' id='word_1_685' title='bbox 1313 2348 1403 2374; x_wconf 74' lang='grc' dir='ltr'>θεόθεν</span> <span class='ocrx_word' id='word_1_686' title='bbox 1421 2348 1465 2374; x_wconf 78' lang='grc' dir='ltr'>διὰ</span> <span class='ocrx_word' id='word_1_687' title='bbox 1479 2347 1524 2373; x_wconf 77' lang='grc' dir='ltr'>τοῦ</span> <span class='ocrx_word' id='word_1_688' title='bbox 1539 2348 1665 2383; x_wconf 81' lang='grc' dir='ltr'>Σωτῆρος</span> <span class='ocrx_word' id='word_1_689' title='bbox 1681 2349 1697 2383; x_wconf 87' lang='grc' dir='ltr'>ὴ</span> <span class='ocrx_word' id='word_1_690' title='bbox 1703 2348 1760 2382; x_wconf 85' lang='grc' dir='ltr'>μῶν</span> <span class='ocrx_word' id='word_1_691' title='bbox 1780 2349 1863 2374; x_wconf 80' lang='grc' dir='ltr'>πᾶσιν</span> 
     </span>
    </p>
   </div>
   <div class='ocr_carea' id='block_1_82' title="bbox 1076 2391 1862 2429">
    <p class='ocr_par' dir='ltr' id='par_1_82' title="bbox 1076 2391 1862 2429">
     <span class='ocr_line' id='line_1_82' title="bbox 1076 2391 1862 2429; baseline 0.001 -10"><span class='ocrx_word' id='word_1_692' title='bbox 1076 2393 1229 2428; x_wconf 80' lang='grc' dir='ltr'>ἀνθρώποις</span> <span class='ocrx_word' id='word_1_693' title='bbox 1250 2393 1480 2429; x_wconf 75' lang='grc' dir='ltr'>προΰεελτιμένον,</span> <span class='ocrx_word' id='word_1_694' title='bbox 1497 2391 1573 2425; x_wconf 79' lang='grc' dir='ltr'>αὖθίς</span> <span class='ocrx_word' id='word_1_695' title='bbox 1590 2402 1620 2420; x_wconf 85' lang='grc' dir='ltr'><strong>τε</strong></span> <span class='ocrx_word' id='word_1_696' title='bbox 1642 2394 1673 2420; x_wconf 77' lang='grc' dir='ltr'>ἐκ</span> <span class='ocrx_word' id='word_1_697' title='bbox 1696 2393 1762 2419; x_wconf 78' lang='grc' dir='ltr'>Θεοῦ</span> <span class='ocrx_word' id='word_1_698' title='bbox 1783 2394 1862 2421; x_wconf 84' lang='grc' dir='ltr'>δυνα-</span> 
     </span>
    </p>
   </div>
   <div class='ocr_carea' id='block_1_83' title="bbox 1078 2439 1862 2475">
    <p class='ocr_par' dir='ltr' id='par_1_83' title="bbox 1078 2439 1862 2475">
     <span class='ocr_line' id='line_1_83' title="bbox 1078 2439 1862 2475; baseline 0.001 -10"><span class='ocrx_word' id='word_1_699' title='bbox 1078 2439 1210 2475; x_wconf 76' lang='grc' dir='ltr'>μοὺμενον</span> <span class='ocrx_word' id='word_1_700' title='bbox 1226 2440 1271 2466; x_wconf 73' lang='grc' dir='ltr'><strong>καὶ</strong></span> <span class='ocrx_word' id='word_1_701' title='bbox 1286 2439 1450 2471; x_wconf 80' lang='grc' dir='ltr'>συνεστῶτα,</span> <span class='ocrx_word' id='word_1_702' title='bbox 1469 2440 1506 2471; x_wconf 83' lang='grc' dir='ltr'>ὡς</span> <span class='ocrx_word' id='word_1_703' title='bbox 1522 2440 1551 2466; x_wconf 77' lang='grc' dir='ltr'>ἐν</span> <span class='ocrx_word' id='word_1_704' title='bbox 1566 2439 1704 2470; x_wconf 81' lang='grc' dir='ltr'>τοσούτοις</span> <span class='ocrx_word' id='word_1_705' title='bbox 1719 2439 1787 2465; x_wconf 83' lang='grc' dir='ltr'>ἑτῶν</span> <span class='ocrx_word' id='word_1_706' title='bbox 1802 2440 1862 2475; x_wconf 81' lang='grc' dir='ltr'>χρό-</span> 
     </span>
    </p>
   </div>
   <div class='ocr_carea' id='block_1_84' title="bbox 1074 2484 1858 2520">
    <p class='ocr_par' dir='ltr' id='par_1_84' title="bbox 1074 2484 1858 2520">
     <span class='ocr_line' id='line_1_84' title="bbox 1074 2484 1858 2520; baseline 0.001 -10"><span class='ocrx_word' id='word_1_707' title='bbox 1074 2493 1130 2515; x_wconf 88' lang='grc' dir='ltr'>νοις</span> <span class='ocrx_word' id='word_1_708' title='bbox 1157 2484 1334 2519; x_wconf 78' lang='grc' dir='ltr'>ἐλαυνόμενον</span> <span class='ocrx_word' id='word_1_709' title='bbox 1354 2484 1422 2520; x_wconf 84' lang='grc' dir='ltr'>πρός</span> <span class='ocrx_word' id='word_1_710' title='bbox 1444 2493 1474 2511; x_wconf 83' lang='grc' dir='ltr'><strong>τε</strong></span> <span class='ocrx_word' id='word_1_711' title='bbox 1494 2484 1548 2511; x_wconf 82' lang='grc' dir='ltr'>τῶν</span> <span class='ocrx_word' id='word_1_712' title='bbox 1569 2484 1692 2520; x_wconf 81' lang='grc' dir='ltr'>ἀοράτων</span> <span class='ocrx_word' id='word_1_713' title='bbox 1716 2485 1858 2519; x_wconf 82' lang='grc' dir='ltr'>δαιμόνων,</span> 
     </span>
    </p>
   </div>
   <div class='ocr_carea' id='block_1_85' title="bbox 1075 2529 1859 2566">
    <p class='ocr_par' dir='ltr' id='par_1_85' title="bbox 1075 2529 1859 2566">
     <span class='ocr_line' id='line_1_85' title="bbox 1075 2529 1859 2566; baseline 0.001 -10"><span class='ocrx_word' id='word_1_714' title='bbox 1075 2530 1122 2556; x_wconf 77' lang='grc' dir='ltr'><strong>καὶ</strong></span> <span class='ocrx_word' id='word_1_715' title='bbox 1138 2530 1205 2566; x_wconf 77' lang='grc' dir='ltr'>πρὸς</span> <span class='ocrx_word' id='word_1_716' title='bbox 1221 2529 1277 2556; x_wconf 79' lang='grc' dir='ltr'>τῶν</span> <span class='ocrx_word' id='word_1_717' title='bbox 1292 2530 1361 2556; x_wconf 79' lang='grc' dir='ltr'>κατὰ</span> <span class='ocrx_word' id='word_1_718' title='bbox 1377 2531 1488 2566; x_wconf 84' lang='grc' dir='ltr'>χρόνους</span> <span class='ocrx_word' id='word_1_719' title='bbox 1505 2530 1609 2566; x_wconf 81' lang='grc' dir='ltr'>ὁρατῶν</span> <span class='ocrx_word' id='word_1_720' title='bbox 1629 2530 1776 2565; x_wconf 81' lang='grc' dir='ltr'>ἀρχόντων,</span> <span class='ocrx_word' id='word_1_721' title='bbox 1791 2531 1859 2558; x_wconf 80' lang='grc' dir='ltr'>πολὺ</span> 
     </span>
    </p>
   </div>
   <div class='ocr_carea' id='block_1_86' title="bbox 1075 2575 1868 2612">
    <p class='ocr_par' dir='ltr' id='par_1_86' title="bbox 1075 2575 1868 2612">
     <span class='ocr_line' id='line_1_86' title="bbox 1075 2575 1868 2612; baseline 0 -10"><span class='ocrx_word' id='word_1_722' title='bbox 1075 2576 1154 2602; x_wconf 80' lang='grc' dir='ltr'>πλέον</span> <span class='ocrx_word' id='word_1_723' title='bbox 1184 2575 1343 2610; x_wconf 79' lang='grc' dir='ltr'>διαλάμπειν</span> <span class='ocrx_word' id='word_1_724' title='bbox 1353 2595 1360 2608; x_wconf 92' lang='grc'><strong>,</strong></span> <span class='ocrx_word' id='word_1_725' title='bbox 1388 2577 1521 2612; x_wconf 75' lang='grc' dir='ltr'>ὁσημέραι</span> <span class='ocrx_word' id='word_1_726' title='bbox 1535 2585 1560 2602; x_wconf 88' lang='grc' dir='ltr'><strong>τι</strong></span> <span class='ocrx_word' id='word_1_727' title='bbox 1572 2582 1583 2596; x_wconf 70' lang='lat' dir='ltr'><strong>ﬂ</strong></span> <span class='ocrx_word' id='word_1_728' title='bbox 1595 2575 1754 2610; x_wconf 76' lang='grc' dir='ltr'>διαπρέπειν</span> <span class='ocrx_word' id='word_1_729' title='bbox 1765 2575 1810 2600; x_wconf 77' lang='grc' dir='ltr'><strong>καὶ</strong></span> <span class='ocrx_word' id='word_1_730' title='bbox 1822 2576 1868 2602; x_wconf 75' lang='grc' dir='ltr'>α”ι-</span> 
     </span>
    </p>
   </div>
   <div class='ocr_carea' id='block_1_87' title="bbox 1074 2621 1856 2657">
    <p class='ocr_par' dir='ltr' id='par_1_87' title="bbox 1074 2621 1856 2657">
     <span class='ocr_line' id='line_1_87' title="bbox 1074 2621 1856 2657; baseline 0 -9"><span class='ocrx_word' id='word_1_731' title='bbox 1074 2622 1138 2654; x_wconf 81' lang='grc' dir='ltr'>ξειν,</span> <span class='ocrx_word' id='word_1_732' title='bbox 1155 2622 1200 2648; x_wconf 82' lang='grc' dir='ltr'><strong>καὶ</strong></span> <span class='ocrx_word' id='word_1_733' title='bbox 1216 2621 1281 2648; x_wconf 81' lang='grc' dir='ltr'>πολὺ</span> <span class='ocrx_word' id='word_1_734' title='bbox 1303 2622 1402 2657; x_wconf 79' lang='grc' dir='ltr'>μᾶλλον</span> <span class='ocrx_word' id='word_1_735' title='bbox 1415 2621 1542 2657; x_wconf 82' lang='grc' dir='ltr'>πληθύειν</span> <span class='ocrx_word' id='word_1_736' title='bbox 1555 2631 1562 2637; x_wconf 89' lang='grc'><strong>·</strong></span> <span class='ocrx_word' id='word_1_737' title='bbox 1576 2622 1704 2657; x_wconf 79' lang='grc' dir='ltr'>ἄντικρυς</span> <span class='ocrx_word' id='word_1_738' title='bbox 1720 2621 1768 2657; x_wconf 83' lang='grc' dir='ltr'>τῆς</span> <span class='ocrx_word' id='word_1_739' title='bbox 1784 2621 1856 2648; x_wconf 77' lang='grc' dir='ltr'>ἄνω-</span> 
     </span>
    </p>
   </div>
   <div class='ocr_carea' id='block_1_88' title="bbox 1073 2667 1858 2703">
    <p class='ocr_par' dir='ltr' id='par_1_88' title="bbox 1073 2667 1858 2703">
     <span class='ocr_line' id='line_1_88' title="bbox 1073 2667 1858 2703; baseline 0 -10"><span class='ocrx_word' id='word_1_740' title='bbox 1073 2667 1119 2693; x_wconf 80' lang='grc' dir='ltr'><strong>θεν</strong></span> <span class='ocrx_word' id='word_1_741' title='bbox 1131 2668 1162 2693; x_wconf 76' lang='grc' dir='ltr'><strong>ἐκ</strong></span> <span class='ocrx_word' id='word_1_742' title='bbox 1175 2667 1222 2694; x_wconf 84' lang='grc' dir='ltr'>τοῦ</span> <span class='ocrx_word' id='word_1_743' title='bbox 1238 2667 1292 2694; x_wconf 85' lang='grc' dir='ltr'>τῶν</span> <span class='ocrx_word' id='word_1_744' title='bbox 1304 2667 1371 2694; x_wconf 78' lang='grc' dir='ltr'>ὅλων</span> <span class='ocrx_word' id='word_1_745' title='bbox 1388 2667 1455 2694; x_wconf 76' lang='grc' dir='ltr'>Θεοῦ</span> <span class='ocrx_word' id='word_1_746' title='bbox 1473 2667 1625 2702; x_wconf 80' lang='grc' dir='ltr'>συνεργίας,</span> <span class='ocrx_word' id='word_1_747' title='bbox 1643 2667 1673 2693; x_wconf 83' lang='grc' dir='ltr'>τὸ</span> <span class='ocrx_word' id='word_1_748' title='bbox 1690 2670 1795 2703; x_wconf 73' lang='grc' dir='ltr'>ἄμαχον</span> <span class='ocrx_word' id='word_1_749' title='bbox 1811 2667 1858 2693; x_wconf 74' lang='grc' dir='ltr'><strong>καὶ</strong></span> 
     </span>
    </p>
   </div>
   <div class='ocr_carea' id='block_1_89' title="bbox 236 2708 1036 2750">
    <p class='ocr_par' dir='ltr' id='par_1_89' title="bbox 236 2714 1020 2750">
     <span class='ocr_line' id='line_1_89' title="bbox 236 2714 1020 2750; baseline 0 -8"><span class='ocrx_word' id='word_1_750' title='bbox 236 2714 433 2750; x_wconf 86' lang='lat' dir='ltr'><strong>hominumque</strong></span> <span class='ocrx_word' id='word_1_751' title='bbox 448 2714 624 2750; x_wconf 81' lang='lat' dir='ltr'><strong>frequentiori</strong></span> <span class='ocrx_word' id='word_1_752' title='bbox 640 2716 811 2743; x_wconf 86' lang='lat' dir='ltr'><strong>multitudine</strong></span> <span class='ocrx_word' id='word_1_753' title='bbox 827 2720 969 2750; x_wconf 82' lang='lat' dir='ltr'><strong>augeatur.</strong></span> <span class='ocrx_word' id='word_1_754' title='bbox 985 2714 1020 2742; x_wconf 88' lang='lat' dir='ltr'><strong>Ut</strong></span> 
     </span>
    </p>
   </div>
   <div class='ocr_carea' id='block_1_90' title="bbox 1089 2708 1856 2750">
    <p class='ocr_par' dir='ltr' id='par_1_90' title="bbox 1091 2711 1856 2748">
     <span class='ocr_line' id='line_1_90' title="bbox 1091 2711 1856 2748; baseline 0 -9"><span class='ocrx_word' id='word_1_755' title='bbox 1091 2713 1214 2748; x_wconf 85' lang='grc' dir='ltr'>ήττητον,</span> <span class='ocrx_word' id='word_1_756' title='bbox 1230 2713 1259 2739; x_wconf 86' lang='grc' dir='ltr'>τό</span> <span class='ocrx_word' id='word_1_757' title='bbox 1275 2722 1306 2740; x_wconf 86' lang='grc' dir='ltr'><strong>τε</strong></span> <span class='ocrx_word' id='word_1_758' title='bbox 1320 2713 1389 2740; x_wconf 82' lang='grc' dir='ltr'>κατὰ</span> <span class='ocrx_word' id='word_1_759' title='bbox 1404 2713 1457 2740; x_wconf 85' lang='grc' dir='ltr'>τῶν</span> <span class='ocrx_word' id='word_1_760' title='bbox 1477 2713 1580 2748; x_wconf 75' lang='grc' dir='ltr'>ἐχθρῶν</span> <span class='ocrx_word' id='word_1_761' title='bbox 1603 2713 1740 2748; x_wconf 72' lang='grc' dir='ltr'>νικητικὸν</span> <span class='ocrx_word' id='word_1_762' title='bbox 1761 2713 1794 2748; x_wconf 84' lang='grc' dir='ltr'><strong>τῇ</strong></span> <span class='ocrx_word' id='word_1_763' title='bbox 1809 2711 1856 2739; x_wconf 84' lang='grc' dir='ltr'>τοῦ</span> 
     </span>
    </p>
   </div>
   <div class='ocr_carea' id='block_1_91' title="bbox 270 2785 399 2812">
    <p class='ocr_par' dir='ltr' id='par_1_91' title="bbox 270 2785 399 2812">
     <span class='ocr_line' id='line_1_91' title="bbox 270 2785 399 2812; baseline -0.008 0"><span class='ocrx_word' id='word_1_764' title='bbox 270 2791 285 2806; x_wconf 75' lang='grc' dir='ltr'>ι</span> <span class='ocrx_word' id='word_1_765' title='bbox 305 2785 349 2812; x_wconf 76' lang='lat' dir='ltr'><strong>la.</strong></span> <span class='ocrx_word' id='word_1_766' title='bbox 360 2793 399 2812; x_wconf 86' lang='grc' dir='ltr'>τε.</span> 
     </span>
    </p>
   </div>
   <div class='ocr_carea' id='block_1_92' title="bbox 269 2840 784 2874">
    <p class='ocr_par' dir='ltr' id='par_1_92' title="bbox 269 2840 784 2874">
     <span class='ocr_line' id='line_1_92' title="bbox 269 2840 784 2874; baseline -0.002 -6"><span class='ocrx_word' id='word_1_767' title='bbox 269 2843 280 2860; x_wconf 79' lang='grc'><strong>⁸</strong></span> <span class='ocrx_word' id='word_1_768' title='bbox 300 2840 394 2868; x_wconf 77' lang='lat' dir='ltr'><strong>Matth.</strong></span> <span class='ocrx_word' id='word_1_769' title='bbox 404 2841 505 2874; x_wconf 65' lang='lat'><strong>“1,18.</strong></span> <span class='ocrx_word' id='word_1_770' title='bbox 524 2841 649 2869; x_wconf 72' lang='lat' dir='ltr'><strong>&quot;Jerem.</strong></span> <span class='ocrx_word' id='word_1_771' title='bbox 665 2849 723 2873; x_wconf 81' lang='lat' dir='ltr'><strong>xvi,</strong></span> <span class='ocrx_word' id='word_1_772' title='bbox 741 2840 784 2868; x_wconf 78' lang='grc'><strong>19.</strong></span> 
     </span>
    </p>
   </div>
   <div class='ocr_carea' id='block_1_93' title="bbox 268 2891 1036 2936">
    <p class='ocr_par' dir='ltr' id='par_1_93' title="bbox 268 2894 1036 2936">
     <span class='ocr_line' id='line_1_93' title="bbox 268 2894 1036 2936; baseline -0.008 -8"><span class='ocrx_word' id='word_1_773' title='bbox 268 2900 306 2936; x_wconf 87' lang='grc'><strong>(8)</strong></span> <span class='ocrx_word' id='word_1_774' title='bbox 325 2898 607 2936; x_wconf 73' lang='grc' dir='ltr'>Εὑαγγελιζομένην.</span> <span class='ocrx_word' id='word_1_775' title='bbox 635 2897 715 2936; x_wconf 64' lang='lat' dir='ltr'><strong>_\_’erti</strong></span> <span class='ocrx_word' id='word_1_776' title='bbox 746 2898 857 2934; x_wconf 77' lang='lat' dir='ltr'><strong>perinde</strong></span> <span class='ocrx_word' id='word_1_777' title='bbox 882 2904 915 2924; x_wconf 83' lang='lat' dir='ltr'><strong>ac</strong></span> <span class='ocrx_word' id='word_1_778' title='bbox 938 2894 961 2923; x_wconf 80' lang='lat' dir='ltr'><strong>si</strong></span> <span class='ocrx_word' id='word_1_779' title='bbox 991 2894 1036 2923; x_wconf 88' lang='lat' dir='ltr'><strong>bal</strong></span> 
     </span>
    </p>
   </div>
   <div class='ocr_carea' id='block_1_94' title="bbox 1089 2891 1852 2936">
    <p class='ocr_par' dir='ltr' id='par_1_94' title="bbox 1089 2891 1852 2929">
     <span class='ocr_line' id='line_1_94' title="bbox 1089 2891 1852 2929; baseline -0.004 -9"><span class='ocrx_word' id='word_1_780' title='bbox 1089 2899 1152 2928; x_wconf 62' lang='lat' dir='ltr'><strong>:tur,</strong></span> <span class='ocrx_word' id='word_1_781' title='bbox 1180 2893 1448 2929; x_wconf 72' lang='grc' dir='ltr'>εὐαγγελιζομένων,</span> <span class='ocrx_word' id='word_1_782' title='bbox 1474 2897 1503 2920; x_wconf 91' lang='lat' dir='ltr'><strong>ut</strong></span> <span class='ocrx_word' id='word_1_783' title='bbox 1531 2891 1664 2920; x_wconf 84' lang='lat' dir='ltr'><strong>referatur</strong></span> <span class='ocrx_word' id='word_1_784' title='bbox 1693 2892 1725 2919; x_wconf 85' lang='lat' dir='ltr'><strong>ad</strong></span> <span class='ocrx_word' id='word_1_785' title='bbox 1749 2898 1852 2927; x_wconf 56' lang='lat' dir='ltr'><strong>speet;-</strong></span> 
     </span>
    </p>
   </div>
   <div class='ocr_carea' id='block_1_95' title="bbox 233 2933 756 2970">
    <p class='ocr_par' dir='ltr' id='par_1_95' title="bbox 233 2933 756 2970">
     <span class='ocr_line' id='line_1_95' title="bbox 233 2933 756 2970; baseline -0.006 -8"><span class='ocrx_word' id='word_1_786' title='bbox 233 2933 301 2963; x_wconf 58' lang='lat' dir='ltr'><strong>1(va</strong></span> <span class='ocrx_word' id='word_1_787' title='bbox 314 2933 402 2970; x_wconf 78' lang='lat' dir='ltr'><strong>Atque</strong></span> <span class='ocrx_word' id='word_1_788' title='bbox 417 2936 452 2962; x_wconf 91' lang='lat' dir='ltr'><strong>ita</strong></span> <span class='ocrx_word' id='word_1_789' title='bbox 470 2935 522 2968; x_wconf 75' lang='lat' dir='ltr'><strong>leg.</strong></span> <span class='ocrx_word' id='word_1_790' title='bbox 538 2935 620 2962; x_wconf 86' lang='lat' dir='ltr'><strong>etiam</strong></span> <span class='ocrx_word' id='word_1_791' title='bbox 635 2933 720 2960; x_wconf 84' lang='lat' dir='ltr'><strong>Mont.</strong></span> <span class='ocrx_word' id='word_1_792' title='bbox 754 2938 756 2941; x_wconf 82' lang='lat'><em>&#39;</em></span> 
     </span>
    </p>
   </div>
  </div>
