2064 3212
157 177 193 206 31
502 200 508 204 .
775 179 936 207 ΡΠᾹΞΡΛΙΙ.
958 201 960 205 ,

1010 179 1084 208 ANG.
1099 178 1164 207 LlB.
1185 178 1205 206 Ι.
1770 182 1804 209 38

154 242 276 275 Σωτηρος
292 245 377 275 ημων
392 241 555 276 διδασκαλίᾳ
574 249 602 266 τε
626 245 672 266 καὶ
690 247 860 275 προσηγοριᾳ
883 247 954 273 παρ-
971 245 995 272 Α

157 286 281 322 εχοὺσης.
298 286 359 313 Καὶ
373 286 405 313 τὸ
419 286 533 314 αὐτόθεν
545 286 574 313 δὲ
594 286 662 321 πρὸς
679 285 795 316 εὐζωῖαν
813 286 894 312 πᾶσιν
910 285 957 312 ἀν-

158 331 286 369 θρώποις,
304 332 335 358 οὺ
356 333 439 367 μόνον
462 331 562 359 ἐκτῶν
587 332 733 367 προφανῶς)
753 331 835 358 αὑτοῦ
858 331 956 365 λόγων,

159 376 226 403 ἀλλά
246 377 295 403 καὶ
320 376 352 409 ἐξ
379 378 540 413 ἀπορρήτου
561 377 701 411 δυνάμεως
726 376 955 412 προϐεϐλημένον,

164 424 218 456 πῶς
237 424 287 450 οὐκ
302 423 335 450 ἂν
349 424 457 458 γένοιτο
473 424 522 459 τῆς
539 423 630 449 ὲνθέου
648 423 787 458 δυνάμεως
800 423 883 449 αὐτοῦ
900 431 955 449 πα-

164 470 343 505 ραστατικόνς
358 469 439 501 θείας
455 469 504 504 μὲν
519 468 572 504 γὰρ
582 469 629 495 καὶ
644 469 800 504 ἀπορρήτου
816 468 957 503 δυνάμεως

164 515 206 552 ἦν,
224 516 254 542 τὺ
270 516 328 551 ἃμα
343 515 382 550 τῷ
396 515 479 542 αὑτοῦ
494 515 575 549 λόγῳ,
594 514 641 540 καὶ
659 514 707 539 σὺν
726 515 759 549 τῇ
775 513 839 549 περ).
855 521 957 549 μοναρ-

165 563 223 598 χίας
243 563 302 594 ἑνὸς
317 562 364 589 τοῦ
382 563 429 588 ἐπὶ
445 562 553 588 πάντων
573 560 640 587 Θεοῦ
662 559 869 596 προδεδλημένῃ
885 560 958 586 διδα-

164 609 264 644 σκαλία
286 609 380 639 αὐτοῦ,
397 607 465 643 ὁμοῦ
492 607 539 634 καὶ
556 607 606 641 τῆς
623 606 811 638 πολυπλανοῦς
830 607 876 633 καὶ
897 606 956 633 δαι-

165 655 280 691 μονικῆς
299 654 451 690 ἐνεργείας,
468 653 536 688 ὁμοῦ
559 653 606 680 καὶ
627 653 676 688 τῆς
692 653 747 679 τῶν
769 652 853 678 ὲθνῶν
876 652 958 679 πολυ-

165 701 262 737 αρχίας
280 701 421 736 ἐλεύθερον
438 699 605 734 καταστῆναι
621 698 652 725 τὸ
670 698 724 725 τῶν
740 697 890 734 ἀνθρώπων
912 697 959 733 γέ-

164 756 225 778 νος·
251 747 353 782 μυρίων
377 745 442 780 γοῦν
468 746 498 772 τὸ
525 744 638 772 παλαιὸν
662 744 723 771 καθ’
744 744 859 771 ’ἑκαστον
882 744 958 775 ἔθνος

165 793 299 829 βασιλέων
318 793 365 819 καὶ
379 791 524 827 τοπαρχῶν
539 790 759 826 ἐπικρατούντων
780 790 850 817 κατὰ
867 790 958 821 πόλεις

165 840 213 867 καὶ
234 839 336 875 χώρας,
352 837 470 865 καὶτῶν
489 837 537 872 μὲν
558 835 832 872 δημοκρατουμένων,
853 835 908 862 τῶν
929 835 957 862 δὲ

165 884 399 921 τυραννουμένων,
423 883 477 910 τῶν
501 883 529 909 δὲ
550 881 807 918 πολυαρχουμένων,
830 881 957 916 πολέμων

164 940 193 958 τε
214 931 285 958 κατά
298 930 329 957 τὸ
349 931 420 962 εἰκὸς
442 930 476 956 ὲκ
497 928 590 956 τούτου
612 929 746 955 παντοίων
772 926 956 960 συνεστώτων,

165 977 251 1005 ἐθνῶν
278 977 365 1003 ἔθνεσι
394 976 660 1011 προσρηγνυμένων,
685 975 733 1001 καὶ
758 973 876 1008 συνεχῶς
901 974 958 1005 τοῖς

164 1023 363 1060 πλησιοχώροις
384 1022 614 1058 ἐπανισταμένων,
626 1021 760 1058 δῃούντων
776 1029 806 1047 τε
819 1020 865 1047 καὶ
878 1020 958 1056 δῃου-

166 1070 266 1105 μένων,
289 1071 348 1100 ταῖς
364 1069 423 1095 κατ’
439 1068 560 1104 ἀλλήλων
577 1067 745 1103 πολιορκίαις
766 1067 960 1102 ἐπιστρατευο-

167 1116 267 1151 μένων,
283 1115 352 1142 ὤστε
365 1114 408 1141 διὰ
425 1114 512 1141 ταῦτα
527 1114 662 1149 πανδημεὶ
676 1113 778 1144 πάντας
789 1112 851 1144 τούς
866 1121 894 1138 τε
908 1111 958 1143 τὰς

165 1162 258 1194 πόλεις
272 1161 422 1193 οἰκοῦντας,
434 1161 482 1187 καὶ
496 1161 524 1186 ἐν
537 1161 630 1195 ἀγροῖς
648 1158 859 1195 γεηπονοῦντας,
875 1158 904 1190 ἐξ
918 1157 958 1184 ἔτι

164 1207 267 1234 παίδων
282 1207 318 1233 τὰ
333 1206 469 1242 πολεμικὰ
483 1205 666 1236 διδάσκεσθαι,
684 1205 843 1239 ξιφηφορεῖν
856 1212 885 1230 τε
900 1203 958 1229 δια-

164 1253 267 1285 παντὸς
290 1253 361 1279 κατά
379 1261 409 1279 τε
431 1252 480 1284 τὰς
501 1251 668 1286 λεωφόρους,
688 1249 735 1276 καὶ
759 1249 830 1276 κατὰ
850 1248 957 1283 κώμας,

166 1300 214 1326 καὶ
229 1299 340 1335 ἀγρούς.
356 1298 465 1334 Ἐπειδὴ
480 1297 570 1333 παρῆν
587 1297 602 1323 ὀ
614 1296 732 1332 Χριστὸς
745 1295 822 1331 (περὶ
836 1292 865 1322 οὗ
875 1295 958 1321 πάλαι

165 1344 209 1371 διὰ
217 1344 270 1371 τῶν
278 1344 424 1379 προφητῶν
439 1343 565 1378 ἀνείρητο
578 1350 584 1357 ·
601 1352 610 1367 ι
628 1341 763 1368 Ἀνατελεῖ
776 1342 804 1367 ἐν
818 1342 877 1372 ταῖς
892 1340 960 1376 ἡμέ-

168 1400 227 1427 ραις
258 1390 341 1418 αὑτοῦ
366 1391 533 1425 δικαιοσύνη,
557 1389 605 1415 καὶ
626 1388 728 1424 πλῆθος
765 1389 894 1423 εἰρήνης’
913 1387 959 1413 καί

167 1436 347 1471 συγκόψουσιν
369 1436 418 1468 τὰς
444 1436 580 1471 μαχαίρας
605 1434 693 1461 αὐτῶν
722 1435 762 1466 εἰς
780 1434 891 1469 ἄροτρα,
913 1433 959 1459 καὶ

165 1483 213 1514 τὰς
241 1482 352 1514 ζιϐύνας
382 1481 472 1508 αὑτῶν
493 1482 532 1512 είς
553 1481 693 1517 δρέπανα·
715 1480 762 1506 καὶ
789 1479 818 1505 οὐ
845 1479 956 1513 λήψεται

166 1527 241 1558 ἔθνος
256 1526 299 1552 ἐπ’
313 1526 388 1558 ἔθνος
404 1527 550 1562 μάχαιραν,
566 1526 613 1552 καὶ
623 1525 653 1551 οὑ
673 1525 709 1560 μὴ
727 1524 847 1559 μάθωσιν
860 1524 899 1549 ἔτι
911 1532 959 1549 πο-

1013 242 1093 277 plane
1102 241 1225 269 dubitare
1237 248 1317 268 nemo
1327 241 1414 276 possit
1424 242 1490 277 quin
1504 241 1575 270 Deus
1591 242 1635 269 ille
1643 249 1734 269 rerum
1745 249 1802 269 mo-

1013 288 1121 316 derator
1129 288 1263 321 omnium,
1275 288 1427 316 Servatoris
1437 288 1522 316 nostri
1532 287 1664 315 doctrinae
1693 287 1745 321 10
1770 295 1804 315 ac

1013 334 1117 361 nomini
1127 334 1180 361 vim
1195 335 1342 369 quamdam
1354 335 1428 362 omni
1444 338 1543 362 conatu
1558 338 1586 361 et
1599 333 1803 369 oppugnatione

1013 381 1193 416 superiorem,
1204 386 1420 416 cunctorumque
1431 381 1570 408 victricem
1587 381 1705 407 hostium
1720 380 1803 408 caele-

1013 428 1046 454 sti
1058 427 1160 454 auxilio
1172 427 1314 462 largiatur.
1327 427 1385 454 lam
1399 435 1463 454 vero
1474 426 1538 453 illud
1551 427 1650 461 ipsum,
1663 426 1734 460 quod
1745 433 1804 453 om-

1012 473 1093 500 nibus
1108 481 1156 508 per
1176 480 1236 500 sese
1255 474 1412 500 hominibus
1426 473 1458 500 ad
1474 473 1542 499 bene
1558 472 1691 506 beateque
1708 472 1802 498 viven-

1012 519 1087 551 dmn,
1103 519 1203 554 partim
1219 519 1380 546 clarissimis
1392 519 1479 553 ipsius
1492 519 1591 551 verbis,
1608 519 1706 552 partim
1720 518 1745 544 vi
1758 525 1804 544 oc-

1012 565 1128 592 cultiore
1142 564 1355 599 proponebatur,
1367 565 1508 599 cujus'non
1519 564 1605 591 oculis
1615 564 1734 590 divinam
1744 563 1804 597 ejus

1013 615 1175 646 potestatem
1193 611 1375 645 virtutemque
1402 610 1552 644 subjiciat?
1573 609 1680 636 Etenim
1705 609 1804 636 divina:

1009 655 1132 691 profecto
1146 662 1307 690 arcanteque
1318 655 1460 689 pozestatis
1472 655 1497 681 id
1509 654 1570 687 fuit,
1581 659 1611 682 ut
1625 654 1801 688 simulatque

1010 703 1124 729 verbum
1145 702 1228 734 illius,
1243 702 1331 736 deque
1343 701 1442 728 summi
1464 701 1546 728 unius
1560 705 1664 727 tantum
1682 700 1740 733 Dei,
1752 699 1800 734 qui

1010 748 1092 775 rebus
1104 753 1233 783 praeesset
1247 747 1386 780 omnibus,
1396 748 1561 782 principatu,
1570 747 1693 774 doctrina
1704 754 1804 782 propo-

1010 798 1131 826 neretur,
1146 794 1278 821 continuo
1290 801 1376 828 genus
1386 793 1527 820 hominum
1542 793 1569 819 in
1582 793 1713 827 integram
1723 794 1804 821 liber-

1009 844 1091 867 tatem
1110 847 1171 867 cum
1183 848 1198 866 a
1210 839 1383 867 fraudulenta
1394 840 1548 867 daemonum
1563 839 1733 872 ellicacitate,
1745 846 1802 867 tum

1009 892 1026 914 ιι
1040 886 1180 921 multiplici
1196 886 1315 921 gentium
1325 886 1464 912 dominatu
1478 886 1673 913 vindicaretur.
1687 886 1804 913 Praeser-

973 927 995 954 B
1010 932 1069 964 tim,
1085 939 1147 959 cum
1163 932 1283 959 sexcenti
1297 931 1361 958 olim
1387 939 1465 966 reges
1486 932 1602 966 singulis
1625 932 1652 958 in
1679 932 1798 958 nationi-

1009 977 1071 1010 bus,
1088 978 1115 1004 in
1129 977 1244 1004 urbibus
1262 981 1396 1004 autcm'ac
1411 977 1568 1012 regionibus
1581 978 1726 1012 imperium
1740 979 1801 1005 inti-

1008 1024 1059 1051 niti
1081 1023 1168 1058 reguli
1188 1023 1349 1055 obtinerent?
1363 1031 1370 1056 ;
1383 1023 1483 1058 aliique
1499 1024 1602 1058 populi,
1622 1028 1800 1058 tyrannorum

1009 1070 1065 1103 alii,
1088 1070 1134 1096 alii
1152 1069 1269 1103 denique
1285 1068 1405 1103 plurium
1430 1068 1570 1095 dominatu
1591 1074 1799 1103 premerentur;

1009 1124 1127 1151 cumque
1148 1115 1210 1142 inde
1225 1115 1313 1141 omnis
1329 1115 1435 1149 generis
1457 1114 1536 1147 bella,
1552 1120 1579 1141 ut
1593 1122 1642 1149 par
1654 1116 1802 1146 erat,exsi—

1008 1167 1119 1194 alerent,
1135 1160 1290 1189 commissis
1309 1161 1378 1187 inter
1401 1168 1461 1191 sese
1484 1161 1620 1195 gentibus.
1642 1161 1801 1195 vicinosque

1008 1209 1122 1244 populos
1139 1208 1244 1235 infestis
1262 1215 1371 1242 semper
1389 1208 1473 1234 armis
1488 1207 1656 1241 petentibus,
1677 1211 1801 1233 mutuas«

1008 1263 1061 1290 que
1083 1255 1205 1282 vicissim
1229 1254 1318 1281 clades
1346 1258 1504 1288 stragesque
1519 1253 1710 1285 subeuntibus,
1727 1254 1799 1288 quod

1007 1301 1110 1328 mutuis
1139 1301 1207 1328 alios
1233 1300 1278 1327 alii
1317 1299 1505 1327 obsidionibus
1542 1299 1800 1334 incursionibusque

1008 1351 1137 1373 vexarent
1154 1367 1160 1372 .
1174 1346 1211 1372 Ex
1225 1353 1279 1380 quo
1302 1345 1416 1379 proinde
1432 1345 1521 1376 ﬁebat,
1543 1349 1572 1371 ut
1600 1352 1654 1371 non
1672 1344 1690 1370 ii
1718 1344 1800 1371 modo

1007 1393 1054 1427 qui
1067 1392 1191 1419 civitates
1206 1392 1372 1423 incolebant,
1392 1391 1438 1418 sed
1452 1392 1534 1418 etiam
1560 1391 1578 1417 ii
1607 1391 1654 1425 qui
1669 1391 1696 1417 in
1718 1398 1799 1426 agro-

1009 1447 1069 1466 rum
1086 1447 1118 1467 ac
1135 1443 1213 1466 terra:
1229 1439 1335 1465 cultura
1360 1438 1550 1469 versabantur,
1572 1445 1629 1464 rem
1653 1437 1799 1464 militarem

1006 1486 1061 1521 jam
1075 1485 1137 1512 inde
1152 1493 1166 1512 a
1180 1485 1272 1520 pueris
1287 1484 1468 1517 addisccrcnt,
1490 1484 1650 1519 gladiosque
1662 1484 1801 1511 continen-

1009 1536 1059 1563 ter,
1082 1539 1114 1559 ac
1127 1531 1208 1566 vulgo
1224 1538 1271 1565 per
1282 1531 1339 1559 vias
1355 1530 1489 1566 publicas,
1514 1537 1608 1564 pagos,
1627 1537 1762 1564 agrosque
1773 1535 1800 1557 et

165 1573 258 1608 λεμεῖν
274 1582 283 1598 ι
300 1573 320 1607 ),
339 1572 471 1598 ἀκόλουθα
493 1573 552 1603 ταῖς
574 1571 759 1606 προρρήσεσιν
783 1569 959 1605 ἐπηκολούθει

1010 1585 1072 1604 rura
1084 1581 1231 1612 gestarent.
1248 1576 1284 1603 At
1296 1584 1360 1603 vero
1377 1584 1439 1602 cum
1462 1583 1522 1603 sese
1542 1575 1660 1610 primum
1672 1575 1799 1602 Christus

163 1619 197 1646 τὰ
209 1619 289 1655 ἔργα,
301 1620 376 1645 πᾶσα
389 1619 436 1654 μὲν
450 1617 550 1645 αὐτίκα
563 1618 720 1653 περιῃρεῖτο
729 1617 880 1652 πολυαρχία
892 1617 959 1642 Ῥω-

165 1665 263 1701 μαίων,
281 1664 436 1699 Αὐγούστου
465 1664 535 1691 κατὰ
558 1664 588 1690 τὸ
612 1663 679 1690 αὐτὸ
704 1664 737 1698 τῇ
760 1662 807 1689 τοῦ
834 1662 961 1698 Σωτῆρος

164 1710 243 1745 ἡμῶν
258 1710 402 1745 ὲπιιρανείᾳ
424 1709 655 1744 μοναρχήσαντος.
676 1707 722 1740 Ἐξ
738 1707 840 1734 ἐκείνου
863 1707 891 1733 δὲ
912 1708 960 1734 καὶ

165 1756 204 1787 εἰς
226 1755 307 1790 δεῦρο
321 1755 371 1781 οὐκ
388 1754 420 1781 ἂν
441 1755 515 1786 tam,
535 1754 572 1786 ὡς
593 1753 624 1780 τὸ
648 1754 724 1790 πρὶν,
747 1753 839 1785 πόλεις
863 1754 958 1780 πόλεσι

165 1801 348 1837 πολεμούσας,
368 1801 423 1827 οὐδ’
438 1800 516 1832 ἔθνος
536 1800 606 1827 ἔθνει
625 1799 836 1835 διαμαχόμενον,
854 1799 913 1826 οὐδέ
927 1808 959 1833 γε

164 1847 209 1874 τὸν
232 1847 289 1881 ᾒίον
309 1847 338 1873 ὲν
355 1846 430 1882 πάσῃ
454 1848 584 1881 συγχύσει
603 1845 843 1882 κατατριϐόμενον.
861 1845 958 1872 Καίτοι

165 1894 223 1926 πῶς
238 1895 290 1920 οὐκ
304 1894 376 1926 ἄξιον
402 1893 552 1928 θαυμάζειν
575 1892 785 1927 ἐπιστήσαντας,
801 1891 827 1917 τί
843 1891 873 1927 δή
895 1899 960 1918 ποτε

165 1941 195 1967 τὺ
213 1940 263 1976 μὲν
278 1939 407 1971 παλαιὸν,
422 1939 467 1965 ὅτε
483 1938 536 1965 τῶν
553 1938 637 1964 ἐθνῶν
654 1938 782 1965 ἁπάντων
796 1938 960 1973 κατετυράν-

165 1996 227 2014 νουν
243 1988 267 2013 οἱ
281 1986 418 2021 δαίμονες,
432 1985 479 2012 καὶ
495 1985 577 2020 πολλή
593 1993 635 2016 τις
648 1982 682 2020 ἦν
697 1984 847 2020 ἀνθρώπων
861 1985 877 2019 ἡ
894 1984 960 2020 περὶ

166 2031 264 2063 αὐτοὺς
273 2030 415 2065 θεραπεία,
426 2030 493 2065 πρὸς
501 2029 589 2056 αὐτῶν
600 2029 654 2055 τῶν
662 2029 730 2055 θεῶν
743 2028 960 2064 ὲξοιστρούμενοι

167 2078 213 2104 ἐπὶ
225 2078 289 2108 τοὺς
302 2076 362 2103 κατ’
376 2076 500 2111 ἀλλήλων
511 2075 552 2108 eg;
559 2076 682 2110 μαίνοντο
694 2074 838 2109 πολέμους·
852 2074 890 2105 ὼς
900 2073 960 2101 τοτὲ

169 2124 219 2160 μὲν
241 2123 373 2157 ’Έλληνας
401 2122 494 2153 αὐτοῖς
520 2121 643 2156 Ἕλλησι,
667 2121 728 2147 τοτὲ
750 2120 778 2146 δὲ
799 2120 962 2154 Αἰγυπτίους

168 2169 337 2204 Αἰγυπτίοις,
355 2169 402 2195 καὶ
421 2167 523 2202 Σύρους
545 2167 651 2203 Σύροις,
671 2166 824 2201 Ῥωμαίους
844 2174 873 2192 τε
893 2167 959 2193 Ῥω-

169 2215 260 2250 μαίοις
280 2214 420 2249 πολεμεῖν,
443 2213 684 2248 ἀνδραποδίζεσθαί
710 2221 738 2238 τε
763 2212 894 2247 ἀλλήλους
915 2212 963 2238 καὶ

1008 1622 1172 1650 ostendisset
1186 1622 1230 1657 (de
1245 1629 1300 1656 quo
1313 1621 1450 1656 proplictzc
1463 1621 1527 1647 olim
1547 1620 1599 1647 ista
1619 1620 1775 1647 cecinerant
1791 1628 1797 1646 :

1013 1677 1022 1693 ε
1037 1667 1147 1695 Orietur
1157 1667 1184 1694 in
1202 1667 1299 1694 diebus
1318 1666 1520 1701 ipsiusjustitia
1535 1670 1561 1693 et
1583 1666 1729 1692 multitudo
1751 1673 1801 1700 pa-

1008 1714 1048 1741 cis
1069 1723 1075 1740 :
1099 1717 1126 1740 ct
1138 1713 1412 1747 conllabuntgladios
1426 1720 1491 1739 suos
1508 1712 1534 1739 iu
1554 1719 1691 1743 vomeres,
1707 1711 1801 1738 etian-

1011 1767 1074 1788 ceas
1088 1767 1154 1788 suas
1173 1760 1199 1787 in
1215 1758 1309 1792 falces,
1322 1766 1376 1785 non
1393 1763 1483 1785 sumet
1498 1766 1563 1792 gens
1579 1758 1711 1784 adversus
1737 1765 1802 1791 gen-

1009 1809 1062 1832 tem
1095 1803 1225 1839 gladium,
1247 1810 1297 1830 ncc
1312 1803 1417 1829 discent
1457 1803 1574 1837 amplius
1596 1803 1696 1829 bellum
1724 1810 1801 1837 gere-

1008 1857 1038 1877 re
1066 1849 1087 1865 ¹¹
1116 1849 1160 1884 ›),
1187 1848 1362 1875 oraculorum
1387 1848 1529 1875 veritatem
1557 1848 1687 1875 continuo
1709 1855 1801 1874 rerum

1008 1896 1098 1923 exitus
1107 1894 1304 1929 comprobavit.
1325 1893 1430 1920 Etenim
1447 1894 1589 1928 multiplex
1601 1894 1646 1921 ille
1660 1893 1801 1920 llomano-

1008 1949 1069 1968 rum
1083 1941 1253 1976 principatus
1273 1940 1347 1966 illico
1369 1940 1492 1967 sublatus
1503 1944 1545 1967 est
1557 1948 1638 1972 ,cum
1660 1941 1801 1974 Augustus

1009 1989 1061 2016 sub
1073 1988 1162 2023 ipsum
1198 1986 1285 2013 nostri
1301 1985 1455 2012 Servatoris
1488 1986 1633 2013 adventum
1662 1993 1799 2013 summam

1009 2042 1101 2061 rerum
1132 2040 1204 2060 unus
1225 2031 1385 2066 accepisset.
1407 2030 1447 2057 Ex
1466 2038 1499 2057 eo
1530 2038 1594 2058 vero
1617 2035 1741 2065 tempore
1767 2030 1801 2057 ad

1009 2085 1116 2108 aetatem
1132 2086 1218 2113 usque
1233 2083 1367 2110 nostram,
1390 2076 1517 2104 civitates
1538 2080 1569 2103 ut
1590 2081 1669 2103 antea
1687 2084 1749 2102 cum
1764 2076 1802 2103 ci-

1009 2126 1140 2154 vitatibus
1155 2125 1328 2155 dimicantes,
1346 2123 1517 2158 populosque
1531 2130 1592 2149 cum
1605 2122 1713 2156 populis
1728 2129 1803 2148 com-

1011 2172 1121 2204 missos,
1135 2171 1278 2197 hominum
1307 2169 1424 2204 denique
1448 2169 1531 2196 vitam
1563 2176 1652 2195 rerum
1679 2168 1802 2194 omnium

1015 2217 1218 2252 perturbatione
1254 2216 1398 2243 contritam
1424 2222 1506 2242 nemo
1537 2214 1615 2241 vidit.
1644 2213 1711 2246 Quis
1739 2221 1802 2248 ergo

169 2260 347 2295 ιατατρῦχειν
369 2262 431 2291 ταῖς
472 2259 657 2295 πολιορκίαις,
685 2258 827 2294 ὼσπεροῦν
849 2259 876 2285 αἱ
898 2259 960 2295 περὶ

1014 2271 1067 2291 non
1078 2263 1137 2297 jure
1149 2263 1273 2295 miretur,
1289 2262 1312 2289 si
1339 2261 1486 2292 diligenter
1500 2268 1603 2292 .sccum
1622 2260 1677 2294 ipse
1690 2260 1800 2294 cogitet,

169 2310 265 2337 τούτων
286 2308 394 2343 δηλοῦσι
415 2307 469 2333 τῶν
492 2307 613 2333 παλαιῶν
638 2305 754 2341 ἱστορίαι
767 2314 773 2320 ·
800 2305 858 2340 ἅμα
877 2305 905 2331 δὲ
928 2306 961 2340 τῇ

170 2354 213 2382 τοῦ
233 2354 359 2389 Σωτῆρος
383 2352 462 2388 ἡμῶν
485 2351 667 2387 εὐσεϐεστάτη
691 2351 737 2377 καὶ
763 2351 963 2386 εἷρηνικωτάτῃ

169 2399 344 2435 διδασκαλίᾳ,
367 2398 417 2434 τῆς
444 2398 493 2433 μὲν
520 2397 651 2424 πολυθέου
678 2397 781 2431 πλάνης
804 2396 963 2432 καθαίρεσις

172 2447 334 2478 ὲπετελεῖτο,
347 2446 383 2472 τὰ
407 2445 435 2471 δὲ
457 2445 506 2480 τῆς
526 2444 580 2470 τῶν
601 2443 685 2470 ὲθνῶν
704 2443 868 2474 διαστάσεως
895 2442 964 2468 παῦ-

173 2493 223 2520 λαν
237 2492 336 2519 αὐτίκα
348 2489 472 2517 παλαιῶν
485 2489 578 2516 κακῶν
592 2489 800 2525 ὰπελάμϐανεν;
813 2488 826 2514 ὃ
846 2489 892 2515 καὶ
910 2488 963 2523 μά·

172 2539 250 2565 λιστα
263 2538 389 2574 μέγιστον
408 2536 528 2572 ἡγοῦμαι
546 2537 692 2571 τεκμήριον
705 2536 848 2570 τυγχάνειν
859 2535 908 2570 τῆς
920 2535 964 2561 ὲν-

170 2583 232 2610 θέου
256 2583 303 2609 καὶ
321 2582 479 2618 ἀπορρήτου
503 2580 643 2616 δυνάμεως
663 2580 710 2606 τοῦ
735 2580 859 2614 Σωτῆρος
874 2579 962 2615 ήμῶν.

175 2628 227 2662 Γῆς
239 2627 262 2654 δ’
277 2628 310 2654 ὲκ
324 2627 379 2654 τῶν
394 2626 476 2653 αὑτοῦ
495 2626 583 2660 λόγων
596 2625 815 2662 προφαινομένης
831 2625 963 2659 ὠφελείας

171 2673 268 2708 δεῖγμα
285 2671 401 2707 ἐναργὲς
416 2670 482 2702 ἴδοις
496 2671 539 2702 ἂν,
559 2671 719 2706 ἐπιστήσας,
732 2670 768 2701 ὡς
788 2669 848 2696 οὐδὲ
869 2668 964 2696 ἄλλοτέ

172 2727 215 2745 πω
236 2718 265 2752 ἐξ
288 2717 397 2749 αἰῶνος,
417 2717 472 2744 οὐδ’
487 2717 539 2744 ὑπό
554 2725 626 2748 τινος
647 2715 702 2742 τῶν
716 2715 800 2742 πάλαι
813 2714 961 2750 διαφανῶν,

172 2765 202 2791 ὲκ
221 2765 309 2800 μόνων
328 2764 358 2790 δὲ
374 2763 429 2790 τῶν
442 2763 524 2789 αὐτοῦ
545 2762 652 2797 φωνῶν,
672 2761 720 2788 καὶ
740 2762 789 2797 τῆς
803 2762 854 2788 ἀνὰ
873 2762 963 2788 πᾶσαν

172 2811 219 2845 τὴν
245 2809 411 2845 οἰκουμένην
432 2808 599 2844 διαδοθείσης
622 2807 793 2839 διδασκαλίας
818 2808 911 2839 αὑτοῦ,
932 2805 963 2835 εὖ

209 2921 232 2938 ¹¹
250 2922 301 2948 lsa.
322 2929 350 2953 ιι,
368 2921 395 2947 4.

1012 2309 1077 2344 quid
1090 2317 1181 2336 causa:
1191 2307 1283 2340 fuerit,
1298 2307 1476 2342 quamobrem
1489 2307 1614 2333 homines
1640 2306 1716 2338 olim,
1743 2313 1799 2340 quo

1013 2361 1134 2390 tempore
1157 2359 1250 2390 gentes
1276 2354 1418 2381 universas
1429 2354 1568 2380 daemones
1589 2352 1731 2387 tyrannide
1752 2358 1801 2386 op-

1013 2409 1122 2437 pressas
1140 2400 1278 2432 tenebant,
1294 2404 1320 2427 ct
1332 2408 1440 2428 summo
1469 2400 1575 2427 cunctis
1601 2407 1616 2425 a
1641 2398 1801 2425 mortalibus

1013 2448 1088 2476 cultu
1108 2447 1324 2479 celebrabantur,
1342 2446 1455 2473 deorum
1468 2447 1588 2480 ipsorum
1599 2448 1684 2470 mstro
1699 2443 1800 2477 percit,

1011 2499 1043 2522 tn
1052 2497 1146 2520 mutua
1168 2492 1237 2519 bella
1255 2492 1358 2519 furioso
1370 2491 1487 2526 quodam
1508 2490 1608 2524 impetu
1624 2488 1807 2515 ruerent:sic

1015 2545 1045 2568 ut
1055 2540 1135 2566 modo
1151 2539 1236 2566 Graeci
1246 2546 1307 2565 cum
1321 2538 1431 2571 Grzccis,
1444 2537 1525 2564 modo
1537 2543 1598 2563 cum
1608 2534 1741 2570 Egyptiis
1756 2533 1806 2561 Α)-

1015 2586 1097 2622 gyptii
1125 2586 1174 2620 ιι
1191 2605 1198 2617 ,
1215 2585 1275 2620 Syri
1291 2593 1352 2612 cum
1369 2584 1445 2619 Syris
1460 2604 1466 2616 ,
1494 2590 1556 2610 cum
1573 2582 1703 2609 Romanis
1723 2581 1800 2608 deni-

1015 2636 1068 2669 Que
1080 2633 1196 2660 Romani
1217 2633 1266 2667 ipsi
1281 2632 1351 2659 bella
1365 2631 1545 2665 susciperent,
1557 2629 1657 2664 aliique
1680 2627 1801 2654 vicissim

1016 2680 1085 2707 alios
1100 2680 1142 2707 vel
1154 2679 1181 2706 in
1197 2679 1354 2706 servitutem
1367 2677 1543 2706 abducerent.
1555 2675 1598 2702 vel
1614 2672 1800 2701 obsidionibus

1016 2727 1191 2757 conﬁcerent,
1210 2723 1437 2759 quemadmodum
1453 2727 1558 2749 veteres
1573 2720 1680 2747 illorum
1698 2723 1798 2751 tempo-

1018 2781 1077 2800 rum
1096 2771 1218 2798 historiis
1240 2770 1429 2804 cunsignatum
1455 2775 1487 2794 ac
1504 2770 1631 2793 testatum
1657 2764 1803 2798 reliquere;

1018 2823 1047 2843 ut
1075 2818 1193 2854 primum
1215 2821 1305 2843 autem
1327 2814 1531 2849 religiosissima
1553 2811 1683 2846 pacisque
1705 2816 1802 2836 aman'
