2064 3212
248 191 284 218 59

251 250 355 278 tissima
380 249 534 277 Servatoris
554 250 641 277 nostri
661 249 785 276 doctrina
810 247 961 277 increbuit.
986 254 1040 271 lion

251 297 297 325 ille
313 300 419 323 tantum
435 304 512 324 error
526 317 533 328 ,
552 297 598 331 qui
615 296 728 323 deorum
752 293 953 321 nmltitudiuem
971 293 1044 319 inve—

250 341 342 373 hebat,
360 341 485 369 funditus
504 342 643 369 tolleretur
659 350 666 374 ;
683 348 777 368 verum
795 342 875 366 etiam
892 340 1044 372 importance

249 387 351 415 dudum
364 395 410 422 per
424 388 475 414 ista
490 388 651 422 populorum
664 386 776 413 dissidia
801 385 972 412 calamitates
998 393 1043 411 su-

249 434 306 461 bito
333 434 578 469 conquiescerem?
609 433 742 468 Equidem
772 433 798 460 id
823 433 865 460 vel
895 432 1043 459 maximum

248 482 367 509 arbitror
392 482 491 508 divinae
522 488 683 516 arcanaeque
714 479 868 507 Servaloris
888 478 972 505 nostri
997 486 1045 513 po-

249 528 356 555 testatis
384 532 585 562 argumentum.
604 527 679 555 Illius
704 531 794 554 autem
820 524 944 552 utilitatis
959 544 967 556 .
984 532 1045 558 quae

249 574 338 608 palam
370 574 502 601 doctrinae
538 574 620 608 hujus
652 572 872 608 praedicationem
897 575 1043 598 consecuta

250 624 310 650 est,
335 626 422 645 cutvts
448 626 504 645 rem
531 627 621 644 secum
646 622 747 645 attente
775 623 911 651 reputanti
932 626 1036 644 ciarum

252 665 305 692 hoc
325 664 352 691 in
378 665 472 698 primis
488 670 514 691 et
537 664 639 690 illustre
656 664 793 696 specimen
810 663 911 690 intueri
931 664 1011 689 liceat
1030 673 1036 691 :

248 708 321 742 quod
335 716 385 735 nec
396 708 465 735 alias
478 716 597 743 unquam
611 716 642 736 ex
655 708 729 735 omni
743 708 885 734 hominum
899 707 1042 740 memoria,

246 761 298 781 nec
313 754 348 781 ab
368 761 463 781 eorum
482 754 538 781 ullo
550 775 556 787 ,
573 754 620 788 qui
636 753 708 781 fama
724 754 862 788 quondam
882 754 1002 780 nominis
1018 758 1044 780 et

246 801 449 828 existimatione
463 800 614 827 ﬂoruerunt
630 808 637 826 :
657 800 704 827 sed
722 804 827 826 tantum
841 807 874 826 ex
889 807 944 834 quo
957 800 1043 834 ipsius

247 847 379 874 doctrinae
402 854 449 881 per
474 846 632 873 universum
659 846 753 873 orbem
780 845 886 873 diffusae.
907 847 999 874 verbis
1017 852 1043 874 et

248 892 428 920 concionibus
445 892 584 919 hominum
609 899 689 919 aures
705 891 790 918 alllari
807 899 913 926 cmpere
926 912 933 923 .
954 893 1042 920 conti-

247 945 303 965 nuo
326 937 427 964 factum
445 937 490 968 sit,
516 941 545 963 ut
559 937 605 971 qui
625 936 704 963 ferini
720 936 796 971 prius
820 945 851 964 ac
866 937 976 964 barbari
990 946 1041 964 na-

246 984 352 1011 tionum
368 983 490 1010 omnium
507 990 597 1010 mores
609 982 733 1014 fuerant,
749 983 829 1010 iidem
844 983 994 1011 lenioribus
1014 989 1041 1011 ct

248 1029 457 1058 humanioribus
480 1028 612 1054 institutis
628 1032 863 1055 mansuescerent.
880 1028 974 1063 itaque
990 1038 1040 1057 nec

245 1076 346 1107 Persae,
366 1076 413 1109 qui
431 1075 514 1102 semel
530 1075 590 1109 ejus
604 1074 757 1109 disciplina:
774 1084 873 1103 nomen
889 1078 1038 1111 dederunt,

245 1122 355 1157 nuptias
370 1121 488 1156 amplius
499 1129 561 1147 cutn
575 1121 708 1148 matribus
722 1122 817 1149 ineunt
829 1132 834 1149 :
855 1131 906 1150 nec
921 1122 1038 1158 Scythae,

245 1168 319 1203 quod
347 1168 374 1195 in
399 1176 494 1195 eorum
520 1175 630 1202 quoque
654 1169 792 1202 regionem
821 1169 923 1196 Christi
948 1178 1039 1197 sermo

245 1213 415 1248 penetrarit,
442 1213 566 1246 humana
597 1213 652 1249 jam
680 1221 761 1240 carne
794 1219 964 1248 pascuntur;
989 1223 1038 1242 nec

244 1258 297 1285 alia
317 1259 498 1286 barbarorum
516 1266 615 1293 genera
642 1259 746 1286 incesto
771 1259 887 1286 liliarum
912 1268 944 1288 ac
959 1268 1036 1288 soro-

244 1313 305 1332 rum
328 1305 475 1332 concubitu
499 1306 679 1340 polluuntur:
696 1314 747 1333 nec
764 1306 798 1333 ad
821 1314 911 1334 mares
932 1306 1036 1334 furioso

246 1350 367 1377 libidinis
388 1355 455 1377 testu
474 1359 563 1378 mares
581 1351 631 1385 ipsi
651 1351 796 1385 rapiuntur
809 1370 816 1383 ,
832 1359 882 1378 nec
906 1357 1035 1383 caeteras,

243 1403 306 1431 quae
321 1400 426 1423 naturm
441 1397 512 1432 leges
528 1396 645 1429 violant,
663 1397 787 1431 corporis
803 1397 956 1432 voluptates
976 1406 1038 1433 per-

243 1447 416 1477 sequuntur,
441 1450 491 1469 nec
515 1443 629 1470 canibus
652 1448 735 1477 atque
759 1443 915 1472 volucribus
941 1452 1036 1472 neces-

242 1489 378 1515 sariorum
395 1496 427 1515 ac
449 1489 664 1524 propinquorum
681 1498 794 1516 suorum
809 1490 952 1524 cadavera,
972 1491 1034 1526 qui-

242 1534 294 1561 bus
319 1534 345 1561 id
362 1535 500 1569 quondam
527 1535 555 1562 in
577 1543 653 1563 more
680 1536 789 1570 fuerat,
806 1537 958 1571 objiciunt:
985 1546 1036 1565 nec

242 1581 385 1614 seniojam
398 1580 543 1614 confectis,
559 1586 588 1608 ut
599 1587 688 1615 antea,
705 1583 817 1617 laqueos
834 1583 969 1617 injiciunt,
985 1592 1035 1611 nec

241 1626 293 1653 sibi
310 1626 543 1653 amicissimorum
560 1634 642 1654 carne
658 1632 720 1661 post
735 1628 838 1654 obitum
855 1628 967 1663 antiquo
982 1630 1035 1657 ritu

241 1672 419 1706 saginantur:
437 1680 487 1699 nec
500 1672 635 1706 majorum
653 1673 779 1700 instituto
794 1674 964 1701 daemonibus
979 1680 1037 1702 tan-

241 1724 324 1751 quam
347 1717 399 1744 diis
417 1717 541 1744 homines
556 1717 719 1752 immolant,
740 1726 791 1746 nec
807 1719 858 1746 sibi
877 1720 1035 1747 carissimos

239 1762 366 1797 jugulant
386 1762 454 1790 falsa
471 1763 580 1798 pietatis
602 1764 732 1798 opinione
746 1765 844 1792 delusi.
869 1765 931 1793 [hec
953 1766 1035 1793 nimi-

240 1816 302 1835 rum
327 1808 372 1835 illa
387 1813 461 1840 sunt,
477 1809 586 1844 aliaque
609 1809 635 1836 id
649 1817 735 1844 genus
760 1812 954 1846 propemodum
971 1812 1033 1838 inii-

240 1854 309 1886 nita,
327 1855 428 1889 quibus
445 1855 544 1882 infesta
562 1855 701 1890 quondam
719 1855 861 1883 hominum
878 1857 933 1884 vita
948 1858 1032 1885 habe—

240 1901 331 1928 batur.
350 1901 389 1928 Ac
408 1900 567 1936 Massagetae
593 1901 702 1935 quidem
725 1906 807 1936 atque
830 1902 959 1931 Derbices
973 1924 980 1937 ,
1003 1910 1034 1932 ut

240 1946 418 1973 historiarum
437 1947 488 1974 ﬁde
504 1947 642 1981 proditum
658 1952 716 1980 est,
734 1949 951 1983 propinquorum
967 1958 1033 1978 suo-

239 1999 301 2018 rum
322 1992 402 2027 longe
418 1993 588 2020 miserrimos
603 2001 651 2021 eos
683 1994 836 2029 putabant,
853 1996 900 2030 qui
916 1998 1033 2025 naturali

238 2035 296 2063 fato
319 2044 477 2071 supremum
504 2037 565 2064 vita:
589 2039 660 2065 diem
686 2039 841 2071 obiissent,
865 2040 944 2075 cujus
971 2048 1033 2070 ante

239 2087 383 2117 propterea
397 2083 589 2111 necessitatem
604 2091 780 2119 occupantes,
800 2094 869 2120 quos
885 2087 1032 2115 vehemen-

239 2128 294 2155 tius
309 2128 471 2163 diligerent,
488 2137 536 2156 eos
551 2134 631 2157 aetate
653 2130 709 2164 jam
732 2130 839 2159 ciltetos
860 2140 913 2160 non
932 2133 1032 2161 immo-

238 2174 332 2202 labant
348 2176 445 2206 modo,
465 2176 511 2202 sed
526 2176 560 2203 iis
575 2176 657 2203 etiam
671 2178 750 2212 quasi
769 2178 930 2207 lautissimis
944 2180 1032 2215 epulis

237 2221 395 2247 utebantur.
419 2221 454 2248 At
468 2230 533 2249 vero
547 2221 676 2250 Tibareni
689 2242 697 2255 ,
711 2231 790 2251 senes
804 2225 922 2251 maxima
938 2233 1030 2252 secum

237 2265 368 2293 aﬂinitate
380 2266 541 2301 conjunctos
551 2268 704 2303 prmcipites
717 2277 812 2303 agere:
826 2269 944 2305 Hyrcani
956 2272 1032 2298 vivos

237 2311 348 2339 eosdem
364 2319 396 2338 ac
410 2312 555 2347 spirantes,
570 2314 662 2348 Caspii
676 2314 734 2349 jam
750 2320 836 2342 morte
850 2316 959 2344 functos
974 2317 1032 2344 avi-

238 2356 290 2384 bus
299 2357 469 2392 canibusquc
481 2361 648 2392 quattuortui
662 2368 834 2395 summopere
846 2361 1030 2395 adamassent,

238 2401 362 2437 ipsorum
383 2403 434 2437 12
458 2403 491 2430 ad
516 2411 597 2439 rogos
619 2404 766 2440 jugulare,
786 2404 887 2433 Bactrii
915 2406 1032 2441 denique

239 2449 363 2476 seniores
380 2450 470 2477 adhuc
493 2451 654 2484 superstites
678 2451 793 2479 canibus
811 2452 904 2479 itidem
925 2452 1032 2479 lanian-

237 2495 289 2523 dos
305 2496 438 2530 projicere
458 2502 667 2524 consueverant.
686 2497 749 2525 llzec
762 2518 770 2531 ,
787 2498 899 2533 inquam
913 2518 921 2532 ,
939 2500 1031 2527 omnia

240 2543 431 2576 superioribus
456 2543 509 2571 illis
533 2544 702 2579 temporibus
726 2545 942 2580 grassabantur,
958 2554 1032 2573 nunc

240 2594 330 2616 autem
345 2589 403 2615 ﬁeri
419 2589 532 2616 omnino
548 2590 666 2622 desiere,
683 2590 796 2617 immani
810 2598 842 2617 ac
855 2591 974 2618 belluina
991 2596 1031 2619 tot

240 2634 374 2661 :ualorum
401 2640 476 2669 peste
508 2636 637 2664 salutaris
666 2637 748 2664 unius
775 2637 939 2672 evangelicae
962 2638 1029 2673 legis

239 2679 343 2707 viribus
357 2680 509 2715 proﬂigata.
527 2681 587 2709 Jam
609 2690 675 2710 vero
686 2704 694 2716 ,
708 2683 781 2718 quod
798 2690 887 2718 neque
908 2685 1029 2719 expertia

237 2727 300 2754 vitae
323 2728 460 2762 surdaque
486 2729 649 2761 simulacra,
676 2737 764 2764 neque
780 2730 955 2758 conscelerati
973 2731 1028 2758 dte-

238 2781 335 2801 mones
349 2782 462 2802 suarum
478 2776 505 2802 in
529 2776 563 2803 iis
581 2776 779 2811 praestigiarum
797 2777 852 2803 vim
865 2782 1026 2811 exerentes,

237 2827 327 2856 neque
339 2825 431 2855 partes
448 2822 542 2849 mundi
563 2822 646 2857 hujus
661 2823 836 2857 aspectabilis
847 2843 854 2855 ,
876 2832 964 2859 neque
980 2825 1029 2852 ho-

273 2890 311 2926 (9)
333 2891 457 2930 Τιᾷαροί.
478 2891 638 2930 Existimavi
654 2893 711 2930 leg.
723 2891 880 2930 Τιϐαρηνοί,
897 2902 978 2930 quam
994 2895 1027 2923 le-

238 2928 356 2954 ctionem
371 2927 398 2954 in
415 2927 499 2955 Mont.
511 2932 606 2964 postea
623 2927 796 2963 deprehendi.

567 190 702 218 EUSEBH
729 186 970 217 CESARIENSIS
990 185 1066 213 OPP.
1086 185 1176 212 PARS
1195 184 1227 212 Il.
1248 200 1283 205 —
1304 184 1555 214 APOLOGETICA.

1858 188 1895 216 ιο

1057 247 1078 274 Α
1092 244 1125 270 τὰ
1142 245 1229 270 πάντα
1246 243 1300 270 τῶν
1323 244 1407 270 ἐθνῶν
1431 245 1534 280 νόμιμα
1548 247 1647 275 κεῖται,
1665 245 1735 271 αύτὰ
1749 247 1839 272 ἐκεῖνα
1859 247 1894 274 τὰ

1097 290 1162 325 πρὶν
1177 290 1295 325 θηριώδη
1316 291 1362 316 καὶ
1380 290 1516 326 βάρϐαρα,
1540 290 1583 322 Ὠς
1601 292 1699 326 μηκέτι
1717 292 1824 327 Πέρσας
1841 302 1891 328 μη-

1096 338 1254 370 τρογαμεῖν,
1270 337 1332 366 τοὺς
1354 336 1426 371 αύτῷ
1442 336 1662 372 μαθητευθέντας
1674 346 1680 351 ”
1700 338 1760 373 μηδ’
1790 339 1893 374 ἀνθρω-

1097 382 1222 417 ποϐορεῖν
1238 382 1343 413 Σκύθας
1358 382 1400 408 διὰ
1416 383 1462 408 τὸν
1475 383 1522 409 καὶ
1547 383 1644 418 μέχρις
1666 384 1754 410 αὐτῶν
1779 385 1891 411 ἐλθόντα

1095 428 1140 454 τὸν
1158 428 1276 463 Χριστοῦ
1297 428 1386 462 λόγον,
1409 429 1475 464 μηδὲ
1495 429 1562 455 ἄλλα
1588 430 1653 465 γένη
1678 430 1825 466 βαρϐάρων
1844 432 1890 458 ἐκ·

1096 473 1205 508 θέσμως
1236 473 1387 508 θυγατράσι
1424 473 1470 500 καὶ
1493 473 1621 508 ἀδελφαῖς
1645 474 1799 508 μίγνυσθαι.
1821 474 1892 510 Μηδ⁹

1095 518 1214 554 ἄρρενας
1234 517 1347 554 ἄρρεσιν
1363 519 1564 554 ἐπιμαίνεσθαι,
1581 520 1627 546 καὶ
1646 520 1696 551 τὰς
1717 520 1791 555 παρὰ
1811 520 1891 555 φύσιν

1094 564 1192 600 ἡδονὰς
1206 565 1326 600 μετιέναι
1337 573 1344 580 '
1362 565 1428 601 μηδὲ
1444 566 1506 592 κυσὶ
1522 566 1569 592 καὶ
1578 567 1686 601 οἰωνοῖς
1698 567 1761 598 τοὺς
1773 567 1889 599 οἰκείους

1095 611 1209 646 νεκροὺς
1232 610 1389 646 προτιθέναι
1414 612 1476 643 τοὺς
1498 611 1581 638 πάλαι
1604 612 1684 638 τοῦτο
1708 612 1888 648 πράττοντας.

1097 657 1157 693 μηδ’
1172 657 1274 694 ἀγχόνῃ
1290 658 1354 689 τοὺς
1367 658 1566 694 γεγηρακότας,
1581 659 1676 695 ὥσπερ
1690 657 1724 694 ἦν
1746 660 1888 696 πρότερον,

1095 703 1262 730 ὲπιϐάλλειν”
1290 705 1356 740 μηδὲ
1371 705 1474 740 σάρκας
1488 706 1592 741 νεκρῶν
1606 706 1659 732 τῶν
1675 705 1808 740 φιλτάτων
1820 707 1890 733 κατὰ

1094 750 1124 776 τὸ
1145 750 1257 777 παλαιὸν
1281 750 1341 782 ἔθος
1362 750 1517 778 θοινᾶσθαι·
1536 752 1597 787 μηδ’
1613 751 1832 787 ἀνθρωποθυτεῖν
1851 752 1889 784 ὡς

1094 796 1165 827 θεοῖς
1180 798 1236 828 τοῖς
1248 796 1356 831 δαίμοσι
1369 797 1439 823 κατὰ
1454 798 1518 829 τοὺς
1534 797 1673 829 παλαιοὺς,
1692 798 1758 834 μηδὲ
1773 798 1808 825 τά
1828 798 1889 833 φίλ-

1093 851 1162 869 τατα
1184 843 1384 877 κατασφάττειν
1404 843 1545 875 εὐσεϐείας
1561 844 1702 880 ὑπολήψει.
1727 844 1819 871 Ταῦτα
1833 844 1887 879 γὰρ

1093 887 1127 924 ἦν
1144 889 1191 916 καὶ
1206 889 1323 924 συγγενῆ
1337 889 1442 921 τούτοις
1459 890 1544 926 μυρία
1558 890 1593 916 τὰ
1609 890 1693 917 πάλαι
1707 891 1751 917 τὸν
1766 890 1819 918 τῶν
1837 892 1886 918 ἀν-

1093 934 1209 971 θρώπων
1227 935 1283 970 βίον
1302 935 1495 971 λυμαινόμενα.
1518 936 1695 972 Ὶστοροῦνται
1708 937 1887 971 Μασσαγέται

1092 981 1139 1007 καὶ
1153 980 1284 1016 Δέρϐικες
1296 981 1477 1014 ἀθλιωτάτους
1490 982 1614 1017 ἡγεῖσθαι
1628 982 1682 1009 τῶν
1698 983 1806 1010 οἰκείων
1820 984 1885 1014 τοὺς

1091 1027 1253 1062 αὐτομάτως
1271 1026 1492 1062 τελευτήσαντας.
1512 1028 1557 1054 Διὺ
1573 1028 1620 1055 καὶ
1637 1027 1788 1063 φθάσαντες
1819 1037 1885 1055 κατ-

1090 1073 1178 1104 έθυον,
1189 1073 1236 1099 καὶ
1251 1073 1390 1099 εἱστιῶντο
1403 1073 1457 1099 τῶν
1466 1073 1599 1108 φιλτάτων
1608 1074 1671 1105 τοὺς
1685 1074 1885 1110 παρακμάσαν-

1089 1128 1148 1150 τας.
1163 1119 1274 1154 Τιϐαροὶ
1288 1119 1324 1153 (9)
1337 1119 1364 1144 δὲ
1380 1118 1482 1150 ζῶντας
1498 1119 1716 1155 κατεκρήμνιζον
1727 1120 1791 1152 τοὺς
1805 1121 1885 1154 ἐγγυ-

1088 1166 1161 1192 τάτω
1172 1165 1312 1200 γέροντας.
1333 1165 1461 1200 Ὑρκανοὶ
1472 1165 1501 1191 δὲ
1516 1166 1563 1191 καὶ
1578 1166 1708 1199 Κάσπιοι,
1724 1167 1749 1192 οἱ
1763 1167 1811 1201 μὲν
1826 1167 1885 1192 οἰω-

1088 1212 1145 1242 νοῖς
1168 1211 1213 1236 καὶ
1227 1211 1291 1237 κυσὶ
1312 1210 1481 1246 παρέϐαλλον
1503 1210 1616 1243 ζῶντας,
1638 1211 1663 1238 οἱ
1678 1211 1706 1238 δὲ
1721 1211 1880 1242 τεθνεῶτας.

1089 1255 1191 1282 Σκύθαι
1211 1255 1239 1282 δὲ
1262 1256 1487 1292 συγκατώρυττον
1512 1256 1626 1289 ζῶντας,
1641 1258 1686 1283 καὶ
1711 1257 1881 1292 ὲπέσφαττον

1088 1303 1148 1333 ταῖς
1162 1304 1262 1337 πυραῖς
1281 1301 1327 1333 οὓς
1343 1303 1457 1336 ἠγάπων
1472 1303 1497 1328 οἱ
1518 1302 1666 1334 τεθνεῶτες
1683 1303 1811 1338 μάλιστα.
1827 1304 1882 1329 Καὶ

1089 1348 1217 1384 Βάκτριοι
1241 1348 1296 1383 (10)
1321 1348 1348 1374 δὲ
1363 1349 1418 1379 τοῖς
1436 1348 1499 1374 κυσὶ
1515 1348 1683 1384 παρέϐαλλον
1701 1348 1804 1381 ζῶντας
1818 1349 1882 1381 τοὺς

1087 1394 1228 1429 γέροντας.
1250 1393 1329 1421 Ἀλλὰ
1348 1393 1435 1420 ταῦτα
1452 1394 1499 1428 μὲν
1516 1393 1599 1420 πάλαι
1613 1391 1646 1429 ἦν
1665 1394 1881 1430 πρότερονγνυνὶ¹

1086 1441 1115 1467 δὲ
1128 1440 1218 1467 οὐκέθ’
1233 1441 1333 1476 ὁμοίως
1360 1440 1444 1473 ἐστὶι,
1461 1440 1519 1472 ἐνὸς
1528 1440 1575 1466 τοῦ
1593 1441 1725 1476 σωτηρίου
1736 1441 1817 1476 νόμου
1829 1442 1879 1476 τῆς

1090 1486 1272 1521 εὐαγγελικῆς
1287 1485 1426 1521 δυνάμεως
1440 1485 1488 1520 τὴν
1503 1485 1622 1521 θηριώδη
1636 1486 1683 1512 καί
1697 1486 1880 1522 ἀπάνθρωπον

1086 1533 1188 1558 τούτων
1199 1532 1266 1558 ὅλων
1280 1531 1480 1562 καταλύσαντος
1495 1531 1579 1557 νόσον.
1596 1532 1632 1557 Τὸ
1646 1531 1675 1558 δὲ
1693 1532 1791 1566 μηκέτι
1801 1531 1881 1564 θεοῖς

1049 1597 1071 1625 C
1088 1579 1214 1614 ἡγεῖσθαι
1238 1577 1297 1612 ἤτοι
1323 1577 1356 1603 τὰ
1379 1576 1463 1612 νεκρὰ
1478 1576 1525 1603 καὶ
1539 1576 1619 1611 κωφὰ
1633 1576 1724 1609 ξόανα,
1740 1577 1757 1612 ἦ
1771 1578 1834 1610 τοὺς
1851 1579 1880 1604 ἐν

1089 1624 1193 1655 τούτοις
1214 1623 1392 1659 ἐνεργοῦντας
1414 1625 1550 1658 πονηροὺς
1572 1623 1712 1659 δαίμονας,
1727 1624 1743 1659 ἢ
1759 1625 1793 1650 τὰ
1809 1625 1878 1661 μέρη

1086 1671 1133 1697 τοῦ
1149 1670 1310 1705 φαινομένου
1325 1670 1439 1705 κόσμου,
1456 1670 1472 1706 ἢ
1488 1670 1537 1701 τὰς
1551 1671 1604 1697 τῶν
1618 1671 1702 1697 πάλαι
1721 1671 1881 1706 κατοιχομέ-

1088 1716 1143 1743 νῶν
1162 1716 1266 1752 θνητῶν
1280 1715 1378 1751 ψυχὰς,
1396 1716 1412 1751 ἦ
1432 1716 1486 1742 τῶν
1511 1716 1615 1750 ἀλόγων
1630 1716 1706 1749 ζώων
1720 1717 1755 1743 τὰ
1770 1717 1881 1752 βλαπτι-

1087 1762 1210 1799 κώτερα·
1228 1763 1288 1789 ἀντὶ
1311 1763 1340 1789 δὲ
1360 1763 1462 1790 τούτων
1486 1764 1612 1791 ἁπάντων
1632 1764 1675 1790 διὰ
1690 1765 1753 1799 μιᾶς
1767 1764 1818 1799 τῆς
1831 1765 1879 1790 τοῦ

1086 1810 1212 1845 Σωτῆρος
1233 1809 1311 1845 ἡμῶν
1334 1810 1514 1846 εὐαγγελικῆς
1535 1810 1718 1842 διδασκαλίας,
1745 1810 1879 1846 ’Έλληνας

1084 1855 1152 1891 ὁμοῦ
1165 1856 1210 1882 καὶ
1223 1855 1387 1891 βαρϐάρους,
1401 1856 1465 1887 τοὺς
1479 1856 1610 1892 γνησίως,
1627 1856 1683 1883 ἀλλ’
1700 1857 1749 1883 οὐκ
1762 1857 1880 1883 ἐπιπλά-

1087 1910 1157 1933 στως
1181 1901 1264 1928 αὑτοῦ
1288 1901 1326 1937 τῷ
1344 1902 1416 1937 λόγῳ
1442 1902 1667 1937 προσανέχοντας,
1693 1904 1732 1934 εἰς
1752 1902 1878 1929 τοσοῦτον

1085 1948 1173 1983 ἄκρας
1185 1948 1342 1982 φιλοσοφίας
1353 1948 1450 1979 ἐλθεῖν,
1461 1948 1499 1980 ὼς
1514 1948 1593 1984 μόνον
1602 1949 1648 1975 τὸν
1660 1949 1789 1976 ἀνωτάτω
1800 1949 1877 1980 Θεὸν,

1084 1993 1164 2020 αὑτὸν
1186 1994 1288 2019 ἐκεῖνον
1303 1993 1347 2019 τὸν
1367 1994 1495 2020 ἐπέκεινα
1509 1993 1562 2019 τῶν
1576 1994 1653 2027 ὅλων,
1672 1994 1716 2021 τὸν
1739 1995 1878 2030 παμϐασι-

1084 2040 1134 2067 λέα
1149 2040 1195 2067 καὶ
1206 2040 1299 2076 κύριον
1314 2040 1429 2075 οὐρανοῦ
1444 2041 1491 2067 καὶ
1503 2040 1565 2075 γῆς,
1575 2041 1650 2075 ἡλίου
1662 2049 1691 2067 τε
1700 2041 1746 2067 καὶ
1757 2041 1876 2077 ἄστρων,

1084 2087 1131 2113 καὶ¹
1148 2086 1195 2113 τοῦ
1219 2086 1377 2122 σύμπαντος
1399 2086 1502 2122 κόσμου
1525 2086 1689 2122 δημιουργὸν
1712 2087 1812 2119 σέϐειν,
1830 2088 1878 2114 καὶ

1084 2133 1189 2168 ὑμνεῖν,
1212 2133 1259 2159 καὶ
1284 2132 1431 2165 θεολογεῖν·
1446 2132 1519 2167 βιοῦν
1529 2141 1558 2158 τε
1581 2132 1702 2167 ἀκριϐῶς
1718 2132 1789 2159 οὕτω
1807 2142 1876 2168 μαν-

1084 2178 1185 2210 θάνειν,
1206 2179 1243 2210 ὡς
1263 2178 1343 2213 μέχρι
1364 2179 1410 2204 καὶ
1428 2178 1475 2204 τοῦ
1490 2178 1636 2213 ἐμϐλέπειν
1657 2180 1713 2210 τοῖς
1728 2179 1877 2215 ὀφθαλμοῖς

1085 2225 1327 2259 παιδαγωγεῖσθαι,
1352 2225 1398 2251 καὶ
1420 2224 1501 2259 μηδὲν
1525 2224 1672 2251 ἀκόλαστον
1694 2225 1725 2252 ὲκ
1745 2225 1792 2252 τοῦ
1817 2227 1875 2261 μετ’

1048 2267 1070 2294 ἶ)
1084 2271 1231 2306 ἐπιθυμίας
1250 2272 1326 2306 ὁρᾷν,
1341 2272 1440 2297 ἐννοεῖν
1451 2287 1457 2298 ,
1477 2270 1624 2306 πρόρριζον
1636 2271 1658 2298 δ’
1673 2271 1704 2304 ἐξ
1720 2272 1804 2308 αὐτῆς
1817 2272 1875 2300 δια-

1087 2317 1161 2348 νοίας
1173 2318 1227 2343 πᾶν
1240 2317 1351 2352 αἰσχρὸν
1363 2316 1562 2352 ὑποτέμνεσθαι
1577 2317 1662 2349 πάθος
1670 2326 1676 2333 ’
1689 2318 1775 2345 ταῦτα
1786 2319 1877 2346 πάντα

1084 2364 1143 2395 πῶς
1164 2365 1213 2390 οὐκ
1232 2364 1264 2390 ἂν
1289 2365 1345 2394 τοῖς
1368 2364 1434 2389 πᾶσι
1458 2362 1638 2398 συμϐάλλοιτο
1655 2364 1724 2400 πρὸς
1741 2364 1873 2397 εὐζωῖαν;

1083 2411 1131 2437 καὶ
1145 2410 1175 2437 τὸ
1192 2410 1274 2445 μηδὲν
1289 2409 1416 2444 εὐορκίας
1428 2409 1541 2441 δεῖσθαι,
1558 2409 1656 2436 πολλοῦ
1679 2418 1710 2444 γε
1728 2410 1768 2437 δεῖ
1781 2412 1872 2447 ἐπιορ-

1083 2458 1161 2490 κεῖν,
1185 2455 1230 2482 διὰ
1252 2455 1282 2481 τὸ
1303 2455 1371 2490 πρὸς
1392 2453 1475 2481 αὐτοῦ
1501 2454 1646 2490 μανθάνειν
1671 2455 1738 2490 μηδὲ
1759 2455 1873 2491 ὀμνύναι

1082 2503 1161 2534 ὅλως,
1176 2503 1205 2528 ἐν
1220 2502 1287 2528 πᾶσι
1302 2501 1330 2527 δὲ
1346 2500 1470 2535 ἀψευδεῖν
1491 2501 1538 2527 καὶ
1559 2501 1710 2536 ἀληθεύειν,
1728 2501 1765 2533 ὡς
1779 2502 1873 2538 ἀρκεῖ-

1084 2549 1144 2575 σθαι
1159 2548 1198 2584 τῷ
1211 2548 1272 2579 ναὶ,
1290 2548 1336 2574 καὶ
1350 2547 1389 2583 τῷ
1402 2549 1448 2580 οὺ,
1462 2548 1564 2580 παντὸς
1576 2548 1659 2583 ὅρκου
1678 2547 1728 2583 τὴν
1743 2549 1874 2585 προαίρε-

1082 2604 1124 2622 σιν
1147 2595 1321 2631 βεϐαιοτέραν
1346 2595 1622 2630 παρασκευάζοντας;
1646 2594 1682 2621 Τὸ
1705 2595 1735 2621 δὲ.
1760 2595 1821 2631 μηδ’
1843 2596 1874 2624 ὲν

1081 2642 1167 2677 ψιλοῖς
1190 2641 1334 2676 ῥηματίοις
1357 2642 1404 2668 καὶ
1424 2642 1484 2673 ταῖς
1506 2642 1609 2672 κοιναῖς
1628 2640 1747 2676 ὁμιλίαις
1762 2642 1872 2677 ἀδιαφο-

1083 2689 1151 2723 ρεῖν,
1174 2687 1409 2723 ἀκριϐολογεῖσθαι
1426 2687 1454 2713 δὲ
1469 2688 1515 2714 καὶ
1531 2687 1612 2723 μέχρι
1625 2688 1737 2721 τούτων,
1749 2689 1787 2721 ὼς
1803 2690 1840 2726 μή
1847 2698 1872 2716 ,τι

1080 2733 1188 2769 ψεῦδος,
1207 2734 1274 2769 μήτε
1290 2733 1433 2769 λοιδορίαν,
1454 2734 1522 2769 μήτε
1542 2742 1568 2760 τι
1585 2735 1697 2771 αἰσχρὸν
1720 2736 1768 2762 καὶ
1788 2735 1872 2772 ἄσχη-

1082 2788 1132 2815 μον
1151 2780 1292 2816 προῖεσθαι
1306 2781 1338 2815 τῇ
1356 2781 1442 2815 φωνῇ,
1456 2779 1500 2805 διὰ
1521 2780 1571 2815 τὴν
1585 2781 1667 2807 αὐτοῦ
1683 2781 1764 2809 πάλιν
1780 2790 1869 2818 παρα-

1080 2825 1214 2857 κέλευσιν,
1234 2825 1266 2851 δι’
1280 2823 1314 2861 ἧς
1329 2825 1423 2859 ἔφησε,
1450 2833 1459 2850 ‹
1478 2825 1546 2860 Περὶ
1564 2826 1664 2857 παντὸς
1677 2826 1762 2862 ἀργοῦ
1780 2827 1869 2861 ρὴμαρτ

1057 921 1078 948 Β

1116 2894 1172 2929 (10)
1192 2893 1337 2927 Βάκτριοι.
1360 2893 1511 2927 Legebatur
1534 2894 1665 2930 Βάκριοι,
1692 2896 1737 2923 scd
1763 2895 1868 2930 prtetuii

1080 2930 1192 2957 alterius
1208 2938 1259 2957 ms.
1274 2930 1427 2957 lectionem.
