2064 3212
153 163 183 193 ﬂ
747 161 910 190 PRzEPAR.
928 162 1051 191 EVANG.
1070 162 1136 190 LIB.
1155 162 1177 190 1.
1731 159 1768 186 42

152 227 196 252 τος
207 217 306 246 δώσετε
321 217 403 253 λόγον
418 218 448 246 ὲν
460 217 682 255 *κρίσεως
692 225 700 233 ο
718 226 727 243 ι
744 217 840 249 ὁποίας
854 218 938 253 ὑπερ-

988 218 1091 246 minum
1103 218 1207 253 pridem
1222 217 1418 247 exstinctorum
1433 227 1538 250 manes,
1551 225 1638 253 neque
1649 216 1769 244 animan-

155 227 196 252 σος
207 217 306 246 δώσετε
321 217 403 253 λόγον
418 218 448 246 ὲν
559 217 682 255 κρίσεως
692 225 700 233 ο
718 226 727 243 ι
744 217 840 249 ὁποίας
854 218 938 253 ὑπερ-

155 263 232 299 ϐολῆς
244 259 392 299 φιλοσόφου
406 260 461 295 Cm"
587 260 598 272 "
632 263 669 290 Τὸ
682 263 711 290 δὲ
727 263 937 299 καὶισυλλήὸδην

155 308 256 345 ἁθρόως
269 308 407 345 μυριάδας
615 308 662 336 καὶ
674 309 810 342 γυναικῶν
822 309 869 336 καὶ
881 309 938 335 παί-

155 355 214 387 δων,
227 353 342 381 οεκετῶν
357 362 388 380 τε
404 353 452 380 καὶ
615 373 623 384 ,
637 353 737 385 ἀδόξων
750 361 779 379 τε
794 353 841 380 καὶ
854 353 938 380 emes.

155 399 213 425 ξων.
226 399 274 425 καὶ
288 398 402 425 προσέτι
415 397 485 425 Βαοσ
507 398 559 425 οων
569 397 637 425 ὁμοῦ
652 399 699 425 καὶ
716 399 858 425 Ἑλλήνων.
869 399 938 425 κατὰ

988 218 1091 246 minum
1103 218 1207 253 pridem
1222 217 1418 247 exstinctorum
1433 227 1538 250 manes,
1551 225 1638 253 neque
1649 217 1769 244 animan-

988 264 1055 292 tium
1069 265 1174 291 ratione
1195 265 1344 292 carentium
1364 266 1508 297 teterrimae.
1523 273 1555 293 ac
1570 264 1769 292 nocentissima

988 310 1099 337 deorum
1113 310 1229 344 amplius
1241 311 1267 337 in
1280 318 1393 338 numero
1408 310 1577 339 habeantur:
1591 311 1638 339 sed
1655 311 1767 338 istorum

989 355 1110 381 omnium
1127 355 1187 382 loco
1199 375 1206 387 ,
1224 362 1271 389 per
1288 363 1369 382 unam
1386 355 1456 384 hanc
1472 357 1654 392 evangelicam
1670 356 1769 384 Serva-

989 401 1057 425 tnris
1076 401 1161 425 nostri
1185 401 1335 425 doctrinam
1361 401 1485 425 effectum
1509 402 1554 425 sit.
1570 407 1599 425 nt
1614 410 1645 425 οι
1669 401 1769 425 ﬁrmi-ia

154 308 256 345 ἁθρόως
269 308 407 345 μυριάδας
421 308 662 345 “ut
674 309 810 342 γυναικῶν
822 309 869 336 καὶ
881 309 938 335 παί-

988 310 1099 337 deorum
1113 310 1229 344 amplius
1241 311 1267 337 in
1280 318 1393 338 numero
1408 310 1577 339 habeantur:
1591 311 1638 339 sed
1655 311 1767 338 istorum

152 355 214 387 δων,
227 353 342 381 οἰκετῶν
357 362 388 380 τε
404 353 623 387 aut“,
637 353 737 385 ἀδόξων
750 361 779 379 τε
794 353 841 380 καὶ
854 353 939 380 ἐπιδό-

152 399 213 432 ξων,
226 399 274 426 καὶ
288 398 402 435 προσέτι
415 397 559 434 βαρϐάρων
569 397 637 433 ὁμοῦ
652 399 699 425 καὶ
716 399 858 434 Ἑλλήνων,
869 399 938 426 κατὰ

152 445 240 472 πάντα.
253 444 336 472 τόπον
348 445 396 472 καὶ
410 445 488 471 πόλιν
502 444 548 470 καὶ
562 443 664 480 χώραν,
680 445 727 471 καὶ
742 446 808 471 πᾶσι
821 446 877 477 τοῖς
893 445 937 480 ὑφ’

152 491 227 527 ἤλυον
242 490 349 518 ἔθνεσιν
363 491 410 518 ἐπὶ
424 491 580 527 διδασκαλίᾳ
596 491 649 518 τῶν
666 491 790 517 τοιούτων
808 491 938 526 μαθημά-

153 544 215 569 των,
223 535 288 562 οἴων
297 535 399 572 ἀρτίως
414 536 624 572 μεμαθήκαμεν,
635 537 729 572 φοιτᾷν
739 537 842 568 καὶτὰς
855 537 939 569 ἀκοὰς

145 581 241 615 ιλόγοις
253 582 395 618 παρέχειν,
417 582 608 609 ἀναπείθουσιν
631 583 662 610 οὺ
685 583 764 618 μόνον
781 583 938 610 ἀκολάστων

153 627 384 663 ἐπιχειρημάτων,
397 627 520 654 ἀλλὰκαὶ
534 627 587 655 τῶν
599 628 670 654 κατὰ
685 628 803 654 διάνοιαν
819 628 938 663 αἰσχρῶν

154 671 366 708 ἐνθυμημάτων,
397 672 517 708 γαστρός
547 681 576 699 τε
599 673 646 699 καὶ
666 673 719 700 τῶν
746 673 798 699 ὑπὸ
820 674 939 709 γαστέρα

153 719 280 753 κρατεῖν·
297 717 329 744 τό
352 725 382 744 τε
401 718 456 744 πᾶν
470 718 548 752 γένος
567 718 690 745 παιδείαν
711 718 883 745 παιδεύεσθαι
899 719 940 745 Ev-

154 762 214 795 θεον
231 763 281 790 καὶ
295 762 406 798 εὐσεϐῆ,
426 763 518 799 φέρειν
538 771 567 790 τε
589 763 733 799 μανθάνειν
747 765 877 798 γενναίως
892 766 939 791 καὶ

153 808 232 844 βαθεῖ
245 810 398 845 φρονήματι
413 810 462 842 τὰς
479 809 533 836 τῶν
547 811 767 845 ἐπανισταμένων
779 811 880 846 ὕϐρεις,
892 811 939 837 καὶ

155 854 192 890 μὴ
214 855 278 886 τοῖςν
294 855 362 887 ἴσοις
382 855 445 886 τοὺς
463 855 580 889 φαύλους
607 855 774 890 ἀμύνεσθαι’
799 855 883 890 θυμοῦ
911 856 938 882 δὲ

153 900 201 926 καὶ
222 900 316 936 ὀργῆς,
334 900 380 927 καὶ
395 900 486 936 πάσης
502 901 639 936 ἐμμανοῦς
662 901 777 936 ὀρέξεως
800 901 937 936 κρείττους
955 891 975 920 Β

153 946 290 979 γίνεσθαι·
305 946 350 978 ναὶ
361 945 414 982 μὴν
430 947 476 973 καὶ
492 945 545 973 τῶν
562 946 738 981 ὑπαρχόντων
760 947 872 982 ἀπόροις
890 947 937 974 καὶ

154 991 255 1018 ὲνόεέσι
282 993 434 1024 κοινωνεῖν,
453 992 541 1019 πάντα
559 1000 589 1018 τε
611 991 751 1027 ἄνθρωπον
767 992 882 1027 ὁμογενῆ
897 992 938 1018 δε-

154 1035 286 1070 ξιοῦσθαι,
312 1036 359 1063 καὶ
385 1037 431 1064 τὸν
459 1037 649 1072 νενομισμένον
672 1037 755 1069 ξένον,
781 1037 854 1063 ὼσὰν
867 1037 938 1072 νόμῳ

154 1080 261 1115 φύσεως
278 1081 445 1108 οἰκειότατον
472 1082 519 1108 καὶ
542 1081 655 1115 ἀδελφὸν
677 1080 830 1116 γνωρίζειν,
847 1082 938 1109 Πάντα

154 1127 187 1162 δὴ
202 1126 308 1164 ἀθρόως
321 1127 408 1155 ταῦτά
428 1135 469 1159 τις
488 1126 647 1162 συναγαγὼν
659 1147 666 1159 ,
683 1126 742 1159 πῶς
758 1127 808 1154 οὐκ
822 1127 855 1154 ἂν
872 1128 937 1163 ὀμοσ-

153 1171 277 1208 λογήσειε
299 1171 334 1199 τὰ
352 1164 468 1208 μέγιστα
484 1172 530 1199 καὶ
547 1171 654 1208 άληθῶς
664 1171 754 1206 ἀγαθὰ
770 1173 874 1204 πάντας
889 1174 936 1200 ἁν-

154 1216 279 1253 θρῶπιους
294 1216 520 1252 εὐαγγελίσασθαι
543 1217 588 1244 τὸν
603 1218 737 1253 ἡμέτερον
747 1217 835 1252 λόγον,
858 1218 888 1244 τό
908 1227 937 1244 τε

152 1262 265 1291 αὐτόθεν
286 1263 419 1300 ὑπερέχον
442 1263 509 1300 πρὸς
530 1263 644 1295 εὐζωῖαν
663 1263 769 1299 τῷσιῶν
787 1263 938 1299 ἀνθρώπων

154 1309 356 1345 παρεσχηκέναι
368 1309 436 1345 βίῳ;
453 1309 558 1336 Ὀποῖον
572 1309 600 1335 δέ
611 1317 651 1335 σοι
663 1307 732 1336 εἶναι
745 1309 827 1342 δοκεῖ,
843 1310 873 1336 τὺ
885 1311 938 1337 πᾶν

154 1353 231 1389 γένος
247 1353 408 1390 ἀνθρώπων,
427 1354 458 1381 οὐ
475 1354 554 1389 μόνον
581 1353 723 1390 Ἑλλήνων,
738 1354 805 1381 ἀλλὰ
824 1354 937 1381 καὶτῶν

153 1399 371 1436 ἁνημερωτάτων
397 1399 551 1435 βαρϐάρων,
576 1400 623 1427 καὶ
652 1399 707 1426 τῶν
726 1401 755 1427 ἐν
777 1401 835 1432 ταῖς
854 1401 937 1435 ἐσχα-

153 1446 223 1478 τιαῖς
234 1446 285 1482 τῆς
296 1446 348 1482 γῆς
364 1447 519 1478 οἰκούντων,
536 1446 586 1481 τῆς
601 1446 650 1482 μὲν
665 1446 761 1480 ἀλόγου
779 1446 938 1482 θηριωδείας

154 1491 293 1527 ἀνασχεῖν,
307 1490 387 1524 δόξας
396 1491 425 1518 δὲ
438 1491 597 1526 φιλοσόφους
605 1491 747 1518 ἀναλαϐεῖν
764 1491 939 1527 παρασκευά-

154 1545 215 1571 aut;
234 1535 302 1571 οἷον,
323 1537 390 1574 φέρε
411 1539 506 1569 εἰπεῖν,
518 1538 568 1568 τὰς
583 1538 646 1573 περὶ
665 1538 813 1569 ἀθανασίας
838 1537 935 1572 ψυχῆς,

153 1584 200 1610 καὶ
216 1582 289 1619 ζωῆς
309 1583 358 1618 τῆς
376 1582 452 1619 παρὰ
470 1582 529 1618 θεῷ
544 1583 612 1618 μετὰ
633 1582 682 1619 τὴν
697 1582 801 1610 ἐνθένδε
816 1583 936 1609 ἀπαλλα-

152 1628 204 1664 γὴν
212 1629 270 1660 τοῖς
283 1627 434 1663 θεοφιλέσιν
447 1628 641 1664 ἀποκειμένης,
658 1628 692 1655 δι’
704 1629 736 1664 ἢν
750 1629 796 1655 τοῦ
808 1628 937 1664 προσκαί-

153 1682 201 1709 ρου
215 1673 312 1701 τούτου
326 1673 376 1710 ζῇν
392 1675 572 1710 καταφρονεῖν
584 1674 751 1709 ἐμελέτησαν
763 1683 769 1689 ·
786 1673 854 1700 ὥστε
870 1675 937 1700 ἁπο-

151 1719 235 1752 δεϊξαι
251 1720 351 1753 παῖδας
363 1721 425 1752 τοὺς
443 1720 551 1748 πώποτε
559 1721 604 1747 ἐπὶ
618 1719 759 1755 φιλοσοφίᾳ
769 1720 934 1755 διαϐοήτους,

152 1765 200 1792 καὶ
212 1764 340 1800 παίγνιον
355 1764 401 1792 τὸν
424 1764 620 1800 Θρυλλούμενον
636 1765 738 1791 ἐκεῖνον
748 1764 871 1796 θάνατον,
887 1765 937 1791 ἀνὰ

153 1810 242 1846 στόμα
264 1809 415 1845 φιλοσόφων
433 1810 540 1837 πάντων
563 1810 706 1845 ᾀδόμενον·
736 1810 849 1846 θηλειῶν
872 1813 936 1846 παρ’

152 1856 219 1891 ἡμῖν
231 1855 282 1882 καὶ
306 1855 405 1890 κομιδῆ
426 1854 537 1886 παίδων,
564 1854 708 1890 βαρϐάρων
727 1863 755 1880 τε
773 1855 876 1891 ἀνδρῶν
890 1855 937 1882 καὶ

153 1900 270 1927 εὐτελῶν
283 1899 324 1936 τῷ
333 1900 432 1932 δοκεῖν,
451 1901 484 1935 τῇ
498 1899 545 1926 τοῦ
558 1899 683 1934 Σωτῆρος
693 1899 771 1934 ἡμῶν
782 1900 893 1936 δυνάμει
906 1910 935 1927 τε

152 1946 201 1974 καὶ
219 1945 374 1982 συνεργείᾳ,
388 1946 434 1972 τὸν
451 1945 514 1982 περὶ
526 1945 616 1980 ψυχῆς
637 1945 784 1977 ἀθανασίας
797 1946 874 1980 λόγον
890 1946 935 1982 ἕρ-

150 1999 212 2026 γοις
230 1991 363 2027 πρότερον
377 1991 394 2026 ἢ
414 1991 531 2026 ῥήμασιν
552 1990 753 2026 ὲπαληθεύοντα
774 1990 935 2025 δειξάντων;

152 2033 216 2063 οἷον
229 2035 269 2068 δὲ,
286 2036 335 2063 καὶ
354 2036 385 2063 τδ
406 2036 519 2062 καθόλου
538 2037 643 2067 πάντας
661 2035 818 2070 ἀνθρώπους
834 2037 894 2068 τοὺς
908 2038 937 2063 ὲν

152 2081 222 2108 πᾶσι
240 2079 297 2113 τοῖς
313 2080 427 2113 ἔθνεσιν,
444 2081 476 2107 ὲκ
489 2080 543 2108 τῶν
558 2081 604 2107 τοῦ
620 2080 742 2116 Σωτῆρος
758 2080 834 2116 ἡμῶν
851 2080 938 2115 μαθη-

153 2126 249 2162 μάτων
257 2126 320 2162 περὶ
327 2125 394 2152 Θεοῦ
406 2125 532 2161 προνοίας
538 2126 575 2158 ὡς
584 2125 724 2161 ὲφορώσης
736 2125 769 2152 τὰ
784 2124 936 2160 σύμπαντα,

989 355 1110 381 οιηιιὶιιιη
1127 355 1187 382 loco
1199 375 1206 387 ,
1224 362 1271 389 per
1288 363 1369 382 unam
1386 355 1456 384 hanc
1472 357 1654 392 evangelicam
1670 356 1769 384 Serva-

989 401 1057 429 toris
1076 401 1161 428 nostri
1185 401 1335 428 doctrinam
1361 401 1485 429 eﬁ‘ectum
1509 402 1554 435 sit,
1570 407 1599 429 ut
1614 410 1648 429 ex
1669 401 1770 430 Graecis

988 449 1089 482 pariter
1112 455 1143 475 ac
1159 448 1282 476 barbaris
1299 455 1430 484 quotquot
1445 450 1505 485 ejus
1527 452 1640 478 verbum
1662 451 1770 479 sincero

988 493 1091 525 animo,
1116 501 1170 520 non
1188 494 1361 521 simulatione
1385 495 1500 529 quadam
1515 500 1543 522 et
1561 496 1634 523 inani
1648 500 1770 524 ostenta-

990 539 1061 566 tione
1075 539 1236 574 suscipiunt,
1253 548 1313 567 eum
1326 548 1456 574 suprema:
1467 542 1643 576 philosophize
1654 542 1768 578 gradum

989 585 1140 620 attingant,
1158 588 1187 611 ut
1200 593 1283 612 unum
1306 586 1484 621 eumdemque
1505 595 1641 614 summum
1662 587 1768 620 Deum,

989 631 1070 658 nullis
1093 631 1174 665 hujus
1189 635 1236 657 aut
1252 631 1434 659 universitatis
1449 637 1495 659 aut
1517 633 1564 660 αενί
1583 633 1682 660 liuibus
1695 641 1769 661 com-

990 676 1163 710 prehensum,
1182 680 1373 710 pra-potentem
1389 677 1449 703 cmli
1468 681 1654 712 terrarumque
1668 677 1768 713 Regem

989 728 1020 747 ac
1037 720 1191 753 Dominum,
1208 721 1284 753 solis,
1297 726 1431 749 astrorum
1445 723 1582 757 totiusque
1596 723 1690 750 mundi
1703 723 1771 751 Pro-

989 771 1137 793 creatorem
1154 772 1332 800 venerentur,
1347 768 1499 800 celebrent,
1513 768 1650 804 Deumque
1664 769 1769 796 fatean-

990 818 1053 844 tur;
1079 812 1114 838 ita
1137 820 1220 846 porro
1242 813 1324 839 vitam
1351 813 1430 848 quasi
1456 813 1488 840 ad
1510 815 1641 841 amussim
1663 814 1770 848 exigere

990 858 1215 893 routormarcque
1229 859 1365 892 studeant,
1382 863 1411 886 ut
1424 860 1512 893 ipsum
1527 859 1610 887 etiam
1627 860 1769 887 oculorum

989 911 1098 931 sensum
1115 904 1264 939 disciplinze
1282 904 1385 940 legibus
1401 905 1565 936 contineant,
1583 905 1703 940 nihilque
1714 914 1769 933 non

988 954 1166 983 temperatum
1189 957 1222 977 ex
1245 954 1365 984 aspecti»
1377 958 1438 977 cum
1463 950 1610 984 cupiditate
1623 951 1771 986 conjuncto

989 996 1015 1022 in
1031 995 1151 1022 animum
1167 995 1260 1023 subire
1272 996 1423 1031 patiantur.
1437 1003 1469 1023 ac
1483 996 1524 1023 vel
1542 996 1599 1031 ipsa
1614 1004 1646 1023 ex
1667 996 1771 1032 cogita-

989 1042 1063 1069 tione
1085 1041 1216 1068 radicitus
1244 1049 1331 1076 genus
1353 1049 1434 1069 omne
1458 1042 1537 1070 foeda!
1559 1042 1770 1077 perturbationis

989 1087 1167 1114 exscindant:
1198 1088 1255 1115 haec
1282 1088 1374 1116 omnia
1400 1089 1462 1123 quis
1489 1089 1636 1123 plurimum
1664 1090 1770 1117 cunctis

991 1132 1147 1161 hominibus
1164 1133 1196 1160 ad
1221 1134 1288 1161 bene
1314 1134 1444 1169 beateque
1466 1135 1611 1162 vivendum
1638 1136 1770 1163 momenti

991 1179 1087 1208 aﬁ‘erre
1110 1187 1164 1207 non
1190 1180 1301 1207 videat?
1326 1179 1476 1212 Praeterea,
1498 1181 1570 1215 quod
1591 1182 1666 1209 nullo
1691 1183 1770 1214 plane

987 1223 1162 1258 jurejurando
1180 1232 1248 1259 opus
1268 1224 1384 1252 habeant
1405 1225 1530 1260 (tantum
1554 1227 1630 1254 abest
1654 1231 1685 1254 ut
1708 1235 1771 1262 per-

986 1269 1060 1303 jurio
1075 1270 1151 1298 locus
1164 1278 1224 1298 esse
1238 1271 1324 1306 possit
1336 1271 1357 1306 ).
1371 1279 1404 1299 eo
1418 1272 1491 1306 quod
1506 1280 1644 1308 nunquam
1659 1274 1770 1308 omnino

986 1315 1133 1350 iurandum
1151 1323 1212 1344 esse
1224 1337 1231 1348 ,
1247 1322 1275 1344 at
1298 1317 1398 1351 rejecto
1420 1318 1562 1345 mendacio
1588 1314 1770 1346 verum/con-

989 1365 1093 1389 stanter
1112 1366 1139 1389 et
1155 1362 1255 1396 ubique
1277 1363 1446 1390 retinendum
1469 1371 1502 1390 ex
1524 1364 1570 1390 illo
1594 1363 1768 1397 didicerunt.

989 1407 1057 1435 adeo
1073 1411 1103 1435 ut
1122 1407 1161 1433 ita
1182 1408 1224 1434 vel
1244 1416 1295 1434 non
1320 1408 1346 1434 in
1368 1415 1474 1435 onmem
1496 1414 1597 1443 partem
1619 1410 1686 1437 satis
1710 1418 1770 1438 esss

987 1458 1092 1489 putent,
1115 1453 1214 1488 quippe
1236 1454 1284 1488 qui
1305 1454 1346 1480 vel
1372 1454 1456 1488 ipsam
1483 1455 1566 1481 animi
1585 1455 1767 1483 inductionem

988 1500 1064 1527 omni
1080 1505 1249 1527 sacramento
1271 1499 1418 1526 ﬁrmiorem
1433 1504 1514 1535 atque
1527 1501 1670 1528 certiorem
1689 1502 1768 1528 exhi—

990 1546 1081 1573 beant.
1110 1546 1260 1577 Similiter,
1284 1545 1357 1580 quod
1382 1553 1416 1573 ne
1437 1546 1465 1573 in
1490 1546 1634 1574 levissimis
1659 1547 1767 1581 quidem

989 1592 1104 1625 voculis,
1127 1599 1159 1619 ac
1181 1592 1284 1618 mutuis
1298 1592 1516 1627 quotidianisque
1530 1594 1769 1628 congressionibus

989 1644 1049 1665 sese
1069 1637 1247 1671 negligentius
1270 1636 1370 1663 habere
1385 1636 1488 1667 velint,
1512 1636 1559 1664 sed
1581 1637 1608 1663 in
1629 1636 1663 1663 iis
1686 1638 1768 1664 etiam

988 1686 1123 1714 accurate,
1138 1681 1270 1717 quidquid
1287 1682 1445 1716 loquuntur,
1463 1683 1631 1717 expendant,
1648 1691 1683 1710 ne
1696 1684 1768 1718 quod

989 1726 1056 1760 ipsis
1073 1728 1184 1753 verbum
1200 1731 1247 1753 aut
1261 1735 1359 1754 vanum
1374 1748 1382 1761 ,
1402 1732 1448 1755 aut
1464 1729 1689 1755 contumeliosum
1702 1749 1709 1762 ,
1724 1733 1771 1755 aut

988 1775 1077 1806 turpe,
1094 1771 1218 1799 minusve
1234 1773 1414 1807 compositum
1426 1773 1551 1807 excidat;
1567 1773 1647 1809 idque
1661 1780 1771 1809 propter

989 1825 1072 1843 unum
1085 1817 1136 1844 hoc
1147 1817 1270 1851 ejusdem
1280 1819 1411 1845 monitum
1422 1828 1428 1845 :
1441 1828 1450 1844 (
1462 1820 1498 1846 De
1507 1820 1579 1846 omni
1589 1821 1672 1847 verbo
1682 1821 1770 1847 otioso

989 1862 1106 1889 reddetis
1115 1864 1247 1889 rationem
1262 1863 1289 1890 in
1301 1864 1343 1890 die
1353 1863 1448 1898 judiC'ri
1462 1865 1499 1897 ¹¹;
1513 1874 1522 1890 ›
1535 1869 1632 1898 totum,
1648 1866 1769 1900 inquam,

988 1907 1054 1934 illud
1079 1908 1157 1942 cujus
1185 1908 1299 1935 obsecro
1326 1909 1386 1936 vita:
1410 1914 1469 1941 est,
1497 1918 1630 1945 quamque
1653 1912 1770 1940 sublime

987 1953 1165 1988 philosophire
1189 1962 1273 1989 genus
1290 1955 1441 1989 proﬁtentis
1454 1955 1465 1981 ?
1480 1955 1519 1981 Ad
1540 1956 1597 1982 hzec
1610 1977 1616 1987 ,
1639 1958 1710 1991 quod
1726 1959 1769 1984 in-

988 1998 1064 2025 ﬁnita
1085 1998 1226 2031 virorum,
1244 2000 1387 2027 mulierum
1407 2008 1439 2027 ac
1453 2008 1610 2034 puerorum,
1628 2009 1769 2029 servorum

987 2048 1088 2084 pariter
1101 2052 1183 2082 atque
1205 2048 1354 2076 liberorum
1367 2068 1376 2081 ,
1400 2049 1559 2084 ignobilium
1577 2054 1604 2078 ct
1618 2051 1748 2078 nobilium
1761 2071 1772 2085 ,

988 2107 1093 2127 necnon
1107 2100 1285 2127 barbarorum
1301 2100 1383 2127 simul
1403 2104 1484 2135 atque
1503 2099 1668 2135 Grateorum,
1684 2103 1772 2130 omni-

989 2151 1040 2178 bus
1051 2150 1078 2177 in
1087 2150 1166 2183 locis,
1177 2150 1295 2185 oppidis,
1305 2151 1461 2186 regionibus
1471 2155 1498 2178 et
1507 2157 1640 2187 quotquot
1651 2153 1700 2181 soli
1712 2153 1773 2180 sub-

151 2170 238 2205 ὑγιῶς
262 2170 311 2198 καὶ
333 2171 495 2207 ἐρρωμένως
509 2171 615 2206 φρονεῖν
635 2169 815 2196 παιδεύεσθαι·
838 2170 884 2196 καὶ
905 2169 936 2195 τὸ
990 2169 1309 2208 ’ξίνηνίννέίηη

259 2202 354 2253 «ιιιυχὴν¹
367 2202 579 2252 μανθάνειν-τὸν
596 2216 659 2251 περὶ
676 2215 866 2251 δικαιωτηρίου
889 2215 936 2241 καὶ

988 2203 1063 2238 jectae
1073 2202 1122 2238 13
1134 2207 1198 2230 sunt
1208 2202 1374 2233 nationibus.
1382 2203 1415 2230 ad
1425 2203 1594 2231 subeundam
1603 2212 1697 2232 eorum
1705 2213 1775 2240 prte-

150 2252 272 2299 κρίσεως
284 2252 352 2289 Θεοῦ
377 2262 475 2297 λόγον,
494 2261 541 2289 καὶ
556 2261 587 2288 τὸ
606 2261 841 2297 πεφροντισμένως
869 2260 934 2296 ζῇν,

988 2259 1139 2288 ceptorum,
1154 2254 1252 2289 quibus
1272 2261 1358 2289 nuper
1379 2253 1517 2281 informati
1533 2263 1639 2288 sumus,
1652 2255 1773 2290 discipli-

150 2308 200 2335 καὶ
209 2308 382 2344 φυλακτικῶς
391 2307 462 2344 ἔχειν
472 2306 525 2334 τῶν
532 2307 580 2343 τῆς
594 2307 692 2338 κακίας
705 2306 938 2342 έπιτηδευμάτων;

991 2313 1065 2338 nam,
1077 2305 1160 2332 denso
1176 2305 1283 2340 agmine
1308 2304 1452 2332 multitudo
1469 2305 1598 2337 conﬂuat,
1610 2341 1613 2345 Ι
1624 2306 1774 2340 ejusmodi-

150 2363 206 2392 que
221 2356 395 2384 sermonibus
420 2363 500 2383 aures
527 2355 654 2390 praebeat,
678 2354 776 2389 quibus
801 2354 834 2381 ad
851 2354 1025 2381 coercendam
1048 2360 1102 2379 non
1128 2353 1265 2380 actionum
1286 2352 1365 2380 modo
1380 2353 1564 2387 petulantiam,
1581 2354 1674 2380 verum
1689 2353 1770 2380 etiam

150 2409 259 2436 earum,
277 2409 339 2438 qua
354 2402 383 2430 in
408 2401 466 2430 sola
481 2405 570 2429 mente
588 2405 741 2433 versantur,
767 2399 959 2435 cogitationum
978 2399 1183 2433 turpitudinem,
1199 2406 1346 2433 omnesque
1360 2403 1417 2426 tum
1434 2399 1544 2430 ventris,
1568 2403 1625 2426 tum
1648 2406 1708 2433 quae
1720 2400 1774 2426 sub

149 2453 247 2478 ventre
266 2449 357 2478 sedem
377 2448 479 2477 habent
492 2446 644 2482 voluptates
664 2447 812 2475 domandas
823 2446 971 2473 excitetur:
990 2444 1116 2479 quodque
1137 2444 1240 2471 nullum
1257 2451 1309 2471 non
1335 2451 1420 2479 genus
1446 2444 1587 2471 I10minum
1611 2443 1708 2471 divi-nae
1724 2444 1774 2472 do-

151 2498 249 2533 ctrina)
276 2495 502 2533 praceptionihus
529 2495 676 2529 imbuatur,
700 2499 730 2522 ut
757 2493 947 2521 lacessentium
967 2492 1138 2520 inimicorum
1170 2492 1285 2527 injurias
1309 2492 1415 2520 excelso
1442 2495 1657 2527 exaggeratoque
1682 2492 1773 2519 animo

151 2544 235 2578 ferre,
260 2552 318 2572 non
334 2544 439 2572 mutuis
455 2551 487 2571 ac
504 2543 638 2571 similibus
664 2542 803 2578 improbos
822 2542 947 2568 homines
969 2540 1062 2568 ulcisci
1086 2540 1169 2567 velit:
1186 2544 1216 2567 ut
1242 2540 1390 2568 iracundiae
1413 2540 1478 2573 vim,
1498 2543 1527 2567 ut
1541 2540 1715 2574 impotentem
1742 2547 1775 2567 ac

150 2583 287 2621 furinum
309 2590 467 2627 cupiditatis
492 2590 583 2619 omnis
609 2591 738 2626 impetum
760 2596 854 2625 regere
878 2596 910 2616 ac
932 2587 1039 2615 frenare
1066 2593 1189 2621 conetur,
1223 2589 1344 2623 adeoque
1370 2592 1398 2615 ut
1422 2595 1486 2622 opes
1509 2586 1687 2622 fortunasque
1710 2594 1775 2615 suas

150 2626 216 2668 cum
384 2639 580 2675 egentibusque
602 2637 807 2667 communicet:
825 2641 854 2664 ut
878 2636 1024 2670 quemlibet
1046 2635 1183 2662 hominem
1209 2635 1362 2663 communis
1375 2634 1552 2662 humanitatis
1569 2634 1678 2662 nomine
1699 2641 1776 2660 com-

150 2688 304 2724 plectatur,
334 2693 470 2723 quemque
491 2685 571 2721 vulgo
600 2689 729 2719 tanquam
761 2682 931 2724 peregrinum
961 2681 1078 2714 habent,
1107 2689 1169 2708 eum
1192 2682 1270 2716 quasi
1302 2685 1405 2708 naturae
1436 2680 1495 2715 lege
1518 2679 1773 2714 conjunctissimum

151 2721 187 2765 iac
199 2735 284 2764 veluti
300 2721 412 2763 fratrem
430 2737 569 2769 Ignoscat.
582 2733 648 2760 Hac
662 2730 708 2767 qui
730 2730 812 2758 simul
831 2721 956 2757 universa
977 2733 1113 2764 congerat,
1138 2728 1230 2756 ﬁerine
1246 2729 1355 2763 poterit,
1381 2727 1446 2762 quin
1475 2728 1545 2754 idem
1562 2726 1732 2761 praedicatam
1758 2732 1774 2751 a

152 2783 234 2812 nobis
250 2781 405 2811 doctrinam
427 2787 489 2814 eam
516 2787 578 2808 esse
603 2779 730 2811 fateatur,
758 2785 819 2813 qua;
836 2784 942 2805 Summa
965 2784 1079 2811 veraque
1108 2776 1176 2803 bona
1205 2775 1310 2803 cunctis
1322 2775 1478 2802 hominibus
1492 2774 1606 2801 feliciter
1632 2772 1773 2803 nuntiarit,

153 2831 282 2866 quodtu
302 2829 470 2866 pracipuum
497 2832 524 2856 et
538 2827 617 2863 quasi
640 2830 722 2862 caput
734 2826 767 2853 ad
787 2825 855 2853 bene
878 2825 1009 2859 beateque
1020 2825 1164 2852 vrvendum
1178 2831 1225 2858 per
1240 2830 1300 2850 sese
1310 2827 1377 2854 erat,
1391 2822 1530 2849 hominum
1547 2821 1606 2847 vine
1614 2818 1771 2871 contulerit.

155 2876 223 2905 111οά
236 2883 319 2912 porro
330 2875 405 2911 quod
429 2875 561 2910 sequitur,
589 2873 741 2909 cujusmodi
763 2873 871 2901 tandem
893 2879 953 2900 esse
971 2877 1061 2907 putas,
1081 2871 1153 2907 quod
1173 2871 1302 2899 nimirum
1326 2870 1420 2898 eadem
1447 2877 1531 2905 genus
1548 2867 1687 2896 hominum
1713 2867 1773 2893 uui-

191 2925 214 2941 “
231 2922 487 2976 Iat;h.nxnrr:'56t.‘-
538 2957 614 2976 γγῐ

1654 2945 1676 2976 2

283 2961 424 2991 Paeon.
442 2957 502 2989 Gn.
538 2957 623 2988 XXI.
