2064 3212
281 165 317 192 43
598 162 732 192 EUSEBII
747 160 986 190 CESARIENSIS
1005 160 1080 188 OPP.
1102 160 1192 189 PARS
1212 160 1242 188 ΙΙ.
1260 177 1295 182 ——
1314 160 1564 191 APOLOCETICA.
1878 166 1914 193 44

281 230 389 249 versum
421 229 474 249 non
493 220 650 248 Graecorum
669 220 823 253 modo,-sed
838 219 1070 248 ferocissimorum
1089 219 1171 247 etiam
1187 220 1379 254 barbarorum,
1396 226 1423 248 et
1444 230 1538 249 eorum
1553 223 1599 257 qui
1631 223 1656 250 in
1686 226 1816 252 extremis
1833 229 1914 253 terra!

280 268 381 295 ﬁnibus
395 267 538 302 degebant,
557 274 572 294 ιλ
594 266 702 294 vecordi
719 265 863 300 ferinoque
884 264 938 291 ritu
978 263 1134 297 abduxerit,
1166 270 1249 299 atque
1278 266 1311 292 ad
1345 266 1494 294 sententias
1521 266 1690 303 philosophis
1715 269 1793 303 plane
1813 269 1912 305 dignas

281 312 632 350 traduxerit?Cujusmodi
654 316 719 339 sunt
731 319 770 338 ea:
792 318 861 346 quas
881 310 915 337 de
930 309 1013 337 animi
1030 309 1234 338 immortalitate
1268 311 1379 346 vitaque
1404 312 1461 346 illa,
1505 320 1566 348 qua:
1594 319 1738 350 postquam
1760 316 1910 351 migratum

280 363 344 391 hinc
359 361 442 390 fuerit
457 361 513 390 Deo
529 362 629 389 charos
646 360 771 387 homines
791 359 862 394 apud
888 359 977 393 ipsum
1010 357 1089 393 Quasi
1126 358 1265 386 recondita
1289 363 1391 392 manet,
1418 360 1697 396 imbiberuntzcujus
1723 371 1816 391 amore
1841 366 1914 401 capti

281 413 385 436 tantum
405 408 432 435 in
453 407 542 435 brevis
577 407 660 442 hujus
695 406 830 441 ﬂuxazque
858 406 921 432 vita:
950 409 1106 439 contemptu
1144 406 1331 434 meditationis
1359 415 1403 437 aC/
1417 407 1499 434 studii
1521 416 1656 442 posuere,
1683 414 1714 437 ut
1726 418 1789 438 vere
1814 419 1915 447 pueros

281 458 416 490 quotquot
427 455 491 482 olim
503 453 650 482 maximam
670 461 704 481 ex
735 452 909 488 philosophia
939 452 1046 479 Iaudem
1059 451 1111 479 sibi
1131 451 1287 487 famamque
1315 459 1486 488 pepererant,
1509 455 1637 489 illamque
1661 456 1793 491 jactatam
1819 459 1915 492 perdiu

281 506 397 529 mortem
409 509 441 529 ac
450 500 672 536 philosophorum
684 499 807 527 omnium
823 507 869 527 ore
884 499 1066 531 decantatam,
1086 498 1155 525 nihil
1183 498 1235 526 nisi
1268 500 1399 534 puerilem
1415 501 1560 536 quamdam
1578 502 1711 529 lusionem
1727 502 1811 531 fuisse
1822 509 1915 532 osten-

281 547 390 579 derint;
405 554 467 573 cum
492 546 557 580 ipsae
580 551 690 580 quoque
711 544 783 579 apud
814 552 863 571 nos
897 543 994 579 puellae
1023 544 1164 578 tenerique
1180 544 1320 578 pusiones,
1349 546 1472 581 adeoque
1495 546 1603 574 barbari
1623 548 1758 583 homines,
1776 549 1914 586 iidemque

282 594 305 622 si
316 594 402 622 oculis
417 593 629 625 aestimarentur,
647 592 715 619 viles
731 596 758 619 et
778 591 889 627 abjecti,
918 590 1071 618 Servatoris
1091 590 1178 618 nostri
1190 590 1294 619 viribus
1312 592 1469 627 auxilioque
1495 592 1567 624 freti,
1584 594 1665 628 hujus
1695 595 1728 622 de
1757 596 1913 624 animorum

282 639 488 667 immortalitate
508 638 638 666 doctrinae
667 638 810 665 veritatem
844 645 873 664 re
896 637 954 672 ipsa
976 636 1067 671 potius
1087 644 1169 671 quam
1190 637 1313 664 oratione
1345 638 1564 673 comprobarint?
1590 638 1751 674 Cujusmodi
1788 642 1869 670 etiam
1882 642 1916 670 il-

280 687 326 715 lud
352 689 404 719 est,
426 685 499 721 quod
520 685 640 713 universi
666 685 767 720 passim
793 684 930 717 homines,
946 684 992 711 ubi
1018 683 1063 711 ubi
1082 683 1202 718 gentium
1235 683 1287 718 ipsi
1311 684 1420 720 degant,
1435 693 1469 713 ex
1502 686 1623 721 ejusdem
1654 687 1806 717 Servatoris
1826 690 1915 717 nostri

279 734 431 768 disciplinae
460 733 603 768 praeceptis
623 740 721 760 sanum
745 736 772 759 et
808 735 977 759 constantem
1006 730 1104 758 divina:
1117 731 1294 765 providentia:
1309 731 1378 758 hanc
1395 739 1488 759 rerum
1512 733 1717 761 universitatem
1739 735 1912 763 moderantis

281 790 392 811 sensum
422 781 560 814 hauriant,
587 780 639 817 14
653 780 781 816 quodque
802 786 883 807 nemo
903 787 956 806 non
973 787 1015 811 ea,
1033 778 1141 813 quaide
1159 779 1289 806 tribunali
1307 779 1465 815 judicioque
1488 780 1583 808 divino
1600 782 1793 817 praedicantur,
1823 788 1915 811 mente

280 830 431 867 percipiat,
453 835 540 864 eoque
564 827 711 862 plurimum
720 826 892 854 instituenda:
916 826 978 853 vitae
992 825 1128 853 cautionis
1152 826 1289 860 adhibeat,
1305 830 1332 854 et
1354 826 1388 854 ab
1404 827 1479 854 omni
1497 828 1607 856 sceleris
1621 829 1856 866 improbitatisque
1870 838 1917 867 ge-

280 884 346 904 nere
362 875 493 910 singulari
509 873 599 902 studio
616 881 648 901 ac
659 873 815 908 provisione
826 872 961 901 declinet?

593 920 708 949 CAPUT
725 920 755 949 v.
1086 923 1108 952 A
1389 919 1408 946 Β

1086 923 1108 952 Α
1389 918 1588 946 ΚΕΦΑΔΑῙΟΝ
1609 919 1647 947 E'.

282 979 344 1006 Non
358 979 414 1006 sine
433 978 557 1013 prudenti
580 982 735 1012 malumque
752 977 857 1012 judicio
880 985 926 1004 nos
945 985 961 1003 a
982 984 1073 1011 supcr-

1125 975 1184 1001 Ὅτι
1205 973 1248 1013 μὴ
1277 974 1351 1013 ἄγει)
1369 974 1528 1013 ocos/moro;
1547 975 1694 1013 λογισμοῦ
1711 975 1770 1013 ’τῆς
1789 976 1916 1011 πατρίου

318 1016 422 1043 stitioso
434 1009 572 1048 Imajorum
596 1009 856 1040 nastro'runt'errare
876 1009 1037 1039 discessisse.

1009 1009 1037 1039 re.
1213 1009 1434 1045 δεισιδαίμονος
1452 1010 1572 1045 πλάνης
1583 1009 1811 1046 ἀνεχωρήσαμεν
1818 1032 1824 1039 .

315 1061 351 1087 At
367 1066 430 1087 vero
459 1057 588 1093 praecipui
609 1058 778 1093 maximique
802 1055 937 1089 beneficii,
957 1057 1029 1091 quod
1057 1064 1072 1083 a

1157 1066 1313 1102 Κεφάλαιον
1331 1066 1359 1093 δέ
1376 1066 1426 1101 τῆς
1446 1066 1558 1102 πρώτης
1573 1067 1620 1093 καὶ
1646 1067 1778 1104 μεγίστης
1795 1069 1912 1103 εὐεργε-

280 1104 391 1133 salutari
402 1103 594 1139 praedicatione
609 1102 762 1138 profectum
779 1108 830 1136 est,
841 1103 878 1129 ita
896 1101 975 1129 facile
998 1109 1074 1129 sum—

1124 1113 1184 1145 σίας
1199 1101 1246 1140 τοῦ
1273 1112 1405 1149 σωτηρίου
1431 1101 1511 1147 λόγου
1523 1113 1617 1149 γνοίης
1630 1101 1673 1146 ἂν,
1689 1109 1713 1140 εί
1726 1101 1761 1141 ἐν⁷
1769 1114 1806 1149 νῷ
1822 1101 1914 1147 λάθοις

281 1159 354 1178 mam
377 1150 524 1184 intelligas,
555 1149 579 1177 si
602 1148 824 1184 superstitiosum
850 1148 927 1175 illum
952 1155 1072 1175 errorem

1123 1159 1172 1194 τὴν
1180 1148 1364 1194 δεισιδαίμονα
1372 1158 1475 1193 πλάνην
1487 1158 1536 1193 τῆς
1551 1148 1669 1191 παλαιᾶς
1683 1148 1914 1196 εἰδωλολατρείας,

282 1196 384 1224 veteris
401 1195 562 1223 idololatriae
589 1198 679 1222 tecum
701 1194 759 1229 ipse
775 1198 896 1228 reputes,
912 1201 965 1228 qua
988 1201 1073 1228 genus

1124 1203 1140 1242 ᾗ
1170 1205 1200 1231 τὸ
1221 1204 1331 1240 σύμπαν
1354 1204 1505 1241 ἀνθρώπων
1531 1205 1609 1240 γένος
1625 1206 1759 1241 δαιμόνων
1781 1194 1914 1242 ἀνάγκαις

281 1242 432 1270 humanum
447 1241 614 1270 .universum
642 1244 754 1276 propter
780 1240 835 1266 vim
854 1247 887 1267 ac
914 1239 1072 1267 violentiam

1124 1247 1207 1274 πάλαι
1220 1249 1352 1284 πρότερον
1364 1248 1554 1284 κατετρύχετο.
1564 1247 1618 1282 τΗς
1629 1250 1722 1286 ὥσπερ
1738 1251 1792 1278 ἀπὸ
1804 1252 1914 1285 σκοτίας

281 1288 437 1316 diemonum
469 1291 548 1314 antea
574 1286 803 1322 pessumdabatur
822 1295 829 1313 :
851 1293 884 1313 ex
899 1293 953 1320 qua
981 1291 1072 1312 tamen

1124 1292 1315 1330 ζοφερωτάτης
1330 1288 1463 1330 ’Έλληνας
1482 1295 1549 1330 ὁμοῦ
1563 1295 1609 1322 καὶ
1632 1295 1786 1332 βαρὸάρους
1801 1297 1914 1333 δυνάμει

278 1335 329 1362 illa
340 1334 380 1362 sic
389 1337 518 1368 tanquam
534 1341 567 1360 ex
580 1332 718 1360 teterrima
735 1332 852 1367 caligine
864 1332 975 1359 Graecos
991 1331 1072 1358 simul

1124 1339 1184 1375 θείᾳ
1207 1340 1457 1375 μεταστησάμενος,
1476 1341 1522 1367 ἐπὶ
1544 1341 1639 1377 νοεράν
1650 1331 1698 1369 καὶ
1714 1331 1915 1380 ᾧωτεινοτάτην

279 1389 314 1409 ac
330 1380 463 1408 barbaros
477 1379 570 1407 divino
591 1379 702 1406 numine
718 1378 859 1410 liberatos,
877 1377 910 1405 ad
924 1378 1072 1413 spiritalem

1123 1384 1231 1420 ἡμέραν
1254 1384 1304 1420 τῆς
1332 1385 1448 1421 ἀληθοῦς
1476 1386 1617 1419 εὐσεϐείας
1641 1387 1689 1414 τοῦ
1720 1377 1915 1424 παμϐασιλὲως

279 1427 460 1462 eamdemque
490 1425 672 1454 clarissimam
687 1432 758 1452 vera:
781 1432 844 1459 erga
859 1424 945 1452 Deum
969 1431 1075 1459 praepo-

1124 1431 1192 1458 Θεοῦ
1203 1432 1267 1463 τοὺς
1282 1431 1386 1464 πάντας
1400 1433 1580 1468 μετηγάγετο.
1599 1434 1654 1460 Καὶ
1665 1435 1691 1460 τί
1704 1435 1756 1471 χρὴ
1773 1435 1913 1471 μηκύνειν,

280 1478 381 1501 tentem
398 1481 489 1500 rerum
503 1472 626 1500 omnium
648 1471 748 1507 Regem
761 1471 869 1506 pietatis
880 1471 969 1498 lucem
985 1469 1073 1497 vindi-

1124 1477 1315 1504 ἀποδεικνύναι
1338 1477 1524 1513 πειρωμένους
1543 1479 1583 1505 ὅτι
1596 1479 1633 1514 μὴ
1645 1469 1734 1515 ἀλόγιρ
1852 1482 1914 1509 Eac-

281 1518 362 1546 cavit.
380 1517 433 1545 Sed
441 1518 524 1551 enim,
542 1517 608 1552 quid
629 1517 725 1544 attinet
746 1517 798 1544 hoc
821 1517 882 1544 loco
901 1515 1026 1551 pluribus
1041 1515 1067 1542 id

1124 1523 1189 1554 τοὺς
1202 1523 1390 1558 ἀνεθήκαμεν,
1409 1522 1529 1559 σώφροσι
1547 1523 1576 1550 δὲ
1595 1524 1641 1550 καὶ
1661 1524 1809 1561 ὠφελίμοις
1826 1526 1916 1561 λόγοις

282 1565 387 1598 conari,
400 1569 429 1592 ut
443 1572 497 1592 non
506 1563 714 1592 inconsideratae
737 1563 846 1591 cuidam
871 1569 904 1590 ae
918 1561 1073 1590 temeraria:
1088 1595 1097 1609 ι

1099 1595 1109 1609 )
1124 1567 1170 1594 τὸν
1186 1568 1236 1603 τῆς
1252 1568 1369 1604 ἀληθοῦς
1393 1568 1533 1601 εὐσεϐείας
1556 1570 1656 1606 τρόπον
1672 1572 1842 1607 περιέχουσι;
1866 1574 1914 1609 τῆς

283 1610 358 1643 ﬁdei,
381 1595 431 1637 sed
452 1609 563 1637 consilii
591 1609 771 1643 utilitatisque
791 1608 878 1642 plenis
909 1607 1071 1639 rationibus,
1088 1595 1098 1622 Ῑ

1099 1595 1110 1622 3
1126 1595 1267 1651 παρούσης
1285 1595 1439 1647 ῦποθέσεως
1449 1615 1515 1642 αὐτὸ

282 1662 398 1690 quaeque
411 1662 480 1682 verae
491 1654 600 1689 pietatis
614 1653 730 1681 formam
745 1657 770 1680 cl
784 1652 938 1680 institutum
954 1652 1073 1687 comple-

1124 1661 1292 1696 τευομένης,
1322 1661 1384 1693 τοὺς
1411 1661 1459 1697 μὲν
1487 1662 1647 1698 ἐπιτηδείως
1668 1662 1777 1698 ἔχοντας
1802 1652 1916 1694 ἐπε-σθαι

284 1706 404 1734 utantur,
424 1708 475 1728 nos
487 1700 563 1735 ipsos
573 1700 712 1727 addixisse
727 1698 926 1727 ostendamus?
940 1698 1073 1733 Equidem

1125 1705 1212 1740 λόγων
1237 1707 1402 1741 ἀποδείξεσι,
1425 1708 1614 1744 προτρέπομεν
1638 1710 1685 1736 καὶ
1704 1711 1916 1747 παρακαλοῦμεν

284 1756 346 1775 cum
359 1747 488 1774 universo
506 1746 558 1774 hoc
577 1753 660 1781 opere
685 1745 713 1773 id
729 1749 825 1780 agatur
838 1752 934 1777 unum,
951 1745 999 1780 qui
1018 1744 1073 1772 vim

1125 1752 1212 1788 λόγων
1226 1754 1383 1790 φρονήσεως
1395 1755 1588 1789 ἐπιμέλεσθαι,
1605 1757 1651 1783 καὶ
1668 1744 1846 1793 λογικωτερον
1857 1744 1915 1786 ".c'J

283 1801 317 1821 ac
330 1797 467 1820 momenta
495 1791 632 1820 rationum
660 1798 758 1826 capere
778 1794 805 1818 et
823 1790 933 1825 assequi
947 1794 1073 1825 possunt,

1125 1798 1268 1834 δογμάτων
1279 1798 1329 1831 τὰς
1340 1800 1491 1833 ἀποδείξεις
1498 1790 1733 1837 παραλαμϐάνειν,
1750 1790 1874 1839 ἑτοίμους
1884 1813 1915 1831 τε

284 1847 333 1867 eos
348 1843 378 1866 ut
403 1839 430 1865 in
455 1837 650 1873 pervidendum
679 1841 903 1872 argumentorum
928 1836 1073 1864 sanitatem

1125 1844 1196 1872 εἶναι
1221 1845 1290 1881 πρὸς
1309 1845 1457 1880 ἀπολογίαν
1485 1847 1566 1873 παντὶ
1589 1847 1628 1883 τῷ
1649 1836 1819 1884 ἐπερωτῶντι
1843 1851 1916 1885 ἡμᾶς

285 1884 455 1917 incumbant,
472 1889 503 1911 ut
515 1890 583 1918 quas
594 1882 732 1918 accipiunt
742 1882 900 1917 dogmatum
917 1886 1074 1910 nostrorum

1125 1890 1171 1917 τὸν
1186 1890 1265 1925 λόγον
1278 1891 1328 1926 τῆς
1345 1892 1406 1918 καθ’
1418 1892 1492 1927 ἡμᾶς
1509 1892 1615 1925 ἐλπίδος
1626 1902 1632 1908 ·
1646 1882 1707 1920 ἐπεί
1717 1894 1745 1921 δὲ
1765 1895 1801 1930 μὴ
1815 1882 1916 1929 πάντες

285 1930 535 1959 demonstrationes
547 1930 679 1957 attentius
706 1936 739 1956 ac
759 1929 888 1956 subtilius
902 1928 1074 1960 examinem,

1125 1936 1256 1970 τοιοῦτοι,
1273 1936 1463 1973 φιλανθρώπου
1483 1938 1662 1973 τυγχάνοντος
1680 1939 1726 1965 τοῦ
1747 1928 1844 1974 Λόγου,

287 1977 327 2005 uti
342 1977 460 2012 denique
476 1977 510 2004 ad
535 1975 748 2011 suscipiendam,
770 1975 927 2010 quicunque
941 1974 1075 2002 rationem

1128 1982 1230 2017 μηδένα
1255 1982 1387 2017 μηδαμῶς
1404 1982 1641 2019 ἀποτρεπομένου,
1662 1985 1752 2012 πάντα
1767 1986 1795 2012 δὲ
1811 1986 1916 2023 ἄνθρω-

285 2032 318 2051 ex
337 2023 417 2051 nobis
432 2026 537 2059 quaerat
549 2042 557 2055 ,
574 2022 658 2055 illius,
672 2029 734 2057 quae
750 2021 882 2056 religione
895 2024 989 2048 nostra
1009 2027 1076 2048 con-

1127 2036 1177 2054 πον
1198 2030 1255 2060 τοῖς
1270 2029 1450 2064 καταλλήλοις
1471 2030 1587 2065 ἱωμένου
1612 2031 1777 2066 φαρμάκοις,
1803 2032 1850 2058 καὶ
1865 2021 1916 2060 ⁷τὸν

285 2071 398 2103 tinetur,
424 2068 481 2104 spei
498 2068 698 2100 delensionem,
723 2070 863 2102 promptos
877 2073 938 2093 sese
951 2073 983 2093 ac
996 2073 1077 2100 para-

1126 2074 1219 2110 άμαθῆ
1239 2076 1286 2101 καὶ
1314 2074 1421 2111 ἰδιώτην
1441 2076 1487 2102 ἐπὶ
1505 2076 1555 2111 τὴν
1584 2077 1738 2112 πρᾳοτέραν
1765 2076 1914 2113 θεραπείαν

286 2121 329 2143 tos
342 2115 499 2146 exhibeant,
508 2114 590 2142 etiam
602 2118 685 2149 atque
698 2114 780 2141 etiam
797 2112 987 2140 adhortantur.
997 2111 1076 2139 Nunc

1126 2120 1358 2155 παρακαλοῦντος·
1368 2121 1479 2153 εἰκότως
1487 2122 1516 2148 ἐν
1530 2111 1666 2157 εἰσαγωγῇ
1679 2111 1741 2154 τοὺς
1749 2111 1915 2159 ἀρίομένους

285 2169 363 2195 vero,
380 2161 509 2197 quoniam
525 2160 648 2188 omnium
674 2167 705 2187 ea
723 2159 838 2187 facultas
849 2163 876 2186 et
890 2158 1001 2186 solertia
1021 2166 1076 2186 non

1127 2165 1182 2192 τῶν
1212 2167 1442 2202 ὶδιωτικωτὲρων,
1467 2168 1599 2200 γυναῖκας
1619 2168 1667 2194 καὶ
1689 2169 1796 2200 παῖδας,
1817 2158 1864 2196 καὶ
1885 2170 1915 2196 τὸ

286 2214 344 2242 est,
370 2216 432 2236 cum
455 2207 590 2242 ejusmodi
615 2206 651 2234 sit
674 2210 785 2241 tamque
808 2212 904 2232 amans
934 2205 1075 2232 hominum

1127 2210 1181 2237 τῶν
1202 2211 1335 2245 άγελαίων
1355 2211 1457 2246 πλῆθος
1480 2211 1527 2237 ἐπὶ
1538 2211 1584 2238 τὸν
1601 2212 1701 2248 εὐσεϐῆ
1714 2213 1771 2248 βίον
1785 2223 1916 2250 χειραγω-

287 2254 370 2281 Verbi
384 2253 468 2281 divini
479 2253 612 2285 suavitas,
627 2257 655 2279 ut
668 2253 805 2279 neminem
816 2251 928 2278 omnino
942 2250 1074 2286 repudiet,
1090 2268 1102 2298 (

1100 2268 1111 2298 1
1128 2254 1247 2289 γοῦντες,
1256 2255 1293 2287 ὡς
1301 2256 1329 2281 ἐν
1341 2255 1486 2290 φαρμάκου
1495 2255 1586 2291 μοίρᾳ,
1598 2255 1648 2291 τὴν
1658 2256 1721 2291 ὑγιῆ
1730 2257 1820 2283 πίστιν
1828 2266 1915 2293 παρα-

286 2301 334 2328 sed
347 2300 437 2336 potius
457 2300 569 2327 cuilibet
582 2298 705 2326 sanando
718 2305 866 2333 congruam
880 2302 907 2324 et
914 2297 1077 2325 convenien-

1128 2300 1313 2336 λαμϐάνομεν,
1337 2299 1420 2336 ὀρθὰς
1444 2300 1522 2333 δόξας
1547 2301 1612 2337 περὶ
1624 2301 1693 2328 Θεοῦ
1718 2303 1855 2338 προνοίας,
1868 2304 1916 2331 καὶ

286 2353 341 2376 tem
365 2347 529 2375 medicinam
557 2346 684 2374 adhibeat
704 2354 711 2371 :
735 2345 858 2380 adeoque
882 2344 1024 2379 imperitos
1049 2348 1077 2371 et

1127 2346 1192 2382 περὶ
1204 2345 1456 2382 ψυχῆςάθανασίας,
1469 2347 1517 2373 καὶ
1528 2347 1592 2382 περὶ
1602 2347 1649 2374 τοῦ
1674 2349 1733 2375 κατ’
1744 2348 1843 2385 ἀρετὴν
1856 2349 1913 2384 βίου

286 2395 384 2423 idiotas
411 2394 445 2422 ad
472 2394 601 2421 leviorem
626 2392 779 2420 curationis
805 2392 939 2418 rationem
965 2390 1075 2424 invitet;

1127 2393 1276 2425 ἐντιθέντες
1293 2392 1393 2424 αὐτοῖς.
1410 2393 1446 2419 Ἦ
1462 2393 1510 2428 οὐχ
1524 2393 1610 2425 οὓτως
1626 2394 1674 2420 καὶ
1688 2394 1750 2426 τοὺς
1766 2394 1800 2421 τὰ
1823 2395 1915 2429 σωμά-

285 2441 348 2476 jure
366 2448 433 2468 sane
449 2447 482 2468 ac
501 2439 599 2467 merito
622 2438 668 2473 qui
684 2445 718 2465 ex
738 2437 896 2464 rudioribus
921 2436 1075 2470 initiantur,

1127 2447 1180 2465 των
1203 2438 1257 2466 τῶν
1274 2438 1431 2473 καμνόντων
1446 2438 1575 2473 ἰωμένους
1587 2439 1775 2474 ἐπιστημόνως
1796 2440 1913 2476 ὁρῶμεν,

287 2486 417 2513 mulieres
429 2485 555 2513 videlicet
568 2492 600 2512 ac
613 2491 725 2520 pueros.
749 2483 957 2519 vulgariumque
973 2490 1004 2510 ac
1020 2483 1077 2517 ple-

1127 2484 1224 2516 αὺτοὺς
1241 2485 1290 2520 μέν
1306 2484 1350 2511 διὰ
1364 2484 1493 2522 πλείστης
1506 2486 1648 2521 ἀσκήσεως
1659 2486 1706 2512 καὶ
1718 2485 1842 2518 παιδείας
1854 2487 1915 2519 τοὺς

288 2532 411 2559 beiorum
438 2531 581 2559 hominum
612 2529 813 2558 multitudinem
852 2529 886 2556 ad
914 2529 1077 2556 Christiana:

1127 2531 1198 2558 κατὰ
1215 2531 1337 2567 ἰατρικὴν
1355 2530 1450 2566 λόγους
1467 2530 1653 2568 ἀνειληφότας,
1670 2532 1718 2558 καὶ
1737 2532 1826 2558 πάντα
1844 2532 1916 2567 λογι-

288 2578 350 2604 vitae
365 2578 491 2612 pietatem
506 2577 586 2612 quasi
599 2585 681 2604 manu
695 2575 872 2607 adducentes.
883 2575 1017 2610 integram
1033 2583 1078 2603 sa-

1128 2578 1183 2609 κῶς
1195 2578 1430 2614 χειρουργοῦντας·
1444 2575 1506 2611 τούς
1517 2587 1549 2613 γε
1565 2579 1617 2614 μὴν
1630 2578 1677 2604 ἐπὶ
1688 2578 1822 2614 θεραπείᾳ
1832 2587 1916 2614 προσ‹

289 2630 405 2658 namque
421 2623 500 2650 ﬁdem
516 2623 650 2658 principio
675 2623 716 2651 sic
739 2627 870 2656 tanquam
888 2621 1076 2649 medicamen-

1129 2623 1217 2654 ιόντας
1228 2623 1329 2655 αὐτοῖς,
1342 2623 1431 2650 πίστει
1442 2624 1553 2654 ἑαυτοὺς
1564 2623 1610 2649 καὶ
1621 2624 1653 2657 τῇ
1666 2622 1719 2649 τῶν
1729 2624 1916 2660 χρηστοτέρων

289 2673 346 2696 tum
355 2668 466 2701 aliquod
477 2669 650 2703 adhibemus,
667 2675 818 2703 eorumque
832 2668 968 2695 mentibus
988 2668 1021 2695 de
1037 2668 1078 2695 di-

1129 2668 1225 2702 ὲλπίδι,
1238 2670 1416 2705 παρέχοντας·
1431 2669 1477 2696 καὶ
1490 2669 1543 2695 τῶν
1555 2668 1604 2704 μὲν
1619 2668 1689 2696 κατὰ
1702 2669 1750 2704 τὴν
1760 2670 1915 2705 ἐπιστήμην

288 2716 351 2743 vina
366 2716 586 2750 providentia,de
597 2716 752 2743 animorum
766 2714 980 2746 immortalitate,
990 2715 1078 2748 deque

1129 2715 1314 2751 θεωρημάτων
1328 2716 1410 2751 μηδὲν
1423 2715 1543 2752 ἀκριϐῶς
1557 2716 1710 2747 ἐπαῖοντας,
1729 2715 1811 2751 μόνης
1826 2716 1854 2742 δὲ
1864 2716 1916 2751 τῆς

287 2763 344 2790 vita
350 2763 382 2791 ad
388 2763 497 2790 virtutis
505 2770 628 2790 normam
634 2762 777 2798 exigenda,
787 2761 838 2796 15
846 2766 933 2788 rectas
941 2761 1079 2795 cogitatio-

1129 2761 1235 2797 ἀγαθῆς
1255 2761 1361 2793 ἐλπίδος
1380 2770 1408 2788 τε
1425 2761 1472 2787 καὶ
1495 2760 1612 2792 πίστεως
1632 2760 1841 2796 ἐξηρτημένους
1859 2762 1915 2789 Καὶ

289 2816 338 2837 nes
353 2809 507 2837 inserimus.
522 2809 592 2842 Quid
607 2809 718 2836 autem?
739 2816 830 2836 annon
852 2815 899 2835 eos
910 2807 991 2834 etiam
1005 2807 1079 2834 vide—

1129 2808 1143 2833 ό
1159 2807 1207 2842 μὲν
1220 2808 1273 2835 τῶν
1294 2808 1392 2845 ἰατρῶν
1407 2809 1515 2844 ἀριστος
1531 2808 1571 2838 είς
1594 2807 1676 2842 μέσον
1695 2808 1847 2843 παρελθὼν,
1867 2808 1915 2835 ἇτε

290 2863 362 2888 mus,
375 2856 420 2890 qui
436 2856 564 2883 curandis
581 2863 724 2890 corporum
735 2854 958 2890 aegrotationibus
968 2861 1077 2888 operam

1129 2854 1181 2889 χρὴ
1195 2854 1429 2889 προφυλάττεσθαι
1441 2853 1488 2880 καὶ
1504 2852 1521 2879 ἃ
1538 2854 1671 2888 προσήκει
1684 2853 1758 2888 δρᾷν,
1774 2853 1866 2888 ὥσπερ
1874 2861 1916 2885 τις

290 2901 408 2930 scienter
417 2907 524 2936 navant,
537 2909 706 2937 quaecunque
718 2901 750 2929 ad
760 2901 924 2941 exquisitam
934 2900 1077 2929 medicina:

1129 2901 1219 2936 ἄρχων
1231 2901 1273 2928 καλ
1293 2901 1386 2936 κύριος
1400 2900 1456 2935 μετ’
1468 2900 1621 2934 ἐπιστήμης
1632 2901 1802 2934 προστάττει·
1817 2900 1832 2926 ὸ
1844 2899 1866 2926 δ’
1877 2899 1915 2932 ὡς
