2064 3212
156 199 186 226 ιδ
741 193 901 222 ΡΒΑΞΡΑΒ.
921 193 926 220 i

977 192 1046 220 \NG.
1069 192 1131 220 ΜΒ.
1150 192 1170 220 1.
1721 191 1756 218 ιδ

154 256 248 291 βασιλεῖ
266 256 315 282 καὶ
336 255 471 292 νομοθέτῃ
489 255 620 288 πείθεται,
645 254 778 281 πιστεύων
799 253 926 280 συνοίσειν

981 258 1048 279 artis
1070 252 1252 287 cognitionem
1277 255 1414 287 pertinent
1438 251 1520 286 longo
1544 258 1595 278 usu
1619 249 1757 284 multaque

151 302 217 339 αὑτῷ
237 303 267 329 τὸ
285 303 533 338 προστεταγμένον.
557 301 634 328 Οὖτω
652 301 698 327 καὶ
721 300 838 336 μαθηταὶ
854 299 931 335 παρὰ

149 346 308 374 διδασκάλων
323 347 422 382 λόγους
436 347 556 378 παιδείας
567 347 751 381 ἀποδέχονται,
767 346 929 372 πιστεύσαν-

149 401 189 424 τες
209 391 309 425 ἀγαθὸν
324 392 418 423 αὐτοῖς
433 391 538 418 ἔσεσθαι
559 391 588 418 τὺ
605 391 727 426 μάθημα.
742 391 795 417 Nai.
813 391 866 426 μὴν
884 391 930 417 καὶ

149 436 299 470 φιλοσοφίας
315 437 347 462 οὐ
361 436 491 472 πρότερόν
504 445 544 468 τις
554 436 679 471 tedii/an?
691 436 733 468 ἂν,
751 436 767 471 ἢ
784 436 929 468 πιστεύσας

150 482 275 508 συνοίσειν
289 482 368 518 αὑτῷ
378 483 407 508 τὺ
422 483 589 518 ἐπάγγελμα.
602 483 657 509 Καὶ
672 483 686 508 ὁ
703 482 750 518 μέν
764 491 804 514 τις
820 482 929 510 αὐτόθεν

149 529 225 554 είλετο
241 529 274 554 τὰ
299 529 472 564 Ἐπικούρουι
490 530 504 555 ό
518 529 546 556 δὲ
572 529 616 555 τὸν
638 529 753 555 Κυνικὸν
772 528 847 564 ζηλοῖ
861 530 926 569 βίον,

148 574 218 605 ἄλλος
241 574 312 600 κατὰ
334 574 464 601 Πλάτωνα
485 574 636 610 φιλοσοφεῖ,
659 576 718 601 κατ’
743 574 928 612 Ἀριστοτέλην

147 620 241 654 ἕτερος,
264 620 312 646 καὶ
334 620 415 646 πάλιν
430 620 506 652 ἄλλος
526 621 631 648 πάντων
647 621 681 648 τὰ
696 622 802 649 Στωϊκὰ
822 623 928 658 προετί-

149 673 237 700 μησεν,
253 665 372 692 ἑκάστου
386 666 553 702 χρηστοτέρα
569 667 654 693 ἐλπίδι
669 676 698 694 τε
718 668 763 694 καὶ
786 669 874 695 πίστει
898 669 928 696 τὸ

147 709 217 741 δόξαν
239 710 277 742 ὡς
300 712 422 737 συνοῖσον
443 712 643 747 ἀγαπήσαντος.
667 714 743 740 Οὖτω
769 715 813 741 καὶ
833 715 927 750 τέχνας

147 755 278 790 ἂνθρωποι
298 757 350 788 τὰς
368 757 452 792 μέσας
476 758 614 793 μετῆλθον,
638 760 683 786 καὶ
699 760 771 787 ἄλλοι
786 761 830 788 τὸν
848 770 927 797 στρα-

146 801 275 833 τιωτικὸν,
291 802 368 828 ἄλλοι
383 803 410 829 δὲ
426 803 471 830 τὸν
492 804 639 839 ἐμπορικὸν
657 805 721 840 βίον,
741 807 829 833 πίστει
845 807 926 834 πάλαι

147 846 339 882 προειληφότες
353 847 547 882 βιοποριστικὸν
564 849 654 880 αὐτοῖς
669 849 774 876 ἔσεσθαι
790 850 819 876 τὸ
833 851 927 886 ἐπιτή-

147 891 236 926 δευμα.
261 893 317 918 Καὶ
353 893 449 928 γάμων
478 893 505 919 δὲ
534 895 560 919 αἱ
594 895 700 930 πρῶται
723 895 846 928 σύνοδοι,
877 897 925 923 καὶ

980 299 1101 326 doctrina
1115 298 1276 333 perdiscere.
1292 297 1439 332 omniaque
1449 297 1554 324 ratione
1565 301 1681 324 tractare
1695 295 1758 330 :qui

979 352 1044 371 vero
1059 344 1091 371 ad
1102 344 1210 371 eosdem
1231 343 1356 371 curandae
1367 343 1452 378 gratia
1462 343 1625 370 valetudinis
1637 349 1758 369 accesse-

980 390 1044 420 rint,
1058 389 1118 417 illos
1138 389 1199 416 ﬁdei
1213 389 1320 416 cuidam
1335 389 1477 423 exitusque
1492 388 1602 415 laetioris
1617 391 1759 420 exspecta--

979 434 1046 462 tioni
1061 442 1120 461 sese
1132 435 1169 461 ita
1185 435 1349 468 permittere,
1365 440 1396 462 ut
1409 441 1471 461 cum
1498 442 1530 461 ex
1546 434 1624 461 istius
1639 432 1759 460 scientia:

979 480 1119 515 praeceptis
1136 480 1284 514 intelligere
1298 480 1362 507 nihil
1380 483 1506 507 accurate
1514 479 1684 514 perfecteque
1696 486 1753 513 pos-

980 526 1044 557 sint,
1061 533 1114 552 non
1131 525 1184 552 nisi
1202 532 1232 551 ex
1251 529 1365 559 utraque
1389 531 1535 560 suspensas
1552 525 1670 552 habeant
1683 524 1745 551 ineo

979 570 1111 598 lumitatis
1139 577 1195 597 sua:
1213 570 1351 597 rationes?
1376 569 1415 597 Ac
1443 570 1626 605 peritissimus
1648 570 1758 604 quidem

978 616 1099 643 medicus
1111 616 1136 642 in
1151 615 1269 642 medium
1293 615 1430 650 prodiens,
1452 615 1517 650 quid
1539 620 1586 643 aut
1598 623 1694 642 cavere
1712 619 1759 643 aut

979 662 1067 689 facere
1081 666 1213 696 oporteat,
1233 661 1272 688 sic
1287 666 1416 696 tanquam
1438 662 1563 696 princeps
1579 669 1611 689 ac
1631 662 1758 689 dominus

978 708 1075 742 aliquis
1088 707 1203 735 scienter
1215 707 1350 741 praecipit:
1361 711 1477 742 aegrotus
1485 711 1574 734 autem
1586 707 1636 742 ipsi
1647 707 1758 742 perinde

979 761 1011 781 ac
1026 755 1082 788 regi
1098 758 1124 780 et
1141 753 1286 788 legislatori
1312 753 1480 787 obsequitur,
1498 753 1570 787 quod
1597 753 1648 780 sibi
1676 752 1757 788 quid-

978 799 1042 833 quid
1061 803 1222 834 praeceptum
1236 798 1270 825 ab
1282 806 1314 825 eo
1327 797 1422 834 fuerit,
1438 798 1504 825 utile
1514 805 1621 833 quoque
1635 798 1757 825 futurum

977 833 1118 878 putetilta
1141 843 1266 877 discipuli
1293 833 1414 877 cujusvis
1444 842 1574 880 doctrina:
1587 847 1718 877 praecepta
1740 850 1757 869 ο

978 887 1113 922 magistris
1132 887 1280 922 excipiunt.
1294 887 1364 921 quod
1377 887 1412 914 ab
1427 887 1480 914 illis
1491 887 1644 920 didicerint,
1665 888 1690 914 id
1706 888 1758 914 sibi

148 937 277 976 κοινωνίαι
303 937 358 972 τῆς
383 938 453 965 κατὰ
476 928 644 966 παιδοποιίαν
666 941 781 973 ἐλπίδος,
805 940 834 974 ἐξ
858 942 925 976 ἀγα-

977 933 1104 967 expedire
1117 933 1177 959 rati.
1195 933 1252 959 lmo
1271 940 1335 960 vero
1350 940 1384 960 ne
1404 933 1490 968 ipsius
1501 933 1610 968 quidem
1635 933 1756 967 philoso-

148 981 197 1017 θῆς
221 983 371 1018 ὲνήρξαντο
405 984 530 1016 πίστεως.
554 986 608 1012 Καὶ
637 986 698 1013 πλεῖ
723 996 765 1018 τις
789 986 866 1019 αὖθις
887 989 927 1020 εἰς

148 1027 247 1063 ἄδηλον,
270 1029 328 1055 οὐδ’
344 1029 426 1065 ἄλλην
436 1031 652 1067 προῦεϐλημένος
667 1033 715 1068 τῆς
733 1034 866 1070 σωτηρίας
876 1035 926 1068 ἆγ-

148 1083 238 1110 κυραν,
252 1075 268 1110 ἢ
289 1076 376 1111 μόνην
402 1076 449 1112 τὴν
468 1078 556 1105 πίστιν
573 1080 618 1105 καὶ
634 1079 683 1114 τὴν
696 1080 800 1116 ἀγαθὴν
814 1081 918 1108 ἐλπίδα.

148 1119 201 1145 Καὶ
221 1122 341 1156 γεωργεῖ
367 1121 446 1148 πάλιν
462 1121 548 1154 ἄλλος,
570 1123 616 1149 καὶ
637 1123 681 1149 τὸν
702 1124 799 1159 σπόρον
820 1125 859 1156 είς
875 1125 927 1159 γῆν

149 1164 295 1201 ἀπορρίψας
313 1166 443 1201 κάθηται,
457 1168 505 1202 τῆς
517 1167 589 1203 ὥρας
607 1167 656 1204 τὴν
669 1169 770 1204 τροπὴν
788 1169 929 1205 ἐκδεχόμε-

149 1219 199 1243 νος,
216 1211 354 1238 πιστεύων
374 1212 403 1239 τὸ
425 1213 524 1249 φθαρὲν
542 1214 587 1240 ἐπὶ
607 1214 658 1249 γῆς
678 1215 725 1240 καὶ
741 1214 927 1252 πλημμυρίσιν

149 1256 225 1283 ὑετῶν
240 1258 388 1293 καλυφθὲν,
409 1257 485 1290 αὖθις
500 1259 592 1295 ῶσπερ
608 1261 640 1286 ὲκ
657 1260 759 1295 νεκρῶν
781 1262 929 1288 ἀναϐιώσε-

149 1300 344 1337 σθαι.Πορείαν
365 1303 393 1330 δέ
411 1313 451 1336 τις
473 1305 578 1341 μακρὰν
599 1306 642 1331 ἐπ’
662 1306 810 1342 ἀλλοδαπὴν
830 1309 862 1334 ὲκ
879 1308 928 1342 τῆς

149 1347 241 1378 οἰκείας
257 1349 444 1384 στελλόμενος,
457 1350 537 1376 πάλιν
550 1351 599 1385 τὴν
617 1351 710 1378 ἐλπίδα
720 1352 767 1378 καὶ
779 1353 827 1386 τὴν
839 1353 928 1380 πίστιν

149 1390 244 1423 ἀγαθὰς
264 1392 382 1427 ὁδηγοὺς
395 1393 482 1429 ἑαυτῷ
497 1395 684 1429 συνεπάγεται.
701 1396 754 1422 Καὶ
768 1397 793 1422 τί
806 1397 859 1432 γὰρ
871 1397 928 1425 ἄλλ’

149 1435 164 1470 ῆ
178 1435 218 1462 τὸν
234 1437 324 1464 πάντα
342 1439 396 1467 τῶν
408 1439 556 1476 ἀνθρώπων
578 1440 633 1476 βίον
645 1441 717 1468 δυοῖν
733 1442 833 1469 τούτων
847 1443 929 1478 ἀνηρ-

149 1488 178 1515 τη
182 1482 267 1515 μένον,
279 1483 389 1516 ἐλπίδος
398 1494 426 1511 τε
435 1487 480 1512 καὶ
489 1484 616 1517 πίστεως,
627 1486 866 1524 καταλαμϐάνομεν
876 1497 883 1520 ;
894 1489 926 1515 Τί

148 1525 178 1560 δὴ
186 1525 346 1563 θαυμάζεις,
355 1531 379 1556 εί
387 1531 472 1557 καὶτὰ
480 1531 617 1566 κρείττονα
628 1532 697 1560 κατὰ
705 1533 753 1569 τὴν
763 1534 858 1569 ψυχὴν,
873 1536 929 1567 τοῖς

150 1572 194 1605 μὲν
203 1572 244 1599 διὰ
257 1574 380 1607 πίστεως
396 1576 577 1613 παραδίδοται,
595 1575 635 1610 οἷς
651 1580 680 1604 οὐ
693 1579 774 1615 σχολὴ
785 1580 928 1613 λογικώτε-

151 1624 191 1650 ρον
203 1618 234 1645 τὰ
248 1619 323 1646 κατὰ
341 1621 423 1656 μέρος
434 1622 617 1655 παιδεύεσθαι,
632 1625 686 1656 τοῖς
701 1625 729 1650 δὲ
747 1626 794 1651 καὶ
807 1627 869 1658 τοὺς
883 1626 927 1652 λό-

149 1670 207 1696 γους
221 1665 322 1697 αὑτοὺς
334 1667 444 1701 πάρεστι
459 1668 587 1702 μετιέναι,
598 1669 644 1695 καὶ
655 1670 704 1701 τὰς
717 1671 865 1704 ἀποδείξεις
873 1672 926 1699 τῶν

149 1709 368 1746 πρεσϐευομένων
386 1713 546 1747 μανθάνειν;
565 1714 643 1741 Ἀλλὰ
656 1715 709 1751 γὰρ
725 1717 753 1742 ἐν
768 1717 849 1752 ὀλίγῳ
868 1717 927 1743 τού-

149 1762 196 1781 ¹των
205 1757 270 1791 ἡμῖν
282 1757 330 1784 οὐχ
345 1759 384 1790 εὶς
398 1758 529 1794 ἄχρηστον
542 1761 832 1796 προγεγυμνασμένων,
847 1763 927 1789 ἀνίω-

151 1809 194 1835 μεν
210 1803 254 1829 ἐπὶ
271 1803 321 1838 τὴν
334 1804 442 1840 πρώτην
454 1807 627 1841 κατηγορίαν”
645 1808 691 1833 καὶ
705 1807 775 1839 τίνες
791 1808 865 1840 ὄντες
880 1810 927 1836 καὶ

150 1847 222 1874 πόθεν
241 1849 410 1885 ὁρμώμενοι,
426 1853 481 1883 τοῖς
498 1852 691 1888 διερωτήσασιν
706 1854 925 1889 ἀποκρινώμεθα.

151 1892 204 1920 Ὀτι
219 1895 272 1929 μὲν
286 1892 332 1922 οὖν
343 1895 374 1922 τδ
388 1897 464 1931 γένος
480 1898 606 1933 Ἕλληνες
619 1898 702 1930 ὅντες,
718 1899 765 1925 καὶ
780 1899 814 1926 τὰ
834 1899 926 1936 Ἑλλή-

149 1947 196 1966 νων
211 1941 385 1976 φρονοῦντες,
403 1943 434 1968 ἐκ
460 1945 592 1970 παντοίων
615 1953 644 1970 τε
666 1943 759 1976 ἐθνῶν,
780 1945 852 1972 ὼσὰν
870 1955 927 1972 νεο-

149 1982 234 2011 unm
256 1987 385 2021 στρατιᾶς
400 1986 507 2021 λογάδες
525 1987 731 2023 συνειλεγμένοι,
749 1988 797 2023 τῆς
813 1989 925 2023 πατρίου

151 2028 352 2066 δεισιδαιμονίας
366 2032 513 2059 ἀποστάται
523 2033 736 2069 καθεστήκαμεν,
752 2033 843 2060 οὐδ’ἃν
851 2034 926 2060 αὐτοί

151 2083 211 2102 me
228 2076 421 2112 ἀρνηθείημεν·
437 2077 503 2104 ἀλλὰ
524 2079 570 2104 καὶ
585 2079 625 2105 ὅτι
639 2080 696 2110 ταῖς
714 2079 867 2111 Ἰουδαῖκαῖς
885 2079 925 2114 βί-

151 2121 216 2154 ϐλοις
228 2123 451 2158 προσανέχοντες.
461 2124 514 2150 κὰκ
520 2123 573 2150 τῶν
582 2124 646 2159 παρ’
655 2125 745 2156 αὺτοῖς
755 2125 925 2160 προφητειῶν

150 2168 180 2194 τὰ
197 2168 309 2196 πλεῖστα
322 2169 368 2210 του
382 2169 441 2196 καθ’
459 2171 530 2204 ἡμᾶς
545 2170 622 2204 λόγου
642 2171 810 2204 συνάγοντες,
824 2171 873 2197 οὐχ
887 2171 924 2197 ἔθ’

149 2214 243 2247 ὕμοίως
261 2214 310 2249 ζῇν
325 2216 380 2246 τοῖς
402 2215 433 2241 ἐκ
445 2216 594 2250 περιτομῆς
609 2217 753 2251 προσφιλὲς
774 2217 923 2252 ἡγούμεθα,

977 979 1046 1014 phiae
1060 983 1164 1013 partem
1179 979 1262 1006 ullam
1284 979 1428 1013 quisquam
1450 979 1604 1014 attingeret,
1627 979 1679 1006 nisi
1695 979 1756 1014 ejus

977 1023 1173 1058 professionem
1189 1024 1248 1051 usui
1258 1030 1320 1051 ante
1334 1024 1385 1051 sibi
1404 1024 1461 1051 fore
1472 1025 1602 1052 crederet.
1615 1025 1704 1060 Atque
1721 1025 1758 1052 ita

977 1068 1078 1096 factum
1094 1069 1227 1101 videmus,
1251 1074 1279 1096 ut
1299 1069 1368 1096 alius
1387 1068 1495 1104 Epicuri
1513 1074 1614 1097 sectam
1636 1070 1757 1105 eligeret,

978 1114 1050 1140 alius
1066 1113 1190 1148 cynicum
1213 1113 1319 1140 vivendi
1342 1121 1426 1148 genus
1447 1114 1628 1146 aemularetur,
1646 1113 1680 1141 ad
1694 1113 1757 1140 Pla-

979 1161 1060 1193 tonis,
1077 1159 1110 1186 ad
1127 1159 1280 1186 Aristotelis
1304 1159 1374 1186 alius
1394 1167 1454 1187 sese
1468 1159 1636 1194 disciplinam
1658 1159 1758 1194 adjun-

979 1209 1061 1239 geret,
1085 1205 1154 1232 alius
1181 1204 1297 1239 denique
1318 1204 1472 1232 Stoicorum
1498 1206 1623 1240 dogmata
1652 1207 1758 1234 caeteris

979 1249 1107 1276 omnibus
1122 1249 1269 1277 anteferret
1286 1259 1292 1277 :
1309 1250 1348 1278 sic
1360 1255 1390 1277 ut
1401 1251 1498 1286 singuli
1513 1251 1644 1286 quidquid
1658 1252 1758 1286 proba-

978 1300 1048 1326 rent,
1066 1296 1092 1322 id
1112 1296 1163 1323 ﬁde
1176 1296 1292 1330 quadam
1309 1304 1410 1331 speque
1424 1297 1529 1324 meliori
1549 1302 1678 1332 tanquam
1705 1298 1757 1326 sibi

979 1340 1150 1376 profuturum
1163 1346 1285 1368 amarent
1296 1345 1377 1377 atque
1396 1344 1550 1370 retinerent.
1559 1342 1604 1370 Sic
1616 1349 1688 1371 artes
1699 1352 1757 1377 eas,

979 1393 1039 1420 quae
1053 1386 1147 1412 mediae
1168 1386 1350 1419 nominantur,
1375 1387 1499 1415 homines
1521 1388 1654 1422 persecuti
1669 1393 1732 1415 sunt
1749 1397 1756 1414 ι

979 1436 1006 1458 et
1019 1431 1063 1458 alii
1078 1432 1185 1466 quidem
1201 1433 1240 1459 rei
1257 1433 1366 1459 militari
1396 1441 1425 1460 se
1448 1433 1562 1466 dedere;
1577 1439 1755 1462 mercaturam

979 1476 1153 1504 aliifaclitai-e
1167 1478 1329 1511 maluerunt,
1340 1486 1371 1505 ea
1393 1478 1521 1505 nimirum
1537 1479 1588 1505 ﬁde
1602 1487 1634 1506 ac
1646 1487 1757 1514 persua-

980 1523 1056 1550 sione
1067 1523 1151 1550 multo
1165 1528 1227 1551 ante
1250 1524 1368 1554 adducti,
1379 1524 1450 1558 quod
1466 1524 1598 1559 ejusmodi
1611 1524 1673 1551 vita:
1688 1525 1757 1551 ratio

980 1569 1125 1603 plurimum
1142 1570 1193 1596 sibi
1222 1570 1254 1596 ad
1265 1577 1324 1596 eam
1349 1569 1474 1596 tuendam
1486 1571 1545 1604 opis
1557 1574 1630 1597 esset
1640 1578 1672 1597 ac
1682 1578 1757 1597 com-

979 1615 1116 1642 moditatis
1144 1615 1266 1644 allatura.
1295 1613 1454 1649 Nuptiarum
1482 1615 1563 1641 etiam
1587 1615 1682 1649 primae
1703 1615 1756 1642 illa:

977 1661 1193 1696 congressioues,
1210 1661 1322 1696 ejusque
1346 1661 1402 1696 spei
1422 1669 1482 1695 qua:
1498 1661 1600 1689 sobolis
1619 1669 1755 1696 propaga-

978 1707 1077 1734 tionem
1092 1708 1214 1734 intuetur
1237 1707 1442 1741 conjunctiones
1471 1711 1583 1739 mutuae,
1599 1714 1635 1734 ex
1650 1707 1756 1735 sincera

977 1753 1092 1787 quadam
1107 1753 1267 1787 egregiaque
1291 1753 1342 1780 ﬁde
1371 1747 1477 1779 initium
1500 1752 1661 1780 habuerunt.
1686 1753 1756 1782 Prae-

978 1803 1049 1825 terea
1061 1799 1257 1832 navigationem
1275 1799 1336 1832 quis
1352 1798 1467 1825 adornat
1481 1799 1591 1834 ancipiti
1608 1801 1694 1834 exitu,
1707 1802 1754 1835 qui

977 1852 1031 1872 non
1047 1845 1098 1871 alia
1125 1845 1200 1879 prius
1218 1845 1331 1872 salutem
1360 1852 1436 1871 suam
1453 1853 1534 1879 quam
1552 1845 1613 1873 ﬁdei
1632 1846 1755 1881 imaeque

977 1891 1034 1925 spei
1047 1891 1166 1918 anchora
1193 1889 1453 1917 fundaveril?Mius
1479 1891 1544 1918 item
1561 1891 1754 1926 agriculturam

976 1940 1092 1967 exercet,
1120 1936 1247 1970 jactoque
1263 1935 1289 1961 in
1314 1940 1413 1962 terram
1442 1936 1546 1963 semine
1573 1936 1648 1964 domi
1669 1938 1753 1970 sedet,

977 1982 1143 2016 tempestatis
1156 1981 1362 2008 conversionem
1385 1985 1555 2016 exepeetans,
1578 1982 1755 2017 futurumque

977 2029 1026 2056 sibi
1042 2030 1216 2064 persuadens,
1234 2035 1264 2057 ut
1279 2038 1370 2058 semen
1391 2029 1455 2057 lllud
1469 2030 1524 2064 jam
1550 2030 1578 2057 in
1602 2035 1680 2058 terra
1691 2038 1753 2066 gre-

976 2076 1031 2102 mio
1047 2081 1213 2110 corruptum,
1227 2083 1260 2104 ac
1272 2076 1423 2110 pluviarum
1440 2075 1660 2103 inundationibus
1670 2077 1754 2103 obru-

976 2126 1042 2153 tum,
1058 2122 1146 2148 denuo
1157 2127 1284 2156 tanquam
1294 2129 1328 2148 ex
1343 2121 1399 2156 ipsa
1414 2126 1499 2148 morte
1509 2121 1662 2148 reviviscat.
1676 2121 1754 2148 Alius

976 2174 1055 2201 porro
1069 2167 1178 2201 longum
1194 2175 1225 2194 ex
1249 2167 1334 2201 patria
1346 2167 1372 2192 in
1387 2171 1506 2193 exteram
1536 2166 1653 2201 aliquam
1665 2167 1752 2201 regio-

975 2221 1036 2240 nem
1051 2214 1100 2241 iter
1113 2214 1268 2247 instituens,
1288 2221 1362 2248 spem
1376 2213 1501 2240 similiter
1515 2218 1596 2247 atque
1607 2212 1684 2240 ﬁdem
1699 2213 1751 2240 sibi

150 2260 191 2285 καὶ
209 2260 283 2286 τοῦτ’
297 2259 330 2288 ἂν
346 2260 456 2287 αὐτόθεν
465 2261 686 2297 ὁμολογήσαιμεν.
702 2262 770 2298 Ὥρα
784 2264 925 2299 τοιγαροῦν

977 2259 1109 2294 adjungit,
1138 2258 1241 2287 faustas
1264 2259 1356 2293 utique
1381 2259 1432 2285 sibi
1450 2258 1499 2286 viae
1529 2258 1611 2288 duces
1634 2257 1750 2286 futuras.

149 2305 245 2334 τούτων
259 2306 304 2334 τὸν
311 2306 508 2342 αίτιολογισμὸν
519 2308 655 2343 ὑποσχεῖν.
663 2308 724 2340 Πῶς
737 2306 783 2335 οὖν
794 2309 826 2336 ἂν
840 2309 924 2342 ἄλλως

149 2350 270 2387 δόξαιμεν
283 2350 312 2379 εὖ
335 2353 511 2388 πεποιηκέναι
528 2353 561 2379 τὰ
581 2355 682 2390 πάτρια
701 2355 923 2389 καταλείψαντες,

149 2394 165 2430 ἢ
179 2398 282 2431 πρῶτον
295 2399 333 2429 εἰς
347 2398 426 2433 μέσον
438 2398 507 2425 αὐτὰ
516 2399 709 2435 παραθέμενοι,
722 2401 766 2427 καὶ
779 2401 925 2435 ἀγαγόντες

151 2442 191 2469 ὑπ’
212 2443 272 2478 ὄψιν
287 2444 341 2471 τῶν
362 2443 574 2479 ὲντευξομένων;
595 2445 671 2472 Οὕτω
694 2446 747 2481 γὰρ
768 2447 801 2473 ἂν
823 2447 925 2480 γένοιτο

150 2489 249 2525 φανερὰ
263 2491 309 2517 καὶ
324 2491 374 2525 τῆς
390 2490 569 2526 εὐαγγελικῆς
585 2491 746 2529 ἀποδείξεως
766 2493 782 2527 ὴ
802 2492 861 2519 θεία
880 2493 926 2519 δύ-

150 2542 235 2570 ναμις,
252 2536 340 2567 ειτοῖς
354 2537 421 2562 πᾶσι
438 2535 492 2571 πρὸ
506 2536 652 2572 ὀφθαλμῶν
665 2537 766 2572 τεθείη,
781 2537 860 2564 τίνων
877 2538 924 2564 καὶ

149 2580 241 2608 ὁποίων
252 2581 343 2609 κακῶν
353 2581 403 2617 τὴν
419 2581 490 2608 ἴασιν
507 2583 718 2616 εὐαγγελίζεται.
733 2583 794 2614 Πῶς
807 2584 829 2610 δ’
846 2583 879 2609 ἂν
895 2583 925 2609 τὸ

149 2624 251 2660 εὔλογον
264 2627 313 2662 τῆς
327 2626 381 2654 τῶν
398 2627 547 2654 Ἰουδαϊκῶν
561 2628 728 2663 γραμμάτων
742 2628 925 2664 μεταδιώξεως

149 2671 300 2708 φανείη,-μὴ
309 2672 368 2708 οὐχὶ
378 2673 424 2699 καὶ
434 2672 484 2707 τῆς
495 2673 594 2699 τούτων
605 2674 702 2709 ἀρετῆς
712 2674 923 2709 ὰποδειχθείσης;

149 2714 202 2743 Τίνι
220 2717 332 2753 czan
349 2717 399 2749 τὰς
415 2718 480 2754 παρ’
498 2718 588 2751 αὐτοῖς
605 2719 711 2755 γραφὰς
731 2720 923 2755 ἀσπαζόμενοι,

149 2760 190 2788 τόν
207 2762 298 2798 ὅμοιον
311 2762 358 2790 τοῦ
379 2763 436 2798 βίου
456 2765 555 2800 τρόπον
576 2766 764 2800 ἀποκλίνομεν,
786 2765 876 2798 καλῶς
892 2766 925 2793 ἂν

149 2805 198 2842 Ιιχοι
214 2808 334 2836 διελθεῖν·
351 2810 398 2837 καὶ
416 2811 462 2838 ὲπὶ
480 2813 556 2844 πᾶσι,
571 2813 612 2844 τίς
625 2814 638 2838 ό
655 2812 714 2838 καθ’
728 2813 800 2847 ἡμᾶς
814 2812 864 2846 τῆς
878 2813 924 2838 εὑ-

150 2855 289 2891 αγγελικῆς
306 2857 458 2889 ὑποθέσεως
476 2858 563 2892 λόγος,
585 2858 631 2884 καὶ
646 2858 689 2889 τίς
712 2857 744 2884 ἂν
767 2858 866 2892 κυρίως
881 2857 925 2883 λε-

149 2900 218 2938 χθείη
236 2903 250 2929 6
271 2903 491 2939 Χριστιανισμδς,
513 2904 568 2931 οὗθ’
591 2903 765 2941 Ἑλληνισμὸς
790 2903 838 2937 ὢν,
860 2902 922 2930 οὔτε

975 2305 1044 2338 Quid
1058 2305 1130 2331 aliud
1156 2305 1273 2339 denique
1300 2304 1426 2337 manibus
1453 2303 1592 2338 oculisque
1617 2308 1752 2335 tenemus.

974 2359 1055 2386 quam
1072 2351 1154 2378 vitam
1176 2351 1314 2378 hominum
1330 2351 1483 2378 universam
1498 2357 1531 2377 ex
1547 2350 1652 2377 duabus
1677 2350 1753 2377 hisce

974 2396 1067 2428 rebus,
1080 2404 1128 2430 spe
1137 2396 1265 2423 nimirum
1280 2396 1396 2430 ﬁdeque,
1407 2403 1565 2430 suspensam
1581 2394 1683 2422 teneri?
1700 2394 1756 2429 ιϐ

974 2442 1044 2475 Quid
1056 2450 1120 2477 ergo
1134 2449 1223 2469 causae
1238 2446 1280 2469 est
1293 2442 1470 2476 quamobrem
1484 2441 1551 2469 adeo
1563 2440 1680 2473 mireris,
1690 2434 1752 2476 qui-

974 2489 1025 2516 bus
1039 2495 1094 2515 non
1108 2490 1187 2514 'vacat
1212 2487 1303 2514 omnia
1325 2486 1459 2521 sigillatim
1478 2493 1509 2513 ac
1534 2485 1660 2516 subtilius
1674 2485 1752 2513 addi-

975 2542 1060 2568 scere,
1073 2534 1224 2561 illisdiviua
1250 2534 1317 2566 haec,
1345 2533 1498 2568 quibusque
1525 2537 1629 2560 tantum
1644 2533 1753 2561 animus

974 2579 1147 2612 informatur,
1162 2584 1295 2614 praecepta
1306 2578 1368 2606 ﬁdei
1391 2585 1472 2606 manu
1499 2577 1584 2610 tradi;
1602 2577 1663 2604 aliis
1690 2584 1753 2605 vero

974 2626 1056 2652 licere
1074 2629 1202 2659 praeterea
1221 2625 1293 2659 ipsas
1305 2631 1414 2659 quoque
1434 2622 1567 2658 vestigare
1580 2623 1710 2656 rationes,
1725 2628 1754 2650 et

974 2679 1068 2699 eorum
1095 2679 1155 2706 quae
1186 2675 1345 2698 asseruntur
1370 2671 1555 2704 docenturque
1584 2669 1752 2696 demonstra-

976 2718 1061 2745 tiones
1075 2717 1218 2752 indagare?
1231 2716 1283 2744 Sed
1300 2717 1372 2744 enim
1395 2723 1481 2750 pauca
1500 2716 1556 2742 haec
1569 2715 1647 2750 quasi
1659 2714 1752 2748 prolu-

975 2763 1057 2791 sionis
1070 2769 1152 2790 causa
1167 2769 1217 2789 nec
1231 2762 1290 2790 sine
1314 2762 1430 2789 utilitate
1455 2761 1569 2796 praefati,
1586 2760 1619 2788 ad
1633 2760 1751 2795 primum

974 2807 1156 2836 accusationis
1169 2811 1251 2842 caput
1266 2807 1415 2844 _aliquando
1434 2807 1587 2838 redeamus,
1600 2811 1627 2833 et
1640 2806 1751 2840 quinam

975 2856 1072 2886 simus,
1091 2861 1191 2889 quasve
1213 2854 1297 2881 secuti
1325 2858 1401 2880 antea
1430 2853 1491 2880 vitaz
1509 2850 1637 2884 rationes,
1653 2851 1686 2878 iis
1705 2851 1751 2885 qui

974 2905 1119 2935 utrumque
1131 2907 1163 2934 ex
1177 2899 1255 2927 nobis
1265 2906 1385 2934 quaerere
1405 2899 1494 2926 solent
1504 2919 1512 2932 ,
1531 2897 1751 2932 respondemus.
