2064 3212
285 181 320 209 47
601 181 645 210 EU
651 181 736 209 SEBll
755 179 992 209 CESARIENSIS
1008 180 1057 208 ΟΡ]

1110 180 1197 208 PARS
1216 179 1248 207 ll.
1268 195 1303 200 —
1322 179 1571 208 APOLOGETICA.
1869 179 1904 206 48

282 236 339 266 Nos
352 238 432 274 igitur
445 243 472 266 et
483 246 581 274 genere
593 239 702 268 Gnecos
709 247 779 272 esse,
791 244 818 266 et
832 238 986 267 Graecorum
999 240 1057 266 olim

1120 239 1293 274 Ίουδαῖσμδς,
1308 238 1376 266 ἀλλά
1388 247 1430 270 τις
1447 239 1525 274 καινὴ
1540 238 1586 264 καὶ
1598 236 1700 273 ἀληθὴς
1718 235 1855 270 θεοσοερία,
1873 235 1905 268 ἐξ

268 283 431 313 sententias
444 292 588 320 moresque
607 286 762 320 complexos
783 285 878 321 fuisse,
888 293 960 312 nunc
972 291 1063 313 autem

282 337 316 358 ex
327 330 463 359 universis
485 331 652 364 nationibus,
679 337 807 366 tanquam
836 331 983 358 novissime
999 339 1064 358 con-

282 376 377 412 scripti
393 377 528 405 exercitus
557 378 673 405 selectos
695 377 865 412 eximiosque
884 377 983 404 milites
996 384 1063 404 con-

282 428 432 459 gregatosa
449 423 534 457 patria
563 423 756 458 superstitione
783 422 923 456 defecisse,
952 430 986 449 ne
1010 422 1063 457 ipsi

281 469 390 505 quidem
401 469 598 505 negaverimus.
617 468 749 497 Prmterea
770 469 859 500 nobis,
869 476 931 496 cum
953 468 1063 496 Iudaeo-

279 523 341 543 rum
367 512 470 543 litieras
496 515 687 550 approbemus,
713 515 913 550 maximamque
933 515 1063 543 doctrina!

279 565 381 589 nostra:
404 565 508 596 partem
531 568 564 589 ex
586 569 679 588 eorum
715 560 863 596 prophetiis
891 560 1061 595 colligamus,

279 615 333 634 non
343 607 411 635 idem
429 612 518 634 tamen
546 607 673 641 amplius,
701 614 755 641 quo
778 606 995 634 circumcisiouis
1013 606 1061 633 de-

278 651 401 680 fensores
417 657 540 685 utuntur,
548 652 609 679 vitae
623 659 708 687 genus
723 651 839 686 placere,
856 652 882 678 id
894 659 956 679 vero
965 657 1061 686 sponte

277 705 386 733 quoque
402 698 527 733 ultroque
548 697 692 725 fateamur.
717 696 794 724 Nunc
808 705 872 731 ergo
889 701 995 732 tempus
1019 702 1060 725 est

279 744 391 770 istorum
401 743 522 770 omnium
536 743 663 770 reddendi
674 743 816 770 rationem.
830 742 953 776 Quonam
969 747 1058 770 autem

1115 286 1200 321 αὐτῆς
1217 286 1267 320 τῆς
1283 286 1466 321 προσηγορίας
1482 286 1530 320 τὴν
1543 283 1716 319 καινοτομίαν
1734 282 1902 317 ἐπαγομένη.

1115 332 1182 367 Φέρε
1194 329 1240 358 οὖν
1252 331 1284 366 δὴ
1299 331 1406 367 πρῶτον
1416 331 1543 358 ἁπάντων
1559 329 1607 361 τὰς
1620 328 1802 359 παλαιοτάτας
1813 327 1860 354 καὶ
1870 326 1903 362 δὴ

1116 378 1163 404 καὶ
1175 377 1223 409 τὰς
1235 377 1364 414 πατρίους
1380 377 1458 412 ἡμῶν
1470 376 1558 403 αὐτῶν
1573 375 1722 409 θεολογίας,
1733 374 1802 401 κατὰ
1814 375 1903 400 πᾶσαν

1117 423 1193 450 πόλιν
1210 423 1293 449 εἰσέτι
1308 423 1354 450 καὶ
1363 423 1410 450 νῦν
1425 422 1643 459 τεθρυλλημὲνας
1658 420 1900 456 ἐπιθεωρήσωμεν,

1116 468 1164 500 τάς
1174 477 1202 506 τε
1218 477 1246 495 σε
1251 468 1377 504 μνὰςτῶν
1384 469 1514 502 γενναίων
1523 468 1672 502 φιλοσόφων
1688 466 1751 501 περί
1762 474 1790 492 τε
1800 465 1902 500 κόσμου

1117 513 1271 545 συστάσεως
1278 514 1324 540 καὶ
1333 523 1365 541 πε
1370 515 1395 550 pl.
1403 514 1471 541 θεῶν
1479 513 1672 550 διαλήψειςῖνα
1678 512 1785 547 γνῶμεν
1793 510 1848 538 εἴτε
1856 510 1902 537 καὶ

1114 559 1200 594 ὀρθῶς
1208 560 1311 595 ἀπέστη
1317 569 1364 595 μεν
1374 561 1473 592 αὐτῶν,
1481 560 1534 587 εἴτε
1545 560 1590 587 καὶ
1600 559 1729 595 μή.Θήσω
1740 559 1768 585 δὲ
1778 557 1903 593 οὺκὲμὰς

1114 605 1204 639 φωνὰς
1216 606 1245 632 ὲν
1256 607 1287 641 τῇ
1299 606 1351 632 τῶν
1364 606 1535 642 δηλουμένων
1550 607 1690 640 ὲκφάνσει,
1704 605 1758 631 ἀλλ’
1769 603 1858 631 αὐτῶν
1869 603 1902 639 δὴ

1112 651 1166 677 τῶν
1182 651 1298 686 μάλιστα
1308 651 1356 687 τὴν
1363 652 1427 688 περὶ
1440 652 1487 684 οὓς
1501 661 1565 687 φασι
1574 652 1660 684 θεοὺς,
1676 650 1813 677 εὐσέϐειαν
1823 658 1902 684 περι-

1113 697 1280 724 σπούδαστον
1293 699 1491 733 πεποιηκότων,
1503 698 1540 730 ὼς
1555 698 1587 724 ἂν
1595 699 1609 724 ὁ
1621 697 1698 732 λόγος
1707 696 1814 732 ἀπάσης
1825 694 1903 726 ἐκτὸς

1111 743 1161 778 τῆς
1178 744 1242 779 περὶ
1260 744 1306 770 τοῦ
1330 745 1494 771 πλάττεσθαι
1514 746 1588 780 ἡμᾶς
1601 743 1727 776 ὑπονοίας
1738 742 1902 778 κατασταίη.

276 791 331 819 alio
362 791 493 826 consequi
510 791 590 818 modo
619 791 776 825 poterimus,
805 795 833 818 ut
859 791 927 818 ritus
954 791 1056 825 patrios
1073 791 1135 825 jure
1169 799 1202 818 ac
1236 792 1334 818 merito
1355 792 1509 819 deseruisse
1533 791 1682 823 videamur,
1701 798 1781 826 quam
1799 790 1821 818 si
1842 789 1904 817 illos

276 837 352 872 ipsos
368 838 396 865 in
413 838 531 866 medium
552 838 753 873 producamus,
771 842 798 865 et
815 845 921 869 eorum,
939 838 984 872 qui
1008 838 1058 865 lios
1077 838 1104 864 in
1133 838 1218 865 libros
1235 838 1390 871 inciderint,
1411 839 1446 866 ob
1481 838 1574 866 oculos
1600 837 1754 873 ponamus?
1769 836 1814 864 Sic
1828 835 1902 863 enim

275 884 437 919 evangelica:
459 891 567 919 quoque
593 884 832 911 demonstrationis
848 884 889 911 vis
906 884 951 911 illa
967 884 1058 911 divina
1078 885 1179 912 clarius
1213 886 1356 917 eluccscet,
1373 886 1396 913 si
1411 886 1497 913 oculis
1517 893 1612 912 omnes
1636 891 1769 918 usurpare
1803 888 1902 918 potue-

275 931 341 964 rint,
364 939 480 966 quorum
505 931 612 958 tandem
634 935 661 959 et
691 931 843 967 eujusmodi
874 932 1007 959 malorum
1027 939 1059 959 ea
1096 933 1258 960 medicinam
1278 932 1392 960 feliciter
1416 933 1565 960 annuntiet.
1581 931 1640 965 Quo
1662 935 1739 966 pacto
1770 935 1900 965 preterea

275 985 325 1006 nos
349 985 516 1013 magnacum
531 978 637 1006 ratione
661 977 817 1006 Judaeorum
839 978 944 1006 litteras
979 984 1140 1013 persecutos
1164 987 1224 1007 esse
1256 981 1401 1011 constabit.
1436 981 1488 1007 nisi
1509 988 1601 1007 earum
1628 979 1709 1006 etiam
1739 978 1793 1006 vim
1817 982 1902 1012 atque

274 1026 463 1054 auctoritatem
482 1027 677 1054 ostendamus?
706 1026 764 1054 Jam
784 1034 849 1054 vero
869 1027 1028 1062 praeclarum
1059 1027 1138 1054 simul
1164 1027 1254 1061 fuerit,
1271 1036 1353 1063 quam
1386 1028 1420 1055 ob
1438 1035 1549 1055 causam
1583 1027 1629 1062 qui
1656 1026 1775 1061 ipsorum
1805 1032 1902 1052 monu-

274 1078 366 1101 menta
379 1074 603 1109 complectamur,
619 1074 736 1101 similem
769 1079 859 1101 tamen
876 1075 939 1101 vitae
974 1076 1198 1103 consuetudinem
1230 1077 1414 1111 repudiemus,
1430 1075 1588 1108 ostendere;
1622 1074 1655 1101 ad
1671 1078 1821 1101 extremum
1840 1080 1901 1107 qua

273 1125 366 1150 nostra
396 1122 432 1149 sit
459 1122 621 1157 evangelica:
648 1122 779 1149 doctrinae
804 1122 885 1153 ratio,
903 1123 964 1157 quis
994 1123 1057 1151 item
1093 1124 1201 1158 proprie
1231 1123 1457 1150 Cliristianismus
1476 1123 1642 1154 nominetur,
1665 1122 1763 1155 quippe
1779 1120 1824 1155 qui
1850 1128 1900 1147 ne-

273 1177 325 1204 que
341 1169 496 1198 Graecorum
514 1169 558 1201 sit,
574 1177 660 1204 neque
679 1169 835 1197 Judmorum
854 1170 1020 1204 institutum,
1042 1171 1087 1199 sed
1110 1179 1203 1199 recens
1216 1171 1343 1206 quaedam
1358 1179 1474 1206 veraque
1490 1170 1534 1198 Dei
1554 1170 1696 1205 sapientia,
1710 1177 1770 1204 quae
1785 1169 1826 1195 vel
1842 1169 1901 1203 ipso

272 1218 383 1245 nomine
405 1217 581 1250 professionis
598 1225 654 1244 sum
684 1218 830 1245 novitatem
855 1226 910 1253 [πω
923 1226 952 1245 se
978 1219 1056 1246 ferat.
1077 1219 1132 1254 Age
1152 1219 1259 1254 itaque,
1289 1220 1487 1247 vetustissimas
1507 1219 1629 1253 adeoque
1648 1218 1708 1245 illas
1731 1218 1813 1252 ipsas,
1830 1225 1900 1252 quas

273 1272 289 1292 ι
316 1265 467 1299 majoribus
494 1265 649 1299 accepimus
663 1265 696 1292 de
712 1265 824 1292 deorum
851 1270 946 1292 natura
971 1266 1129 1299 sententias,
1152 1274 1266 1301 quaeque
1286 1266 1312 1292 in
1345 1265 1471 1293 omnibus
1499 1266 1600 1300 passim
1619 1266 1732 1293 urbibus
1750 1267 1899 1293 etiamnum

271 1311 368 1347 jactari
376 1312 463 1339 solent
472 1320 478 1344 ;
488 1320 594 1347 unaque
603 1320 745 1348 pcrgraves
753 1313 811 1341 illas
819 1315 988 1348 egregiorum
1006 1315 1240 1349 philosophorum,
1259 1313 1292 1340 de
1301 1314 1393 1341 mundi
1412 1322 1444 1341 ac
1455 1314 1566 1341 deorum
1588 1315 1708 1348 ipsorum
1718 1314 1832 1349 origine,
1841 1314 1899 1340 dis-

272 1359 425 1394 putationes
438 1362 500 1385 ante
523 1358 614 1385 omnia
624 1359 838 1393 contemplemur
854 1369 859 1386 :
875 1360 915 1387 sic
933 1360 1005 1387 enim
1023 1361 1214 1396 intelligemus,
1230 1360 1327 1394 jurenc
1356 1367 1390 1386 an
1417 1367 1496 1387 secus
1523 1360 1558 1386 ab
1584 1360 1679 1386 iisdem
1696 1360 1898 1387 recesserimus.

274 1406 325 1441 17
335 1405 428 1432 Verbis
438 1409 539 1439 autem,
551 1405 577 1432 in
589 1405 623 1432 iis
634 1414 694 1440 qua),
710 1407 758 1434 abs
779 1415 821 1434 me
844 1408 990 1442 prodentur
1009 1413 1090 1443 atque
1101 1408 1294 1443 vulgabuntur,
1318 1415 1372 1435 non
1390 1408 1459 1434 meis
1475 1412 1545 1439 utar,
1564 1408 1611 1435 sed
1631 1408 1750 1440 illorum,
1768 1407 1812 1441 qui
1829 1415 1900 1442 quos

273 1452 324 1486 ipsi
339 1451 404 1479 deos
417 1457 525 1485 vorant,
549 1460 644 1480 eorum
662 1453 763 1481 cultum
780 1455 910 1490 singulari
935 1463 966 1483 ac
984 1458 1118 1491 praecipua
1135 1456 1307 1483 contentione
1336 1455 1480 1490 studioque
1506 1455 1693 1489 defenderunt,
1718 1461 1747 1483 ut
1771 1455 1805 1482 ab
1824 1455 1898 1482 omni

272 1497 389 1533 fingendi
407 1497 644 1532 calumniandique
661 1499 816 1533 suspicione
831 1505 924 1527 nostra
945 1501 1000 1528 hazc
1015 1500 1163 1536 disputatio
1181 1500 1344 1528 vindicetur.

574 1545 688 1573 CAPUT
709 1546 751 1573 Vl.

291 1603 329 1630 De
343 1603 459 1637 principe
474 1602 626 1629 Phoenicum
640 1601 880 1637 [Egyptiorumque
900 1603 1039 1637 theologia.

306 1658 451 1686 Phoenices
463 1658 571 1692 quidem
588 1662 614 1684 et
627 1657 769 1692 Egyplios
783 1658 905 1684 omnium
923 1658 1060 1692 principes

272 1706 334 1739 soli,
352 1705 422 1732 lunae
435 1712 467 1731 ac
479 1704 564 1730 stellis
578 1703 745 1730 divinitatem
767 1704 905 1736 tribuisse,
919 1705 1059 1740 vulgatum

272 1758 330 1785 est;
347 1752 434 1786 iisque
454 1750 520 1778 solis
542 1758 633 1777 rerum
654 1750 776 1777 omnium
789 1754 865 1778 ortus
880 1751 1060 1786 interitusque

272 1805 382 1826 causam
398 1796 566 1831 assignasse;
583 1796 680 1823 deinde
693 1804 757 1823 vero
770 1804 832 1831 quae
843 1797 944 1831 passim
960 1802 986 1824 et
998 1797 1059 1824 ubi-

272 1852 325 1879 que
346 1845 482 1878 jactantur
501 1843 615 1870 deorum
640 1847 695 1869 tam
725 1843 879 1870 molitiones
895 1851 976 1878 quam
993 1851 1057 1877 pro-

272 1890 425 1918 creaticnes
442 1890 469 1916 in
489 1888 629 1916 hominum
657 1895 742 1924 genus
771 1889 905 1916 invexisse
926 1897 933 1916 :
962 1889 1057 1916 saltem

272 1942 334 1964 ante
349 1936 419 1969 illos,
433 1943 515 1970 supra
530 1943 574 1962 res
589 1942 636 1963 eas
657 1943 718 1968 quae
735 1935 760 1962 in
776 1935 846 1962 caelo
859 1935 943 1962 videri
958 1935 1057 1968 solent,

257 2003 260 2007 .
272 1982 448 2018 intelligentia
459 1982 500 2009 vel
509 1982 644 2010 tantillum
652 1989 825 2017 progressum
834 1989 894 2008 esse
905 1982 1056 2015 neminem;

270 2029 295 2056 ai
309 2034 398 2056 tamen
413 2036 515 2063 paucos
532 2028 636 2063 aliquot
645 2029 776 2063 excipias,
790 2036 906 2063 quorum
919 2029 990 2063 apud
1004 2028 1055 2056 He-

271 2075 358 2102 braeos
375 2074 509 2102 memoria
521 2074 683 2106 celebratur,
699 2075 745 2109 qui
760 2079 845 2102 totum
862 2074 888 2101 id
903 2075 977 2109 quod
996 2075 1057 2102 visu

272 2119 429 2155 percipitur,
450 2118 530 2153 longe
555 2119 702 2153 purissimo
715 2118 813 2145 mentis
835 2118 915 2145 oculo
926 2126 1058 2152 superan-

270 2169 323 2196 tes,
351 2166 440 2200 ipsum
465 2165 559 2191 mundi
576 2163 746 2196 Etl‘cetorem,
763 2171 795 2191 ac
820 2171 909 2191 rerum
935 2165 1056 2191 omnium

271 2209 425 2237 molitorem
439 2216 532 2236 sancte
542 2209 639 2244 pieque
650 2208 809 2241 coluerunt;
825 2216 887 2236 cum
902 2213 1005 2236 tantam
1021 2210 1056 2236 il-

1373 1546 1570 1574 ΚΕΦΔΛΛΙΟΝ
1585 1547 1630 1580 qv.

1111 1604 1179 1639 Περὶ
1196 1603 1342 1631 Φοινίκων
1355 1604 1402 1630 καὶ
1418 1604 1586 1639 Αἰγυπτίων
1603 1604 1758 1638 θεολογίας
1770 1603 1887 1638 πρώτης

1144 1661 1273 1693 Φοίνικας
1285 1660 1428 1696 τοιγαροῦν
1441 1661 1488 1687 καὶ
1499 1660 1662 1695 Αἰγυπτίους
1675 1659 1798 1696 πρώτους
1810 1660 1894 1688 ἁπάνσ

1110 1715 1164 1733 των
1184 1707 1293 1742 κατέχει
1311 1706 1399 1741 λόγος,
1416 1706 1490 1741 ἦλιον
1511 1707 1558 1733 κα)¹
1581 1706 1696 1742 σελήνην
1718 1707 1765 1732 καὶ
1781 1706 1896 1742 ἀστέρας

1111 1752 1187 1784 θεοὺς
1200 1753 1348 1788 ἀποφῆναι,
1364 1753 1460 1788 μόνους
1473 1761 1503 1779 τε
1522 1751 1592 1779 εἶναι
1605 1753 1654 1788 τῆς
1667 1752 1720 1779 τῶν
1733 1752 1801 1779 ὅλων
1822 1752 1893 1786 γενέ-

1111 1798 1178 1830 σεώς
1197 1807 1227 1825 τε
1243 1799 1290 1825 καὶ
1308 1799 1410 1834 φθορᾶς
1430 1798 1549 1830 αἰτίους·
1569 1796 1628 1825 εἶτα
1646 1798 1735 1830 δὲτὰς
1749 1798 1824 1833 παρὰ
1841 1799 1896 1831 τοῖς

1110 1846 1177 1872 πᾶσι
1200 1845 1338 1880 βοωμένας
1354 1844 1490 1876 θεοποιίας
1513 1853 1542 1871 τε
1559 1845 1605 1871 καὶ
1625 1844 1762 1878 Θεογονίας
1788 1845 1894 1879 εἰσηγή-

1110 1891 1207 1918 σασθαι
1220 1891 1258 1926 τῷ
1271 1891 1330 1926 βίῳ³
1345 1891 1398 1926 πρὸ
1410 1891 1437 1918 δέ
1450 1899 1481 1925 γε
1494 1891 1594 1918 τούτων
1608 1891 1708 1926 μηδένα
1723 1890 1804 1925 μηδὲν
1818 1889 1896 1916 πλέον

1108 1936 1162 1963 τῶν
1181 1936 1241 1963 κατ’
1255 1936 1368 1972 οὐρανὸν
1387 1935 1556 1972 φαινομένων
1573 1936 1682 1968 εἰδέναι,
1702 1935 1798 1970 ὀλίγων
1819 1935 1895 1968 ὲκτὸς

1109 1981 1212 2018 ἀνδρῶν
1226 1981 1279 2008 τῶν
1294 1983 1357 2017 παρ’
1376 1982 1512 2018 Ἑϐραίοις
1531 1981 1785 2018 μνημονευομένων,
1799 1981 1824 2007 οἳ
1837 1981 1893 2008 δια-

1108 2029 1181 2060 νοίας
1203 2028 1406 2064 καθαρωτάτοις
1419 2029 1524 2064 ὄμμασι
1543 2029 1596 2055 πᾶν
1616 2027 1647 2054 τὸ
1660 2027 1796 2063 ὁρώμενον
1811 2028 1893 2063 ὑπερ-

1108 2074 1252 2110 κύψαντες,
1274 2074 1319 2101 τὸν
1335 2075 1497 2110 κοσμοποιὸν
1515 2075 1563 2101 καὶ
1579 2074 1625 2101 τὸν
1645 2074 1712 2101 ὅλων
1733 2074 1897 2109 δημιουργὸν

1109 2119 1306 2154 ἐσεϐάσθησαν,
1321 2119 1580 2155 ὑπερθαυμάσαντες
1598 2119 1648 2154 τῆς
1662 2118 1795 2154 τοσαύτης
1815 2119 1897 2146 αὑτδν

1109 2166 1204 2201 σοφίας
1216 2174 1245 2191 τε
1257 2166 1303 2192 καὶ
1315 2165 1463 2200 δυνάμεως,
1471 2165 1504 2200 ἢν
1517 2166 1548 2192 ὲκ
1561 2165 1615 2191 τῶν
1627 2165 1714 2201 ἔργων
1728 2165 1897 2199 ὲφαντάσθη-

1109 2219 1169 2242 σαν,
1183 2211 1230 2237 καὶ
1247 2210 1326 2245 μόνον
1340 2208 1408 2236 εἶναι
1422 2210 1487 2237 Θεὸν
1501 2210 1667 2242 πεισθέντες,
1690 2210 1770 2246 μόνον
1783 2211 1896 2243 εἰκότως

271 2256 324 2284 lius
341 2255 501 2290 sapientiam
519 2259 600 2290 atque
622 2259 796 2289 potestatem,
813 2263 896 2290 quam
919 2259 1057 2290 utcunque

1110 2255 1297 2291 ὲθεολόγησαν,
1314 2256 1363 2291 τὴν
1383 2255 1469 2291 ἀληθῆ
1485 2256 1532 2282 καὶ
1549 2255 1670 2291 πρώτην,
1686 2257 1732 2283 καὶ
1747 2257 1830 2292 μόνην
1847 2258 1894 2283 εὐ-

270 2301 324 2329 sibi
350 2309 381 2328 ex
404 2300 531 2336 operibus
547 2300 613 2334 ipsis
638 2300 730 2328 animo
746 2305 772 2328 et
791 2301 954 2336 cogitatione
970 2301 1054 2336 tinge-

270 2347 347 2380 bant,
366 2345 498 2382 singulari
514 2347 632 2381 quadam
656 2346 834 2375 admiratione
857 2354 1053 2382 prosequeren-

270 2398 334 2421 tur:
348 2399 466 2428 cumque
477 2400 562 2419 unum
574 2392 650 2419 illum
662 2391 745 2419 Deum
759 2391 842 2420 semel
853 2399 913 2419 esse
924 2391 1055 2419 credidis-

270 2442 341 2471 ιθιιι,
355 2439 483 2467 eumdem
499 2446 608 2473 quoque
621 2438 705 2465 Deum
719 2446 815 2470 unum,
832 2443 861 2466 ut
875 2446 923 2473 par
935 2442 1003 2471 erat,
1017 2437 1055 2465 ita

269 2484 470 2520 pradicarunt,
495 2488 525 2511 ut
547 2491 640 2512 veram
665 2483 737 2511 illam
756 2491 788 2511 ac
807 2483 956 2519 principem
977 2491 1055 2511 eam—

269 2530 385 2565 demque
409 2530 495 2558 solam
510 2530 647 2566 pietatem,
667 2537 748 2565 quam
768 2537 783 2556 a
804 2530 961 2564 parentibus
976 2537 1055 2557 acce-

271 2579 378 2610 perant,
395 2576 515 2602 studiose
527 2575 604 2603 liberi
620 2576 777 2603 retinerent.
793 2575 828 2602 At
842 2575 946 2610 reliqua
965 2576 1054 2603 homi-

269 2628 335 2647 num
356 2619 500 2647 multitudo
512 2627 573 2647 cum
596 2620 631 2647 ab
647 2621 706 2655 ejus
721 2620 802 2648 unius
818 2620 930 2648 veritate
948 2621 1056 2655 pietatis

270 2665 426 2698 excidisset,
448 2665 482 2692 ad
495 2665 556 2693 cteli
576 2671 724 2699 astrorum,
739 2673 800 2701 quae
814 2666 951 2700 corporeis
967 2666 1055 2694 oculis

271 2711 438 2743 intuebatur,
452 2711 623 2745 splendorem
638 2712 734 2746 puerili
747 2716 836 2739 mente
848 2711 1054 2746 obstupescens,

269 2758 315 2785 i!la
331 2758 398 2785 deos
409 2765 469 2784 esse
487 2758 681 2792 pronuntiavit,
697 2758 846 2792 iisdemque
859 2758 1056 2785 sacriﬁciorum

268 2809 295 2830 et
311 2803 477 2831 adorationis
496 2803 598 2830 cultum
617 2803 753 2838 adhibuit;
780 2805 820 2831 sic
844 2809 944 2836 tamen,
962 2809 1057 2832 utnec

269 2851 336 2883 ipsis
353 2850 451 2885 templa
468 2855 649 2882 construeret,
667 2858 716 2878 nec
737 2858 832 2877 eorum
856 2855 959 2878 statuas
975 2855 1056 2886 atque

271 2895 417 2923 simulacra
431 2895 572 2923 mortalem
585 2895 667 2922 ullam
680 2897 707 2923 in
723 2896 839 2930 speciem
851 2895 996 2931 eliingeret,
1009 2897 1055 2924 sed

1108 2301 1215 2328 σέϐειαν
1237 2303 1302 2334 παῖς
1324 2301 1400 2337 παρὰ
1420 2302 1521 2337 πατρὸς
1533 2302 1716 2339 διαδεξάμενοι
1737 2305 1785 2330 καὶ
1811 2305 1895 2338 φυλά-

1106 2347 1210 2381 ξαντες.
1225 2348 1259 2374 Οἵ
1270 2356 1301 2382 γε
1325 2348 1378 2383 μὴν
1397 2348 1483 2375 λοιποὶ
1505 2348 1559 2375 τῶν
1573 2348 1722 2384 ἀνθρώπων
1744 2350 1823 2385 τῆσδε
1842 2350 1893 2385 τῆς

1108 2393 1191 2428 μόνης
1204 2393 1251 2420 καὶ
1269 2393 1384 2428 ἀληθοῦς
1398 2393 1581 2425 ἁποπεσόντες
1594 2394 1745 2426 εὐσεὸείας,
1766 2394 1802 2420 τὰ
1819 2402 1894 2428 φωσ-

1107 2439 1178 2475 φόρα
1199 2438 1254 2465 τῶν
1270 2439 1412 2476 οὐρανίων,
1434 2440 1534 2475 σαρκὸς
1557 2439 1714 2475 ὀφθαλμοῖς,
1737 2436 1782 2466 οἷα
1801 2440 1893 2475 νήπιοι

1106 2483 1155 2516 τὰς
1168 2483 1255 2519 ψυχὰς
1271 2484 1500 2519 καταπλαγέντες,
1514 2484 1592 2517 θεούς
1610 2493 1639 2511 τε
1654 2485 1771 2516 ἀνεῖπον,
1786 2485 1832 2511 καὶ
1847 2484 1894 2512 θυ-

1107 2529 1177 2560 σίαις
1197 2529 1242 2555 καὶ
1257 2529 1474 2565 προσκυνήσεσιν
1492 2528 1646 2564 ἐγέραιρον·
1668 2528 1697 2554 οὺ
1713 2526 1780 2559 νεὼς
1797 2527 1892 2563 δειμά-

1109 2583 1193 2610 μενοι.
1211 2574 1264 2601 οὐδ’
1281 2574 1447 2610 ἀφιδρύμασι
1469 2575 1516 2601 καὶ
1537 2573 1639 2606 ξοάνοις
1663 2572 1767 2608 θνητῶν
1784 2572 1891 2605 είκόνας

1107 2620 1291 2656 πλασάμενοι·
1308 2621 1375 2656 πρὸς
1390 2621 1485 2656 αἰθέρα
1498 2620 1525 2646 δὲ
1540 2620 1586 2646 καὶ
1599 2618 1678 2645 αὑτὸν
1695 2618 1809 2654 οὐρανὸν
1825 2619 1894 2645 ἀπο-

1107 2666 1261 2698 ϐλέποντες,
1279 2667 1326 2693 καὶ
1342 2666 1421 2702 μέχρι
1442 2666 1495 2692 τῶν
1511 2665 1574 2700 τῇδε
1599 2665 1744 2700 ὁρωμένων
1760 2665 1820 2696 ταῖς
1838 2663 1891 2699 ψυ-

1107 2714 1167 2748 χαῖς
1187 2712 1385 2748 ἐφικνούμενοι.
1408 2711 1474 2738 Ἀλλ’
1486 2711 1516 2737 οὺ
1530 2711 1592 2746 τῇδε
1612 2711 1666 2746 ἄρα
1684 2711 1730 2737 καὶ
1743 2712 1798 2743 τοῖς
1813 2710 1892 2746 μετέ-

1107 2768 1187 2786 πειτα
1201 2759 1352 2795 ἀνθρώποις
1361 2759 1395 2786 τὰ
1408 2759 1457 2794 τῆς
1467 2757 1595 2784 πολυθέτλυ
1610 2758 1713 2792 πλάνης
1722 2757 1890 2792 περιίστατο,

1107 2805 1250 2832 ἐλαύνοντα
1263 2805 1290 2832 δὲ
1302 2806 1342 2836 είς
1357 2804 1434 2840 βυθὸν
1449 2803 1550 2836 κακῶν,
1568 2804 1677 2839 μείζονα
1688 2804 1735 2838 τῆς
1748 2803 1891 2838 ἀθεότητος

1107 2851 1155 2886 τὴν
1172 2851 1329 2878 δυσσέϐειαν
1346 2851 1543 2887 ἀπειργάζετο,
1566 2851 1705 2881 Φοινίκων,
1728 2849 1786 2876 εἶτα
1809 2849 1891 2882 Αἰγυ-

1108 2896 1193 2923 τπίων
1217 2897 1416 2931 ἀπαρξαμένων
1448 2897 1498 2930 τῆς
1524 2896 1643 2928 πλάνης·
1671 2896 1734 2926 παρ’
1758 2891 1796 2921 ὧν
1823 2901 1889 2924 φασι
