  <div class='ocr_page' id='page_1' title='image "/cluster/home/n/w/nwhite01/storage/ocr_20150623/21/njp.32101077772489/030.png"; bbox 0 0 2064 3212; ppageno 0'>
   <div class='ocr_carea' id='block_1_1' title="bbox 166 185 945 224">
    <p class='ocr_par' dir='ltr' id='par_1_1' title="bbox 166 185 925 217">
     <span class='ocr_line' id='line_1_1' title="bbox 166 185 925 217; baseline 0 -1"><span class='ocrx_word' id='word_1_1' title='bbox 166 185 203 216; x_wconf 66' lang='grc' dir='ltr'>ιθ</span> <span class='ocrx_word' id='word_1_2' title='bbox 765 188 914 216; x_wconf 69' lang='lat' dir='ltr'><strong>PRALPAR</strong></span> <span class='ocrx_word' id='word_1_3' title='bbox 919 210 925 217; x_wconf 90' lang='lat'><strong>.</strong></span> 
     </span>
    </p>
   </div>
   <div class='ocr_carea' id='block_1_2' title="bbox 994 185 1780 224">
    <p class='ocr_par' dir='ltr' id='par_1_2' title="bbox 994 191 1780 224">
     <span class='ocr_line' id='line_1_2' title="bbox 994 191 1780 224; baseline 0.008 -6"><span class='ocrx_word' id='word_1_4' title='bbox 994 191 1072 219; x_wconf 75' lang='lat' dir='ltr'><strong>ANG.</strong></span> <span class='ocrx_word' id='word_1_5' title='bbox 1094 192 1157 220; x_wconf 86' lang='lat' dir='ltr'><strong>LIB.</strong></span> <span class='ocrx_word' id='word_1_6' title='bbox 1180 192 1198 220; x_wconf 93' lang='grc' dir='ltr'><strong>Ι.</strong></span> <span class='ocrx_word' id='word_1_7' title='bbox 1746 195 1780 224; x_wconf 81' lang='lat'><strong>50</strong></span> 
     </span>
    </p>
   </div>
   <div class='ocr_carea' id='block_1_3' title="bbox 166 243 945 286">
    <p class='ocr_par' dir='ltr' id='par_1_3' title="bbox 166 243 945 282">
     <span class='ocr_line' id='line_1_3' title="bbox 166 243 945 282; baseline 0.004 -12"><span class='ocrx_word' id='word_1_8' title='bbox 166 244 274 280; x_wconf 68' lang='grc' dir='ltr'>πρᾶκον</span> <span class='ocrx_word' id='word_1_9' title='bbox 290 243 391 279; x_wconf 74' lang='grc' dir='ltr'>Ὀρφέα</span> <span class='ocrx_word' id='word_1_10' title='bbox 403 243 450 271; x_wconf 80' lang='grc' dir='ltr'><strong>τὸν</strong></span> <span class='ocrx_word' id='word_1_11' title='bbox 469 244 584 280; x_wconf 79' lang='grc' dir='ltr'>’Υάγρου</span> <span class='ocrx_word' id='word_1_12' title='bbox 598 244 652 280; x_wconf 83' lang='grc'><strong>(11)</strong></span> <span class='ocrx_word' id='word_1_13' title='bbox 667 246 905 282; x_wconf 76' lang='grc' dir='ltr'>μεταστησάμενον</span> <span class='ocrx_word' id='word_1_14' title='bbox 915 247 945 273; x_wconf 69' lang='grc' dir='ltr'>τά</span> 
     </span>
    </p>
   </div>
   <div class='ocr_carea' id='block_1_4' title="bbox 994 243 1780 286">
    <p class='ocr_par' dir='ltr' id='par_1_4' title="bbox 998 249 1780 286">
     <span class='ocr_line' id='line_1_4' title="bbox 998 249 1780 286; baseline 0.004 -10"><span class='ocrx_word' id='word_1_15' title='bbox 998 254 1136 284; x_wconf 75' lang='lat' dir='ltr'><strong>aspectum</strong></span> <span class='ocrx_word' id='word_1_16' title='bbox 1159 251 1185 277; x_wconf 93' lang='lat' dir='ltr'><strong>in</strong></span> <span class='ocrx_word' id='word_1_17' title='bbox 1199 249 1296 277; x_wconf 81' lang='lat' dir='ltr'><strong>tethera</strong></span> <span class='ocrx_word' id='word_1_18' title='bbox 1309 250 1462 286; x_wconf 62' lang='lat' dir='ltr'><strong>crelumque</strong></span> <span class='ocrx_word' id='word_1_19' title='bbox 1478 251 1568 286; x_wconf 87' lang='lat' dir='ltr'><strong>ipsum</strong></span> <span class='ocrx_word' id='word_1_20' title='bbox 1583 251 1694 279; x_wconf 80' lang='lat' dir='ltr'><strong>omnino</strong></span> <span class='ocrx_word' id='word_1_21' title='bbox 1713 251 1780 279; x_wconf 60' lang='lat' dir='ltr'><strong>dell-</strong></span> 
     </span>
    </p>
   </div>
   <div class='ocr_carea' id='block_1_5' title="bbox 166 289 947 328">
    <p class='ocr_par' dir='ltr' id='par_1_5' title="bbox 166 289 947 328">
     <span class='ocr_line' id='line_1_5' title="bbox 166 289 947 328; baseline 0.005 -13"><span class='ocrx_word' id='word_1_22' title='bbox 166 290 230 325; x_wconf 80' lang='grc' dir='ltr'>παρ’</span> <span class='ocrx_word' id='word_1_23' title='bbox 266 289 441 324; x_wconf 74' lang='grc' dir='ltr'><strong>Αἰγυπτίοις,</strong></span> <span class='ocrx_word' id='word_1_24' title='bbox 471 290 582 325; x_wconf 83' lang='grc' dir='ltr'>Ἕλλησι</span> <span class='ocrx_word' id='word_1_25' title='bbox 611 290 767 326; x_wconf 79' lang='grc' dir='ltr'>μεταδοῦναι</span> <span class='ocrx_word' id='word_1_26' title='bbox 796 293 947 328; x_wconf 69' lang='grc' dir='ltr'>μυστήρια,</span> 
     </span>
    </p>
   </div>
   <div class='ocr_carea' id='block_1_6' title="bbox 164 334 949 373">
    <p class='ocr_par' dir='ltr' id='par_1_6' title="bbox 164 334 949 373">
     <span class='ocr_line' id='line_1_6' title="bbox 164 334 949 373; baseline 0.005 -12"><span class='ocrx_word' id='word_1_27' title='bbox 164 334 308 371; x_wconf 82' lang='grc' dir='ltr'>ὡσπεροῦν</span> <span class='ocrx_word' id='word_1_28' title='bbox 322 336 368 362; x_wconf 83' lang='grc' dir='ltr'>καὶ</span> <span class='ocrx_word' id='word_1_29' title='bbox 392 336 502 372; x_wconf 83' lang='grc' dir='ltr'><strong>Κάδμον</strong></span> <span class='ocrx_word' id='word_1_30' title='bbox 515 337 548 363; x_wconf 84' lang='grc' dir='ltr'><strong>τὰ</strong></span> <span class='ocrx_word' id='word_1_31' title='bbox 560 337 698 364; x_wconf 77' lang='grc' dir='ltr'><strong>Φοινικικὰ</strong></span> <span class='ocrx_word' id='word_1_32' title='bbox 710 339 765 369; x_wconf 82' lang='grc' dir='ltr'>τοῖς</span> <span class='ocrx_word' id='word_1_33' title='bbox 776 339 867 370; x_wconf 79' lang='grc' dir='ltr'>αὐτοῖς</span> <span class='ocrx_word' id='word_1_34' title='bbox 879 339 949 373; x_wconf 79' lang='grc' dir='ltr'>ἀγα-</span> 
     </span>
    </p>
   </div>
   <div class='ocr_carea' id='block_1_7' title="bbox 162 381 949 420">
    <p class='ocr_par' dir='ltr' id='par_1_7' title="bbox 162 381 949 420">
     <span class='ocr_line' id='line_1_7' title="bbox 162 381 949 420; baseline 0.005 -13"><span class='ocrx_word' id='word_1_35' title='bbox 162 383 222 416; x_wconf 84' lang='grc' dir='ltr'>γεῖν</span> <span class='ocrx_word' id='word_1_36' title='bbox 238 381 308 416; x_wconf 83' lang='grc' dir='ltr'><strong>μετά</strong></span> <span class='ocrx_word' id='word_1_37' title='bbox 319 381 366 408; x_wconf 78' lang='grc' dir='ltr'>καὶ</span> <span class='ocrx_word' id='word_1_38' title='bbox 378 381 429 416; x_wconf 83' lang='grc' dir='ltr'>τῆς</span> <span class='ocrx_word' id='word_1_39' title='bbox 442 383 495 409; x_wconf 86' lang='grc' dir='ltr'>τῶν</span> <span class='ocrx_word' id='word_1_40' title='bbox 514 383 684 418; x_wconf 85' lang='grc' dir='ltr'>γραμμάτων</span> <span class='ocrx_word' id='word_1_41' title='bbox 700 384 841 420; x_wconf 81' lang='grc' dir='ltr'>μαθήσεως</span> <span class='ocrx_word' id='word_1_42' title='bbox 852 393 859 400; x_wconf 87' lang='grc'><strong>·</strong></span> <span class='ocrx_word' id='word_1_43' title='bbox 873 384 949 412; x_wconf 81' lang='grc' dir='ltr'>οὓπω</span> 
     </span>
    </p>
   </div>
   <div class='ocr_carea' id='block_1_8' title="bbox 161 427 948 466">
    <p class='ocr_par' dir='ltr' id='par_1_8' title="bbox 161 427 948 466">
     <span class='ocr_line' id='line_1_8' title="bbox 161 427 948 466; baseline 0.006 -13"><span class='ocrx_word' id='word_1_44' title='bbox 161 427 218 463; x_wconf 79' lang='grc' dir='ltr'><strong>γὰρ</strong></span> <span class='ocrx_word' id='word_1_45' title='bbox 237 428 320 454; x_wconf 70' lang='grc' dir='ltr'>εἰσέτι</span> <span class='ocrx_word' id='word_1_46' title='bbox 335 428 398 459; x_wconf 84' lang='grc' dir='ltr'>τοὺς</span> <span class='ocrx_word' id='word_1_47' title='bbox 413 428 543 464; x_wconf 84' lang='grc' dir='ltr'>’Έλληνας</span> <span class='ocrx_word' id='word_1_48' title='bbox 561 429 621 455; x_wconf 85' lang='grc' dir='ltr'>τότε</span> <span class='ocrx_word' id='word_1_49' title='bbox 641 430 691 465; x_wconf 85' lang='grc' dir='ltr'>τὴν</span> <span class='ocrx_word' id='word_1_50' title='bbox 708 429 762 456; x_wconf 83' lang='grc' dir='ltr'><strong>τῶν</strong></span> <span class='ocrx_word' id='word_1_51' title='bbox 778 431 948 466; x_wconf 74' lang='grc' dir='ltr'><strong>γραμμάτων</strong></span> 
     </span>
    </p>
   </div>
   <div class='ocr_carea' id='block_1_9' title="bbox 161 473 948 512">
    <p class='ocr_par' dir='ltr' id='par_1_9' title="bbox 161 473 948 512">
     <span class='ocr_line' id='line_1_9' title="bbox 161 473 948 512; baseline 0.005 -13"><span class='ocrx_word' id='word_1_52' title='bbox 161 473 263 509; x_wconf 78' lang='grc' dir='ltr'>χρῆσιν</span> <span class='ocrx_word' id='word_1_53' title='bbox 276 473 384 500; x_wconf 74' lang='grc' dir='ltr'>εἰδέναι.</span> <span class='ocrx_word' id='word_1_54' title='bbox 399 473 499 509; x_wconf 85' lang='grc' dir='ltr'>Πρῶτα</span> <span class='ocrx_word' id='word_1_55' title='bbox 510 474 597 500; x_wconf 82' lang='grc' dir='ltr'><strong>τοίνυν</strong></span> <span class='ocrx_word' id='word_1_56' title='bbox 612 475 766 510; x_wconf 73' lang='grc' dir='ltr'>σκεψόμεθα</span> <span class='ocrx_word' id='word_1_57' title='bbox 782 475 816 502; x_wconf 84' lang='grc' dir='ltr'><strong>τὰ</strong></span> <span class='ocrx_word' id='word_1_58' title='bbox 829 476 878 512; x_wconf 80' lang='grc' dir='ltr'>τῆς</span> <span class='ocrx_word' id='word_1_59' title='bbox 903 484 948 502; x_wconf 81' lang='grc' dir='ltr'>κο-</span> 
     </span>
    </p>
   </div>
   <div class='ocr_carea' id='block_1_10' title="bbox 167 519 947 558">
    <p class='ocr_par' dir='ltr' id='par_1_10' title="bbox 167 519 947 558">
     <span class='ocr_line' id='line_1_10' title="bbox 167 519 947 558; baseline 0.004 -12"><span class='ocrx_word' id='word_1_60' title='bbox 167 519 316 554; x_wconf 83' lang='grc' dir='ltr'>σμογονίας</span> <span class='ocrx_word' id='word_1_61' title='bbox 331 519 380 554; x_wconf 80' lang='grc' dir='ltr'>τῆς</span> <span class='ocrx_word' id='word_1_62' title='bbox 394 519 515 555; x_wconf 84' lang='grc' dir='ltr'><strong>πρώτης,</strong></span> <span class='ocrx_word' id='word_1_63' title='bbox 540 520 614 552; x_wconf 74' lang='grc' dir='ltr'>ὅπως</span> <span class='ocrx_word' id='word_1_64' title='bbox 633 522 656 547; x_wconf 83' lang='grc' dir='ltr'>οἱ</span> <span class='ocrx_word' id='word_1_65' title='bbox 678 521 834 557; x_wconf 83' lang='grc' dir='ltr'>δηλούμενοι</span> <span class='ocrx_word' id='word_1_66' title='bbox 849 522 947 558; x_wconf 86' lang='grc' dir='ltr'>διειλή-</span> 
     </span>
    </p>
   </div>
   <div class='ocr_carea' id='block_1_11' title="bbox 162 564 947 604">
    <p class='ocr_par' dir='ltr' id='par_1_11' title="bbox 162 564 947 604">
     <span class='ocr_line' id='line_1_11' title="bbox 162 564 947 604; baseline 0.006 -14"><span class='ocrx_word' id='word_1_67' title='bbox 162 572 246 598; x_wconf 72' lang='grc' dir='ltr'>φασι·</span> <span class='ocrx_word' id='word_1_68' title='bbox 263 564 358 591; x_wconf 79' lang='grc' dir='ltr'>ἔπειτα</span> <span class='ocrx_word' id='word_1_69' title='bbox 378 564 412 591; x_wconf 85' lang='grc' dir='ltr'><strong>τὰ</strong></span> <span class='ocrx_word' id='word_1_70' title='bbox 430 565 494 601; x_wconf 65' lang='grc' dir='ltr'><strong>περ)¹</strong></span> <span class='ocrx_word' id='word_1_71' title='bbox 513 566 561 601; x_wconf 83' lang='grc' dir='ltr'>τῆς</span> <span class='ocrx_word' id='word_1_72' title='bbox 578 565 688 602; x_wconf 84' lang='grc' dir='ltr'><strong>πρώτης</strong></span> <span class='ocrx_word' id='word_1_73' title='bbox 701 567 748 594; x_wconf 78' lang='grc' dir='ltr'>καὶ</span> <span class='ocrx_word' id='word_1_74' title='bbox 765 568 947 604; x_wconf 81' lang='grc' dir='ltr'>παλαιοτάτης</span> 
     </span>
    </p>
   </div>
   <div class='ocr_carea' id='block_1_12' title="bbox 162 609 945 649">
    <p class='ocr_par' dir='ltr' id='par_1_12' title="bbox 162 609 945 649">
     <span class='ocr_line' id='line_1_12' title="bbox 162 609 945 649; baseline 0.008 -14"><span class='ocrx_word' id='word_1_75' title='bbox 162 610 209 636; x_wconf 74' lang='grc' dir='ltr'>τοῦ</span> <span class='ocrx_word' id='word_1_76' title='bbox 223 609 278 636; x_wconf 84' lang='grc' dir='ltr'><strong>τῶν</strong></span> <span class='ocrx_word' id='word_1_77' title='bbox 291 610 440 645; x_wconf 79' lang='grc' dir='ltr'>ἀνθρώπων</span> <span class='ocrx_word' id='word_1_78' title='bbox 455 611 510 646; x_wconf 77' lang='grc' dir='ltr'>βίον</span> <span class='ocrx_word' id='word_1_79' title='bbox 529 612 752 648; x_wconf 82' lang='grc' dir='ltr'>δεισιδαιμονίας·</span> <span class='ocrx_word' id='word_1_80' title='bbox 776 614 822 640; x_wconf 81' lang='grc' dir='ltr'>καὶ</span> <span class='ocrx_word' id='word_1_81' title='bbox 845 614 945 649; x_wconf 81' lang='grc' dir='ltr'>τρίτον,</span> 
     </span>
    </p>
   </div>
   <div class='ocr_carea' id='block_1_13' title="bbox 161 655 943 695">
    <p class='ocr_par' dir='ltr' id='par_1_13' title="bbox 161 655 943 695">
     <span class='ocr_line' id='line_1_13' title="bbox 161 655 943 695; baseline 0.008 -14"><span class='ocrx_word' id='word_1_82' title='bbox 161 655 196 682; x_wconf 78' lang='grc' dir='ltr'><strong>τὰ</strong></span> <span class='ocrx_word' id='word_1_83' title='bbox 212 655 356 682; x_wconf 71' lang='grc' dir='ltr'>Φοινίκιον·</span> <span class='ocrx_word' id='word_1_84' title='bbox 371 656 511 691; x_wconf 79' lang='grc' dir='ltr'>τέταρτον,</span> <span class='ocrx_word' id='word_1_85' title='bbox 531 656 565 683; x_wconf 74' lang='grc' dir='ltr'><strong>τὰ</strong></span> <span class='ocrx_word' id='word_1_86' title='bbox 578 658 740 692; x_wconf 76' lang='grc' dir='ltr'>Αἰγυπτίων.</span> <span class='ocrx_word' id='word_1_87' title='bbox 760 659 827 686; x_wconf 80' lang='grc' dir='ltr'>Μεθ’</span> <span class='ocrx_word' id='word_1_88' title='bbox 839 659 857 686; x_wconf 76' lang='grc' dir='ltr'><strong>ἀ</strong></span> <span class='ocrx_word' id='word_1_89' title='bbox 873 660 943 695; x_wconf 81' lang='grc' dir='ltr'>πέμ-</span> 
     </span>
    </p>
   </div>
   <div class='ocr_carea' id='block_1_14' title="bbox 162 700 946 740">
    <p class='ocr_par' dir='ltr' id='par_1_14' title="bbox 162 700 946 740">
     <span class='ocr_line' id='line_1_14' title="bbox 162 700 946 740; baseline 0.006 -14"><span class='ocrx_word' id='word_1_90' title='bbox 162 708 238 732; x_wconf 76' lang='grc' dir='ltr'>πτον,</span> <span class='ocrx_word' id='word_1_91' title='bbox 251 700 287 727; x_wconf 74' lang='grc' dir='ltr'><strong>τὰ</strong></span> <span class='ocrx_word' id='word_1_92' title='bbox 307 700 438 736; x_wconf 79' lang='grc' dir='ltr'><strong>Ἐλλήνων</strong></span> <span class='ocrx_word' id='word_1_93' title='bbox 451 700 591 732; x_wconf 74' lang='grc' dir='ltr'><strong>διελόντες,</strong></span> <span class='ocrx_word' id='word_1_94' title='bbox 611 702 741 738; x_wconf 72' lang='grc' dir='ltr'>πρότερον</span> <span class='ocrx_word' id='word_1_95' title='bbox 766 703 814 739; x_wconf 84' lang='grc' dir='ltr'>μὲν</span> <span class='ocrx_word' id='word_1_96' title='bbox 831 704 881 740; x_wconf 84' lang='grc' dir='ltr'>τὴν</span> <span class='ocrx_word' id='word_1_97' title='bbox 900 705 946 731; x_wconf 81' lang='grc' dir='ltr'>καὶ</span> 
     </span>
    </p>
   </div>
   <div class='ocr_carea' id='block_1_15' title="bbox 160 746 947 785">
    <p class='ocr_par' dir='ltr' id='par_1_15' title="bbox 160 746 947 785">
     <span class='ocr_line' id='line_1_15' title="bbox 160 746 947 785; baseline 0.005 -12"><span class='ocrx_word' id='word_1_98' title='bbox 160 746 264 774; x_wconf 79' lang='grc' dir='ltr'>τούτων</span> <span class='ocrx_word' id='word_1_99' title='bbox 279 746 397 773; x_wconf 76' lang='grc' dir='ltr'>παλαιὰν</span> <span class='ocrx_word' id='word_1_100' title='bbox 418 747 465 774; x_wconf 74' lang='grc' dir='ltr'>καὶ</span> <span class='ocrx_word' id='word_1_101' title='bbox 489 747 675 784; x_wconf 75' lang='grc' dir='ltr'><strong>μυθικωτέραν</strong></span> <span class='ocrx_word' id='word_1_102' title='bbox 697 749 798 785; x_wconf 81' lang='grc' dir='ltr'>πλάνην</span> <span class='ocrx_word' id='word_1_103' title='bbox 815 751 947 777; x_wconf 72' lang='grc' dir='ltr'><strong>ἐποπτεύ-</strong></span> 
     </span>
    </p>
   </div>
   <div class='ocr_carea' id='block_1_16' title="bbox 162 792 944 832">
    <p class='ocr_par' dir='ltr' id='par_1_16' title="bbox 162 792 944 832">
     <span class='ocr_line' id='line_1_16' title="bbox 162 792 944 832; baseline 0.004 -12"><span class='ocrx_word' id='word_1_104' title='bbox 162 801 259 829; x_wconf 81' lang='grc' dir='ltr'>οομεν·</span> <span class='ocrx_word' id='word_1_105' title='bbox 280 792 340 821; x_wconf 76' lang='grc' dir='ltr'>εἶτα</span> <span class='ocrx_word' id='word_1_106' title='bbox 356 794 384 820; x_wconf 75' lang='grc' dir='ltr'>δὲ</span> <span class='ocrx_word' id='word_1_107' title='bbox 397 795 445 831; x_wconf 78' lang='grc' dir='ltr'>τὴν</span> <span class='ocrx_word' id='word_1_108' title='bbox 462 795 626 831; x_wconf 82' lang='grc' dir='ltr'>σεμνοτέραν</span> <span class='ocrx_word' id='word_1_109' title='bbox 642 796 688 822; x_wconf 74' lang='grc' dir='ltr'>καὶ</span> <span class='ocrx_word' id='word_1_110' title='bbox 707 797 893 832; x_wconf 79' lang='grc' dir='ltr'>φυσικωτέραν</span> <span class='ocrx_word' id='word_1_111' title='bbox 913 797 944 832; x_wconf 86' lang='grc' dir='ltr'>δὴ</span> 
     </span>
    </p>
   </div>
   <div class='ocr_carea' id='block_1_17' title="bbox 159 839 944 879">
    <p class='ocr_par' dir='ltr' id='par_1_17' title="bbox 159 839 944 879">
     <span class='ocr_line' id='line_1_17' title="bbox 159 839 944 879; baseline 0.004 -14"><span class='ocrx_word' id='word_1_112' title='bbox 159 840 227 879; x_wconf 50' lang='grc' dir='ltr'>περὶ</span> <span class='ocrx_word' id='word_1_113' title='bbox 241 839 310 866; x_wconf 82' lang='grc' dir='ltr'>θεῶν</span> <span class='ocrx_word' id='word_1_114' title='bbox 327 839 484 874; x_wconf 75' lang='grc' dir='ltr'>φιλοσοφίαν</span> <span class='ocrx_word' id='word_1_115' title='bbox 495 849 501 855; x_wconf 68' lang='grc'><strong><em>⁸</em></strong></span> <span class='ocrx_word' id='word_1_116' title='bbox 516 841 562 867; x_wconf 75' lang='grc' dir='ltr'>καὶ</span> <span class='ocrx_word' id='word_1_117' title='bbox 576 840 644 876; x_wconf 82' lang='grc' dir='ltr'>μετὰ</span> <span class='ocrx_word' id='word_1_118' title='bbox 658 840 742 868; x_wconf 77' lang='grc' dir='ltr'>ταῦτα</span> <span class='ocrx_word' id='word_1_119' title='bbox 756 842 800 868; x_wconf 84' lang='grc' dir='ltr'>τὸν</span> <span class='ocrx_word' id='word_1_120' title='bbox 816 843 878 877; x_wconf 80' lang='grc' dir='ltr'>περὶ</span> <span class='ocrx_word' id='word_1_121' title='bbox 891 842 944 868; x_wconf 85' lang='grc' dir='ltr'>τῶν</span> 
     </span>
    </p>
   </div>
   <div class='ocr_carea' id='block_1_18' title="bbox 159 884 943 922">
    <p class='ocr_par' dir='ltr' id='par_1_18' title="bbox 159 884 943 922">
     <span class='ocr_line' id='line_1_18' title="bbox 159 884 943 922; baseline 0.004 -11"><span class='ocrx_word' id='word_1_122' title='bbox 159 884 328 922; x_wconf 72' lang='grc' dir='ltr'>θαυμαστῶν</span> <span class='ocrx_word' id='word_1_123' title='bbox 346 886 517 921; x_wconf 72' lang='grc' dir='ltr'><strong>χρηστηρίων</strong></span> <span class='ocrx_word' id='word_1_124' title='bbox 529 886 606 921; x_wconf 83' lang='grc' dir='ltr'>λόγον</span> <span class='ocrx_word' id='word_1_125' title='bbox 626 887 811 922; x_wconf 78' lang='grc' dir='ltr'>ὲφοδεύσομεν·</span> <span class='ocrx_word' id='word_1_126' title='bbox 827 888 868 922; x_wconf 74' lang='grc' dir='ltr'><strong>ἐφ’</strong></span> <span class='ocrx_word' id='word_1_127' title='bbox 893 886 943 920; x_wconf 74' lang='grc' dir='ltr'>οἷς,</span> 
     </span>
    </p>
   </div>
   <div class='ocr_carea' id='block_1_19' title="bbox 159 929 946 968">
    <p class='ocr_par' dir='ltr' id='par_1_19' title="bbox 159 929 946 968">
     <span class='ocr_line' id='line_1_19' title="bbox 159 929 946 968; baseline 0.004 -11"><span class='ocrx_word' id='word_1_128' title='bbox 159 929 208 958; x_wconf 67' lang='grc' dir='ltr'>’καὶ</span> <span class='ocrx_word' id='word_1_129' title='bbox 219 931 254 958; x_wconf 71' lang='grc' dir='ltr'><strong>τὰ</strong></span> <span class='ocrx_word' id='word_1_130' title='bbox 269 931 356 966; x_wconf 80' lang='grc' dir='ltr'>σεμνὰ</span> <span class='ocrx_word' id='word_1_131' title='bbox 368 932 418 967; x_wconf 76' lang='grc' dir='ltr'>τῆς</span> <span class='ocrx_word' id='word_1_132' title='bbox 430 933 554 967; x_wconf 79' lang='grc' dir='ltr'>γενναίας</span> <span class='ocrx_word' id='word_1_133' title='bbox 573 933 704 968; x_wconf 85' lang='grc' dir='ltr'>Ἑλλήνων</span> <span class='ocrx_word' id='word_1_134' title='bbox 719 934 874 968; x_wconf 64' lang='grc' dir='ltr'>φιλοσοφίας</span> <span class='ocrx_word' id='word_1_135' title='bbox 888 935 946 961; x_wconf 75' lang='grc' dir='ltr'>ἑπι-</span> 
     </span>
    </p>
   </div>
   <div class='ocr_carea' id='block_1_20' title="bbox 161 976 946 1014">
    <p class='ocr_par' dir='ltr' id='par_1_20' title="bbox 161 976 946 1014">
     <span class='ocr_line' id='line_1_20' title="bbox 161 976 946 1014; baseline 0.005 -12"><span class='ocrx_word' id='word_1_136' title='bbox 161 976 327 1012; x_wconf 73' lang='grc' dir='ltr'>σκεψόμεθα.</span> <span class='ocrx_word' id='word_1_137' title='bbox 344 977 452 1004; x_wconf 83' lang='grc' dir='ltr'>Τούτων</span> <span class='ocrx_word' id='word_1_138' title='bbox 465 978 487 1004; x_wconf 83' lang='grc' dir='ltr'>δ’</span> <span class='ocrx_word' id='word_1_139' title='bbox 504 979 569 1013; x_wconf 85' lang='grc' dir='ltr'>ἡμῖν</span> <span class='ocrx_word' id='word_1_140' title='bbox 587 978 836 1014; x_wconf 79' lang='grc' dir='ltr'>διευκρινηθέντων,</span> <span class='ocrx_word' id='word_1_141' title='bbox 853 981 900 1006; x_wconf 70' lang='grc' dir='ltr'>ἐπὶ</span> <span class='ocrx_word' id='word_1_142' title='bbox 911 980 946 1007; x_wconf 81' lang='grc' dir='ltr'>τὰ</span> 
     </span>
    </p>
   </div>
   <div class='ocr_carea' id='block_1_21' title="bbox 159 1021 946 1060">
    <p class='ocr_par' dir='ltr' id='par_1_21' title="bbox 159 1021 946 1060">
     <span class='ocr_line' id='line_1_21' title="bbox 159 1021 946 1060; baseline 0.005 -13"><span class='ocrx_word' id='word_1_143' title='bbox 159 1021 298 1058; x_wconf 64' lang='grc' dir='ltr'><strong>ἸἘϐραίων</strong></span> <span class='ocrx_word' id='word_1_144' title='bbox 308 1022 527 1058; x_wconf 80' lang='grc' dir='ltr'>μεταϐησόμεθα,</span> <span class='ocrx_word' id='word_1_145' title='bbox 536 1024 590 1050; x_wconf 83' lang='grc' dir='ltr'>τῶν</span> <span class='ocrx_word' id='word_1_146' title='bbox 601 1024 634 1059; x_wconf 87' lang='grc' dir='ltr'>δὴ</span> <span class='ocrx_word' id='word_1_147' title='bbox 645 1024 758 1059; x_wconf 79' lang='grc' dir='ltr'>πρώτων</span> <span class='ocrx_word' id='word_1_148' title='bbox 774 1025 821 1051; x_wconf 72' lang='grc' dir='ltr'>καὶ</span> <span class='ocrx_word' id='word_1_149' title='bbox 839 1025 946 1060; x_wconf 84' lang='grc' dir='ltr'>ἀληθῶς</span> 
     </span>
    </p>
   </div>
   <div class='ocr_carea' id='block_1_22' title="bbox 166 1067 946 1105">
    <p class='ocr_par' dir='ltr' id='par_1_22' title="bbox 166 1067 946 1105">
     <span class='ocr_line' id='line_1_22' title="bbox 166 1067 946 1105; baseline 0.005 -12"><span class='ocrx_word' id='word_1_150' title='bbox 166 1067 306 1103; x_wconf 74' lang='grc' dir='ltr'>Ἐϐραίων,</span> <span class='ocrx_word' id='word_1_151' title='bbox 327 1069 374 1095; x_wconf 72' lang='grc' dir='ltr'><strong>καὶ</strong></span> <span class='ocrx_word' id='word_1_152' title='bbox 395 1069 463 1104; x_wconf 79' lang='grc' dir='ltr'><strong>μετά</strong></span> <span class='ocrx_word' id='word_1_153' title='bbox 488 1069 572 1095; x_wconf 78' lang='grc' dir='ltr'>ταῦτα</span> <span class='ocrx_word' id='word_1_154' title='bbox 589 1070 640 1105; x_wconf 84' lang='grc' dir='ltr'>τὴν</span> <span class='ocrx_word' id='word_1_155' title='bbox 663 1069 793 1096; x_wconf 80' lang='grc' dir='ltr'>Ἰουδαίων</span> <span class='ocrx_word' id='word_1_156' title='bbox 812 1070 946 1105; x_wconf 81' lang='grc' dir='ltr'>λαχόντων</span> 
     </span>
    </p>
   </div>
   <div class='ocr_carea' id='block_1_23' title="bbox 159 1114 946 1154">
    <p class='ocr_par' dir='ltr' id='par_1_23' title="bbox 159 1114 946 1154">
     <span class='ocr_line' id='line_1_23' title="bbox 159 1114 946 1154; baseline 0.004 -15"><span class='ocrx_word' id='word_1_157' title='bbox 159 1114 355 1149; x_wconf 70' lang='grc' dir='ltr'>προσηγορίαν.</span> <span class='ocrx_word' id='word_1_158' title='bbox 375 1115 435 1141; x_wconf 70' lang='grc' dir='ltr'><strong>Ἐπὶ</strong></span> <span class='ocrx_word' id='word_1_159' title='bbox 445 1115 509 1141; x_wconf 78' lang='grc' dir='ltr'>πᾶσι</span> <span class='ocrx_word' id='word_1_160' title='bbox 518 1115 546 1141; x_wconf 79' lang='grc' dir='ltr'>δὲ</span> <span class='ocrx_word' id='word_1_161' title='bbox 560 1115 674 1154; x_wconf 71' lang='grc' dir='ltr'>τούτοις,</span> <span class='ocrx_word' id='word_1_162' title='bbox 686 1115 779 1151; x_wconf 82' lang='grc' dir='ltr'>ὥσπερ</span> <span class='ocrx_word' id='word_1_163' title='bbox 789 1116 946 1152; x_wconf 76' lang='grc' dir='ltr'>ὲπισφράγι-</span> 
     </span>
    </p>
   </div>
   <div class='ocr_carea' id='block_1_24' title="bbox 161 1159 946 1197">
    <p class='ocr_par' dir='ltr' id='par_1_24' title="bbox 161 1159 946 1197">
     <span class='ocr_line' id='line_1_24' title="bbox 161 1159 946 1197; baseline 0.004 -12"><span class='ocrx_word' id='word_1_164' title='bbox 161 1167 219 1194; x_wconf 78' lang='grc' dir='ltr'>σμα</span> <span class='ocrx_word' id='word_1_165' title='bbox 228 1159 280 1186; x_wconf 80' lang='grc' dir='ltr'>τῶν</span> <span class='ocrx_word' id='word_1_166' title='bbox 293 1160 370 1192; x_wconf 76' lang='grc' dir='ltr'>ὅλων,</span> <span class='ocrx_word' id='word_1_167' title='bbox 389 1161 532 1195; x_wconf 73' lang='grc' dir='ltr'>ἐποίσομεν</span> <span class='ocrx_word' id='word_1_168' title='bbox 547 1161 579 1188; x_wconf 78' lang='grc' dir='ltr'><strong>τὰ</strong></span> <span class='ocrx_word' id='word_1_169' title='bbox 590 1161 721 1197; x_wconf 82' lang='grc' dir='ltr'>ἡμέτερα.</span> <span class='ocrx_word' id='word_1_170' title='bbox 741 1161 906 1196; x_wconf 78' lang='grc' dir='ltr'>Ἀναγκαίως</span> <span class='ocrx_word' id='word_1_171' title='bbox 918 1162 946 1188; x_wconf 74' lang='grc' dir='ltr'>δὲ</span> 
     </span>
    </p>
   </div>
   <div class='ocr_carea' id='block_1_25' title="bbox 159 1205 946 1242">
    <p class='ocr_par' dir='ltr' id='par_1_25' title="bbox 159 1205 946 1242">
     <span class='ocr_line' id='line_1_25' title="bbox 159 1205 946 1242; baseline 0.004 -11"><span class='ocrx_word' id='word_1_172' title='bbox 159 1206 210 1241; x_wconf 74' lang='grc' dir='ltr'>τῆς</span> <span class='ocrx_word' id='word_1_173' title='bbox 222 1205 322 1232; x_wconf 68' lang='grc' dir='ltr'>τούτων</span> <span class='ocrx_word' id='word_1_174' title='bbox 337 1206 462 1232; x_wconf 83' lang='grc' dir='ltr'>ἁπάντων</span> <span class='ocrx_word' id='word_1_175' title='bbox 479 1207 699 1242; x_wconf 81' lang='grc' dir='ltr'>μνημονεύσομεν</span> <span class='ocrx_word' id='word_1_176' title='bbox 713 1208 840 1242; x_wconf 77' lang='grc' dir='ltr'>ἱστορίας,</span> <span class='ocrx_word' id='word_1_177' title='bbox 853 1207 889 1239; x_wconf 80' lang='grc' dir='ltr'>ὡς</span> <span class='ocrx_word' id='word_1_178' title='bbox 913 1207 946 1234; x_wconf 81' lang='grc' dir='ltr'>ἂν</span> 
     </span>
    </p>
   </div>
   <div class='ocr_carea' id='block_1_26' title="bbox 159 1252 940 1289">
    <p class='ocr_par' dir='ltr' id='par_1_26' title="bbox 159 1252 940 1289">
     <span class='ocr_line' id='line_1_26' title="bbox 159 1252 940 1289; baseline 0.003 -11"><span class='ocrx_word' id='word_1_179' title='bbox 159 1252 203 1278; x_wconf 72' lang='grc' dir='ltr'><strong>διὰ</strong></span> <span class='ocrx_word' id='word_1_180' title='bbox 227 1252 276 1287; x_wconf 81' lang='grc' dir='ltr'>τῆς</span> <span class='ocrx_word' id='word_1_181' title='bbox 297 1252 353 1278; x_wconf 80' lang='grc' dir='ltr'><strong>τῶν</strong></span> <span class='ocrx_word' id='word_1_182' title='bbox 381 1252 531 1287; x_wconf 73' lang='grc' dir='ltr'>ἑκασταχοῦ</span> <span class='ocrx_word' id='word_1_183' title='bbox 560 1253 790 1289; x_wconf 79' lang='grc' dir='ltr'>τεθαυμασμένων</span> <span class='ocrx_word' id='word_1_184' title='bbox 821 1254 940 1289; x_wconf 79' lang='grc' dir='ltr'>παραθέ-</span> 
     </span>
    </p>
   </div>
   <div class='ocr_carea' id='block_1_27' title="bbox 160 1297 945 1334">
    <p class='ocr_par' dir='ltr' id='par_1_27' title="bbox 160 1297 945 1334">
     <span class='ocr_line' id='line_1_27' title="bbox 160 1297 945 1334; baseline 0.004 -11"><span class='ocrx_word' id='word_1_185' title='bbox 160 1304 229 1329; x_wconf 81' lang='grc' dir='ltr'>σεως</span> <span class='ocrx_word' id='word_1_186' title='bbox 244 1299 266 1324; x_wconf 77' lang='grc' dir='ltr'><strong>ὁ·</strong></span> <span class='ocrx_word' id='word_1_187' title='bbox 283 1298 334 1333; x_wconf 86' lang='grc' dir='ltr'>τῆς</span> <span class='ocrx_word' id='word_1_188' title='bbox 359 1297 486 1332; x_wconf 79' lang='grc' dir='ltr'>ἀληθείας</span> <span class='ocrx_word' id='word_1_189' title='bbox 507 1298 616 1334; x_wconf 77' lang='grc' dir='ltr'>ἔλεγχος</span> <span class='ocrx_word' id='word_1_190' title='bbox 639 1299 820 1334; x_wconf 79' lang='grc' dir='ltr'><strong>ἀποδειχθείη,</strong></span> <span class='ocrx_word' id='word_1_191' title='bbox 846 1299 945 1326; x_wconf 80' lang='grc' dir='ltr'>ὁποίων</span> 
     </span>
    </p>
   </div>
   <div class='ocr_carea' id='block_1_28' title="bbox 158 1343 945 1380">
    <p class='ocr_par' dir='ltr' id='par_1_28' title="bbox 158 1343 945 1380">
     <span class='ocr_line' id='line_1_28' title="bbox 158 1343 945 1380; baseline 0.003 -12"><span class='ocrx_word' id='word_1_192' title='bbox 158 1351 189 1380; x_wconf 68' lang='grc' dir='ltr'><strong>τε</strong></span> <span class='ocrx_word' id='word_1_193' title='bbox 203 1344 282 1377; x_wconf 82' lang='grc' dir='ltr'>ἡμεῖς</span> <span class='ocrx_word' id='word_1_194' title='bbox 305 1343 472 1374; x_wconf 78' lang='grc' dir='ltr'>ἀποστάντες</span> <span class='ocrx_word' id='word_1_195' title='bbox 483 1364 490 1376; x_wconf 95' lang='grc'><strong>,</strong></span> <span class='ocrx_word' id='word_1_196' title='bbox 510 1344 558 1380; x_wconf 84' lang='grc' dir='ltr'>τὴν</span> <span class='ocrx_word' id='word_1_197' title='bbox 573 1345 668 1371; x_wconf 81' lang='grc' dir='ltr'>ὁποίαν</span> <span class='ocrx_word' id='word_1_198' title='bbox 688 1344 814 1380; x_wconf 83' lang='grc' dir='ltr'>εἱλόμεθα</span> <span class='ocrx_word' id='word_1_199' title='bbox 831 1345 945 1380; x_wconf 76' lang='grc' dir='ltr'>φανερὸν</span> 
     </span>
    </p>
   </div>
   <div class='ocr_carea' id='block_1_29' title="bbox 159 1376 945 1424">
    <p class='ocr_par' dir='ltr' id='par_1_29' title="bbox 159 1376 945 1424">
     <span class='ocr_line' id='line_1_29' title="bbox 159 1376 945 1424; baseline 0.004 -12"><span class='ocrx_word' id='word_1_200' title='bbox 159 1376 218 1419; x_wconf 61' lang='grc' dir='ltr'>τοῖς</span> <span class='ocrx_word' id='word_1_201' title='bbox 234 1387 426 1423; x_wconf 81' lang='grc' dir='ltr'>ἐντυγχάνουσι</span> <span class='ocrx_word' id='word_1_202' title='bbox 447 1376 560 1422; x_wconf 82' lang='grc' dir='ltr'>γένοιτο.</span> <span class='ocrx_word' id='word_1_203' title='bbox 582 1388 663 1416; x_wconf 83' lang='grc' dir='ltr'>Ἀλλὰ</span> <span class='ocrx_word' id='word_1_204' title='bbox 686 1376 880 1424; x_wconf 26' lang='grc' dir='ltr'>γὰρπὲπίωμεν</span> 
     </span>
    </p>
   </div>
   <div class='ocr_carea' id='block_1_30' title="bbox 158 1433 943 1470">
    <p class='ocr_par' dir='ltr' id='par_1_30' title="bbox 158 1433 943 1470">
     <span class='ocr_line' id='line_1_30' title="bbox 158 1433 943 1470; baseline 0.001 -11"><span class='ocrx_word' id='word_1_205' title='bbox 158 1433 189 1459; x_wconf 77' lang='grc' dir='ltr'><strong>τὸ</strong></span> <span class='ocrx_word' id='word_1_206' title='bbox 203 1433 320 1467; x_wconf 70' lang='grc' dir='ltr'>πρῶτον.</span> <span class='ocrx_word' id='word_1_207' title='bbox 336 1434 421 1460; x_wconf 79' lang='grc' dir='ltr'>Πόθεν</span> <span class='ocrx_word' id='word_1_208' title='bbox 433 1434 499 1470; x_wconf 79' lang='grc' dir='ltr'>δῆτα</span> <span class='ocrx_word' id='word_1_209' title='bbox 511 1434 701 1470; x_wconf 79' lang='grc' dir='ltr'>πιστωσὸμεθα</span> <span class='ocrx_word' id='word_1_210' title='bbox 716 1434 765 1467; x_wconf 84' lang='grc' dir='ltr'><strong>τὰς</strong></span> <span class='ocrx_word' id='word_1_211' title='bbox 777 1434 943 1467; x_wconf 57' lang='lat' dir='ltr'><strong>dimidiam;</strong></span> 
     </span>
    </p>
   </div>
   <div class='ocr_carea' id='block_1_31' title="bbox 158 1479 944 1517">
    <p class='ocr_par' dir='ltr' id='par_1_31' title="bbox 158 1479 944 1517">
     <span class='ocr_line' id='line_1_31' title="bbox 158 1479 944 1517; baseline 0.004 -13"><span class='ocrx_word' id='word_1_212' title='bbox 158 1479 187 1504; x_wconf 73' lang='grc' dir='ltr'>οὐ</span> <span class='ocrx_word' id='word_1_213' title='bbox 205 1479 255 1513; x_wconf 76' lang='grc' dir='ltr'>μὲν</span> <span class='ocrx_word' id='word_1_214' title='bbox 270 1480 302 1515; x_wconf 83' lang='grc' dir='ltr'>δὴ</span> <span class='ocrx_word' id='word_1_215' title='bbox 322 1480 354 1506; x_wconf 82' lang='grc' dir='ltr'>ὲκ</span> <span class='ocrx_word' id='word_1_216' title='bbox 369 1479 423 1507; x_wconf 82' lang='grc' dir='ltr'>τῶν</span> <span class='ocrx_word' id='word_1_217' title='bbox 438 1481 501 1516; x_wconf 84' lang='grc' dir='ltr'>παρ’</span> <span class='ocrx_word' id='word_1_218' title='bbox 512 1482 579 1516; x_wconf 82' lang='grc' dir='ltr'>ἡμῖν</span> <span class='ocrx_word' id='word_1_219' title='bbox 595 1480 766 1516; x_wconf 79' lang='grc' dir='ltr'>γραμμάτων</span> <span class='ocrx_word' id='word_1_220' title='bbox 776 1500 783 1513; x_wconf 94' lang='grc'><strong>,</strong></span> <span class='ocrx_word' id='word_1_221' title='bbox 802 1481 839 1512; x_wconf 85' lang='grc' dir='ltr'>ὡς</span> <span class='ocrx_word' id='word_1_222' title='bbox 853 1481 886 1507; x_wconf 79' lang='grc' dir='ltr'>ἂν</span> <span class='ocrx_word' id='word_1_223' title='bbox 907 1480 944 1517; x_wconf 82' lang='grc' dir='ltr'>μὴ</span> 
     </span>
    </p>
   </div>
   <div class='ocr_carea' id='block_1_32' title="bbox 158 1523 944 1562">
    <p class='ocr_par' dir='ltr' id='par_1_32' title="bbox 158 1523 944 1562">
     <span class='ocr_line' id='line_1_32' title="bbox 158 1523 944 1562; baseline 0.003 -12"><span class='ocrx_word' id='word_1_224' title='bbox 158 1523 281 1559; x_wconf 63' lang='grc' dir='ltr'>δοκῶμεν</span> <span class='ocrx_word' id='word_1_225' title='bbox 297 1526 482 1561; x_wconf 81' lang='grc' dir='ltr'>κεχαρισμένα</span> <span class='ocrx_word' id='word_1_226' title='bbox 501 1527 629 1562; x_wconf 76' lang='grc' dir='ltr'>πράττειν</span> <span class='ocrx_word' id='word_1_227' title='bbox 651 1526 691 1562; x_wconf 83' lang='grc' dir='ltr'>τῷ</span> <span class='ocrx_word' id='word_1_228' title='bbox 710 1526 792 1562; x_wconf 82' lang='grc' dir='ltr'>λόγῳ·</span> <span class='ocrx_word' id='word_1_229' title='bbox 809 1527 944 1562; x_wconf 82' lang='grc' dir='ltr'>μάρτυρες</span> 
     </span>
    </p>
   </div>
   <div class='ocr_carea' id='block_1_33' title="bbox 158 1569 944 1608">
    <p class='ocr_par' dir='ltr' id='par_1_33' title="bbox 158 1569 944 1608">
     <span class='ocr_line' id='line_1_33' title="bbox 158 1569 944 1608; baseline 0.004 -13"><span class='ocrx_word' id='word_1_230' title='bbox 158 1569 187 1596; x_wconf 68' lang='grc' dir='ltr'>δὲ</span> <span class='ocrx_word' id='word_1_231' title='bbox 206 1570 350 1605; x_wconf 76' lang='grc' dir='ltr'>παρέστων</span> <span class='ocrx_word' id='word_1_232' title='bbox 366 1572 432 1606; x_wconf 81' lang='grc' dir='ltr'>ἡμῖν</span> <span class='ocrx_word' id='word_1_233' title='bbox 456 1571 588 1608; x_wconf 85' lang='grc' dir='ltr'>Ἑλλήνων</span> <span class='ocrx_word' id='word_1_234' title='bbox 607 1572 695 1599; x_wconf 82' lang='grc' dir='ltr'>αὐτῶν</span> <span class='ocrx_word' id='word_1_235' title='bbox 712 1573 740 1599; x_wconf 82' lang='grc' dir='ltr'>οἵ</span> <span class='ocrx_word' id='word_1_236' title='bbox 757 1580 785 1598; x_wconf 86' lang='grc' dir='ltr'>τε</span> <span class='ocrx_word' id='word_1_237' title='bbox 807 1572 855 1608; x_wconf 80' lang='grc' dir='ltr'>τὴν</span> <span class='ocrx_word' id='word_1_238' title='bbox 871 1572 944 1607; x_wconf 80' lang='grc' dir='ltr'>φιλο-</span> 
     </span>
    </p>
   </div>
   <div class='ocr_carea' id='block_1_34' title="bbox 160 1616 944 1652">
    <p class='ocr_par' dir='ltr' id='par_1_34' title="bbox 160 1616 944 1652">
     <span class='ocr_line' id='line_1_34' title="bbox 160 1616 944 1652; baseline 0.003 -11"><span class='ocrx_word' id='word_1_239' title='bbox 160 1616 256 1650; x_wconf 76' lang='grc' dir='ltr'>σοφίαν</span> <span class='ocrx_word' id='word_1_240' title='bbox 272 1616 428 1651; x_wconf 74' lang='grc' dir='ltr'>αὺχοῦντες,</span> <span class='ocrx_word' id='word_1_241' title='bbox 446 1618 492 1644; x_wconf 68' lang='grc' dir='ltr'>καὶ</span> <span class='ocrx_word' id='word_1_242' title='bbox 509 1617 559 1652; x_wconf 82' lang='grc' dir='ltr'>τὴν</span> <span class='ocrx_word' id='word_1_243' title='bbox 587 1617 669 1652; x_wconf 82' lang='grc' dir='ltr'>ἄλλην</span> <span class='ocrx_word' id='word_1_244' title='bbox 691 1618 746 1645; x_wconf 86' lang='grc' dir='ltr'>τῶν</span> <span class='ocrx_word' id='word_1_245' title='bbox 768 1617 853 1644; x_wconf 77' lang='grc' dir='ltr'>ἐθνῶν</span> <span class='ocrx_word' id='word_1_246' title='bbox 872 1618 944 1644; x_wconf 73' lang='grc' dir='ltr'>ἱστο-</span> 
     </span>
    </p>
   </div>
   <div class='ocr_carea' id='block_1_35' title="bbox 160 1661 943 1699">
    <p class='ocr_par' dir='ltr' id='par_1_35' title="bbox 160 1661 943 1699">
     <span class='ocr_line' id='line_1_35' title="bbox 160 1661 943 1699; baseline 0.004 -12"><span class='ocrx_word' id='word_1_247' title='bbox 160 1661 221 1696; x_wconf 83' lang='grc' dir='ltr'>ρίαν</span> <span class='ocrx_word' id='word_1_248' title='bbox 239 1662 455 1697; x_wconf 71' lang='grc' dir='ltr'>διηρευνηκότες.</span> <span class='ocrx_word' id='word_1_249' title='bbox 471 1663 572 1699; x_wconf 76' lang='grc' dir='ltr'>Γράφει</span> <span class='ocrx_word' id='word_1_250' title='bbox 597 1664 686 1690; x_wconf 81' lang='grc' dir='ltr'>τοίνυν</span> <span class='ocrx_word' id='word_1_251' title='bbox 701 1664 803 1691; x_wconf 77' lang='grc' dir='ltr'>ἄνωθεν</span> <span class='ocrx_word' id='word_1_252' title='bbox 826 1663 875 1698; x_wconf 83' lang='grc' dir='ltr'>τὴν</span> <span class='ocrx_word' id='word_1_253' title='bbox 891 1672 943 1690; x_wconf 83' lang='grc' dir='ltr'><strong>πα-</strong></span> 
     </span>
    </p>
   </div>
   <div class='ocr_carea' id='block_1_36' title="bbox 158 1706 945 1743">
    <p class='ocr_par' dir='ltr' id='par_1_36' title="bbox 158 1706 945 1743">
     <span class='ocr_line' id='line_1_36' title="bbox 158 1706 945 1743; baseline 0.003 -10"><span class='ocrx_word' id='word_1_254' title='bbox 158 1706 236 1733; x_wconf 79' lang='grc' dir='ltr'>λαιὰν</span> <span class='ocrx_word' id='word_1_255' title='bbox 252 1708 441 1743; x_wconf 76' lang='grc' dir='ltr'>ὑφηγούμενος</span> <span class='ocrx_word' id='word_1_256' title='bbox 465 1708 601 1742; x_wconf 80' lang='grc' dir='ltr'>θεολογίαν</span> <span class='ocrx_word' id='word_1_257' title='bbox 619 1709 772 1743; x_wconf 72' lang='grc' dir='ltr'>Αἰγυπτίων</span> <span class='ocrx_word' id='word_1_258' title='bbox 787 1710 802 1736; x_wconf 79' lang='grc' dir='ltr'>ὀ</span> <span class='ocrx_word' id='word_1_259' title='bbox 819 1709 945 1735; x_wconf 82' lang='grc' dir='ltr'>Σικελιώ-</span> 
     </span>
    </p>
   </div>
   <div class='ocr_carea' id='block_1_37' title="bbox 158 1752 944 1789">
    <p class='ocr_par' dir='ltr' id='par_1_37' title="bbox 158 1752 944 1789">
     <span class='ocr_line' id='line_1_37' title="bbox 158 1752 944 1789; baseline 0.004 -12"><span class='ocrx_word' id='word_1_260' title='bbox 158 1760 209 1786; x_wconf 74' lang='grc' dir='ltr'>της</span> <span class='ocrx_word' id='word_1_261' title='bbox 232 1752 375 1787; x_wconf 81' lang='grc' dir='ltr'>Διόδωρος,</span> <span class='ocrx_word' id='word_1_262' title='bbox 401 1752 611 1788; x_wconf 80' lang='grc' dir='ltr'>γνωριμώτατος</span> <span class='ocrx_word' id='word_1_263' title='bbox 637 1753 704 1789; x_wconf 83' lang='grc' dir='ltr'>ἀνὴρ</span> <span class='ocrx_word' id='word_1_264' title='bbox 731 1755 787 1786; x_wconf 84' lang='grc' dir='ltr'>τοῖς</span> <span class='ocrx_word' id='word_1_265' title='bbox 812 1753 944 1789; x_wconf 78' lang='grc' dir='ltr'>Ἑλλήνων</span> 
     </span>
    </p>
   </div>
   <div class='ocr_carea' id='block_1_38' title="bbox 158 1797 943 1835">
    <p class='ocr_par' dir='ltr' id='par_1_38' title="bbox 158 1797 943 1835">
     <span class='ocr_line' id='line_1_38' title="bbox 158 1797 943 1835; baseline 0.003 -11"><span class='ocrx_word' id='word_1_266' title='bbox 158 1797 342 1831; x_wconf 82' lang='grc' dir='ltr'>λογιωτάτοις,</span> <span class='ocrx_word' id='word_1_267' title='bbox 362 1798 438 1824; x_wconf 81' lang='grc' dir='ltr'>ὡσὰν</span> <span class='ocrx_word' id='word_1_268' title='bbox 459 1799 510 1825; x_wconf 75' lang='grc' dir='ltr'>ὑπὸ</span> <span class='ocrx_word' id='word_1_269' title='bbox 537 1800 601 1834; x_wconf 91' lang='grc' dir='ltr'>μίαν</span> <span class='ocrx_word' id='word_1_270' title='bbox 623 1799 795 1835; x_wconf 78' lang='grc' dir='ltr'>συναγηοχὼς</span> <span class='ocrx_word' id='word_1_271' title='bbox 814 1808 943 1835; x_wconf 84' lang='grc' dir='ltr'>πραγμα-</span> 
     </span>
    </p>
   </div>
   <div class='ocr_carea' id='block_1_39' title="bbox 159 1842 944 1880">
    <p class='ocr_par' dir='ltr' id='par_1_39' title="bbox 159 1842 944 1880">
     <span class='ocr_line' id='line_1_39' title="bbox 159 1842 944 1880; baseline 0.003 -10"><span class='ocrx_word' id='word_1_272' title='bbox 159 1843 234 1870; x_wconf 78' lang='grc' dir='ltr'>τείαν</span> <span class='ocrx_word' id='word_1_273' title='bbox 254 1843 365 1870; x_wconf 75' lang='grc' dir='ltr'>ἃπασαν</span> <span class='ocrx_word' id='word_1_274' title='bbox 383 1843 431 1880; x_wconf 80' lang='grc' dir='ltr'>τὴν</span> <span class='ocrx_word' id='word_1_275' title='bbox 449 1844 585 1880; x_wconf 73' lang='grc' dir='ltr'>ἱστορικὴν</span> <span class='ocrx_word' id='word_1_276' title='bbox 606 1845 815 1879; x_wconf 77' lang='grc' dir='ltr'>Βιϐλιοθήκην,</span> <span class='ocrx_word' id='word_1_277' title='bbox 846 1845 890 1878; x_wconf 79' lang='grc' dir='ltr'>Ἐξ</span> <span class='ocrx_word' id='word_1_278' title='bbox 914 1842 944 1872; x_wconf 71' lang='grc' dir='ltr'><strong>οὗ</strong></span> 
     </span>
    </p>
   </div>
   <div class='ocr_carea' id='block_1_40' title="bbox 158 1879 943 1927">
    <p class='ocr_par' dir='ltr' id='par_1_40' title="bbox 158 1879 943 1927">
     <span class='ocr_line' id='line_1_40' title="bbox 158 1879 943 1927; baseline 0.004 -12"><span class='ocrx_word' id='word_1_279' title='bbox 158 1879 207 1916; x_wconf 42' lang='lat' dir='ltr'><strong>sui.</strong></span> <span class='ocrx_word' id='word_1_280' title='bbox 231 1889 329 1924; x_wconf 86' lang='grc' dir='ltr'>πρῶτα</span> <span class='ocrx_word' id='word_1_281' title='bbox 353 1879 556 1925; x_wconf 76' lang='grc' dir='ltr'>παραθήσομαι,</span> <span class='ocrx_word' id='word_1_282' title='bbox 579 1890 597 1918; x_wconf 80' lang='grc' dir='ltr'>ἃ</span> <span class='ocrx_word' id='word_1_283' title='bbox 623 1891 754 1927; x_wconf 77' lang='grc' dir='ltr'>περὶτῆς</span> <span class='ocrx_word' id='word_1_284' title='bbox 775 1891 821 1918; x_wconf 84' lang='grc' dir='ltr'>τοῦ</span> <span class='ocrx_word' id='word_1_285' title='bbox 845 1891 943 1923; x_wconf 80' lang='grc' dir='ltr'>παντὸς</span> 
     </span>
    </p>
   </div>
   <div class='ocr_carea' id='block_1_41' title="bbox 158 1929 943 1973">
    <p class='ocr_par' dir='ltr' id='par_1_41' title="bbox 158 1929 943 1973">
     <span class='ocr_line' id='line_1_41' title="bbox 158 1929 943 1973; baseline 0.004 -12"><span class='ocrx_word' id='word_1_286' title='bbox 158 1929 340 1970; x_wconf 59' lang='grc' dir='ltr'>κοσμογονίας</span> <span class='ocrx_word' id='word_1_287' title='bbox 358 1935 506 1971; x_wconf 83' lang='grc' dir='ltr'>ἀρχόμενος</span> <span class='ocrx_word' id='word_1_288' title='bbox 519 1936 565 1962; x_wconf 84' lang='grc' dir='ltr'>τοῦ</span> <span class='ocrx_word' id='word_1_289' title='bbox 585 1936 663 1973; x_wconf 82' lang='grc' dir='ltr'>λόγου</span> <span class='ocrx_word' id='word_1_290' title='bbox 680 1937 809 1971; x_wconf 80' lang='grc' dir='ltr'>διείληφε,</span> <span class='ocrx_word' id='word_1_291' title='bbox 822 1937 871 1969; x_wconf 80' lang='grc' dir='ltr'><strong>τὰς</strong></span> <span class='ocrx_word' id='word_1_292' title='bbox 889 1937 943 1964; x_wconf 84' lang='grc' dir='ltr'>τῶν</span> 
     </span>
    </p>
   </div>
   <div class='ocr_carea' id='block_1_42' title="bbox 161 1974 819 2020">
    <p class='ocr_par' dir='ltr' id='par_1_42' title="bbox 161 1974 819 2020">
     <span class='ocr_line' id='line_1_42' title="bbox 161 1974 819 2020; baseline 0.005 -13"><span class='ocrx_word' id='word_1_293' title='bbox 161 1980 284 2009; x_wconf 82' lang='grc' dir='ltr'>παλαιῶν</span> <span class='ocrx_word' id='word_1_294' title='bbox 304 1982 419 2017; x_wconf 79' lang='grc' dir='ltr'>ἱστορῶν</span> <span class='ocrx_word' id='word_1_295' title='bbox 437 1982 524 2015; x_wconf 76' lang='grc' dir='ltr'>δόξας,</span> <span class='ocrx_word' id='word_1_296' title='bbox 541 1974 633 2009; x_wconf 86' lang='grc' dir='ltr'>τοῦτον</span> <span class='ocrx_word' id='word_1_297' title='bbox 650 1983 696 2009; x_wconf 79' lang='grc' dir='ltr'>τὸν</span> <span class='ocrx_word' id='word_1_298' title='bbox 709 1984 819 2020; x_wconf 82' lang='grc' dir='ltr'>τρόπον.</span> 
     </span>
    </p>
   </div>
   <div class='ocr_carea' id='block_1_43' title="bbox 1000 298 1778 335">
    <p class='ocr_par' dir='ltr' id='par_1_43' title="bbox 1000 298 1778 335">
     <span class='ocr_line' id='line_1_43' title="bbox 1000 298 1778 335; baseline 0.005 -11"><span class='ocrx_word' id='word_1_299' title='bbox 1000 302 1083 332; x_wconf 76' lang='lat' dir='ltr'><strong>geret,</strong></span> <span class='ocrx_word' id='word_1_300' title='bbox 1099 298 1208 333; x_wconf 86' lang='lat' dir='ltr'><strong>vimque</strong></span> <span class='ocrx_word' id='word_1_301' title='bbox 1223 299 1320 326; x_wconf 92' lang='lat' dir='ltr'><strong>mentis</strong></span> <span class='ocrx_word' id='word_1_302' title='bbox 1335 306 1442 325; x_wconf 82' lang='lat' dir='ltr'><strong>onmem</strong></span> <span class='ocrx_word' id='word_1_303' title='bbox 1458 307 1548 326; x_wconf 90' lang='lat' dir='ltr'><strong>rerum</strong></span> <span class='ocrx_word' id='word_1_304' title='bbox 1560 307 1664 332; x_wconf 86' lang='lat' dir='ltr'><strong>earum,</strong></span> <span class='ocrx_word' id='word_1_305' title='bbox 1680 308 1740 335; x_wconf 68' lang='lat' dir='ltr'><strong>qua:</strong></span> <span class='ocrx_word' id='word_1_306' title='bbox 1751 301 1778 328; x_wconf 92' lang='lat' dir='ltr'><strong>in</strong></span> 
     </span>
    </p>
   </div>
   <div class='ocr_carea' id='block_1_44' title="bbox 998 341 1779 378">
    <p class='ocr_par' dir='ltr' id='par_1_44' title="bbox 998 341 1779 378">
     <span class='ocr_line' id='line_1_44' title="bbox 998 341 1779 378; baseline 0.004 -9"><span class='ocrx_word' id='word_1_307' title='bbox 998 341 1045 369; x_wconf 90' lang='lat' dir='ltr'><strong>illo</strong></span> <span class='ocrx_word' id='word_1_308' title='bbox 1060 346 1217 374; x_wconf 90' lang='lat' dir='ltr'><strong>cernuntur,</strong></span> <span class='ocrx_word' id='word_1_309' title='bbox 1232 342 1330 370; x_wconf 79' lang='lat' dir='ltr'><strong>finibus</strong></span> <span class='ocrx_word' id='word_1_310' title='bbox 1342 343 1507 370; x_wconf 69' lang='lat' dir='ltr'><strong>terminaret.</strong></span> <span class='ocrx_word' id='word_1_311' title='bbox 1522 343 1619 378; x_wconf 74' lang='lat' dir='ltr'><strong>Verum</strong></span> <span class='ocrx_word' id='word_1_312' title='bbox 1631 345 1779 378; x_wconf 82' lang='lat' dir='ltr'><strong>enimvero,</strong></span> 
     </span>
    </p>
   </div>
   <div class='ocr_carea' id='block_1_45' title="bbox 999 387 1780 423">
    <p class='ocr_par' dir='ltr' id='par_1_45' title="bbox 999 387 1780 423">
     <span class='ocr_line' id='line_1_45' title="bbox 999 387 1780 423; baseline 0 -8"><span class='ocrx_word' id='word_1_313' title='bbox 999 395 1169 422; x_wconf 80' lang='lat' dir='ltr'><strong>nequaquam</strong></span> <span class='ocrx_word' id='word_1_314' title='bbox 1180 387 1222 414; x_wconf 91' lang='lat' dir='ltr'><strong>hic</strong></span> <span class='ocrx_word' id='word_1_315' title='bbox 1230 388 1304 414; x_wconf 82' lang='lat' dir='ltr'><strong>stetit</strong></span> <span class='ocrx_word' id='word_1_316' title='bbox 1317 395 1422 420; x_wconf 91' lang='lat' dir='ltr'><strong>eorum,</strong></span> <span class='ocrx_word' id='word_1_317' title='bbox 1434 389 1481 422; x_wconf 89' lang='lat' dir='ltr'><strong>qui</strong></span> <span class='ocrx_word' id='word_1_318' title='bbox 1495 394 1588 423; x_wconf 88' lang='lat' dir='ltr'><strong>postea</strong></span> <span class='ocrx_word' id='word_1_319' title='bbox 1604 390 1688 418; x_wconf 86' lang='lat' dir='ltr'><strong>secuti</strong></span> <span class='ocrx_word' id='word_1_320' title='bbox 1702 395 1780 418; x_wconf 85' lang='lat' dir='ltr'><strong>sunt.</strong></span> 
     </span>
    </p>
   </div>
   <div class='ocr_carea' id='block_1_46' title="bbox 998 434 1779 468">
    <p class='ocr_par' dir='ltr' id='par_1_46' title="bbox 998 434 1779 468">
     <span class='ocr_line' id='line_1_46' title="bbox 998 434 1779 468; baseline 0.003 -6"><span class='ocrx_word' id='word_1_321' title='bbox 998 435 1139 462; x_wconf 86' lang='lat' dir='ltr'><strong>hominum</strong></span> <span class='ocrx_word' id='word_1_322' title='bbox 1154 434 1188 462; x_wconf 89' lang='lat' dir='ltr'><strong>de</strong></span> <span class='ocrx_word' id='word_1_323' title='bbox 1210 435 1381 462; x_wconf 92' lang='lat' dir='ltr'><strong>multitudine</strong></span> <span class='ocrx_word' id='word_1_324' title='bbox 1398 435 1510 462; x_wconf 88' lang='lat' dir='ltr'><strong>deorum</strong></span> <span class='ocrx_word' id='word_1_325' title='bbox 1526 443 1613 468; x_wconf 87' lang='lat' dir='ltr'><strong>error,</strong></span> <span class='ocrx_word' id='word_1_326' title='bbox 1632 437 1678 464; x_wconf 88' lang='lat' dir='ltr'><strong>sed</strong></span> <span class='ocrx_word' id='word_1_327' title='bbox 1696 436 1724 464; x_wconf 91' lang='lat' dir='ltr'><strong>in</strong></span> <span class='ocrx_word' id='word_1_328' title='bbox 1740 437 1779 464; x_wconf 81' lang='lat' dir='ltr'><strong>al-</strong></span> 
     </span>
    </p>
   </div>
   <div class='ocr_carea' id='block_1_47' title="bbox 997 480 1781 517">
    <p class='ocr_par' dir='ltr' id='par_1_47' title="bbox 997 480 1781 517">
     <span class='ocr_line' id='line_1_47' title="bbox 997 480 1781 517; baseline 0.003 -9"><span class='ocrx_word' id='word_1_329' title='bbox 997 484 1053 508; x_wconf 88' lang='lat' dir='ltr'><strong>tam</strong></span> <span class='ocrx_word' id='word_1_330' title='bbox 1078 480 1259 514; x_wconf 79' lang='lat' dir='ltr'><strong>improbitatis</strong></span> <span class='ocrx_word' id='word_1_331' title='bbox 1274 481 1430 516; x_wconf 78' lang='lat' dir='ltr'><strong>voraginem</strong></span> <span class='ocrx_word' id='word_1_332' title='bbox 1447 486 1533 514; x_wconf 88' lang='lat' dir='ltr'><strong>actus,</strong></span> <span class='ocrx_word' id='word_1_333' title='bbox 1548 481 1713 517; x_wconf 79' lang='lat' dir='ltr'><strong>impietatem</strong></span> <span class='ocrx_word' id='word_1_334' title='bbox 1733 490 1781 517; x_wconf 85' lang='lat' dir='ltr'><strong>pe-</strong></span> 
     </span>
    </p>
   </div>
   <div class='ocr_carea' id='block_1_48' title="bbox 997 526 1782 564">
    <p class='ocr_par' dir='ltr' id='par_1_48' title="bbox 997 526 1782 564">
     <span class='ocr_line' id='line_1_48' title="bbox 997 526 1782 564; baseline 0.005 -12"><span class='ocrx_word' id='word_1_335' title='bbox 997 526 1068 561; x_wconf 85' lang='lat' dir='ltr'><strong>perit</strong></span> <span class='ocrx_word' id='word_1_336' title='bbox 1087 526 1146 561; x_wconf 89' lang='lat' dir='ltr'><strong>ipso</strong></span> <span class='ocrx_word' id='word_1_337' title='bbox 1163 533 1271 560; x_wconf 89' lang='lat' dir='ltr'><strong>quoque</strong></span> <span class='ocrx_word' id='word_1_338' title='bbox 1285 531 1386 561; x_wconf 74' lang='lat' dir='ltr'><strong>negata:</strong></span> <span class='ocrx_word' id='word_1_339' title='bbox 1402 526 1555 555; x_wconf 88' lang='lat' dir='ltr'><strong>Divinilatis</strong></span> <span class='ocrx_word' id='word_1_340' title='bbox 1567 528 1666 556; x_wconf 85' lang='lat' dir='ltr'><strong>scelere</strong></span> <span class='ocrx_word' id='word_1_341' title='bbox 1676 528 1782 564; x_wconf 71' lang='lat' dir='ltr'><strong>gravio-</strong></span> 
     </span>
    </p>
   </div>
   <div class='ocr_carea' id='block_1_49' title="bbox 996 571 1781 610">
    <p class='ocr_par' dir='ltr' id='par_1_49' title="bbox 996 571 1781 610">
     <span class='ocr_line' id='line_1_49' title="bbox 996 571 1781 610; baseline 0.005 -12"><span class='ocrx_word' id='word_1_342' title='bbox 996 579 1073 604; x_wconf 86' lang='lat' dir='ltr'><strong>rem;</strong></span> <span class='ocrx_word' id='word_1_343' title='bbox 1093 576 1174 606; x_wconf 87' lang='lat' dir='ltr'><strong>atque</strong></span> <span class='ocrx_word' id='word_1_344' title='bbox 1197 571 1278 605; x_wconf 76' lang='lat' dir='ltr'><strong>hujus</strong></span> <span class='ocrx_word' id='word_1_345' title='bbox 1299 571 1398 598; x_wconf 85' lang='lat' dir='ltr'><strong>erroris</strong></span> <span class='ocrx_word' id='word_1_346' title='bbox 1417 571 1558 601; x_wconf 79' lang='lat' dir='ltr'><strong>Phoenices</strong></span> <span class='ocrx_word' id='word_1_347' title='bbox 1575 581 1607 601; x_wconf 91' lang='lat' dir='ltr'><strong>ac</strong></span> <span class='ocrx_word' id='word_1_348' title='bbox 1623 575 1703 609; x_wconf 88' lang='lat' dir='ltr'><strong>paulo</strong></span> <span class='ocrx_word' id='word_1_349' title='bbox 1719 578 1781 610; x_wconf 77' lang='lat' dir='ltr'><strong>post</strong></span> 
     </span>
    </p>
   </div>
   <div class='ocr_carea' id='block_1_50' title="bbox 997 617 1781 653">
    <p class='ocr_par' dir='ltr' id='par_1_50' title="bbox 997 617 1781 653">
     <span class='ocr_line' id='line_1_50' title="bbox 997 617 1781 653; baseline 0.004 -8"><span class='ocrx_word' id='word_1_350' title='bbox 997 617 1126 653; x_wconf 62' lang='lat' dir='ltr'><strong>Egyptii,</strong></span> <span class='ocrx_word' id='word_1_351' title='bbox 1143 622 1267 646; x_wconf 79' lang='lat' dir='ltr'><strong>auctores</strong></span> <span class='ocrx_word' id='word_1_352' title='bbox 1289 617 1372 644; x_wconf 81' lang='lat' dir='ltr'><strong>fuere.</strong></span> <span class='ocrx_word' id='word_1_353' title='bbox 1393 617 1513 645; x_wconf 82' lang='lat' dir='ltr'><strong>Primum</strong></span> <span class='ocrx_word' id='word_1_354' title='bbox 1534 619 1605 646; x_wconf 87' lang='lat' dir='ltr'><strong>enim</strong></span> <span class='ocrx_word' id='word_1_355' title='bbox 1629 627 1661 647; x_wconf 77' lang='lat' dir='ltr'><strong>ex</strong></span> <span class='ocrx_word' id='word_1_356' title='bbox 1682 620 1716 648; x_wconf 90' lang='lat' dir='ltr'><strong>iis</strong></span> <span class='ocrx_word' id='word_1_357' title='bbox 1729 619 1781 647; x_wconf 78' lang='lat' dir='ltr'><strong>0r-</strong></span> 
     </span>
    </p>
   </div>
   <div class='ocr_carea' id='block_1_51' title="bbox 996 661 1781 697">
    <p class='ocr_par' dir='ltr' id='par_1_51' title="bbox 996 661 1781 697">
     <span class='ocr_line' id='line_1_51' title="bbox 996 661 1781 697; baseline 0.004 -8"><span class='ocrx_word' id='word_1_358' title='bbox 996 663 1094 697; x_wconf 92' lang='lat' dir='ltr'><strong>pheum</strong></span> <span class='ocrx_word' id='word_1_359' title='bbox 1106 667 1257 689; x_wconf 86' lang='lat' dir='ltr'><strong>memorant</strong></span> <span class='ocrx_word' id='word_1_360' title='bbox 1271 661 1368 697; x_wconf 76' lang='lat' dir='ltr'><strong>Hyagri</strong></span> <span class='ocrx_word' id='word_1_361' title='bbox 1387 663 1438 697; x_wconf 80' lang='grc'><strong>18</strong></span> <span class='ocrx_word' id='word_1_362' title='bbox 1450 662 1532 690; x_wconf 86' lang='lat' dir='ltr'><strong>lilium</strong></span> <span class='ocrx_word' id='word_1_363' title='bbox 1547 664 1676 691; x_wconf 87' lang='lat' dir='ltr'><strong>translata</strong></span> <span class='ocrx_word' id='word_1_364' title='bbox 1687 672 1781 693; x_wconf 82' lang='lat' dir='ltr'><strong>secum</strong></span> 
     </span>
    </p>
   </div>
   <div class='ocr_carea' id='block_1_52' title="bbox 996 707 1781 743">
    <p class='ocr_par' dir='ltr' id='par_1_52' title="bbox 996 707 1781 743">
     <span class='ocr_line' id='line_1_52' title="bbox 996 707 1781 743; baseline 0.004 -9"><span class='ocrx_word' id='word_1_365' title='bbox 996 707 1184 743; x_wconf 51' lang='lat' dir='ltr'><strong>Egy’ptiorum</strong></span> <span class='ocrx_word' id='word_1_366' title='bbox 1203 707 1329 742; x_wconf 87' lang='lat' dir='ltr'><strong>mysteria</strong></span> <span class='ocrx_word' id='word_1_367' title='bbox 1343 715 1403 734; x_wconf 93' lang='lat' dir='ltr'><strong>cum</strong></span> <span class='ocrx_word' id='word_1_368' title='bbox 1420 707 1520 735; x_wconf 62' lang='lat' dir='ltr'><strong>Gracis</strong></span> <span class='ocrx_word' id='word_1_369' title='bbox 1536 707 1690 737; x_wconf 86' lang='lat' dir='ltr'><strong>hominibus</strong></span> <span class='ocrx_word' id='word_1_370' title='bbox 1704 717 1781 737; x_wconf 62' lang='lat' dir='ltr'><strong>como</strong></span> 
     </span>
    </p>
   </div>
   <div class='ocr_carea' id='block_1_53' title="bbox 995 752 1780 789">
    <p class='ocr_par' dir='ltr' id='par_1_53' title="bbox 995 752 1780 789">
     <span class='ocr_line' id='line_1_53' title="bbox 995 752 1780 789; baseline 0.003 -9"><span class='ocrx_word' id='word_1_371' title='bbox 995 754 1165 786; x_wconf 86' lang='lat' dir='ltr'><strong>municasse;</strong></span> <span class='ocrx_word' id='word_1_372' title='bbox 1186 752 1345 780; x_wconf 72' lang='lat' dir='ltr'><strong>Phtenicum</strong></span> <span class='ocrx_word' id='word_1_373' title='bbox 1365 757 1454 779; x_wconf 82' lang='lat' dir='ltr'><strong>autent</strong></span> <span class='ocrx_word' id='word_1_374' title='bbox 1475 753 1616 788; x_wconf 81' lang='lat' dir='ltr'><strong>religiones</strong></span> <span class='ocrx_word' id='word_1_375' title='bbox 1633 755 1703 789; x_wconf 85' lang='lat' dir='ltr'><strong>apud</strong></span> <span class='ocrx_word' id='word_1_376' title='bbox 1718 762 1780 782; x_wconf 83' lang='lat' dir='ltr'><strong>cos-</strong></span> 
     </span>
    </p>
   </div>
   <div class='ocr_carea' id='block_1_54' title="bbox 996 798 1780 834">
    <p class='ocr_par' dir='ltr' id='par_1_54' title="bbox 996 798 1780 834">
     <span class='ocr_line' id='line_1_54' title="bbox 996 798 1780 834; baseline 0.003 -9"><span class='ocrx_word' id='word_1_377' title='bbox 996 798 1056 826; x_wconf 90' lang='lat' dir='ltr'><strong>dem</strong></span> <span class='ocrx_word' id='word_1_378' title='bbox 1078 806 1130 825; x_wconf 90' lang='lat' dir='ltr'><strong>una</strong></span> <span class='ocrx_word' id='word_1_379' title='bbox 1158 807 1219 825; x_wconf 89' lang='lat' dir='ltr'><strong>cum</strong></span> <span class='ocrx_word' id='word_1_380' title='bbox 1246 801 1366 833; x_wconf 85' lang='lat' dir='ltr'><strong>ipsarum</strong></span> <span class='ocrx_word' id='word_1_381' title='bbox 1394 798 1543 826; x_wconf 83' lang='lat' dir='ltr'><strong>litterarum</strong></span> <span class='ocrx_word' id='word_1_382' title='bbox 1568 800 1708 834; x_wconf 78' lang='lat' dir='ltr'><strong>disciplina</strong></span> <span class='ocrx_word' id='word_1_383' title='bbox 1727 799 1780 827; x_wconf 84' lang='lat' dir='ltr'><strong>Ca-</strong></span> 
     </span>
    </p>
   </div>
   <div class='ocr_carea' id='block_1_55' title="bbox 995 843 1780 879">
    <p class='ocr_par' dir='ltr' id='par_1_55' title="bbox 995 843 1780 879">
     <span class='ocr_line' id='line_1_55' title="bbox 995 843 1780 879; baseline 0 -8"><span class='ocrx_word' id='word_1_384' title='bbox 995 843 1087 871; x_wconf 91' lang='lat' dir='ltr'><strong>dmum</strong></span> <span class='ocrx_word' id='word_1_385' title='bbox 1111 843 1234 871; x_wconf 88' lang='lat' dir='ltr'><strong>intulisse</strong></span> <span class='ocrx_word' id='word_1_386' title='bbox 1249 853 1255 870; x_wconf 90' lang='lat'>:</span> <span class='ocrx_word' id='word_1_387' title='bbox 1270 851 1319 870; x_wconf 89' lang='lat' dir='ltr'><strong>nec</strong></span> <span class='ocrx_word' id='word_1_388' title='bbox 1339 843 1486 870; x_wconf 88' lang='lat' dir='ltr'><strong>litterarum</strong></span> <span class='ocrx_word' id='word_1_389' title='bbox 1502 851 1534 871; x_wconf 95' lang='lat' dir='ltr'><strong>eo</strong></span> <span class='ocrx_word' id='word_1_390' title='bbox 1552 843 1641 871; x_wconf 89' lang='lat' dir='ltr'><strong>adhuc</strong></span> <span class='ocrx_word' id='word_1_391' title='bbox 1660 849 1780 879; x_wconf 86' lang='lat' dir='ltr'><strong>tempore</strong></span> 
     </span>
    </p>
   </div>
   <div class='ocr_carea' id='block_1_56' title="bbox 997 881 1778 924">
    <p class='ocr_par' dir='ltr' id='par_1_56' title="bbox 997 881 1778 924">
     <span class='ocr_line' id='line_1_56' title="bbox 997 881 1778 924; baseline 0.001 -9"><span class='ocrx_word' id='word_1_392' title='bbox 997 893 1089 916; x_wconf 90' lang='lat' dir='ltr'><strong>notum</strong></span> <span class='ocrx_word' id='word_1_393' title='bbox 1108 888 1209 916; x_wconf 74' lang='lat' dir='ltr'><strong>Graecis</strong></span> <span class='ocrx_word' id='word_1_394' title='bbox 1234 895 1313 915; x_wconf 85' lang='lat' dir='ltr'><strong>usum</strong></span> <span class='ocrx_word' id='word_1_395' title='bbox 1335 887 1430 915; x_wconf 78' lang='lat' dir='ltr'><strong>fuisse.</strong></span> <span class='ocrx_word' id='word_1_396' title='bbox 1448 888 1503 916; x_wconf 87' lang='lat' dir='ltr'><strong>Nos</strong></span> <span class='ocrx_word' id='word_1_397' title='bbox 1524 888 1606 924; x_wconf 78' lang='lat' dir='ltr'><strong>igitur</strong></span> <span class='ocrx_word' id='word_1_398' title='bbox 1621 888 1648 915; x_wconf 88' lang='lat' dir='ltr'><strong>in</strong></span> <span class='ocrx_word' id='word_1_399' title='bbox 1673 881 1778 923; x_wconf 80' lang='lat' dir='ltr'><strong>primis,</strong></span> 
     </span>
    </p>
   </div>
   <div class='ocr_carea' id='block_1_57' title="bbox 961 923 1778 968">
    <p class='ocr_par' dir='ltr' id='par_1_57' title="bbox 961 923 1778 968">
     <span class='ocr_line' id='line_1_57' title="bbox 961 923 1778 968; baseline 0 -8"><span class='ocrx_word' id='word_1_400' title='bbox 961 923 982 950; x_wconf 74' lang='grc' dir='ltr'>Β</span> <span class='ocrx_word' id='word_1_401' title='bbox 996 942 1056 968; x_wconf 69' lang='lat' dir='ltr'><strong>qua:</strong></span> <span class='ocrx_word' id='word_1_402' title='bbox 1066 935 1097 961; x_wconf 88' lang='lat' dir='ltr'><strong>ad</strong></span> <span class='ocrx_word' id='word_1_403' title='bbox 1110 934 1223 968; x_wconf 84' lang='lat' dir='ltr'><strong>primam</strong></span> <span class='ocrx_word' id='word_1_404' title='bbox 1235 934 1308 960; x_wconf 88' lang='lat' dir='ltr'><strong>illam</strong></span> <span class='ocrx_word' id='word_1_405' title='bbox 1320 934 1413 960; x_wconf 88' lang='lat' dir='ltr'><strong>mundi</strong></span> <span class='ocrx_word' id='word_1_406' title='bbox 1428 923 1640 968; x_wconf 75' lang='lat' dir='ltr'><strong>procreationem</strong></span> <span class='ocrx_word' id='word_1_407' title='bbox 1654 939 1778 966; x_wconf 82' lang='lat' dir='ltr'><strong>attinent,</strong></span> 
     </span>
    </p>
   </div>
   <div class='ocr_carea' id='block_1_58' title="bbox 996 978 1780 1015">
    <p class='ocr_par' dir='ltr' id='par_1_58' title="bbox 996 978 1780 1015">
     <span class='ocr_line' id='line_1_58' title="bbox 996 978 1780 1015; baseline 0 -9"><span class='ocrx_word' id='word_1_408' title='bbox 996 987 1028 1007; x_wconf 93' lang='lat' dir='ltr'><strong>eo</strong></span> <span class='ocrx_word' id='word_1_409' title='bbox 1042 980 1119 1014; x_wconf 81' lang='lat' dir='ltr'><strong>plane</strong></span> <span class='ocrx_word' id='word_1_410' title='bbox 1132 979 1212 1006; x_wconf 89' lang='lat' dir='ltr'><strong>modo</strong></span> <span class='ocrx_word' id='word_1_411' title='bbox 1227 978 1421 1014; x_wconf 85' lang='lat' dir='ltr'><strong>spectabimus.</strong></span> <span class='ocrx_word' id='word_1_412' title='bbox 1441 986 1496 1014; x_wconf 90' lang='lat' dir='ltr'><strong>quo</strong></span> <span class='ocrx_word' id='word_1_413' title='bbox 1510 979 1611 1015; x_wconf 82' lang='lat' dir='ltr'><strong>vulgati</strong></span> <span class='ocrx_word' id='word_1_414' title='bbox 1624 979 1780 1014; x_wconf 88' lang='lat' dir='ltr'><strong>laudatique</strong></span> 
     </span>
    </p>
   </div>
   <div class='ocr_carea' id='block_1_59' title="bbox 996 1025 1780 1060">
    <p class='ocr_par' dir='ltr' id='par_1_59' title="bbox 996 1025 1780 1060">
     <span class='ocr_line' id='line_1_59' title="bbox 996 1025 1780 1060; baseline 0 -8"><span class='ocrx_word' id='word_1_415' title='bbox 996 1033 1011 1052; x_wconf 94' lang='lat' dir='ltr'><strong>a</strong></span> <span class='ocrx_word' id='word_1_416' title='bbox 1025 1025 1103 1052; x_wconf 92' lang='lat' dir='ltr'><strong>nobis</strong></span> <span class='ocrx_word' id='word_1_417' title='bbox 1118 1025 1263 1060; x_wconf 88' lang='lat' dir='ltr'><strong>scriptores</strong></span> <span class='ocrx_word' id='word_1_418' title='bbox 1276 1025 1309 1052; x_wconf 90' lang='lat' dir='ltr'><strong>de</strong></span> <span class='ocrx_word' id='word_1_419' title='bbox 1322 1025 1367 1052; x_wconf 84' lang='lat' dir='ltr'><strong>illa</strong></span> <span class='ocrx_word' id='word_1_420' title='bbox 1386 1025 1560 1060; x_wconf 88' lang='lat' dir='ltr'><strong>disputarunt</strong></span> <span class='ocrx_word' id='word_1_421' title='bbox 1574 1033 1582 1052; x_wconf 72' lang='grc' dir='ltr'><strong>τ</strong></span> <span class='ocrx_word' id='word_1_422' title='bbox 1599 1030 1654 1053; x_wconf 90' lang='lat' dir='ltr'><strong>tum</strong></span> <span class='ocrx_word' id='word_1_423' title='bbox 1671 1033 1732 1060; x_wconf 69' lang='lat' dir='ltr'><strong>qua:</strong></span> <span class='ocrx_word' id='word_1_424' title='bbox 1746 1025 1780 1052; x_wconf 87' lang='lat' dir='ltr'><strong>de</strong></span> 
     </span>
    </p>
   </div>
   <div class='ocr_carea' id='block_1_60' title="bbox 996 1070 1780 1106">
    <p class='ocr_par' dir='ltr' id='par_1_60' title="bbox 996 1070 1780 1106">
     <span class='ocr_line' id='line_1_60' title="bbox 996 1070 1780 1106; baseline 0.001 -10"><span class='ocrx_word' id='word_1_425' title='bbox 996 1070 1115 1105; x_wconf 76' lang='lat' dir='ltr'><strong>principe</strong></span> <span class='ocrx_word' id='word_1_426' title='bbox 1131 1078 1162 1097; x_wconf 88' lang='lat' dir='ltr'><strong>ac</strong></span> <span class='ocrx_word' id='word_1_427' title='bbox 1180 1070 1362 1097; x_wconf 84' lang='lat' dir='ltr'><strong>vetustissima</strong></span> <span class='ocrx_word' id='word_1_428' title='bbox 1381 1071 1488 1105; x_wconf 79' lang='lat' dir='ltr'><strong>generis</strong></span> <span class='ocrx_word' id='word_1_429' title='bbox 1517 1071 1630 1097; x_wconf 83' lang='lat' dir='ltr'><strong>humani</strong></span> <span class='ocrx_word' id='word_1_430' title='bbox 1647 1070 1780 1106; x_wconf 89' lang='lat' dir='ltr'><strong>supersti-</strong></span> 
     </span>
    </p>
   </div>
   <div class='ocr_carea' id='block_1_61' title="bbox 996 1115 1781 1151">
    <p class='ocr_par' dir='ltr' id='par_1_61' title="bbox 996 1115 1781 1151">
     <span class='ocr_line' id='line_1_61' title="bbox 996 1115 1781 1151; baseline 0 -8"><span class='ocrx_word' id='word_1_431' title='bbox 996 1117 1069 1143; x_wconf 85' lang='lat' dir='ltr'><strong>tione</strong></span> <span class='ocrx_word' id='word_1_432' title='bbox 1096 1115 1292 1150; x_wconf 85' lang='lat' dir='ltr'><strong>prodiderunt:</strong></span> <span class='ocrx_word' id='word_1_433' title='bbox 1312 1116 1420 1142; x_wconf 86' lang='lat' dir='ltr'><strong>tertium</strong></span> <span class='ocrx_word' id='word_1_434' title='bbox 1446 1123 1511 1143; x_wconf 83' lang='lat' dir='ltr'><strong>vero</strong></span> <span class='ocrx_word' id='word_1_435' title='bbox 1537 1116 1628 1143; x_wconf 87' lang='lat' dir='ltr'><strong>locum</strong></span> <span class='ocrx_word' id='word_1_436' title='bbox 1651 1116 1695 1148; x_wconf 87' lang='lat' dir='ltr'><strong>iis,</strong></span> <span class='ocrx_word' id='word_1_437' title='bbox 1719 1123 1781 1151; x_wconf 55' lang='lat' dir='ltr'><strong>quae.</strong></span> 
     </span>
    </p>
   </div>
   <div class='ocr_carea' id='block_1_62' title="bbox 996 1161 1780 1196">
    <p class='ocr_par' dir='ltr' id='par_1_62' title="bbox 996 1161 1780 1196">
     <span class='ocr_line' id='line_1_62' title="bbox 996 1161 1780 1196; baseline 0 -8"><span class='ocrx_word' id='word_1_438' title='bbox 996 1161 1148 1192; x_wconf 75' lang='lat' dir='ltr'><strong>Phoenices,</strong></span> <span class='ocrx_word' id='word_1_439' title='bbox 1165 1166 1292 1195; x_wconf 88' lang='lat' dir='ltr'><strong>quartum</strong></span> <span class='ocrx_word' id='word_1_440' title='bbox 1312 1161 1356 1193; x_wconf 83' lang='lat' dir='ltr'><strong>iis,</strong></span> <span class='ocrx_word' id='word_1_441' title='bbox 1374 1169 1433 1196; x_wconf 68' lang='lat' dir='ltr'><strong>qua:</strong></span> <span class='ocrx_word' id='word_1_442' title='bbox 1453 1161 1572 1196; x_wconf 69' lang='lat' dir='ltr'><strong>Egyptii</strong></span> <span class='ocrx_word' id='word_1_443' title='bbox 1586 1162 1714 1194; x_wconf 84' lang='lat' dir='ltr'><strong>docuere,</strong></span> <span class='ocrx_word' id='word_1_444' title='bbox 1731 1161 1780 1188; x_wconf 45' lang='lat' dir='ltr'><strong>tri‘</strong></span> 
     </span>
    </p>
   </div>
   <div class='ocr_carea' id='block_1_63' title="bbox 996 1206 1778 1242">
    <p class='ocr_par' dir='ltr' id='par_1_63' title="bbox 996 1206 1778 1242">
     <span class='ocr_line' id='line_1_63' title="bbox 996 1206 1778 1242; baseline -0.001 -8"><span class='ocrx_word' id='word_1_445' title='bbox 996 1207 1124 1239; x_wconf 85' lang='lat' dir='ltr'><strong>huemus;</strong></span> <span class='ocrx_word' id='word_1_446' title='bbox 1134 1207 1228 1242; x_wconf 89' lang='lat' dir='ltr'><strong>quinto</strong></span> <span class='ocrx_word' id='word_1_447' title='bbox 1238 1211 1338 1239; x_wconf 80' lang='lat' dir='ltr'><strong>autem,</strong></span> <span class='ocrx_word' id='word_1_448' title='bbox 1348 1215 1408 1242; x_wconf 72' lang='lat' dir='ltr'><strong>qua:</strong></span> <span class='ocrx_word' id='word_1_449' title='bbox 1417 1206 1572 1234; x_wconf 81' lang='lat' dir='ltr'><strong>Graecorum</strong></span> <span class='ocrx_word' id='word_1_450' title='bbox 1582 1208 1690 1241; x_wconf 89' lang='lat' dir='ltr'><strong>propria</strong></span> <span class='ocrx_word' id='word_1_451' title='bbox 1704 1211 1778 1238; x_wconf 84' lang='lat' dir='ltr'><strong>sunt,</strong></span> 
     </span>
    </p>
   </div>
   <div class='ocr_carea' id='block_1_64' title="bbox 995 1251 1778 1287">
    <p class='ocr_par' dir='ltr' id='par_1_64' title="bbox 995 1251 1778 1287">
     <span class='ocr_line' id='line_1_64' title="bbox 995 1251 1778 1287; baseline -0.001 -8"><span class='ocrx_word' id='word_1_452' title='bbox 995 1252 1032 1279; x_wconf 86' lang='lat' dir='ltr'><strong>ita</strong></span> <span class='ocrx_word' id='word_1_453' title='bbox 1048 1252 1211 1285; x_wconf 82' lang='lat' dir='ltr'><strong>diridemus,</strong></span> <span class='ocrx_word' id='word_1_454' title='bbox 1225 1257 1253 1279; x_wconf 95' lang='lat' dir='ltr'><strong>ut</strong></span> <span class='ocrx_word' id='word_1_455' title='bbox 1264 1252 1380 1287; x_wconf 90' lang='lat' dir='ltr'><strong>primum</strong></span> <span class='ocrx_word' id='word_1_456' title='bbox 1394 1252 1503 1287; x_wconf 90' lang='lat' dir='ltr'><strong>quidem</strong></span> <span class='ocrx_word' id='word_1_457' title='bbox 1520 1252 1641 1286; x_wconf 92' lang='lat' dir='ltr'><strong>priscum</strong></span> <span class='ocrx_word' id='word_1_458' title='bbox 1653 1251 1734 1278; x_wconf 89' lang='lat' dir='ltr'><strong>etiam</strong></span> <span class='ocrx_word' id='word_1_459' title='bbox 1744 1251 1778 1278; x_wconf 92' lang='lat' dir='ltr'><strong>il-</strong></span> 
     </span>
    </p>
   </div>
   <div class='ocr_carea' id='block_1_65' title="bbox 994 1296 1777 1332">
    <p class='ocr_par' dir='ltr' id='par_1_65' title="bbox 994 1296 1777 1332">
     <span class='ocr_line' id='line_1_65' title="bbox 994 1296 1777 1332; baseline -0.001 -9"><span class='ocrx_word' id='word_1_460' title='bbox 994 1297 1083 1324; x_wconf 92' lang='lat' dir='ltr'><strong>lorum</strong></span> <span class='ocrx_word' id='word_1_461' title='bbox 1111 1297 1288 1332; x_wconf 85' lang='lat' dir='ltr'><strong>pluribusque</strong></span> <span class='ocrx_word' id='word_1_462' title='bbox 1311 1296 1409 1324; x_wconf 78' lang='lat' dir='ltr'><strong>fabulis</strong></span> <span class='ocrx_word' id='word_1_463' title='bbox 1434 1296 1601 1331; x_wconf 89' lang='lat' dir='ltr'><strong>implicatum</strong></span> <span class='ocrx_word' id='word_1_464' title='bbox 1631 1302 1751 1322; x_wconf 89' lang='lat' dir='ltr'><strong>errorem</strong></span> <span class='ocrx_word' id='word_1_465' title='bbox 1769 1315 1777 1327; x_wconf 87' lang='lat'><strong>,</strong></span> 
     </span>
    </p>
   </div>
   <div class='ocr_carea' id='block_1_66' title="bbox 994 1341 1778 1377">
    <p class='ocr_par' dir='ltr' id='par_1_66' title="bbox 994 1341 1778 1377">
     <span class='ocr_line' id='line_1_66' title="bbox 994 1341 1778 1377; baseline -0.004 -7"><span class='ocrx_word' id='word_1_466' title='bbox 994 1343 1091 1371; x_wconf 82' lang='lat' dir='ltr'><strong>deinde</strong></span> <span class='ocrx_word' id='word_1_467' title='bbox 1111 1343 1190 1377; x_wconf 91' lang='lat' dir='ltr'><strong>paulo</strong></span> <span class='ocrx_word' id='word_1_468' title='bbox 1206 1343 1355 1377; x_wconf 82' lang='lat' dir='ltr'><strong>graviorem</strong></span> <span class='ocrx_word' id='word_1_469' title='bbox 1380 1342 1519 1377; x_wconf 81' lang='lat' dir='ltr'><strong>magisque</strong></span> <span class='ocrx_word' id='word_1_470' title='bbox 1541 1341 1608 1369; x_wconf 86' lang='lat' dir='ltr'><strong>adeo</strong></span> <span class='ocrx_word' id='word_1_471' title='bbox 1628 1348 1689 1368; x_wconf 91' lang='lat' dir='ltr'><strong>cum</strong></span> <span class='ocrx_word' id='word_1_472' title='bbox 1705 1341 1778 1376; x_wconf 80' lang='lat' dir='ltr'><strong>ipsa-</strong></span> 
     </span>
    </p>
   </div>
   <div class='ocr_carea' id='block_1_67' title="bbox 994 1386 1777 1422">
    <p class='ocr_par' dir='ltr' id='par_1_67' title="bbox 994 1386 1777 1422">
     <span class='ocr_line' id='line_1_67' title="bbox 994 1386 1777 1422; baseline -0.003 -7"><span class='ocrx_word' id='word_1_473' title='bbox 994 1393 1050 1415; x_wconf 88' lang='lat' dir='ltr'><strong>met</strong></span> <span class='ocrx_word' id='word_1_474' title='bbox 1079 1393 1174 1415; x_wconf 88' lang='lat' dir='ltr'><strong>natura</strong></span> <span class='ocrx_word' id='word_1_475' title='bbox 1204 1388 1377 1422; x_wconf 85' lang='lat' dir='ltr'><strong>conjunctam</strong></span> <span class='ocrx_word' id='word_1_476' title='bbox 1404 1386 1613 1422; x_wconf 87' lang='lat' dir='ltr'><strong>philosophandi</strong></span> <span class='ocrx_word' id='word_1_477' title='bbox 1643 1387 1777 1414; x_wconf 86' lang='lat' dir='ltr'><strong>rationem</strong></span> 
     </span>
    </p>
   </div>
   <div class='ocr_carea' id='block_1_68' title="bbox 994 1432 1778 1468">
    <p class='ocr_par' dir='ltr' id='par_1_68' title="bbox 994 1432 1778 1468">
     <span class='ocr_line' id='line_1_68' title="bbox 994 1432 1778 1468; baseline -0.004 -7"><span class='ocrx_word' id='word_1_478' title='bbox 994 1434 1224 1468; x_wconf 85' lang='lat' dir='ltr'><strong>contemplemur;</strong></span> <span class='ocrx_word' id='word_1_479' title='bbox 1241 1438 1297 1460; x_wconf 90' lang='lat' dir='ltr'><strong>tum</strong></span> <span class='ocrx_word' id='word_1_480' title='bbox 1312 1440 1377 1460; x_wconf 89' lang='lat' dir='ltr'><strong>vero</strong></span> <span class='ocrx_word' id='word_1_481' title='bbox 1391 1432 1423 1459; x_wconf 88' lang='lat' dir='ltr'><strong>de</strong></span> <span class='ocrx_word' id='word_1_482' title='bbox 1443 1432 1559 1468; x_wconf 76' lang='lat' dir='ltr'><strong>egregiis</strong></span> <span class='ocrx_word' id='word_1_483' title='bbox 1575 1433 1696 1467; x_wconf 85' lang='lat' dir='ltr'><strong>ipsorum</strong></span> <span class='ocrx_word' id='word_1_484' title='bbox 1713 1439 1778 1459; x_wconf 85' lang='lat' dir='ltr'><strong>ora-</strong></span> 
     </span>
    </p>
   </div>
   <div class='ocr_carea' id='block_1_69' title="bbox 994 1478 1776 1514">
    <p class='ocr_par' dir='ltr' id='par_1_69' title="bbox 994 1478 1776 1514">
     <span class='ocr_line' id='line_1_69' title="bbox 994 1478 1776 1514; baseline -0.005 -6"><span class='ocrx_word' id='word_1_485' title='bbox 994 1480 1063 1508; x_wconf 86' lang='lat' dir='ltr'><strong>culis</strong></span> <span class='ocrx_word' id='word_1_486' title='bbox 1093 1479 1300 1514; x_wconf 88' lang='lat' dir='ltr'><strong>disputationcm</strong></span> <span class='ocrx_word' id='word_1_487' title='bbox 1323 1486 1541 1513; x_wconf 89' lang='lat' dir='ltr'><strong>persequamur:</strong></span> <span class='ocrx_word' id='word_1_488' title='bbox 1564 1478 1596 1505; x_wconf 85' lang='lat' dir='ltr'><strong>ad</strong></span> <span class='ocrx_word' id='word_1_489' title='bbox 1623 1481 1776 1505; x_wconf 82' lang='lat' dir='ltr'><strong>extremum</strong></span> 
     </span>
    </p>
   </div>
   <div class='ocr_carea' id='block_1_70' title="bbox 994 1523 1779 1561">
    <p class='ocr_par' dir='ltr' id='par_1_70' title="bbox 994 1523 1779 1561">
     <span class='ocr_line' id='line_1_70' title="bbox 994 1523 1779 1561; baseline -0.004 -8"><span class='ocrx_word' id='word_1_490' title='bbox 994 1525 1156 1561; x_wconf 74' lang='lat' dir='ltr'><strong>gravissima</strong></span> <span class='ocrx_word' id='word_1_491' title='bbox 1179 1532 1293 1559; x_wconf 70' lang='lat' dir='ltr'><strong>quaeque</strong></span> <span class='ocrx_word' id='word_1_492' title='bbox 1322 1524 1458 1552; x_wconf 67' lang='lat' dir='ltr'><strong>praeclarae</strong></span> <span class='ocrx_word' id='word_1_493' title='bbox 1488 1524 1644 1551; x_wconf 68' lang='lat' dir='ltr'><strong>Grtecorum</strong></span> <span class='ocrx_word' id='word_1_494' title='bbox 1659 1523 1779 1559; x_wconf 86' lang='lat' dir='ltr'><strong>philoso-</strong></span> 
     </span>
    </p>
   </div>
   <div class='ocr_carea' id='block_1_71' title="bbox 994 1568 1779 1605">
    <p class='ocr_par' dir='ltr' id='par_1_71' title="bbox 994 1568 1779 1605">
     <span class='ocr_line' id='line_1_71' title="bbox 994 1568 1779 1605; baseline -0.001 -8"><span class='ocrx_word' id='word_1_495' title='bbox 994 1570 1064 1605; x_wconf 67' lang='lat' dir='ltr'><strong>phiae</strong></span> <span class='ocrx_word' id='word_1_496' title='bbox 1077 1574 1212 1597; x_wconf 89' lang='lat' dir='ltr'><strong>momenta</strong></span> <span class='ocrx_word' id='word_1_497' title='bbox 1225 1569 1414 1603; x_wconf 90' lang='lat' dir='ltr'><strong>ponderemus.</strong></span> <span class='ocrx_word' id='word_1_498' title='bbox 1431 1568 1489 1596; x_wconf 83' lang='lat' dir='ltr'><strong>Jam</strong></span> <span class='ocrx_word' id='word_1_499' title='bbox 1505 1569 1549 1596; x_wconf 91' lang='lat' dir='ltr'><strong>ubi</strong></span> <span class='ocrx_word' id='word_1_500' title='bbox 1564 1569 1622 1596; x_wconf 76' lang='lat' dir='ltr'><strong>haec</strong></span> <span class='ocrx_word' id='word_1_501' title='bbox 1633 1569 1724 1596; x_wconf 89' lang='lat' dir='ltr'><strong>omnia</strong></span> <span class='ocrx_word' id='word_1_502' title='bbox 1737 1569 1779 1596; x_wconf 84' lang='lat' dir='ltr'><strong>di-</strong></span> 
     </span>
    </p>
   </div>
   <div class='ocr_carea' id='block_1_72' title="bbox 997 1614 1777 1651">
    <p class='ocr_par' dir='ltr' id='par_1_72' title="bbox 997 1614 1777 1651">
     <span class='ocr_line' id='line_1_72' title="bbox 997 1614 1777 1651; baseline -0.001 -8"><span class='ocrx_word' id='word_1_503' title='bbox 997 1616 1109 1651; x_wconf 80' lang='lat' dir='ltr'><strong>ligenter</strong></span> <span class='ocrx_word' id='word_1_504' title='bbox 1124 1620 1150 1642; x_wconf 90' lang='lat' dir='ltr'><strong>et</strong></span> <span class='ocrx_word' id='word_1_505' title='bbox 1163 1615 1301 1642; x_wconf 82' lang='lat' dir='ltr'><strong>enucleate</strong></span> <span class='ocrx_word' id='word_1_506' title='bbox 1313 1614 1532 1647; x_wconf 82' lang='lat' dir='ltr'><strong>discusserimus,</strong></span> <span class='ocrx_word' id='word_1_507' title='bbox 1551 1614 1584 1642; x_wconf 87' lang='lat' dir='ltr'><strong>ad</strong></span> <span class='ocrx_word' id='word_1_508' title='bbox 1603 1614 1777 1642; x_wconf 67' lang='lat' dir='ltr'><strong>Hebraeorum</strong></span> 
     </span>
    </p>
   </div>
   <div class='ocr_carea' id='block_1_73' title="bbox 996 1660 1779 1698">
    <p class='ocr_par' dir='ltr' id='par_1_73' title="bbox 996 1660 1779 1698">
     <span class='ocr_line' id='line_1_73' title="bbox 996 1660 1779 1698; baseline -0.001 -8"><span class='ocrx_word' id='word_1_509' title='bbox 996 1671 1047 1691; x_wconf 92' lang='lat' dir='ltr'><strong>nos</strong></span> <span class='ocrx_word' id='word_1_510' title='bbox 1066 1663 1190 1698; x_wconf 77' lang='lat' dir='ltr'><strong>dogmata</strong></span> <span class='ocrx_word' id='word_1_511' title='bbox 1214 1661 1394 1693; x_wconf 78' lang='lat' dir='ltr'><strong>conferemus,</strong></span> <span class='ocrx_word' id='word_1_512' title='bbox 1406 1668 1501 1688; x_wconf 87' lang='lat' dir='ltr'><strong>eorum</strong></span> <span class='ocrx_word' id='word_1_513' title='bbox 1518 1661 1628 1696; x_wconf 92' lang='lat' dir='ltr'><strong>inquam</strong></span> <span class='ocrx_word' id='word_1_514' title='bbox 1649 1660 1779 1689; x_wconf 64' lang='lat' dir='ltr'><strong>Hebraeo-</strong></span> 
     </span>
    </p>
   </div>
   <div class='ocr_carea' id='block_1_74' title="bbox 996 1706 1777 1743">
    <p class='ocr_par' dir='ltr' id='par_1_74' title="bbox 996 1706 1777 1743">
     <span class='ocr_line' id='line_1_74' title="bbox 996 1706 1777 1743; baseline -0.004 -7"><span class='ocrx_word' id='word_1_515' title='bbox 996 1717 1068 1741; x_wconf 89' lang='lat' dir='ltr'><strong>rum,</strong></span> <span class='ocrx_word' id='word_1_516' title='bbox 1092 1709 1138 1743; x_wconf 92' lang='lat' dir='ltr'><strong>qui</strong></span> <span class='ocrx_word' id='word_1_517' title='bbox 1163 1707 1240 1743; x_wconf 87' lang='lat' dir='ltr'><strong>primi</strong></span> <span class='ocrx_word' id='word_1_518' title='bbox 1265 1715 1296 1735; x_wconf 91' lang='lat' dir='ltr'><strong>ac</strong></span> <span class='ocrx_word' id='word_1_519' title='bbox 1312 1715 1376 1735; x_wconf 88' lang='lat' dir='ltr'><strong>vere</strong></span> <span class='ocrx_word' id='word_1_520' title='bbox 1391 1707 1443 1734; x_wconf 92' lang='lat' dir='ltr'><strong>hoc</strong></span> <span class='ocrx_word' id='word_1_521' title='bbox 1458 1706 1568 1734; x_wconf 89' lang='lat' dir='ltr'><strong>nomine</strong></span> <span class='ocrx_word' id='word_1_522' title='bbox 1586 1706 1777 1741; x_wconf 87' lang='lat' dir='ltr'><strong>censebantur,</strong></span> 
     </span>
    </p>
   </div>
   <div class='ocr_carea' id='block_1_75' title="bbox 996 1753 1776 1790">
    <p class='ocr_par' dir='ltr' id='par_1_75' title="bbox 996 1753 1776 1790">
     <span class='ocr_line' id='line_1_75' title="bbox 996 1753 1776 1790; baseline -0.001 -9"><span class='ocrx_word' id='word_1_523' title='bbox 996 1755 1098 1790; x_wconf 88' lang='lat' dir='ltr'><strong>quique</strong></span> <span class='ocrx_word' id='word_1_524' title='bbox 1113 1753 1266 1781; x_wconf 81' lang='lat' dir='ltr'><strong>Judaeorum</strong></span> <span class='ocrx_word' id='word_1_525' title='bbox 1289 1753 1494 1788; x_wconf 87' lang='lat' dir='ltr'><strong>appellationem</strong></span> <span class='ocrx_word' id='word_1_526' title='bbox 1511 1757 1604 1788; x_wconf 87' lang='lat' dir='ltr'><strong>postea</strong></span> <span class='ocrx_word' id='word_1_527' title='bbox 1618 1753 1687 1780; x_wconf 85' lang='lat' dir='ltr'><strong>nacti</strong></span> <span class='ocrx_word' id='word_1_528' title='bbox 1702 1757 1776 1780; x_wconf 90' lang='lat' dir='ltr'><strong>sunt.</strong></span> 
     </span>
    </p>
   </div>
   <div class='ocr_carea' id='block_1_76' title="bbox 996 1798 1778 1834">
    <p class='ocr_par' dir='ltr' id='par_1_76' title="bbox 996 1798 1778 1834">
     <span class='ocr_line' id='line_1_76' title="bbox 996 1798 1778 1834; baseline -0.003 -7"><span class='ocrx_word' id='word_1_529' title='bbox 996 1800 1099 1833; x_wconf 85' lang='lat' dir='ltr'><strong>Quibus</strong></span> <span class='ocrx_word' id='word_1_530' title='bbox 1111 1799 1237 1827; x_wconf 88' lang='lat' dir='ltr'><strong>omnibus</strong></span> <span class='ocrx_word' id='word_1_531' title='bbox 1249 1804 1404 1827; x_wconf 90' lang='lat' dir='ltr'><strong>nostrorum</strong></span> <span class='ocrx_word' id='word_1_532' title='bbox 1419 1799 1534 1834; x_wconf 91' lang='lat' dir='ltr'><strong>denique</strong></span> <span class='ocrx_word' id='word_1_533' title='bbox 1545 1799 1647 1826; x_wconf 87' lang='lat' dir='ltr'><strong>rituum</strong></span> <span class='ocrx_word' id='word_1_534' title='bbox 1658 1798 1778 1833; x_wconf 74' lang='lat' dir='ltr'><strong>explica-</strong></span> 
     </span>
    </p>
   </div>
   <div class='ocr_carea' id='block_1_77' title="bbox 994 1844 1775 1881">
    <p class='ocr_par' dir='ltr' id='par_1_77' title="bbox 994 1844 1775 1881">
     <span class='ocr_line' id='line_1_77' title="bbox 994 1844 1775 1881; baseline -0.003 -8"><span class='ocrx_word' id='word_1_535' title='bbox 994 1847 1106 1878; x_wconf 82' lang='lat' dir='ltr'><strong>tionem,</strong></span> <span class='ocrx_word' id='word_1_536' title='bbox 1123 1846 1162 1874; x_wconf 88' lang='lat' dir='ltr'><strong>sic</strong></span> <span class='ocrx_word' id='word_1_537' title='bbox 1176 1851 1304 1880; x_wconf 82' lang='lat' dir='ltr'><strong>tanquam</strong></span> <span class='ocrx_word' id='word_1_538' title='bbox 1321 1846 1438 1881; x_wconf 80' lang='lat' dir='ltr'><strong>sigillum</strong></span> <span class='ocrx_word' id='word_1_539' title='bbox 1463 1844 1573 1880; x_wconf 87' lang='lat' dir='ltr'><strong>aliquod</strong></span> <span class='ocrx_word' id='word_1_540' title='bbox 1593 1844 1775 1879; x_wconf 88' lang='lat' dir='ltr'><strong>imponemus.</strong></span> 
     </span>
    </p>
   </div>
   <div class='ocr_carea' id='block_1_78' title="bbox 994 1889 1777 1926">
    <p class='ocr_par' dir='ltr' id='par_1_78' title="bbox 994 1889 1777 1926">
     <span class='ocr_line' id='line_1_78' title="bbox 994 1889 1777 1926; baseline -0.004 -7"><span class='ocrx_word' id='word_1_541' title='bbox 994 1891 1128 1920; x_wconf 59' lang='lat' dir='ltr'><strong>Caeterum</strong></span> <span class='ocrx_word' id='word_1_542' title='bbox 1147 1891 1179 1918; x_wconf 93' lang='lat' dir='ltr'><strong>ad</strong></span> <span class='ocrx_word' id='word_1_543' title='bbox 1201 1892 1390 1926; x_wconf 84' lang='lat' dir='ltr'><strong>pertexendam</strong></span> <span class='ocrx_word' id='word_1_544' title='bbox 1412 1892 1526 1919; x_wconf 89' lang='lat' dir='ltr'><strong>istorum</strong></span> <span class='ocrx_word' id='word_1_545' title='bbox 1548 1890 1669 1917; x_wconf 91' lang='lat' dir='ltr'><strong>omnium</strong></span> <span class='ocrx_word' id='word_1_546' title='bbox 1690 1889 1777 1917; x_wconf 88' lang='lat' dir='ltr'><strong>histo-</strong></span> 
     </span>
    </p>
   </div>
   <div class='ocr_carea' id='block_1_79' title="bbox 994 1934 1776 1972">
    <p class='ocr_par' dir='ltr' id='par_1_79' title="bbox 994 1934 1776 1972">
     <span class='ocr_line' id='line_1_79' title="bbox 994 1934 1776 1972; baseline -0.005 -7"><span class='ocrx_word' id='word_1_547' title='bbox 994 1938 1064 1965; x_wconf 87' lang='lat' dir='ltr'><strong>riam</strong></span> <span class='ocrx_word' id='word_1_548' title='bbox 1081 1937 1241 1965; x_wconf 86' lang='lat' dir='ltr'><strong>ncccssitate</strong></span> <span class='ocrx_word' id='word_1_549' title='bbox 1260 1937 1376 1972; x_wconf 86' lang='lat' dir='ltr'><strong>quadam</strong></span> <span class='ocrx_word' id='word_1_550' title='bbox 1397 1937 1572 1968; x_wconf 88' lang='lat' dir='ltr'><strong>adducimur;</strong></span> <span class='ocrx_word' id='word_1_551' title='bbox 1591 1939 1620 1962; x_wconf 94' lang='lat' dir='ltr'><strong>ut</strong></span> <span class='ocrx_word' id='word_1_552' title='bbox 1632 1935 1665 1962; x_wconf 90' lang='lat' dir='ltr'><strong>iis</strong></span> <span class='ocrx_word' id='word_1_553' title='bbox 1676 1942 1737 1970; x_wconf 67' lang='lat' dir='ltr'><strong>qua:</strong></span> <span class='ocrx_word' id='word_1_554' title='bbox 1747 1934 1776 1961; x_wconf 91' lang='lat' dir='ltr'><strong>in</strong></span> 
     </span>
    </p>
   </div>
   <div class='ocr_carea' id='block_1_80' title="bbox 995 1980 1774 2018">
    <p class='ocr_par' dir='ltr' id='par_1_80' title="bbox 995 1980 1774 2018">
     <span class='ocr_line' id='line_1_80' title="bbox 995 1980 1774 2018; baseline -0.005 -9"><span class='ocrx_word' id='word_1_555' title='bbox 995 1983 1114 2018; x_wconf 88' lang='lat' dir='ltr'><strong>qualibet</strong></span> <span class='ocrx_word' id='word_1_556' title='bbox 1124 1983 1254 2017; x_wconf 68' lang='lat' dir='ltr'><strong>religione</strong></span> <span class='ocrx_word' id='word_1_557' title='bbox 1268 1982 1398 2017; x_wconf 84' lang='lat' dir='ltr'><strong>primaria</strong></span> <span class='ocrx_word' id='word_1_558' title='bbox 1409 1981 1562 2016; x_wconf 82' lang='lat' dir='ltr'><strong>eximiaque</strong></span> <span class='ocrx_word' id='word_1_559' title='bbox 1578 1980 1662 2008; x_wconf 84' lang='lat' dir='ltr'><strong>videri</strong></span> <span class='ocrx_word' id='word_1_560' title='bbox 1676 1980 1774 2012; x_wconf 79' lang='lat' dir='ltr'><strong>solent,</strong></span> 
     </span>
    </p>
   </div>
   <div class='ocr_carea' id='block_1_81' title="bbox 159 2027 1776 2064">
    <p class='ocr_par' dir='ltr' id='par_1_81' title="bbox 159 2027 1776 2064">
     <span class='ocr_line' id='line_1_81' title="bbox 159 2027 1776 2064; baseline -0.001 -10"><span class='ocrx_word' id='word_1_561' title='bbox 159 2027 188 2055; x_wconf 87' lang='lat' dir='ltr'><strong>in</strong></span> <span class='ocrx_word' id='word_1_562' title='bbox 202 2028 326 2055; x_wconf 89' lang='lat' dir='ltr'><strong>omnium</strong></span> <span class='ocrx_word' id='word_1_563' title='bbox 339 2028 399 2056; x_wconf 90' lang='lat' dir='ltr'><strong>luce</strong></span> <span class='ocrx_word' id='word_1_564' title='bbox 412 2029 518 2064; x_wconf 87' lang='lat' dir='ltr'><strong>positis,</strong></span> <span class='ocrx_word' id='word_1_565' title='bbox 531 2030 616 2064; x_wconf 89' lang='lat' dir='ltr'><strong>ipsius</strong></span> <span class='ocrx_word' id='word_1_566' title='bbox 627 2030 748 2058; x_wconf 86' lang='lat' dir='ltr'><strong>veritatis</strong></span> <span class='ocrx_word' id='word_1_567' title='bbox 778 2031 847 2058; x_wconf 82' lang='lat' dir='ltr'><strong>ratio</strong></span> <span class='ocrx_word' id='word_1_568' title='bbox 863 2030 962 2058; x_wconf 86' lang='lat' dir='ltr'><strong>clarius</strong></span> <span class='ocrx_word' id='word_1_569' title='bbox 980 2030 1143 2062; x_wconf 84' lang='lat' dir='ltr'><strong>deprehendi</strong></span> <span class='ocrx_word' id='word_1_570' title='bbox 1167 2030 1321 2064; x_wconf 86' lang='lat' dir='ltr'><strong>certiusque</strong></span> <span class='ocrx_word' id='word_1_571' title='bbox 1346 2029 1443 2064; x_wconf 86' lang='lat' dir='ltr'><strong>possit,</strong></span> <span class='ocrx_word' id='word_1_572' title='bbox 1467 2029 1588 2062; x_wconf 79' lang='lat' dir='ltr'><strong>adeoque</strong></span> <span class='ocrx_word' id='word_1_573' title='bbox 1608 2034 1687 2054; x_wconf 85' lang='lat' dir='ltr'><strong>nemo</strong></span> <span class='ocrx_word' id='word_1_574' title='bbox 1721 2033 1776 2053; x_wconf 81' lang='lat' dir='ltr'><strong>non</strong></span> 
     </span>
    </p>
   </div>
   <div class='ocr_carea' id='block_1_82' title="bbox 159 2074 1776 2113">
    <p class='ocr_par' dir='ltr' id='par_1_82' title="bbox 159 2074 1776 2113">
     <span class='ocr_line' id='line_1_82' title="bbox 159 2074 1776 2113; baseline -0.001 -11"><span class='ocrx_word' id='word_1_575' title='bbox 159 2075 301 2111; x_wconf 77' lang='lat' dir='ltr'><strong>intelligat,</strong></span> <span class='ocrx_word' id='word_1_576' title='bbox 314 2076 361 2111; x_wconf 91' lang='lat' dir='ltr'><strong>qui</strong></span> <span class='ocrx_word' id='word_1_577' title='bbox 382 2077 462 2103; x_wconf 90' lang='lat' dir='ltr'><strong>modo</strong></span> <span class='ocrx_word' id='word_1_578' title='bbox 478 2077 562 2104; x_wconf 86' lang='lat' dir='ltr'><strong>libros</strong></span> <span class='ocrx_word' id='word_1_579' title='bbox 577 2077 658 2105; x_wconf 90' lang='lat' dir='ltr'><strong>hosce</strong></span> <span class='ocrx_word' id='word_1_580' title='bbox 672 2078 782 2113; x_wconf 86' lang='lat' dir='ltr'><strong>legerit,</strong></span> <span class='ocrx_word' id='word_1_581' title='bbox 798 2078 950 2112; x_wconf 89' lang='lat' dir='ltr'><strong>cujusmodi</strong></span> <span class='ocrx_word' id='word_1_582' title='bbox 969 2078 1022 2106; x_wconf 90' lang='lat' dir='ltr'><strong>sint</strong></span> <span class='ocrx_word' id='word_1_583' title='bbox 1035 2085 1096 2105; x_wconf 92' lang='lat' dir='ltr'><strong>cum</strong></span> <span class='ocrx_word' id='word_1_584' title='bbox 1107 2084 1148 2109; x_wconf 82' lang='lat' dir='ltr'><strong>ea,</strong></span> <span class='ocrx_word' id='word_1_585' title='bbox 1161 2085 1222 2112; x_wconf 66' lang='lat' dir='ltr'><strong>quae</strong></span> <span class='ocrx_word' id='word_1_586' title='bbox 1239 2077 1418 2109; x_wconf 83' lang='lat' dir='ltr'><strong>deseruimus,</strong></span> <span class='ocrx_word' id='word_1_587' title='bbox 1439 2080 1494 2102; x_wconf 89' lang='lat' dir='ltr'><strong>tum</strong></span> <span class='ocrx_word' id='word_1_588' title='bbox 1514 2075 1559 2102; x_wconf 87' lang='lat' dir='ltr'><strong>illa</strong></span> <span class='ocrx_word' id='word_1_589' title='bbox 1571 2074 1681 2107; x_wconf 88' lang='lat' dir='ltr'><strong>veritas,</strong></span> <span class='ocrx_word' id='word_1_590' title='bbox 1695 2080 1776 2108; x_wconf 82' lang='lat' dir='ltr'><strong>quam</strong></span> 
     </span>
    </p>
   </div>
   <div class='ocr_carea' id='block_1_83' title="bbox 160 2119 1776 2158">
    <p class='ocr_par' dir='ltr' id='par_1_83' title="bbox 160 2119 1776 2158">
     <span class='ocr_line' id='line_1_83' title="bbox 160 2119 1776 2158; baseline -0.004 -8"><span class='ocrx_word' id='word_1_591' title='bbox 160 2122 246 2150; x_wconf 77' lang='lat' dir='ltr'><strong>secuti</strong></span> <span class='ocrx_word' id='word_1_592' title='bbox 257 2130 361 2150; x_wconf 87' lang='lat' dir='ltr'><strong>sumus.</strong></span> <span class='ocrx_word' id='word_1_593' title='bbox 375 2120 427 2149; x_wconf 88' lang='lat' dir='ltr'><strong>Sed</strong></span> <span class='ocrx_word' id='word_1_594' title='bbox 443 2122 514 2149; x_wconf 91' lang='lat' dir='ltr'><strong>enim</strong></span> <span class='ocrx_word' id='word_1_595' title='bbox 529 2122 561 2149; x_wconf 88' lang='lat' dir='ltr'><strong>ad</strong></span> <span class='ocrx_word' id='word_1_596' title='bbox 577 2123 693 2157; x_wconf 92' lang='lat' dir='ltr'><strong>primum</strong></span> <span class='ocrx_word' id='word_1_597' title='bbox 707 2127 787 2158; x_wconf 89' lang='lat' dir='ltr'><strong>caput</strong></span> <span class='ocrx_word' id='word_1_598' title='bbox 798 2123 942 2158; x_wconf 86' lang='lat' dir='ltr'><strong>aliquando</strong></span> <span class='ocrx_word' id='word_1_599' title='bbox 961 2122 1111 2150; x_wconf 85' lang='lat' dir='ltr'><strong>veniamus.</strong></span> <span class='ocrx_word' id='word_1_600' title='bbox 1128 2120 1205 2148; x_wconf 91' lang='lat' dir='ltr'><strong>Unde</strong></span> <span class='ocrx_word' id='word_1_601' title='bbox 1228 2125 1317 2148; x_wconf 89' lang='lat' dir='ltr'><strong>autem</strong></span> <span class='ocrx_word' id='word_1_602' title='bbox 1330 2119 1591 2148; x_wconf 85' lang='lat' dir='ltr'><strong>demonstrationum</strong></span> <span class='ocrx_word' id='word_1_603' title='bbox 1621 2124 1776 2146; x_wconf 88' lang='lat' dir='ltr'><strong>nostrarum</strong></span> 
     </span>
    </p>
   </div>
   <div class='ocr_carea' id='block_1_84' title="bbox 161 2163 1777 2202">
    <p class='ocr_par' dir='ltr' id='par_1_84' title="bbox 161 2163 1777 2202">
     <span class='ocr_line' id='line_1_84' title="bbox 161 2163 1777 2202; baseline -0.004 -6"><span class='ocrx_word' id='word_1_604' title='bbox 161 2168 330 2196; x_wconf 83' lang='lat' dir='ltr'><strong>ﬁrmamenta</strong></span> <span class='ocrx_word' id='word_1_605' title='bbox 348 2167 519 2202; x_wconf 85' lang='lat' dir='ltr'><strong>repetemus?</strong></span> <span class='ocrx_word' id='word_1_606' title='bbox 533 2175 588 2194; x_wconf 90' lang='lat' dir='ltr'><strong>non</strong></span> <span class='ocrx_word' id='word_1_607' title='bbox 620 2168 712 2202; x_wconf 86' lang='lat' dir='ltr'><strong>utique</strong></span> <span class='ocrx_word' id='word_1_608' title='bbox 747 2168 847 2195; x_wconf 90' lang='lat' dir='ltr'><strong>nostris</strong></span> <span class='ocrx_word' id='word_1_609' title='bbox 882 2175 915 2194; x_wconf 82' lang='lat' dir='ltr'><strong>ex</strong></span> <span class='ocrx_word' id='word_1_610' title='bbox 928 2166 1034 2199; x_wconf 87' lang='lat' dir='ltr'><strong>litteris,</strong></span> <span class='ocrx_word' id='word_1_611' title='bbox 1059 2174 1093 2193; x_wconf 93' lang='lat' dir='ltr'><strong>ne</strong></span> <span class='ocrx_word' id='word_1_612' title='bbox 1113 2166 1243 2193; x_wconf 65' lang='lat' dir='ltr'><strong>doctrinae</strong></span> <span class='ocrx_word' id='word_1_613' title='bbox 1258 2165 1329 2200; x_wconf 69' lang='lat' dir='ltr'><strong>{huic</strong></span> <span class='ocrx_word' id='word_1_614' title='bbox 1352 2169 1451 2193; x_wconf 73' lang='lat' dir='ltr'><strong>nostrae</strong></span> <span class='ocrx_word' id='word_1_615' title='bbox 1469 2164 1569 2193; x_wconf 75' lang='lat' dir='ltr'><strong>servire</strong></span> <span class='ocrx_word' id='word_1_616' title='bbox 1603 2163 1728 2196; x_wconf 89' lang='lat' dir='ltr'><strong>nimium,</strong></span> <span class='ocrx_word' id='word_1_617' title='bbox 1745 2170 1777 2191; x_wconf 80' lang='lat' dir='ltr'><strong>ac</strong></span> 
     </span>
    </p>
   </div>
   <div class='ocr_carea' id='block_1_85' title="bbox 159 2209 1778 2250">
    <p class='ocr_par' dir='ltr' id='par_1_85' title="bbox 159 2209 1778 2250">
     <span class='ocr_line' id='line_1_85' title="bbox 159 2209 1778 2250; baseline -0.002 -10"><span class='ocrx_word' id='word_1_618' title='bbox 159 2213 293 2250; x_wconf 72' lang='lat' dir='ltr'><strong>prolixius</strong></span> <span class='ocrx_word' id='word_1_619' title='bbox 316 2213 456 2248; x_wconf 81' lang='lat' dir='ltr'><strong>indulgere</strong></span> <span class='ocrx_word' id='word_1_620' title='bbox 475 2213 626 2240; x_wconf 88' lang='lat' dir='ltr'><strong>videamur.</strong></span> <span class='ocrx_word' id='word_1_621' title='bbox 652 2213 706 2240; x_wconf 86' lang='lat' dir='ltr'><strong>Eos</strong></span> <span class='ocrx_word' id='word_1_622' title='bbox 728 2221 792 2249; x_wconf 79' lang='lat' dir='ltr'><strong>ergo</strong></span> <span class='ocrx_word' id='word_1_623' title='bbox 808 2213 897 2249; x_wconf 87' lang='lat' dir='ltr'><strong>potius</strong></span> <span class='ocrx_word' id='word_1_624' title='bbox 910 2221 944 2240; x_wconf 82' lang='lat' dir='ltr'><strong>ex</strong></span> <span class='ocrx_word' id='word_1_625' title='bbox 963 2212 1064 2241; x_wconf 82' lang='lat' dir='ltr'><strong>Graecis</strong></span> <span class='ocrx_word' id='word_1_626' title='bbox 1078 2213 1143 2248; x_wconf 91' lang='lat' dir='ltr'><strong>ipsis</strong></span> <span class='ocrx_word' id='word_1_627' title='bbox 1157 2217 1237 2240; x_wconf 89' lang='lat' dir='ltr'><strong>testes</strong></span> <span class='ocrx_word' id='word_1_628' title='bbox 1250 2212 1443 2247; x_wconf 89' lang='lat' dir='ltr'><strong>producamus,</strong></span> <span class='ocrx_word' id='word_1_629' title='bbox 1455 2211 1501 2247; x_wconf 89' lang='lat' dir='ltr'><strong>qui</strong></span> <span class='ocrx_word' id='word_1_630' title='bbox 1531 2218 1586 2239; x_wconf 92' lang='lat' dir='ltr'><strong>non</strong></span> <span class='ocrx_word' id='word_1_631' title='bbox 1614 2209 1696 2237; x_wconf 90' lang='lat' dir='ltr'><strong>modo</strong></span> <span class='ocrx_word' id='word_1_632' title='bbox 1716 2210 1778 2244; x_wconf 88' lang='lat' dir='ltr'><strong>phi-</strong></span> 
     </span>
    </p>
   </div>
   <div class='ocr_carea' id='block_1_86' title="bbox 159 2255 1778 2297">
    <p class='ocr_par' dir='ltr' id='par_1_86' title="bbox 159 2255 1778 2297">
     <span class='ocr_line' id='line_1_86' title="bbox 159 2255 1778 2297; baseline -0.003 -8"><span class='ocrx_word' id='word_1_633' title='bbox 159 2261 296 2296; x_wconf 68' lang='lat' dir='ltr'><strong>losophiae</strong></span> <span class='ocrx_word' id='word_1_634' title='bbox 308 2261 419 2288; x_wconf 89' lang='lat' dir='ltr'><strong>nomine</strong></span> <span class='ocrx_word' id='word_1_635' title='bbox 444 2261 603 2296; x_wconf 80' lang='lat' dir='ltr'><strong>gloriantur.</strong></span> <span class='ocrx_word' id='word_1_636' title='bbox 632 2262 679 2290; x_wconf 90' lang='lat' dir='ltr'><strong>sed</strong></span> <span class='ocrx_word' id='word_1_637' title='bbox 702 2266 782 2289; x_wconf 88' lang='lat' dir='ltr'><strong>ettam</strong></span> <span class='ocrx_word' id='word_1_638' title='bbox 802 2262 849 2297; x_wconf 91' lang='lat' dir='ltr'><strong>qui</strong></span> <span class='ocrx_word' id='word_1_639' title='bbox 866 2267 1023 2289; x_wconf 53' lang='lat' dir='ltr'><strong>exterarum</strong></span> <span class='ocrx_word' id='word_1_640' title='bbox 1048 2261 1169 2296; x_wconf 76' lang='lat' dir='ltr'><strong>gentium</strong></span> <span class='ocrx_word' id='word_1_641' title='bbox 1203 2260 1331 2288; x_wconf 85' lang='lat' dir='ltr'><strong>historias</strong></span> <span class='ocrx_word' id='word_1_642' title='bbox 1361 2259 1517 2295; x_wconf 81' lang='lat' dir='ltr'><strong>diligentius</strong></span> <span class='ocrx_word' id='word_1_643' title='bbox 1549 2259 1723 2294; x_wconf 71' lang='lat' dir='ltr'><strong>indagarunt.</strong></span> <span class='ocrx_word' id='word_1_644' title='bbox 1740 2255 1778 2284; x_wconf 81' lang='lat' dir='ltr'><strong>Ac</strong></span> 
     </span>
    </p>
   </div>
   <div class='ocr_carea' id='block_1_87' title="bbox 159 2303 1772 2342">
    <p class='ocr_par' dir='ltr' id='par_1_87' title="bbox 159 2303 1772 2342">
     <span class='ocr_line' id='line_1_87' title="bbox 159 2303 1772 2342; baseline -0.003 -8"><span class='ocrx_word' id='word_1_645' title='bbox 159 2307 296 2335; x_wconf 85' lang='lat' dir='ltr'><strong>Diodorus</strong></span> <span class='ocrx_word' id='word_1_646' title='bbox 317 2306 425 2341; x_wconf 82' lang='lat' dir='ltr'><strong>quidem</strong></span> <span class='ocrx_word' id='word_1_647' title='bbox 455 2306 573 2340; x_wconf 88' lang='lat' dir='ltr'><strong>Siculus,</strong></span> <span class='ocrx_word' id='word_1_648' title='bbox 592 2315 635 2334; x_wconf 82' lang='lat' dir='ltr'><strong>v1r</strong></span> <span class='ocrx_word' id='word_1_649' title='bbox 661 2307 731 2342; x_wconf 84' lang='lat' dir='ltr'><strong>apud</strong></span> <span class='ocrx_word' id='word_1_650' title='bbox 751 2307 851 2335; x_wconf 74' lang='lat' dir='ltr'><strong>Grazcze</strong></span> <span class='ocrx_word' id='word_1_651' title='bbox 884 2307 1043 2335; x_wconf 89' lang='lat' dir='ltr'><strong>eruditionis</strong></span> <span class='ocrx_word' id='word_1_652' title='bbox 1071 2307 1207 2342; x_wconf 88' lang='lat' dir='ltr'><strong>principes</strong></span> <span class='ocrx_word' id='word_1_653' title='bbox 1224 2306 1303 2341; x_wconf 77' lang='lat' dir='ltr'><strong>longe</strong></span> <span class='ocrx_word' id='word_1_654' title='bbox 1331 2305 1501 2337; x_wconf 83' lang='lat' dir='ltr'><strong>notissimus,</strong></span> <span class='ocrx_word' id='word_1_655' title='bbox 1516 2305 1615 2339; x_wconf 87' lang='lat' dir='ltr'><strong>quippe</strong></span> <span class='ocrx_word' id='word_1_656' title='bbox 1628 2303 1673 2338; x_wconf 90' lang='lat' dir='ltr'><strong>qui</strong></span> <span class='ocrx_word' id='word_1_657' title='bbox 1687 2309 1772 2330; x_wconf 85' lang='lat' dir='ltr'><strong>unum</strong></span> 
     </span>
    </p>
   </div>
   <div class='ocr_carea' id='block_1_88' title="bbox 159 2350 1777 2390">
    <p class='ocr_par' dir='ltr' id='par_1_88' title="bbox 159 2350 1777 2390">
     <span class='ocr_line' id='line_1_88' title="bbox 159 2350 1777 2390; baseline -0.003 -8"><span class='ocrx_word' id='word_1_658' title='bbox 159 2354 188 2382; x_wconf 87' lang='lat' dir='ltr'><strong>in</strong></span> <span class='ocrx_word' id='word_1_659' title='bbox 212 2362 313 2389; x_wconf 87' lang='lat' dir='ltr'><strong>corpus</strong></span> <span class='ocrx_word' id='word_1_660' title='bbox 327 2353 516 2381; x_wconf 80' lang='lat' dir='ltr'><strong>Bibliothecam</strong></span> <span class='ocrx_word' id='word_1_661' title='bbox 531 2353 704 2381; x_wconf 86' lang='lat' dir='ltr'><strong>historiarum</strong></span> <span class='ocrx_word' id='word_1_662' title='bbox 726 2354 881 2382; x_wconf 88' lang='lat' dir='ltr'><strong>universam</strong></span> <span class='ocrx_word' id='word_1_663' title='bbox 909 2354 1082 2390; x_wconf 79' lang='lat' dir='ltr'><strong>comnegerit,</strong></span> <span class='ocrx_word' id='word_1_664' title='bbox 1111 2354 1250 2389; x_wconf 78' lang='lat' dir='ltr'><strong>antiquam</strong></span> <span class='ocrx_word' id='word_1_665' title='bbox 1265 2353 1452 2388; x_wconf 65' lang='lat' dir='ltr'><strong>Egyptiorum</strong></span> <span class='ocrx_word' id='word_1_666' title='bbox 1466 2351 1627 2387; x_wconf 83' lang='lat' dir='ltr'><strong>theologiam</strong></span> <span class='ocrx_word' id='word_1_667' title='bbox 1641 2351 1674 2378; x_wconf 83' lang='lat' dir='ltr'><strong>ab</strong></span> <span class='ocrx_word' id='word_1_668' title='bbox 1704 2350 1777 2385; x_wconf 83' lang='lat' dir='ltr'><strong>ipso-</strong></span> 
     </span>
    </p>
   </div>
   <div class='ocr_carea' id='block_1_89' title="bbox 159 2396 1782 2436">
    <p class='ocr_par' dir='ltr' id='par_1_89' title="bbox 159 2396 1782 2436">
     <span class='ocr_line' id='line_1_89' title="bbox 159 2396 1782 2436; baseline -0.003 -7"><span class='ocrx_word' id='word_1_669' title='bbox 159 2406 215 2429; x_wconf 85' lang='lat' dir='ltr'><strong>met</strong></span> <span class='ocrx_word' id='word_1_670' title='bbox 236 2408 380 2429; x_wconf 86' lang='lat' dir='ltr'><strong>arcessens</strong></span> <span class='ocrx_word' id='word_1_671' title='bbox 394 2401 481 2436; x_wconf 89' lang='lat' dir='ltr'><strong>capite</strong></span> <span class='ocrx_word' id='word_1_672' title='bbox 509 2401 691 2436; x_wconf 88' lang='lat' dir='ltr'><strong>prosequitur.</strong></span> <span class='ocrx_word' id='word_1_673' title='bbox 719 2401 758 2428; x_wconf 76' lang='lat' dir='ltr'><strong>Ex</strong></span> <span class='ocrx_word' id='word_1_674' title='bbox 784 2409 837 2436; x_wconf 92' lang='lat' dir='ltr'><strong>quo</strong></span> <span class='ocrx_word' id='word_1_675' title='bbox 857 2401 944 2436; x_wconf 87' lang='lat' dir='ltr'><strong>prima</strong></span> <span class='ocrx_word' id='word_1_676' title='bbox 964 2406 1068 2429; x_wconf 85' lang='lat' dir='ltr'><strong>tantum</strong></span> <span class='ocrx_word' id='word_1_677' title='bbox 1083 2401 1129 2428; x_wconf 87' lang='lat' dir='ltr'><strong>illa</strong></span> <span class='ocrx_word' id='word_1_678' title='bbox 1144 2400 1297 2435; x_wconf 86' lang='lat' dir='ltr'><strong>subjiciam,</strong></span> <span class='ocrx_word' id='word_1_679' title='bbox 1312 2407 1372 2435; x_wconf 64' lang='lat' dir='ltr'><strong>quae</strong></span> <span class='ocrx_word' id='word_1_680' title='bbox 1387 2399 1447 2434; x_wconf 88' lang='lat' dir='ltr'><strong>ipso</strong></span> <span class='ocrx_word' id='word_1_681' title='bbox 1460 2399 1552 2427; x_wconf 88' lang='lat' dir='ltr'><strong>statim</strong></span> <span class='ocrx_word' id='word_1_682' title='bbox 1580 2398 1670 2434; x_wconf 87' lang='lat' dir='ltr'><strong>operis</strong></span> <span class='ocrx_word' id='word_1_683' title='bbox 1699 2396 1782 2424; x_wconf 47' lang='lat' dir='ltr'><strong>initio.</strong></span> 
     </span>
    </p>
   </div>
   <div class='ocr_carea' id='block_1_90' title="bbox 161 2439 1444 2483">
    <p class='ocr_par' dir='ltr' id='par_1_90' title="bbox 161 2439 1444 2483">
     <span class='ocr_line' id='line_1_90' title="bbox 161 2439 1444 2483; baseline -0.002 -6"><span class='ocrx_word' id='word_1_684' title='bbox 161 2453 281 2477; x_wconf 83' lang='lat' dir='ltr'><strong>veterum</strong></span> <span class='ocrx_word' id='word_1_685' title='bbox 297 2449 448 2477; x_wconf 79' lang='lat' dir='ltr'><strong>sententias</strong></span> <span class='ocrx_word' id='word_1_686' title='bbox 471 2455 686 2476; x_wconf 84' lang='lat' dir='ltr'><strong>commemorans</strong></span> <span class='ocrx_word' id='word_1_687' title='bbox 706 2439 743 2476; x_wconf 72' lang='lat' dir='ltr'><strong>de</strong></span> <span class='ocrx_word' id='word_1_688' title='bbox 763 2448 859 2476; x_wconf 87' lang='lat' dir='ltr'><strong>mundi</strong></span> <span class='ocrx_word' id='word_1_689' title='bbox 880 2455 943 2478; x_wconf 86' lang='lat' dir='ltr'><strong>ortu</strong></span> <span class='ocrx_word' id='word_1_690' title='bbox 961 2448 1034 2476; x_wconf 87' lang='lat' dir='ltr'><strong>hunc</strong></span> <span class='ocrx_word' id='word_1_691' title='bbox 1050 2448 1078 2476; x_wconf 89' lang='lat' dir='ltr'><strong>iu</strong></span> <span class='ocrx_word' id='word_1_692' title='bbox 1091 2447 1203 2476; x_wconf 88' lang='lat' dir='ltr'><strong>modum</strong></span> <span class='ocrx_word' id='word_1_693' title='bbox 1218 2447 1276 2483; x_wconf 90' lang='lat' dir='ltr'><strong>ipse</strong></span> <span class='ocrx_word' id='word_1_694' title='bbox 1289 2447 1444 2482; x_wconf 89' lang='lat' dir='ltr'><strong>disputavit.</strong></span> 
     </span>
    </p>
   </div>
   <div class='ocr_carea' id='block_1_91' title="bbox 195 2539 942 2575">
    <p class='ocr_par' dir='ltr' id='par_1_91' title="bbox 195 2539 942 2575">
     <span class='ocr_line' id='line_1_91' title="bbox 195 2539 942 2575; baseline -0.003 -8"><span class='ocrx_word' id='word_1_695' title='bbox 195 2539 251 2575; x_wconf 83' lang='lat' dir='ltr'><strong>(ll)</strong></span> <span class='ocrx_word' id='word_1_696' title='bbox 275 2539 408 2575; x_wconf 64' lang='lat' dir='ltr'><strong>&#39;Tdmov.</strong></span> <span class='ocrx_word' id='word_1_697' title='bbox 429 2540 538 2567; x_wconf 89' lang='lat' dir='ltr'><strong>Certum</strong></span> <span class='ocrx_word' id='word_1_698' title='bbox 554 2540 660 2567; x_wconf 85' lang='lat' dir='ltr'><strong>videtur</strong></span> <span class='ocrx_word' id='word_1_699' title='bbox 688 2539 791 2574; x_wconf 73' lang='lat' dir='ltr'><strong>legend.</strong></span> <span class='ocrx_word' id='word_1_700' title='bbox 815 2539 942 2575; x_wconf 75' lang='grc' dir='ltr'>Οἰάγρου,</span> 
     </span>
    </p>
   </div>
   <div class='ocr_carea' id='block_1_92' title="bbox 161 2575 944 2611">
    <p class='ocr_par' dir='ltr' id='par_1_92' title="bbox 161 2575 944 2611">
     <span class='ocr_line' id='line_1_92' title="bbox 161 2575 944 2611; baseline 0 -9"><span class='ocrx_word' id='word_1_701' title='bbox 161 2576 197 2603; x_wconf 90' lang='lat' dir='ltr'><strong>uti</strong></span> <span class='ocrx_word' id='word_1_702' title='bbox 214 2577 295 2603; x_wconf 82' lang='lat' dir='ltr'><strong>habet</strong></span> <span class='ocrx_word' id='word_1_703' title='bbox 308 2576 393 2611; x_wconf 76' lang='lat' dir='ltr'><strong>Mout.</strong></span> <span class='ocrx_word' id='word_1_704' title='bbox 411 2575 526 2611; x_wconf 85' lang='grc' dir='ltr'>υῖαγρος</span> <span class='ocrx_word' id='word_1_705' title='bbox 541 2576 610 2602; x_wconf 78' lang='lat' dir='ltr'><strong>enirn</strong></span> <span class='ocrx_word' id='word_1_706' title='bbox 631 2583 686 2602; x_wconf 88' lang='lat' dir='ltr'><strong>non</strong></span> <span class='ocrx_word' id='word_1_707' title='bbox 703 2575 832 2611; x_wconf 82' lang='grc' dir='ltr'>Ὕαγρος,</span> <span class='ocrx_word' id='word_1_708' title='bbox 844 2575 944 2610; x_wconf 76' lang='lat' dir='ltr'><strong>Orphei</strong></span> 
     </span>
    </p>
   </div>
   <div class='ocr_carea' id='block_1_93' title="bbox 160 2610 488 2646">
    <p class='ocr_par' dir='ltr' id='par_1_93' title="bbox 160 2610 488 2646">
     <span class='ocr_line' id='line_1_93' title="bbox 160 2610 488 2646; baseline -0.006 -7"><span class='ocrx_word' id='word_1_709' title='bbox 160 2616 245 2646; x_wconf 83' lang='lat' dir='ltr'><strong>pater.</strong></span> <span class='ocrx_word' id='word_1_710' title='bbox 264 2611 335 2639; x_wconf 88' lang='lat' dir='ltr'><strong>Stat.</strong></span> <span class='ocrx_word' id='word_1_711' title='bbox 353 2610 434 2638; x_wconf 82' lang='lat' dir='ltr'><strong>Theb.</strong></span> <span class='ocrx_word' id='word_1_712' title='bbox 450 2618 466 2637; x_wconf 79' lang='grc' dir='ltr'><strong>ν</strong></span> <span class='ocrx_word' id='word_1_713' title='bbox 482 2610 488 2637; x_wconf 76' lang='grc' dir='ltr'><strong><em>ὲ</em></strong></span> 
     </span>
    </p>
   </div>
   <div class='ocr_carea' id='block_1_94' title="bbox 486 2645 769 2680">
    <p class='ocr_par' dir='ltr' id='par_1_94' title="bbox 486 2645 769 2680">
     <span class='ocr_line' id='line_1_94' title="bbox 486 2645 769 2680; baseline -0.004 -8"><span class='ocrx_word' id='word_1_714' title='bbox 486 2664 492 2671; x_wconf 92' lang='grc'><strong>.</strong></span> <span class='ocrx_word' id='word_1_715' title='bbox 515 2665 522 2672; x_wconf 88' lang='grc'>.</span> <span class='ocrx_word' id='word_1_716' title='bbox 544 2665 550 2672; x_wconf 96' lang='grc'><em>.</em></span> <span class='ocrx_word' id='word_1_717' title='bbox 567 2645 699 2680; x_wconf 75' lang='lat' dir='ltr'><strong>aEagrius</strong></span> <span class='ocrx_word' id='word_1_718' title='bbox 713 2645 769 2671; x_wconf 81' lang='lat' dir='ltr'><strong>illic</strong></span> 
     </span>
    </p>
   </div>
   <div class='ocr_carea' id='block_1_95' title="bbox 225 2680 820 2715">
    <p class='ocr_par' dir='ltr' id='par_1_95' title="bbox 225 2680 820 2715">
     <span class='ocr_line' id='line_1_95' title="bbox 225 2680 820 2715; baseline -0.003 -7"><span class='ocrx_word' id='word_1_719' title='bbox 225 2681 343 2708; x_wconf 77' lang='lat' dir='ltr'><strong>Acclivis</strong></span> <span class='ocrx_word' id='word_1_720' title='bbox 355 2680 426 2707; x_wconf 77' lang='lat' dir='ltr'><strong>malo</strong></span> <span class='ocrx_word' id='word_1_721' title='bbox 442 2680 535 2708; x_wconf 79' lang='lat' dir='ltr'><strong>mediis</strong></span> <span class='ocrx_word' id='word_1_722' title='bbox 548 2681 691 2708; x_wconf 75' lang='lat' dir='ltr'><strong>intersonat</strong></span> <span class='ocrx_word' id='word_1_723' title='bbox 702 2681 820 2715; x_wconf 76' lang='lat' dir='ltr'><strong>Orpheus</strong></span> 
     </span>
    </p>
   </div>
   <div class='ocr_carea' id='block_1_96' title="bbox 227 2716 368 2749">
    <p class='ocr_par' dir='ltr' id='par_1_96' title="bbox 227 2716 368 2749">
     <span class='ocr_line' id='line_1_96' title="bbox 227 2716 368 2749; baseline -0.007 -6"><span class='ocrx_word' id='word_1_724' title='bbox 227 2716 368 2749; x_wconf 66' lang='lat' dir='ltr'><strong>Remigiis.</strong></span> 
     </span>
    </p>
   </div>
   <div class='ocr_carea' id='block_1_97' title="bbox 158 2750 552 2788">
    <p class='ocr_par' dir='ltr' id='par_1_97' title="bbox 158 2750 552 2788">
     <span class='ocr_line' id='line_1_97' title="bbox 158 2750 552 2788; baseline -0.003 -9"><span class='ocrx_word' id='word_1_725' title='bbox 158 2751 227 2788; x_wconf 76' lang='lat' dir='ltr'><strong>Virg.</strong></span> <span class='ocrx_word' id='word_1_726' title='bbox 248 2760 274 2779; x_wconf 72' lang='grc' dir='ltr'><strong>ιν</strong></span> <span class='ocrx_word' id='word_1_727' title='bbox 289 2750 425 2786; x_wconf 59' lang='lat' dir='ltr'><strong>Georgia,</strong></span> <span class='ocrx_word' id='word_1_728' title='bbox 441 2757 466 2777; x_wconf 92' lang='lat' dir='ltr'><strong>v.</strong></span> <span class='ocrx_word' id='word_1_729' title='bbox 483 2750 552 2778; x_wconf 70' lang='lat'><strong>59.3:</strong></span> 
     </span>
    </p>
   </div>
   <div class='ocr_carea' id='block_1_98' title="bbox 1274 2535 1696 2573">
    <p class='ocr_par' dir='ltr' id='par_1_98' title="bbox 1274 2535 1696 2573">
     <span class='ocr_line' id='line_1_98' title="bbox 1274 2535 1696 2573; baseline -0.012 -7"><span class='ocrx_word' id='word_1_730' title='bbox 1274 2559 1280 2566; x_wconf 94' lang='lat'><strong>.</strong></span> <span class='ocrx_word' id='word_1_731' title='bbox 1303 2559 1310 2565; x_wconf 98' lang='lat'><strong>.</strong></span> <span class='ocrx_word' id='word_1_732' title='bbox 1331 2543 1408 2573; x_wconf 83' lang='lat' dir='ltr'><strong>caput</strong></span> <span class='ocrx_word' id='word_1_733' title='bbox 1424 2546 1439 2565; x_wconf 78' lang='grc' dir='ltr'><strong>α</strong></span> <span class='ocrx_word' id='word_1_734' title='bbox 1453 2537 1549 2564; x_wconf 78' lang='lat' dir='ltr'><strong>cervice</strong></span> <span class='ocrx_word' id='word_1_735' title='bbox 1565 2535 1696 2573; x_wconf 59' lang='lat' dir='ltr'><strong>revuisum</strong></span> 
     </span>
    </p>
   </div>
   <div class='ocr_carea' id='block_1_99' title="bbox 1065 2571 1724 2610">
    <p class='ocr_par' dir='ltr' id='par_1_99' title="bbox 1065 2571 1724 2610">
     <span class='ocr_line' id='line_1_99' title="bbox 1065 2571 1724 2610; baseline -0.006 -9"><span class='ocrx_word' id='word_1_736' title='bbox 1065 2575 1174 2610; x_wconf 82' lang='lat' dir='ltr'><strong>Gurgite</strong></span> <span class='ocrx_word' id='word_1_737' title='bbox 1184 2583 1243 2602; x_wconf 84' lang='lat' dir='ltr'><strong>cum</strong></span> <span class='ocrx_word' id='word_1_738' title='bbox 1257 2574 1342 2602; x_wconf 83' lang='lat' dir='ltr'><strong>medio</strong></span> <span class='ocrx_word' id='word_1_739' title='bbox 1356 2571 1463 2608; x_wconf 63' lang='lat' dir='ltr'><strong>portans</strong></span> <span class='ocrx_word' id='word_1_740' title='bbox 1476 2573 1607 2607; x_wconf 71' lang='lat' dir='ltr'><strong>(Eugrius</strong></span> <span class='ocrx_word' id='word_1_741' title='bbox 1622 2571 1724 2598; x_wconf 73' lang='lat' dir='ltr'><strong>llelmu</strong></span> 
     </span>
    </p>
   </div>
   <div class='ocr_carea' id='block_1_100' title="bbox 997 2610 1686 2685">
    <p class='ocr_par' dir='ltr' id='par_1_100' title="bbox 997 2610 1686 2685">
     <span class='ocr_line' id='line_1_100' title="bbox 1073 2610 1235 2638; baseline 0 -1"><span class='ocrx_word' id='word_1_742' title='bbox 1073 2610 1235 2638; x_wconf 57' lang='grc' dir='ltr'><strong>νάπαι...</strong></span> 
     </span>
     <span class='ocr_line' id='line_1_101' title="bbox 997 2646 1686 2685; baseline 0 0"><span class='ocrx_word' id='word_1_743' title='bbox 997 2646 1298 2685; x_wconf 66' lang='grc' dir='ltr'><strong>ΑροΗςνιικιιᾼνέιρῑι-ε</strong></span> <span class='ocrx_word' id='word_1_744' title='bbox 1400 2678 1413 2684; x_wconf 86' lang='grc'><strong>-</strong></span> <span class='ocrx_word' id='word_1_745' title='bbox 1443 2679 1460 2685; x_wconf 45' lang='grc' dir='ltr'><strong>Α</strong></span> <span class='ocrx_word' id='word_1_746' title='bbox 1501 2679 1514 2685; x_wconf 40' lang='grc' dir='ltr'>μ</span> <span class='ocrx_word' id='word_1_747' title='bbox 1587 2677 1613 2685; x_wconf 53' lang='grc' dir='ltr'>,Α</span> <span class='ocrx_word' id='word_1_748' title='bbox 1661 2675 1686 2685; x_wconf 27' lang='grc' dir='ltr'>γ.</span> 
     </span>
    </p>
   </div>
   <div class='ocr_carea' id='block_1_101' title="bbox 998 2677 1718 2744">
    <p class='ocr_par' dir='ltr' id='par_1_101' title="bbox 998 2677 1718 2744">
     <span class='ocr_line' id='line_1_102' title="bbox 998 2677 1718 2744; baseline -0.007 -36"><span class='ocrx_word' id='word_1_749' title='bbox 998 2677 1031 2744; x_wconf 59' lang='lat' dir='ltr'><strong>E;</strong></span> <span class='ocrx_word' id='word_1_750' title='bbox 1050 2682 1085 2708; x_wconf 90' lang='grc' dir='ltr'><strong>Ει</strong></span> <span class='ocrx_word' id='word_1_751' title='bbox 1096 2679 1139 2716; x_wconf 79' lang='grc' dir='ltr'>μὴ</span> <span class='ocrx_word' id='word_1_752' title='bbox 1152 2679 1196 2716; x_wconf 81' lang='grc' dir='ltr'><strong>ἄρ’</strong></span> <span class='ocrx_word' id='word_1_753' title='bbox 1210 2677 1343 2715; x_wconf 75' lang='grc' dir='ltr'>Οἰάγροιο</span> <span class='ocrx_word' id='word_1_754' title='bbox 1357 2678 1427 2714; x_wconf 82' lang='grc' dir='ltr'>παῖς</span> <span class='ocrx_word' id='word_1_755' title='bbox 1440 2679 1574 2713; x_wconf 64' lang='grc' dir='ltr'>Θρηίκιος</span> <span class='ocrx_word' id='word_1_756' title='bbox 1587 2677 1718 2713; x_wconf 69' lang='grc' dir='ltr'><strong>Ὀρφεύς.</strong></span> 
     </span>
     <span class='ocr_line' id='line_1_103' title="bbox 1032 2724 1057 2744; baseline 0 0"><span class='ocrx_word' id='word_1_757' title='bbox 1032 2724 1057 2744; x_wconf 91' lang='lat' dir='ltr'><strong>c.</strong></span> 
     </span>
    </p>
   </div>
  </div>
