2064 3212
275 207 306 234 5|
604 205 740 233 EUSEBII
758 204 996 233 CESARIENSIS
1014 204 1088 234 OPP.
1107 205 1196 233 PARS
1207 205 1238 233 ll.
1261 220 1292 225 —
1311 205 1558 234 APOLOGETICA.
1858 206 1893 234 52

541 265 594 300 19
611 264 725 292 CAPUT
746 264 802 292 vn.

275 320 432 357 Cujusmodi
447 330 479 350 ea:
502 327 585 349 mente
604 322 755 384 armorum
778 323 870 349 mundi
892 327 964 350 ortus
979 322 1060 358 fuisse

634 363 729 384 ιεαιιιν.

634 363 729 384 tcutur.

313 414 324 432 ι
341 404 379 432 De
397 405 448 432 diis
464 405 557 440 igitur.
585 412 653 440 quas
664 410 691 432 et
713 405 864 440 cujusmodi
883 406 1008 434 notiones
1023 406 1060 434 illi

274 453 375 481 animis
392 452 576 484 informarint,
593 452 640 486 qui
665 451 746 486 primi
760 452 844 479 divini
865 453 984 480 numinis
1003 453 1061 480 cul-

274 505 332 526 tum
355 498 479 532 exemplo
496 505 545 526 suo
566 498 694 531 docuere,
718 506 750 525 ac
770 498 804 525 de
826 499 939 533 singulis
965 506 1060 526 eorum

274 542 374 577 quibus
396 542 626 569 immortalitatem
663 542 762 570 fabulae
783 543 948 576 tribuerunt,
981 543 1060 570 dabi-

273 594 336 614 mus
348 594 468 622 operam,
483 591 512 614 ut
523 587 652 622 quoniam
666 587 718 615 hoc
726 592 915 623 argumentum
924 589 1059 623 ejusmodi

273 638 325 664 est,
340 633 411 667 quod
426 633 534 667 longam
550 633 700 661 orationem
717 634 862 666 desideret,
880 643 930 663 suo
945 643 1060 671 quaeque

274 679 333 706 loco
341 679 455 706 seorsim
466 679 582 714 plurima
594 680 816 714 complectamur.
824 681 902 709 Nunc
914 691 989 715 vero,
1001 691 1062 717 qua

272 732 335 752 cum
356 725 389 752 iis
413 733 481 760 quas
496 733 551 760 prae
567 726 692 753 manibus
704 727 845 758 habemus.
865 729 986 756 historiis
999 737 1061 756 con-

273 775 404 798 sentanea
419 771 498 798 nobis
515 775 542 798 et
555 772 732 806 congruentia
750 773 922 806 videbuntur,
941 782 1062 802 summa-

234 833 253 850 ;,.
272 816 321 843 tim
340 816 385 844 hic
399 824 429 844 ea
446 817 632 851 subjiciemus,
648 826 680 846 ne
693 819 759 854 quid
773 820 895 852 omnino,
908 820 979 855 quod
991 821 1060 847 scitu

272 861 385 896 dignum
403 862 448 894 sit,
475 863 641 897 requiratur.
662 864 700 892 Ac
725 865 758 892 de
789 866 917 893 universo
951 866 1060 900 quidem

273 906 415 934 hominum
432 915 540 942 genere,
558 910 740 945 omnibusque
754 911 835 938 rebus
849 919 908 946 quae
923 911 949 937 in
966 912 1060 946 cogni-

274 952 310 979 tis
336 952 411 979 orbis
433 957 566 980 terrarum
590 955 713 988 partibus
733 960 815 990 gesta
836 960 909 987 sunt,
932 965 1014 991 quam
1033 958 1060 984 in

273 1002 348 1025 tanta
373 1003 508 1027 vetustate
528 1000 587 1027 ﬁeri
610 1001 818 1028 accuratissime
837 1002 945 1036 poterit,
966 1010 1060 1030 narra-

273 1044 375 1072 tionem
394 1044 579 1079 instituemus,
606 1054 720 1082 eamque
741 1047 776 1074 ab
790 1047 884 1075 ultima
899 1048 1059 1076 saeculorum

272 1090 405 1117 memoria
416 1097 580 1126 repetemus.
594 1092 678 1127 Igitur
691 1092 723 1119 de
735 1093 822 1127 primo
834 1093 974 1120 hominum
986 1098 1059 1127 ortu,

272 1135 345 1169 apud
363 1136 537 1170 aequissimos
555 1144 587 1164 ac
608 1137 816 1171 probatissimos
833 1145 923 1164 rerum
948 1143 1060 1165 natura—

272 1181 339 1208 lium
361 1181 594 1217 historiarumque
612 1184 776 1218 scriptorcs,
793 1184 934 1211 sententim
951 1184 1061 1212 fuerunt

273 1227 386 1254 omnino
412 1227 482 1255 duae.
510 1227 562 1261 Qui
588 1228 660 1255 enim
686 1228 771 1255 exiis
792 1235 842 1255 nec
861 1229 954 1256 mundi
970 1234 1060 1257 ortum

272 1273 359 1300 ullum
383 1273 478 1307 fuisse,
501 1282 551 1301 nec
567 1274 707 1302 interitum
731 1275 855 1302 futurum
880 1283 940 1303 esse
963 1283 1061 1310 posue-

272 1322 348 1352 runt,
366 1318 383 1345 ii
399 1319 593 1353 sempiternum
610 1327 718 1354 quoque
733 1328 819 1355 genus
831 1321 971 1348 hominum
987 1329 1058 1353 esse.

273 1371 325 1391 nec
336 1363 390 1391 ullo
402 1372 521 1399 unquam
532 1369 651 1400 tempore
663 1365 770 1392 illorum
780 1367 993 1401 procreationem
1005 1375 1061 1395 cu:-

272 1409 346 1445 pisse
358 1410 512 1438 voluerunt.
527 1410 579 1444 Qui
591 1419 654 1438 vero
668 1417 825 1447 generatum
841 1413 966 1440 eumdem
980 1419 1061 1448 atque

273 1463 438 1484 occasurum
455 1462 629 1492 putaverunt,
649 1458 666 1485 ii
682 1458 792 1493 perinde
802 1464 882 1494 atque
900 1459 995 1494 ipsius.
1011 1459 1061 1486 ho-

274 1503 380 1531 minum
399 1504 480 1531 etiam
501 1505 702 1539 generationem
718 1510 792 1532 certo
805 1505 922 1540 quodam
941 1510 1062 1539 tempore

273 1550 436 1584 principium
451 1550 577 1578 habuisse
591 1550 778 1578 defenderunt.
788 1551 893 1585 Quippe
903 1559 965 1578 cum
979 1550 1062 1585 hujus

272 1596 392 1631 primum
408 1596 528 1624 universi
540 1598 739 1632 coagmentatio
751 1598 837 1630 ﬁeret,
846 1605 928 1624 unam
941 1597 1059 1632 aliquam
1075 1609 1096 1638 ε

274 1642 336 1670 caeli
360 1647 386 1669 et
408 1647 487 1669 terra:
508 1650 542 1670 ex
562 1643 691 1677 permista
717 1642 888 1677 confusaque
917 1643 1062 1670 amborum

274 1692 372 1714 natura
388 1687 504 1714 formam
519 1689 656 1716 exstitisse
669 1688 783 1722 ;deinde
805 1696 870 1716 vero
884 1688 967 1716 simul
981 1693 1063 1723 atque

275 1741 420 1768 corporum
436 1733 576 1762 distinctio
587 1733 780 1767 successisset,
790 1735 921 1763 continuo
930 1735 1062 1762 mundum

274 1780 396 1815 quidem.
415 1784 500 1808 totum
525 1781 609 1813 hunc,
628 1788 710 1815 quem
730 1781 865 1814 videmus,
878 1781 996 1816 partium
1014 1789 1062 1808 or-

274 1826 366 1853 dinem
382 1827 529 1861 accepisse,
547 1834 637 1854 aerem
657 1835 722 1855 vero
740 1828 888 1856 continenti
908 1833 984 1856 motu
1003 1829 1061 1864 agi—

275 1872 327 1899 tari
341 1873 471 1907 coepisse;
490 1873 527 1900 ita
550 1877 641 1900 tamen
657 1877 687 1900 ut
701 1881 765 1909 pars
784 1873 844 1908 ejus
864 1874 941 1909 ignea
965 1882 1060 1910 supre-

275 1925 348 1944 mam
361 1918 389 1944 in
402 1918 540 1952 regionem
558 1918 687 1951 evolaret,
703 1919 776 1953 quod
794 1919 879 1954 ipsius
893 1923 989 1946 natura
1003 1927 1060 1947 sur.

274 1970 335 1990 sum
369 1963 489 1998 ingenita
516 1963 627 1991 levitate
655 1963 773 1992 ferretur
807 1964 899 1999 (atque
920 1964 1061 1992 hancesse

273 2016 397 2041 causam,
416 2009 594 2044 quamobrem
617 2010 658 2037 sol
679 2010 737 2045 ipse
757 2018 789 2037 ac
816 2010 919 2045 reliqua
940 2011 1060 2038 siderum

273 2055 422 2083 multitudo
439 2055 637 2083 incitatissima;
650 2056 886 2084 circumvectionis
898 2056 998 2091 impetu
1013 2064 1060 2084 ra-

273 2103 411 2137 piantur);
424 2102 496 2136 quod
511 2106 600 2129 autem
613 2109 754 2130 ccenosum
766 2110 798 2130 ac
810 2103 947 2130 turbidum
957 2108 1024 2137 erat,
1033 2103 1058 2131 id

273 2155 307 2175 ex
319 2147 425 2174 humidi
441 2147 635 2182 conjunctione
648 2152 816 2181 concretum,
832 2156 916 2175 unum
930 2148 956 2175 in
969 2149 1059 2176 locum

273 2193 309 2221 ob
322 2193 433 2221 insitam
449 2193 609 2228 gravitatem
630 2193 793 2220 subsideret.
817 2193 884 2220 Illud
898 2201 980 2228 porro
995 2202 1057 2221 cum

272 2238 302 2266 in
312 2246 348 2268 se
369 2238 457 2273 ipsum
480 2242 609 2273 perpetua
638 2239 816 2266 conversione
834 2239 996 2272 volveretur,
1025 2247 1059 2267 ex

1390 266 1586 293 ΚΕΦΑΛᾹΙΟΝ
1598 267 1633 293 Ζ’.

1110 322 1184 349 Ποία
1202 331 1246 355 τις
1265 320 1341 349 εἶναι
1357 322 1474 358 λέγεται
1496 323 1522 384 ἠί
1536 323 1598 350 καθ’
1615 322 1764 357 ’Έλληνας
1785 331 1895 359 κοσμο-

1455 366 1510 384 ’γιον
1522 366 1551 384 α.

1455 366 1551 392 γιον-ια.

1147 401 1201 438 (12)
1222 412 1231 429 ι
1259 403 1328 438 Περὶ
1346 403 1394 438 μὲν
1410 399 1455 429 οὖν
1472 402 1539 429 θεῶν
1559 403 1634 434 τίνας
1649 403 1752 435 ἐννοίας
1776 403 1853 439 ἔσχον
1867 404 1892 430 οξ

1111 449 1214 484 πρῶτοι
1237 449 1441 483 καταδείξαντες
1459 451 1542 486 τιμᾷν
1555 450 1586 476 τι
1598 451 1683 483 Θεῖον,
1697 451 1743 477 καὶ
1759 450 1823 485 περὶ
1839 449 1895 476 τῶν

1113 494 1351 530 μυθολογουμένων
1380 495 1494 521 ἑκάστου
1522 494 1576 522 τῶν
1602 495 1753 527 ἀθανάτων,
1781 495 1816 521 τὰ
1845 494 1894 530 μὲν

1111 540 1195 566 πολλὰ
1216 540 1395 574 συντάξασθαι
1412 540 1601 576 πειρασόμεθα
1622 541 1682 567 κατ’
1701 539 1778 572 ἰδίαν,
1803 539 1848 566 διὰ
1865 539 1895 566 τὸ

1110 586 1158 622 τὴν
1175 585 1301 612 ὑπόθεσιν
1314 586 1415 621 ταύτην
1431 587 1527 613 πολλοῦ
1544 586 1622 620 λόγου
1639 586 1811 622 προσδεῖσθαι
1823 595 1829 601 ·
1845 586 1895 612 ὅσα

1110 630 1133 657 δ’
1155 629 1189 657 ἂν
1207 631 1267 662 ταῖς
1289 631 1482 666 προκειμέναις
1502 632 1633 667 ἱστορίαις
1656 631 1761 658 ἐοικότα
1776 631 1895 666 δόξωμεν

1111 677 1254 712 ὑπάρχειν,
1279 677 1472 713 παραθήσομεν
1497 679 1527 705 ὲν
1555 677 1721 712 κεφαλαίοις,
1746 678 1789 704 ἵνα
1811 677 1894 713 μηδὲν

1111 721 1163 748 τῶν
1184 722 1268 757 ἀκοῆς
1284 721 1366 754 ἀξίων
1391 723 1565 759 ἐπιζητῆται.
1594 724 1661 758 Περὶ
1678 723 1706 749 δὲ
1730 724 1776 751 τοῦ
1799 723 1895 758 γένους

1110 768 1163 794 τῶν
1185 768 1311 795 ἁπάντων
1333 768 1493 805 ἀνθρώπων,
1518 770 1565 796 καὶ
1587 769 1642 796 τῶν
1668 770 1845 806 πραχθέντων
1865 771 1894 796 ὲν

1110 815 1166 845 τοῖς
1182 814 1394 850 γνωριζομένοις
1421 816 1516 851 μέρεσι
1538 817 1588 852 τῆς
1609 817 1780 852 οἰκουμένης,
1802 817 1840 848 ὡς
1862 816 1894 844 ἂν

1111 859 1248 895 ἐνδέχηται
1267 861 1330 896 περὶ
1341 861 1395 888 τῶν
1409 861 1480 888 οὕτω
1491 862 1623 894 παλαιῶν,
1638 862 1757 898 ἀκριϐῶς
1775 862 1895 898 ἀναγρά-

1111 905 1206 940 ψομεν,
1219 905 1272 932 ἀπὸ
1283 906 1335 932 τῶν
1346 907 1532 942 ἀρχαιοτάτων
1545 908 1648 943 χρόνων
1657 907 1812 944 ἀρξάμενοι.
1827 908 1895 943 Περὶ

1076 941 1097 968 Β
1111 951 1158 982 τῆς
1183 951 1293 988 πρώτης
1309 953 1397 979 τοίνυν
1414 954 1545 988 γενέσεως
1562 953 1615 981 τῶν
1640 953 1790 990 ἀνθρώπων
1806 954 1894 981 διτταὶ

1111 997 1252 1031 γεγόνασιν
1270 998 1434 1032 ἀποφάνσεις
1451 998 1506 1035 (15)
1527 999 1601 1034 παρά
1618 1001 1674 1031 τοῖς
1698 1000 1896 1035 νομιμωτάτοις

1109 1042 1164 1069 τῶν
1188 1051 1217 1069 τε
1234 1043 1399 1077 φυσιολόγων
1416 1045 1463 1071 καὶ
1478 1044 1532 1071 τῶν
1550 1045 1703 1081 ἱστορικῶν.
1725 1046 1756 1072 Οἱ
1775 1046 1823 1081 μὲν
1841 1045 1895 1081 γὰρ

1111 1087 1210 1125 αὑτῶν,
1235 1090 1363 1124 ἀγένητον
1387 1091 1434 1117 καὶ
1453 1091 1589 1127 ἄφθαρτον
1613 1091 1831 1128 ὑποστησάμενοι
1849 1091 1895 1118 τὸν

1111 1134 1221 1170 κόσμον,
1239 1137 1412 1172 ἀπεφήναντο
1432 1138 1479 1163 καὶ
1492 1137 1522 1163 τὺ
1538 1137 1616 1172 γένος
1632 1137 1686 1164 τῶν
1700 1137 1851 1173 ἀνθρώπων
1864 1136 1894 1170 ἐξ

1111 1180 1208 1212 αἰῶνος
1234 1182 1376 1218 ὑπάρχειν,
1403 1183 1536 1218 μηδέποτε
1556 1183 1605 1218 τῆς
1629 1183 1719 1210 αὐτῶν
1739 1183 1896 1215 τεκνώσεως

1111 1227 1196 1263 ἀρχὴν
1213 1228 1369 1263 ἐσχηκυίας.
1388 1229 1419 1255 υἱ
1438 1229 1476 1262 δὲ,
1494 1230 1606 1265 γενητὸν
1619 1230 1665 1256 καὶ
1686 1229 1822 1264 ἄφθαρτον
1840 1230 1895 1265 (Μ)

1111 1271 1180 1299 εἶναι
1202 1274 1371 1309 νομίσαντες,
1389 1275 1490 1310 ἔφησαν
1510 1275 1609 1311 ὁμοίως
1627 1276 1740 1308 ἐκείνοις
1757 1277 1811 1312 (15)
1833 1277 1896 1308 τοὺς

1112 1319 1270 1355 ἀνθρώπους
1286 1322 1377 1355 τυχεῖν
1392 1321 1442 1356 τῆς
1459 1321 1570 1357 πρώτης
1589 1322 1721 1356 γενέσεως
1735 1322 1895 1358 ὡρισμένοις

1112 1366 1228 1402 χρόνοις.
1241 1366 1320 1393 Κατὰ
1334 1367 1387 1402 γὰρ
1399 1367 1448 1403 τὴν
1462 1367 1492 1400 ἐξ
1506 1368 1592 1404 ἀρχῆς
1603 1368 1656 1395 τῶν
1672 1368 1739 1395 ὅλων
1758 1368 1895 1401 σύστασιν,

1114 1413 1178 1447 μίαν
1202 1413 1271 1448 ἔχειν
1296 1414 1367 1440 ἰδέαν
1383 1414 1497 1449 οὐρανόν
1522 1423 1552 1440 τε
1570 1415 1617 1441 καὶ
1638 1415 1699 1450 γῆν,
1724 1415 1895 1450 μεμιγμένης

1111 1459 1200 1485 αὐτῶν
1215 1460 1265 1494 τῆς
1291 1460 1406 1494 φύσεως·
1427 1460 1495 1495 μετά
1515 1460 1543 1486 δὲ
1558 1460 1643 1486 ταῦτα
1663 1461 1828 1487 διαστάντων
1841 1460 1895 1487 τῶν

1113 1505 1246 1540 σωμάτων
1261 1505 1308 1531 ἀπ’
1331 1505 1462 1540 ἀλλήλων,
1479 1505 1524 1531 τὸν
1546 1505 1595 1540 μὲν
1619 1505 1719 1540 κόσμον
1742 1506 1897 1541 περιλαϐεῖν

1113 1550 1220 1577 ἅπασαν
1234 1550 1283 1585 τὴν
1298 1550 1440 1585 ὁρωμένην
1454 1551 1482 1576 ἐν
1496 1550 1569 1585 αὐτῷ
1584 1550 1719 1582 σύνταξιν,
1733 1551 1776 1577 τὸν
1791 1551 1813 1577 δ’
1827 1551 1896 1586 ἀέρα

1113 1597 1244 1631 κινήσεως
1259 1597 1349 1630 τυχεῖν
1365 1596 1500 1631 συνεχοῦς.
1520 1597 1573 1622 Καὶ
1588 1596 1617 1622 τὸ
1641 1597 1689 1632 μὲν
1709 1597 1828 1633 πυρῶδες
1846 1598 1894 1624 αὑ-

1115 1641 1162 1669 τοῦ
1178 1642 1245 1676 πρὸς
1257 1643 1320 1674 τοὺς
1335 1643 1550 1677 μετεωροτάτους
1563 1643 1660 1674 τόπους
1672 1643 1894 1679 συναναδραμεῖν,

1116 1687 1271 1722 ἀνωφεροῦς
1287 1686 1370 1722 οὔσης
1382 1688 1430 1722 τῆς
1446 1687 1571 1722 τοιαύτης
1592 1687 1698 1722 φύσεως
1714 1688 1757 1714 διά
1772 1689 1820 1722 τὴν
1835 1697 1897 1715 κου-

1116 1732 1218 1768 φότητα
1228 1740 1234 1746 '
1250 1732 1296 1766 ἀφ’
1312 1729 1346 1767 ἧς
1361 1732 1448 1763 αἰτίας
1461 1731 1506 1758 τὸν
1526 1731 1574 1767 μὲν
1589 1732 1675 1766 ἥλιον,
1693 1733 1740 1758 καὶ
1756 1732 1786 1758 τὸ
1804 1732 1895 1759 λοιπον

1116 1779 1216 1814 πλῆθος
1235 1779 1289 1805 τῶν
1310 1779 1416 1814 ἄστρων
1436 1778 1655 1813 ἐναποληφθῆναι
1676 1779 1708 1814 τῇ
1731 1778 1805 1814 πάσῃ
1824 1777 1894 1813 δίνῃ·

1114 1823 1145 1851 τὸ
1160 1824 1188 1850 δὲ
1206 1823 1315 1855 ἰλυῶδες
1327 1823 1373 1850 καὶ
1387 1823 1495 1858 θολερὸν
1511 1823 1580 1858 μετά
1592 1823 1642 1857 τῆς
1654 1822 1708 1849 τῶν
1723 1822 1812 1858 ὑγρῶν
1829 1831 1895 1856 συγ-

1115 1869 1231 1905 κρίσεως
1249 1870 1294 1896 ὲπὶ
1313 1869 1394 1896 ταὺτὸ
1414 1868 1579 1903 καταστῆναι
1596 1867 1639 1894 διὰ
1654 1867 1684 1893 τὸ
1699 1867 1789 1902 βάρος
1807 1866 1895 1893 εἰλού-

1115 1926 1195 1953 μενον
1218 1917 1240 1944 δ¹
1262 1919 1291 1944 ὲν
1313 1916 1401 1952 ἑαυτῷ
1418 1917 1464 1943 καί
1483 1916 1697 1952 συστρεφόμενον
1715 1915 1842 1950 συνεχῶς,
1863 1915 1897 1942 ὲκ

1115 1964 1164 2000 μὲν
1178 1963 1231 1990 τῶν
1245 1964 1346 2000 ὑγρῶν,
1359 1963 1408 2000 τὴν
1424 1963 1559 1990 θάλασσαν
1570 1971 1577 1977 ⁸
1592 1963 1623 1988 ἐκ
1634 1962 1661 1988 δὲ
1673 1961 1727 1988 τῶν
1742 1970 1896 1997 στερεμνω-

1113 2010 1200 2046 τέρων
1218 2011 1327 2046 ποιῆσαι
1339 2011 1388 2046 τὴν
1405 2011 1466 2046 γῆν,
1480 2009 1601 2045 πηλώδη,
1615 2009 1661 2035 καὶ
1675 2008 1811 2040 παντελῶς
1826 2008 1897 2034 ἀπα-

1113 2056 1172 2093 λήν.
1189 2058 1294 2093 Ταύτην
1309 2058 1347 2089 δὲ,
1365 2057 1395 2083 τὸ
1411 2057 1459 2092 μὲν
1478 2056 1583 2092 πρῶτον
1605 2055 1651 2082 τοῦ
1672 2055 1736 2096 περί
1754 2054 1800 2080 τὸν
1821 2055 1895 2090 ἥλιον

1113 2103 1198 2138 πυρὸς
1212 2103 1446 2138 καταλάμψαντος,
1465 2101 1544 2137 πῆξιν
1563 2101 1664 2128 λαϐεῖν’
1681 2100 1774 2129 ἔπειτα
1791 2100 1835 2126 διὰ
1846 2101 1896 2135 τὴν

1113 2149 1263 2184 θερμασίαν
1283 2149 1467 2184 ὰνοιζεομένης
1483 2148 1538 2183 (16)
1550 2147 1599 2182 τῆς
1615 2147 1783 2182 ἐπιφανείας,
1806 2155 1895 2173 συνοι-

1112 2196 1192 2231 δῆσαί
1212 2205 1272 2223 τινα
1288 2196 1341 2223 τῶν
1358 2195 1448 2231 ὑγρῶν
1464 2194 1534 2221 κατὰ
1548 2194 1661 2225 πολλοὺς
1677 2194 1775 2225 τόπους
1788 2193 1835 2220 καὶ
1848 2202 1895 2228 γε-

1112 2242 1203 2268 νέσθαι
1212 2242 1274 2278 περὶ
1284 2242 1352 2268 αὐτὰ
1367 2241 1513 2276 σηπεδόνας
1525 2240 1605 2275 ὑμέσι
1617 2239 1724 2281 λεπτρῖς
1735 2239 1895 2275 περιεχομέ-

273 2285 395 2313 humidis
420 2284 462 2312 sui
486 2284 609 2319 partibus
631 2291 723 2318 mare,
747 2285 801 2320 20
826 2292 860 2312 ex
884 2285 1060 2313 solidioribus

1112 2297 1169 2320 νας.
1187 2288 1273 2323 Ὅπερ
1295 2287 1366 2314 ἔστιν
1389 2287 1505 2313 ἐν’ἒλεσι
1522 2286 1569 2314 καὶ
1587 2287 1643 2318 τοῖς
1663 2286 1820 2321 λιμνάζουσι
1839 2285 1893 2311 τῶν

273 2338 339 2358 vero
350 2335 450 2358 terram
460 2331 579 2363 lutosam
591 2330 792 2366 admodumque
801 2336 921 2359 teneram
937 2332 1062 2359 mollem-

273 2384 327 2412 que
341 2384 499 2412 procreassc
516 2385 523 2403 :
542 2384 602 2411 qua:
626 2376 762 2411 principio
776 2377 885 2412 quidem
901 2377 980 2412 igneo
993 2377 1060 2405 solis

273 2425 431 2454 irradiantis
445 2426 537 2453 aﬂlatu
558 2431 699 2461 compacta
717 2426 818 2453 sensim
838 2434 870 2454 ac
883 2427 980 2461 stipata
995 2434 1061 2454 con-

273 2472 387 2505 stiterit;
409 2472 516 2502 deinde.
531 2480 593 2500 cum
616 2472 717 2499 extima
734 2472 891 2507 superﬁcies
915 2473 941 2499 vi
961 2473 1059 2501 caloris

273 2516 469 2551 eil'ervesceret,
482 2522 574 2553 partes
587 2517 646 2551 ejus
658 2518 782 2552 qua'dam
798 2518 964 2546 humidiores
976 2518 1060 2545 variis

274 2562 390 2590 subinde
404 2564 471 2592 locis
491 2565 682 2596 intumuerint,
699 2564 799 2599 quibus
814 2564 917 2592 inclusa
931 2565 1060 2592 materies

274 2609 393 2643 putrida,
412 2611 634 2647 membranisque
654 2611 823 2639 tenuissimis
843 2612 963 2639 involuta
986 2611 1060 2640 fove-

273 2659 348 2681 retur
367 2664 373 2682 :
397 2656 423 2682 id
444 2657 516 2690 quod
535 2657 562 2684 in
583 2658 687 2693 stagnis
704 2658 865 2691 etiamnum,
879 2658 1001 2692 locisque
1012 2666 1060 2693 pa-

274 2700 405 2729 lustribus
422 2701 481 2729 lieri
501 2703 636 2736 videmus,
658 2704 682 2732 si
695 2704 805 2739 quando
824 2708 1000 2739 posteaquam
1014 2712 1060 2732 so-

291 2778 473 2840 ᾱξρίἰῖἠξιοουε
500 2785 589 2808 exstat
614 2781 684 2816 apud
710 2781 822 2810 Diodor.
836 2782 855 2809 l.
871 2790 891 2816 ι,
905 2789 933 2817 p.
949 2782 966 2809 6
983 2790 1059 2810 nova:

273 2819 413 2842 editionis.

391 2850 594 2887 Ἀποράνσειςἴ
616 2851 705 2883 Diod.,
723 2852 883 2887 ἀποφάσεις.

384 2887 560 2922 Ἇςςθιιρτον.
582 2886 660 2913 Diod.
678 2885 805 2922 φθαρτόν,
818 2893 899 2916 recte.

322 2920 363 2955 lii)
384 2920 537 2957 Legendum
566 2920 808 2958 videtur'ixét’vqi,
836 2932 932 2959 nempe
956 2923 994 2958 τῷ
1014 2924 1058 2950 κό-

1111 2334 1201 2360 τόπων
1220 2333 1261 2360 ἔτι
1281 2333 1327 2359 καὶ
1349 2332 1396 2359 νῦν
1412 2332 1524 2368 ὁρᾶσθαι
1546 2332 1694 2368 γινόμενον,
1720 2330 1828 2358 ἐπειδὰν
1843 2331 1893 2365 τῆς

1110 2379 1201 2415 χώρας
1227 2378 1435 2413 κατεψυγμένης
1456 2378 1533 2413 ἄφνω
1555 2379 1685 2414 διάπυρος
1704 2377 1756 2413 ἀὴρ
1772 2376 1892 2411 γένηται,

1112 2426 1150 2461 μὴ
1166 2425 1255 2452 λαϐὼν
1274 2425 1322 2461 τὴν
1341 2424 1490 2461 μεταϐολὴν
1511 2426 1543 2452 ὲκ
1565 2425 1611 2452 τοῦ
1630 2426 1689 2452 κατ’
1706 2424 1802 2457 ὀλίγον.
1820 2424 1892 2450 Ζωο-

1110 2472 1278 2507 γονουμένων
1302 2471 1330 2497 δὲ
1356 2471 1409 2498 τῶν
1433 2471 1522 2507 ὑγρῶν
1544 2471 1587 2498 διὰ
1610 2472 1658 2506 τῆς
1679 2470 1828 2506 θερμασίας
1847 2470 1894 2496 τὸν

1110 2518 1253 2554 εἰρημένον
1264 2517 1374 2554 τρόπον,
1390 2517 1440 2549 τὰς
1454 2518 1501 2552 μὲν
1521 2517 1621 2549 νύκτας
1634 2516 1780 2551 λαμϐάνειν
1794 2516 1893 2543 αὐτίκα

1110 2566 1159 2601 τὴν
1175 2565 1276 2602 τροφὴν
1297 2567 1330 2592 ὲκ
1350 2566 1398 2600 τῆς
1418 2565 1569 2601 πιπτούσης
1591 2564 1644 2591 ἀπὺ
1657 2565 1703 2591 τοῦ
1719 2564 1894 2601 περιέχοντος

1110 2611 1238 2647 ὁμίχλης·
1256 2611 1304 2643 τὰς
1323 2611 1345 2637 δ’
1362 2611 1468 2648 ἡμέρας
1483 2611 1534 2638 ὑπὸ
1549 2611 1594 2638 τοῦ
1608 2610 1746 2646 καύματος
1766 2610 1893 2646 στερεοῦ-

1112 2658 1182 2685 σθαι.
1195 2658 1231 2685 Τὸ
1244 2658 1272 2685 δὲ
1285 2657 1406 2693 ἔσχατον,
1421 2657 1474 2684 τῶν
1487 2658 1714 2693 κυοφορουμένων
1726 2657 1775 2692 τὴν
1787 2655 1893 2683 τελείαν

1111 2703 1223 2740 αὔξησιν
1237 2704 1438 2740 λαμϐανόντων,
1449 2704 1559 2732 καὶτῶν
1572 2703 1678 2739 ὑμένων
1693 2703 1893 2730 διακαυθέντων

1110 2802 1200 2865 “iis
1227 2828 1441 2867 Ὰγαζεομεξνης.
1461 2827 1538 2854 Diod.
1551 2831 1577 2854 et
1591 2826 1685 2867 Manu,
1704 2822 1893 2867 ἀναζυμουμέ-

1109 2873 1168 2900 νης,
1194 2865 1266 2900 quod
1292 2868 1334 2892 est
1357 2864 1540 2898 fermentatam
1558 2864 1634 2897 quasi
1655 2865 1892 2887 intissammutm-

1110 2908 1190 2927 scere.
