2064 3212
184 187 218 214 53

766 187 932 215 PILEPAR.
953 187 1080 216 ΕνΑΝϐ.
1099 188 1163 216 LIB.
1183 189 1203 216 Ι.

1712 214 1717 218 .
1760 190 1794 218 54

181 255 210 272 ιε
227 245 272 272 καὶ
292 247 527 282 περιρραγέντων,
544 247 694 282 ἀναφυῆναι
711 247 895 279 παντοδαποὺς
916 247 960 273 τύ-

1018 248 1072 274 lum
1089 247 1234 280 refrixerit,
1248 253 1314 275 aestu
1331 249 1471 283 repentino
1486 256 1531 276 aer
1543 248 1696 281 incalescat,
1709 257 1797 285 neque

182 300 247 324 πους
260 291 346 324 ζώων.
367 292 477 320 Τούτων
498 293 526 319 δὲ
549 293 584 320 τὰ.
603 294 651 328 μὲν
668 293 797 328 πλείστης
815 292 964 328 Θερμασίας

181 338 407 373 κεκοινωνηκότα,
430 339 499 374 πρὸς
518 339 582 372 τοὺς
600 338 751 375 μετεώρους
765 339 862 371 τόπους
881 339 964 366 ἀπελ-

180 384 245 417 θεῖν,
262 385 396 419 γενόμενα
417 384 520 420 πτηνά·
545 385 580 411 τὰ
605 385 634 412 δὲ
656 385 772 420 γεώδους
798 385 965 420 ἀντεχόμενα

180 431 362 465 συγκρίσεως,
377 432 406 458 ὲν
422 432 456 466 τῇ
471 430 525 457 τῶν
544 430 666 466 ἑρπετῶν
685 432 733 458 καὶ
754 432 787 467 τῇ
810 431 863 457 τῶν
877 431 964 458 ἄλλων

179 476 233 502 τῶν
253 476 382 510 ἐπιγείων
396 476 473 508 τάξει
492 476 738 512 καταριθμηθῆναι·
756 476 791 503 τὰ
808 477 836 503 δὲ
858 477 964 511 φύσεως

179 521 267 557 ὑγρᾶς
283 522 402 556 μάλιστα
419 522 604 557 μετειληχότα,
617 523 685 558 πρὸς
697 523 742 550 τὸν
753 523 871 558 ὁμογενῆ
882 523 964 549 τόπον

180 567 351 602 συνδραμεῖν,
378 568 561 603 ὀνομασθέντα
583 568 686 595 πλωτά.
715 567 769 604 Τὴν
794 568 823 595 δὲ
846 569 896 603 γῆν
920 568 964 595 ἀεὶ

181 612 279 647 μᾶλλον
297 614 491 649 στερεουμένην
513 615 566 641 ὑπό
579 623 608 641 τε
622 614 670 641 τοῦ
685 614 750 650 περὶ
765 614 812 641 τὸν
823 614 897 649 ἥλιον
913 622 964 640 πυ-

179 657 235 693 ρὸς,
255 658 303 684 καὶ⁹
322 658 376 685 τῶν
392 660 567 696 πνευμάτων,
584 660 614 686 τὸ
631 660 784 687 τελευταῖον
803 659 901 695 μηκέτι
917 659 962 686 δύ-

178 703 274 730 νασθαι
292 704 375 739 μηδὲν
395 704 449 731 τῶν
467 705 595 740 μειζόνων
615 706 766 738 ζωογονεῖν,
791 705 847 732 ἀλλ’
862 705 894 731 ἐκ
914 705 963 740 τῆς

178 748 247 784 πρὸς
261 749 364 783 ἄλληλα
380 750 479 785 μίξεως
488 750 590 777 ἕκαστα
603 750 747 785 γεννᾶσθαι
757 750 810 777 τῶν
822 750 961 786 ἐμψύχων.

180 794 272 821 Ἕλικι
284 794 312 821 δὲ
325 795 390 830 περὶ
403 796 452 831 τῆς
467 796 520 823 τῶν
532 796 600 823 ὅλων
621 796 727 831 φύσεως
742 796 795 823 οὐδ’
812 796 961 832 Εὐριπίδης

176 839 320 875 διαφωνεῖν
341 843 397 873 τοῖς
416 842 631 878 προειρημένοις,
653 841 774 877 μαθητὴς
795 841 833 868 ὣν
850 841 962 874 ’Δναξα-

176 887 258 922 γόρου
272 887 319 914 τοῦ
334 887 458 922 φυσικοῦ.
479 888 523 914 Ἔν
538 887 592 923 γὰρ
605 889 638 924 τῇ
654 887 834 922 Marathum
854 887 961 922 τίθησιν

160 963 165 968 ι
176 931 273 964 οὕτως·

1015 293 1144 328 paulatim
1153 294 1330 321 mutationem
1340 293 1474 328 ejusmodi
1488 294 1615 329 patiatur.
1631 294 1724 330 Itaque
1733 303 1795 324 cum

1014 339 1183 366 humidiores
1197 339 1249 366 illa:
1263 343 1358 374 partes
1369 339 1441 367 hune
1462 339 1492 366 in
1503 340 1614 368 modum
1626 340 1733 368 vitalem
1748 349 1796 376 pa<

1014 384 1102 411 riendi
1115 384 1168 411 vim
1181 391 1215 411 ex
1225 384 1316 412 calore
1325 384 1482 419 prolemque
1496 385 1679 420 conciperent,
1688 393 1734 413 eas
1746 393 1795 414 no-

1014 434 1058 457 ctu
1069 430 1178 465 quidem
1192 437 1225 457 ex
1241 430 1380 457 decidente
1393 431 1427 457 ab
1440 438 1503 458 aere
1514 431 1684 460 circumfuso
1698 432 1795 460 nebula

1014 476 1221 509 nutrimentum,
1235 475 1353 504 interdiu
1367 484 1432 504 vero
1453 478 1536 505 robur
1550 485 1584 505 ex.
1601 478 1690 506 calore
1704 485 1737 506 ac
1751 478 1796 505 tir-

1014 521 1136 548 mitatem
1150 521 1289 556 accepisse
1306 530 1313 548 :
1332 521 1418 549 donec
1434 522 1485 557 ipsi
1505 521 1575 550 fetus
1588 522 1690 557 justum
1707 523 1796 550 incre-

1014 570 1134 594 mentum
1144 574 1277 601 suamque
1286 568 1468 595 maturitatem
1479 568 1643 602 obtinerent,
1655 568 1796 604 ruptisque

1013 612 1122 639 demum
1137 616 1204 640 aestu
1226 612 1403 645 membranis,
1422 613 1600 641 animantium
1611 614 1700 642 omnis
1713 622 1796 650 gene-

1013 658 1051 685 ris
1067 657 1160 684 l‘ormae
1172 663 1360 684 nascerentur.
1374 657 1414 684 Ex
1429 658 1471 685 his
1483 663 1573 685 autem
1586 666 1646 693 qua:
1664 659 1794 692 majoretn

1013 707 1099 730 nacta:
1113 702 1230 730 calorem
1241 707 1342 737 essent,
1354 710 1401 730 cas
1415 703 1512 738 pennis
1527 703 1674 731 instructas
1685 704 1796 732 altiores

1013 749 1041 776 in
1056 749 1149 776 mundi
1162 749 1255 784 plagas
1271 749 1445 777 subvolasse:
1460 749 1486 775 in
1500 749 1600 784 quibus
1611 757 1676 777 vero
1688 754 1794 778 terrena

1013 794 1150 822 concretio
1168 795 1357 822 dominaretur
1367 814 1375 827 ,
1409 794 1470 821 illas
1484 794 1620 829 reptilium
1635 801 1666 821 ac
1685 799 1795 822 caetera-

1013 847 1085 873 rum,
1103 847 1163 874 quae
1176 839 1203 866 in
1215 843 1286 867 terra
1298 843 1450 871 versantur,
1462 839 1641 866 animantium
1655 839 1750 867 ordine
1764 847 1796 867 ac

1013 893 1127 913 numero
1151 885 1362 920 comprehensas
1387 883 1472 912 fuisse
1492 893 1500 911 :
1523 888 1657 919 quotquot
1678 884 1795 919 denique

1014 931 1124 959 humida
1137 931 1255 958 maxime
1268 935 1364 958 natura
1375 934 1540 963 constarent,
1553 937 1600 957 eas
1613 930 1640 956 in
1651 933 1796 965 cognatum

176 978 230 1005 sibi
244 978 407 1015 amnemque
427 979 518 1008 locum
535 987 630 1009 omnes
644 980 818 1014 conﬂuxisse,
840 979 956 1015 piscium
976 970 1255 1014 nomine'appellatas.
1268 978 1310 1005 Ad
1342 983 1490 1005 extremum
1525 983 1590 1004 vero
1605 981 1717 1008 terram,
1732 984 1794 1003 cum

177 1025 309 1059 maiorem
326 1025 354 1052 in
374 1026 432 1053 dies
449 1026 657 1061 solidioremque
667 1025 795 1054 duritiem
808 1026 904 1061 partim
921 1033 955 1053 ex
974 1025 1040 1053 solis
1077 1024 1223 1052 ardentiori
1244 1024 1343 1056 calore,
1369 1024 1465 1058 partim
1490 1030 1523 1050 ex
1557 1027 1699 1050 ventorum
1728 1022 1794 1050 ﬂatu

176 1070 276 1105 capiat,
293 1070 396 1098 nullam
423 1078 470 1106 per
494 1079 555 1100 sese
575 1072 692 1111 amplius
713 1079 747 1099 ex
767 1071 957 1107 grandioribus
975 1071 1158 1099 animantibus
1175 1077 1318 1106 procreare
1346 1077 1437 1105 posse,
1469 1069 1517 1097 sed
1532 1076 1625 1097 earum
1643 1068 1796 1103 quamlibet

175 1125 208 1145 ex
225 1122 319 1146 mutua
336 1118 453 1146 marium
467 1127 500 1147 ae
517 1118 680 1148 feminarum
702 1120 891 1148 commistione
911 1119 1044 1155 generari.
1073 1118 1166 1154 Neque
1182 1119 1381 1154 discrepantem
1405 1118 1439 1145 ab
1459 1117 1505 1150 iis,
1518 1125 1579 1152 quae
1605 1116 1693 1144 adhuc
1723 1115 1802 1143 com-

176 1164 610 1201 memoravimus,Euripidis,qui
618 1165 808 1200 Anaxagoram
820 1165 961 1201 physicum
979 1165 1112 1198 audierat,
1126 1165 1159 1193 de
1173 1164 1255 1200 hujus
1273 1164 1393 1192 universi
1407 1166 1467 1191 ortu
1481 1166 1600 1190 mentem
1629 1161 1712 1189 fuisse
1745 1168 1795 1196 pu-

179 1209 306 1237 taverim.
321 1210 348 1237 Is
361 1211 433 1237 enim
446 1211 485 1238 sic
499 1211 527 1238 in
546 1211 695 1246 Menalippe
710 1211 823 1239 scribit:

215 1265 264 1310 ξος
278 1266 406 1310 οἰιρςινός
419 1275 451 1310 τε
462 1266 529 1301 γαῖά
539 1267 564 1293 τ’
578 1266 618 1302 ἦν
628 1268 729 1303 μορφὴ
737 1268 807 1329 flet,

216 1301 299 1337 fuel
316 1300 334 1326 δ
355 1302 563 1337 ἐχωρισθησαν
578 1303 722 1337 ἀλλήλων
756 1303 808 1337 [χιι

214 1335 352 1372 ﬂaccum
365 1323 472 1368 θῖἷιίῖτιι,
488 1323 660 1372 ἇὰγέδωκαιί·
675 1339 718 1371 εἰς
733 1323 819 1372 φείδςῖ

211 1369 332 1411 Αίζνδρα,
347 1372 482 1411 πτηνὰ),
498 1371 604 1411 ,θῇ-ρας,
618 1373 671 1406 οὕς
681 1369 802 1408 θ”ἅλμή
812 1371 925 1408 τρέφει,

210 1403 306 1438 Γένος
319 1413 352 1432 τε
367 1405 483 1440 θνητῶν
495 1403 564 1443 (17⁷).

174 1459 230 1488 Καὶ
246 1462 310 1496 περὶ
324 1462 372 1496 μὲν
386 1462 436 1498 τῆς
453 1463 564 1500 πρώτης
578 1465 631 1492 τῶν
645 1464 713 1492 ὅλων
727 1465 860 1500 γενέσεως
873 1466 960 1494 ταῦτα

174 1506 396 1542 παρειλήφαμεν.
419 1508 488 1541 Τοὺς
508 1509 536 1535 δὲ
563 1509 592 1543 ἐξ
614 1510 702 1546 ἀρχῆς
724 1511 884 1546 γενηθέντας
905 1511 959 1538 τῶν

174 1552 325 1587 ἀνθρώπων
363 1554 444 1588 φασὶν
474 1555 504 1582 ev
534 1555 644 1592 ἀτάκτῳ
679 1557 725 1584 καὶ
759 1557 884 1593 θηριώδει
910 1559 959 1594 βίῳ

175 1598 360 1631 καθεστῶτας,
401 1601 538 1637 σποράδην
569 1602 616 1629 ἐπὶ
649 1602 698 1635 τὰς
734 1603 818 1639 νομὰς
848 1604 958 1637 ἐξιέναι,

175 1644 222 1671 καὶ
258 1645 460 1680 προσφέρεσθαι
491 1647 540 1682 τῆς
574 1656 605 1673 τε
637 1647 751 1683 βοτάνης
781 1649 829 1684 τὴν
858 1659 960 1686 προση-

174 1689 316 1725 νεστάτην,
341 1691 389 1717 καὶ
405 1692 469 1723 τοὺς
495 1692 662 1727 αὐτομάτους
691 1693 745 1720 ἀπὸ
767 1693 822 1721 τῶν
843 1694 959 1730 δένδρων

176 1735 309 1769 καρπούς.
324 1736 379 1763 Καὶ
395 1736 611 1773 πολεμουμένους
629 1739 678 1774 μὲν
702 1739 754 1766 ὑπὸ
777 1739 830 1766 τῶν
847 1739 959 1776 Θηρίων,

174 1779 297 1816 ἀλλήλοις
322 1781 439 1817 βοηθεῖν,
456 1783 507 1809 ὑπὸ
530 1784 575 1810 τοῦ
593 1784 776 1821 συμφέροντος
797 1785 959 1821 διδασκομέ-

175 1834 246 1858 νους,
262 1826 470 1863 ἀθροιζομένους
489 1829 517 1856 δὲ
535 1829 578 1856 διὰ
589 1830 634 1856 τὸν
658 1830 750 1865 φόϐον,
769 1831 960 1866 ἐπιγινώσκειν

174 1871 207 1898 ὲκ
221 1871 269 1898 τοῦ
286 1872 356 1899 κατὰ
375 1873 469 1910 μικρὸν
480 1875 542 1907 τοὺς
564 1875 685 1911 ἀλλήλων
698 1876 809 1908 τύπους.
831 1877 887 1912 Τῆς
904 1886 960 1911 φωο

174 1917 223 1951 γῆς
243 1918 266 1944 δ’
288 1918 395 1953 ἀσήμου
417 1919 463 1945 καὶ
489 1920 693 1955 συγκεχυμένης
715 1920 905 1956 ὑπαρχούσης,
928 1922 960 1948 ἐκ

175 1961 221 1988 τοῦ
233 1963 293 1989 κατ’
310 1963 398 1998 ὀλίγον
413 1964 557 2000 διαρθροῦν
571 1965 620 1997 τὰς
635 1966 731 1999 λέξεις,
742 1967 789 1994 καὶ
802 1967 869 2003 πρὸς
880 1968 960 2004 ἀλλή-

175 2008 237 2040 λους
258 2008 382 2041 τιθέντας
399 2009 518 2045 σύμϐολα
535 2011 598 2046 περὶ
619 2012 732 2039 ἑκάστου
746 2013 798 2039 τῶν
813 2014 959 2048 ὑποκειμέ-

175 2062 238 2086 νων,
249 2052 387 2090 γνώριμον
400 2055 491 2090 σφίσιν
507 2056 598 2088 αὐτοῖς
611 2057 723 2093 ποιῆσαι
736 2059 784 2094 τὴν
796 2060 860 2095 περὶ
876 2060 961 2086 ἁπάν-

176 2106 229 2124 των
247 2099 405 2134 ἑρμηνείαν.
422 2099 556 2127 Τοιούτων
569 2100 598 2127 δὲ
616 2102 795 2137 συστημάτων
811 2102 959 2138 γινομένων

175 2143 235 2170 καθ’
250 2144 356 2172 ἃπασαν
370 2144 419 2181 τὴν
440 2145 611 2182 οἰκουμένην,
633 2147 682 2182 οὺχ
703 2147 841 2182 ὁμόφωνον
857 2147 959 2180 πάντας

175 2189 247 2224 ἔχειν
261 2190 310 2226 τὴν
327 2190 474 2223 διάλεκτον,
488 2191 620 2226 ἑκάστων,
638 2192 675 2224 ὡς
693 2192 797 2229 ἔτυχεν,
815 2193 959 2226 συνταξάν-

174 2243 227 2261 των
243 2235 293 2267 τὰς
305 2235 407 2268 λέξεις·
422 2237 462 2263 διὸ
481 2237 528 2264 καὶ
542 2238 684 2269 παντοίους
700 2247 729 2264 τε
742 2238 860 2274 ὑπάρξαι
873 2247 958 2274 χαρα-

175 2281 277 2316 κτῆρας
292 2281 447 2316 διαλέκτων,
463 2283 510 2310 καὶ
530 2283 564 2310 τὰ
586 2284 682 2319 πρῶτα
703 2284 834 2320 γενόμενα
859 2285 957 2321 συστή-

176 2335 248 2360 ματα
271 2328 324 2354 τῶν
347 2328 474 2355 ἁπάντων
491 2329 574 2358 ἐθνῶν
588 2329 722 2366 ἀρχέγονα
737 2331 872 2365 γενέσθαι.
889 2332 958 2364 Τοὺς

174 2370 219 2399 οὖν
239 2372 364 2408 πρώτους
382 2374 436 2400 τῶν
453 2375 614 2411 ἀνθρώπων,
631 2376 743 2411 μηδενός
759 2386 802 2403 πω
820 2376 874 2403 τῶν
890 2377 958 2412 πρὸς

173 2417 217 2443 τὸν
226 2417 282 2452 βίον
290 2419 432 2454 χρησίμων
446 2420 602 2455 εὑρημένων
610 2420 687 2456 (ΓΓ),
699 2421 834 2453 ἐπιπόνως
844 2421 956 2455 διάγειν,

172 2464 291 2498 γυμνοὺς
309 2466 356 2499 μὲν
371 2465 484 2500 ἐσθῆτος
496 2465 588 2499 ὄντας,
604 2467 708 2502 ὑήσεως
725 2467 780 2502 (18)
797 2467 825 2493 δὲ
843 2467 890 2493 καὶ
907 2475 958 2492 πυ-

173 2507 219 2543 ρὸς
231 2509 333 2546 ἀήθεις,
347 2510 450 2546 τροφῆς
465 2511 486 2537 δ’
499 2511 603 2548 ἡμέρου
622 2513 759 2545 παντελῶς
775 2513 955 2548 ἀνεννοήτους.

172 2553 226 2580 Και
239 2554 294 2589 γὰρ
305 2555 353 2590 τὴν
365 2556 531 2592 συγκομιδὴν
542 2557 591 2592 τῆς
604 2557 701 2593 ἀγρίας
712 2559 813 2594 τροφῆς
829 2558 955 2592 ἀγνοοῦν-

974 1265 997 1294 Β
1045 1266 1113 1294 Caeli
1125 1274 1192 1293 unus
1207 1269 1267 1292 ante
1284 1265 1370 1291 vultus
1385 1271 1416 1290 ac
1432 1267 1508 1289 terra
1524 1262 1585 1294 fuit,

973 1943 993 1970 C

1044 1303 1082 1329 Ac
1096 1301 1218 1336 proprius
1238 1308 1270 1327 ex
1285 1307 1336 1334 quo
1355 1303 1494 1336 utrumque
1510 1296 1632 1336 discluij
1655 1296 1739 1336 locus,

1045 1331 1234 1364 Curicta'ambo
1249 1331 1382 1370 generant,
1396 1331 1473 1368 inque
1484 1332 1567 1359 lucem
1578 1331 1689 1370 afferunt

1045 1371 1146 1404 Silvas,
1164 1366 1290 1401 volucr'u,
1308 1377 1339 1395 ac
1360 1366 1448 1403 feras;
1464 1373 1518 1394 tum
1529 1374 1593 1402 quot
1607 1366 1693 1393 salum

1046 1406 1073 1434 Ν
1076 1407 1151 1438 attrit,
1167 1406 1350 1439 hominumque
1362 1411 1452 1439 genus.

1009 1465 1098 1501 Atque
1114 1464 1170 1491 haec
1196 1463 1229 1491 de
1254 1462 1341 1498 prima
1365 1460 1460 1488 mundi
1479 1457 1793 1495 procreationeamajo—

1009 1511 1085 1538 ribus
1111 1509 1276 1545 accepimus.
1307 1507 1414 1540 Porro,
1436 1506 1483 1541 qui
1510 1505 1647 1540 principes
1669 1502 1790 1531 ontnium

1009 1553 1065 1581 nati
1087 1553 1210 1580 homines
1228 1555 1316 1584 erant,
1333 1558 1381 1578 eos
1392 1549 1451 1577 sine
1465 1549 1559 1576 ordine
1575 1555 1607 1575 ac
1620 1547 1707 1576 ferino
1734 1547 1793 1581 pla-

1009 1607 1044 1628 ne
1069 1600 1123 1627 ritu
1140 1598 1313 1631 victitantes,
1333 1597 1442 1632 hucque
1463 1595 1609 1630 dissipatos
1631 1598 1712 1629 atque
1729 1593 1793 1621 illuc

1009 1644 1043 1673 ad
1062 1651 1163 1680 pascua
1184 1643 1302 1675 exiisse,
1328 1650 1361 1670 ac
1384 1641 1408 1669 si
1429 1641 1493 1677 quid
1519 1640 1684 1668 teneriorum
1702 1642 1729 1666 et
1741 1638 1792 1665 mi-

1008 1690 1109 1718 tiorum
1131 1689 1278 1717 herbarum
1305 1692 1393 1721 esset,
1418 1694 1482 1714 cum
1508 1690 1603 1721 sponte
1617 1684 1792 1724 nascentibus

1009 1735 1137 1762 arborum
1164 1733 1299 1761 fructibus
1323 1732 1475 1760 comedisse
1508 1730 1610 1758 ferunt.
1639 1729 1692 1764 21
1716 1728 1785 1756 Cum

1008 1787 1099 1808 autem
1129 1787 1176 1807 eos
1203 1779 1267 1807 ferae
1292 1783 1540 1814 persequerentur,
1560 1776 1678 1804 utilitate
1706 1776 1792 1810 magi-

1009 1830 1064 1854 stra
1086 1830 1208 1853 mutuam
1239 1825 1290 1852 sibi
1307 1832 1386 1859 opem
1416 1824 1527 1856 tulisse,
1555 1827 1683 1856 metuque
1709 1821 1792 1848 simul

1010 1875 1185 1907 congregatos
1200 1891 1209 1904 ,
1239 1870 1351 1898 alterius
1374 1870 1490 1897 alterum
1515 1867 1645 1903 paulatim
1674 1867 1790 1894 formam

1010 1917 1303 1952 agnovisse:cumque
1327 1923 1422 1943 vocem
1446 1914 1484 1941 illi
1515 1913 1655 1941 confusam
1672 1912 1791 1947 primum

1010 1965 1037 1987 et
1050 1960 1084 1987 ab
1097 1960 1170 1987 omni
1196 1959 1395 1994 signiﬁcatione
1410 1965 1524 1986 vacuam
1536 1957 1714 1988 eﬂ'underent,
1731 1957 1790 1984 sinv-

1010 2005 1080 2040 gulis
1106 2004 1238 2040 paulatim
1258 2003 1372 2031 vocibus
1395 2002 1538 2030 articulate
1558 2000 1738 2036 proferendis,
1752 2000 1790 2027 si-

1009 2051 1123 2086 gnisque
1136 2058 1227 2077 rerum
1242 2057 1303 2084 qua:
1314 2048 1504 2081 occurrebant,
1525 2048 1594 2075 inter
1612 2054 1672 2075 sese
1687 2046 1791 2074 consti-

1008 2097 1084 2129 tutis,
1098 2101 1189 2124 notam
1207 2103 1300 2124 eorum
1315 2095 1367 2123 sibi
1391 2094 1512 2123 omnium
1528 2092 1736 2128 explicationem
1749 2092 1791 2119 in-

1009 2142 1283 2177 terpretationemque
1304 2141 1412 2169 fecisse.
1435 2139 1495 2168 lam
1523 2140 1587 2167 vero
1613 2138 1687 2174 quod
1703 2143 1797 2166 cretus»

1009 2186 1141 2222 ejusmodi
1157 2191 1212 2214 toto
1227 2186 1328 2222 passim
1343 2187 1408 2214 orbe
1423 2185 1617 2217 conﬂarentur,
1634 2183 1790 2219 singulique

1008 2240 1099 2265 voces,
1116 2236 1198 2267 prout
1217 2233 1315 2267 cuique
1327 2236 1427 2259 temere
1441 2239 1473 2258 ac
1486 2230 1598 2259 fortuito
1614 2230 1703 2257 visum
1720 2233 1790 2261 erat;

1008 2283 1210 2317 componerent,
1232 2286 1286 2306 non
1298 2277 1421 2305 eamdem
1436 2277 1536 2305 idcirco
1560 2276 1688 2312 loquendi
1705 2276 1790 2303 ratio-

1009 2332 1069 2351 nem
1083 2331 1144 2352 cum
1155 2324 1291 2352 universis
1311 2331 1482 2351 communem
1503 2323 1600 2350 fuisse:
1624 2322 1712 2356 Atque
1727 2321 1789 2349 hinc

1007 2369 1103 2397 format
1118 2369 1274 2404 linguarum
1288 2369 1463 2405 multiplices,
1477 2368 1626 2404 primaeque
1640 2367 1691 2394 illa;
1702 2367 1789 2394 ltomi-

1008 2424 1072 2443 num
1088 2416 1232 2443 societates
1245 2415 1366 2442 omnium
1382 2419 1509 2449 parentes
1520 2417 1547 2441 et
1562 2413 1650 2448 capita
1667 2412 1787 2447 gentium

1007 2462 1179 2490 exstiterunt.
1195 2461 1329 2489 Caeterum
1344 2461 1417 2496 quod
1432 2459 1603 2488 nihil'adltuc
1618 2465 1713 2486 eorum
1729 2465 1788 2492 quin

1007 2508 1200 2536 conservanda:
1215 2515 1247 2535 ac
1265 2507 1370 2535 tuendm
1380 2506 1442 2533 vitae
1454 2505 1585 2536 serviunt,
1603 2504 1788 2538 excogitatum

1006 2558 1089 2588 esset,
1102 2554 1174 2581 illam
1189 2561 1259 2588 aegre
1272 2552 1416 2580 admodum
1431 2551 1510 2586 primi
1526 2551 1570 2578 isti
1584 2550 1708 2578 homines
1722 2550 1788 2577 tole-

170 2607 230 2631 τας,
249 2600 383 2636 μηδεμίαν
398 2601 451 2628 τῶν
467 2602 580 2637 καρπῶν
597 2603 636 2634 είς
648 2603 697 2634 τὰς
710 2603 812 2635 ἐνδείας
823 2602 956 2629 ποιεῖσθαι

1010 2600 1115 2633 rabant,
1128 2599 1227 2635 quippe
1237 2599 1284 2634 qui
1300 2603 1326 2626 et
1339 2606 1354 2625 a
1366 2598 1489 2626 vestibus
1513 2596 1648 2631 imparati,
1667 2604 1717 2623 nec
1740 2595 1788 2623 do-

172 2646 323 2681 παράθεσιν
334 2656 340 2662 ·
355 2647 396 2674 διὸ
412 2648 460 2674 καὶ
474 2648 588 2681 πολλοὺς
600 2649 688 2676 αὐτῶν
702 2649 867 2676 ἀπόλλυσθαι
883 2649 954 2676 κατὰ

1010 2647 1169 2674 miciliorum
1181 2651 1228 2673 aut
1241 2646 1310 2681 ignis
1325 2653 1402 2673 usum
1424 2643 1522 2676 edocti,
1537 2648 1563 2671 et
1578 2643 1666 2670 victtts
1675 2642 1788 2669 alimen-

171 2691 233 2723 τοὺς
248 2693 394 2727 χειμῶνας,
411 2693 455 2720 διά
470 2703 500 2721 τε
513 2694 542 2721 τὸ
556 2694 651 2730 ψῦχος,
665 2695 712 2721 καὶ
730 2695 779 2731 τὴν
795 2695 890 2722 σπάνιν
905 2695 955 2730 τῆς

1010 2692 1082 2727 tique
1106 2692 1224 2720 mitioris
1238 2699 1351 2727 prorsus
1371 2691 1457 2726 ignari
1478 2694 1579 2718 essent.
1598 2688 1703 2716 Etenim
1725 2695 1787 2714 cum

171 2736 281 2772 τροφῆς.
292 2738 338 2765 Ἐκ
351 2739 380 2765 δὲ
394 2739 487 2765 τούτου
502 2741 561 2766 κατ’
575 2740 664 2774 ὀλίγον
681 2740 732 2767 ὑπὸ
745 2740 795 2775 τῆς
809 2741 904 2776 πείρας
917 2740 956 2767 δι-

1010 2738 1060 2774 ipsi
1074 2738 1195 2766 nondum
1213 2736 1413 2772 comportanda:
1433 2744 1467 2763 ex
1481 2735 1554 2770 agris
1574 2741 1688 2762 annona:
1703 2732 1786 2761 ratio-

202 2809 218 2824 ι
249 2803 292 2830 ῑσ.
306 2804 341 2831 τὰ
351 2805 471 2840 δένδρα.
490 2806 565 2835 Diod.
593 2807 714 2842 Δὲνδρη,
729 2809 858 2836 πετεινά.

201 2860 452 2902 ρῇΡοενιΘνητῶν,
464 2866 575 2902 paucula
584 2867 704 2900 qumdam
717 2866 815 2894 Euseb.
829 2868 955 2902 prattcrit.

201 2896 268 2933 μγ)
285 2896 475 2934 Εὐρτυίένωνξ
492 2901 561 2938 Lege
579 2896 742 2938 εἰρημένου.
760 2896 838 2930 Ειητί

1047 2867 1102 2902 (18)
1126 2838 1260 2900 ’Υήσέεωᾳ
1282 2865 1394 2893 Reddidi
1418 2865 1528 2902 perinde
1551 2872 1583 2892 ac
1607 2864 1629 2892 si
1655 2863 1786 2901 lcgcrctttr

1010 2898 1145 2938 ἀκησέως,
1161 2898 1245 2938 quam
1258 2909 1349 2929 vocem
1371 2898 1442 2936 apud
1457 2901 1565 2928 Diodor.
1579 2904 1672 2934 postea
1688 2898 1788 2932 rcpvri.
