2064 3212
279 188 314 216 65
615 185 749 215 EUSEBII
768 185 1010 214 CIESARlENSlS
1028 186 1102 214 OPP.
1124 187 1214 215 PARS
1231 187 1261 215 ll.
1284 202 1314 207 —-
1332 187 1582 216 APOLOGETICA.
1863 189 1899 218 58

277 254 339 276 nem
352 250 485 279 tenerent,
494 245 561 273 nihil
576 246 687 274 omnino
701 244 838 272 fructuum
849 244 969 272 levandae
980 253 1057 280 quon

1114 246 1306 281 δασκομένους,
1323 246 1363 278 είς
1382 255 1412 273 τε
1438 247 1473 274 τὰ
1494 247 1612 282 σπήλαια
1625 246 1804 282 καταφεύγειν
1820 247 1848 274 ἐν
1861 248 1900 279 τῶ

275 294 339 322 dam
354 292 452 327 inopiae
466 292 553 328 gratia
565 291 757 320 recondebam.
784 290 877 327 ltaque
894 291 1004 326 plurimi
1016 299 1065 326 per

276 339 392 367 hiemem
407 346 469 366 cum
495 340 640 373 asperitate
656 337 777 372 frigoris,
797 342 854 365 tum
878 338 1002 365 ciborum
1016 345 1063 372 pe—

275 385 355 413 nuria
372 384 474 420 passim
491 384 647 412 interibant.
666 383 766 411 Verum
789 383 835 411 ubi
853 384 983 419 paulatim
1008 391 1061 411 usu

275 431 335 466 ipso
349 430 486 457 cautiores
502 430 662 461 evasissent.
680 429 708 456 in
727 428 874 464 speluncas
887 428 985 456 hiemis
995 432 1062 455 tem-

274 483 342 511 pore
351 474 509 510 confugere,
530 474 633 509 quique
659 474 793 502 asservari
809 473 913 502 diutius
937 478 1062 508 poterant

275 521 381 548 fructus
393 527 523 556 reponere
538 524 689 554 coeperunt.
703 519 775 555 Ignis
785 523 876 547 autem
889 519 1060 554 aliarumque

275 566 498 595 commoditatum
523 566 639 593 utilitate
667 570 819 602 perspecta,
847 566 920 601 ipsas
952 573 1061 601 quoque

274 614 403 649 paulatim
418 617 490 640 artes
506 620 538 640 ac
554 616 661 645 cetera,
678 619 794 647 quorum
807 619 841 639 ex
856 612 1062 647 opportunitate

273 660 421 695 plurimum
434 659 467 686 ad
483 665 656 686 communem
667 658 750 685 vitam
764 659 942 686 emolumenti
956 660 1061 686 redun-

272 706 360 738 daret,
387 705 557 732 invenerunt.
579 703 723 731 Enimvero
746 703 805 738 ipsa
824 704 941 738 primum
967 705 1057 739 inopia

273 759 334 780 sese
346 751 468 779 omnium
484 750 595 778 omnino
607 757 699 777 rerum
718 750 876 784 magistram
901 750 1059 778 hominibus

272 797 407 830 praebuit;
438 803 500 823 cum
537 795 755 830 uniuscujusque
783 795 908 822 notitiam
945 796 1056 823 animali

1116 293 1241 329 χειμῶνι,
1259 294 1305 320 καὶ
1318 293 1372 320 τῶν
1386 293 1502 329 καρπῶν
1515 293 1578 325 τοὺς
1593 293 1772 328 φυλάττεσθαι
1786 294 1900 331 δυναμέ-

1113 347 1186 372 νους,
1212 339 1403 366 ἀποτίθεσθαι·
1428 339 1595 374 γνωσθέντος
1617 339 1646 366 δὲ
1669 339 1716 366 τοῦ
1745 340 1839 376 πυρὸς,
1852 340 1901 368 καὶ

1111 385 1166 412 τῶν
1182 385 1268 412 ἄλλων
1284 385 1435 421 χρησίμων,
1453 387 1520 413 κατά
1543 386 1638 421 μικρὸν
1661 386 1708 413 καὶ
1729 385 1779 418 τὰς
1801 387 1900 422 τέχνας

1112 430 1298 466 ἐξευρεθῆναι,
1314 431 1406 457 καὶτὰ
1419 431 1486 458 ἄλλα
1497 431 1530 458 τὰ
1539 431 1675 466 δυνάμενα
1687 431 1733 458 τὸν
1746 431 1832 458 κοινὸν
1843 431 1900 459 Βίου

1111 474 1260 510 ὠφελῆσαι.
1274 475 1396 502 Καθόλου
1419 475 1474 512 γὰρ
1495 476 1603 503 πάντων
1624 477 1674 512 τὴν
1695 477 1791 513 χρείαν
1814 477 1899 512 αὐτὴν

1110 520 1269 547 διδάσκαλον
1292 521 1419 556 γενέσθαι
1446 524 1502 554 τοῖς
1526 521 1690 557 ἀνθρώποις,
1706 523 1899 559 ὑφηγουμένην

1111 567 1219 599 οίκείιυς
1229 566 1278 602 τὴν
1291 567 1405 595 ἑκάστου
1422 567 1540 603 μάθησιν
1551 568 1646 602 seeos?
1660 567 1731 602 ζώῳ,
1744 567 1792 594 καὶ
1806 576 1899 604 συνερ-

1111 613 1176 648 γοὺς
1191 613 1280 649 ἔχοντι
1295 614 1363 650 πρὸς
1376 614 1484 642 ἅπαντα
1496 615 1600 649 χεῖρας,
1616 614 1663 640 καὶ
1681 613 1769 649 λόγον,
1783 615 1829 641 καὶ
1847 614 1898 649 ψυ-

1110 659 1160 694 χῆς
1176 659 1325 694 ἀγχίνοιαν.
1339 659 1393 686 Καὶ
1418 659 1480 695 περὶ
1505 659 1556 694 μὲν
1576 659 1625 695 τῆς
1644 658 1755 695 πρώτης
1765 659 1898 693 γενέσεως

1109 703 1164 730 τῶν
1179 704 1340 740 ἀνθρώπων,
1357 705 1403 731 καὶ
1427 704 1473 732 τοῦ
1503 704 1684 732 παλαιοτάτου
1701 704 1758 740 βίου
1778 705 1835 736 τοῖς
1849 705 1900 740 ρη-

1110 749 1194 777 οεῑσιν
1227 750 1470 787 ἀρκεσθησόμεθα,
1495 750 1688 786 στοχαζόμενοι
1711 751 1761 786 τῆς
1791 758 1898 786 συμμι-

1108 796 1194 831 τρίας.
1213 804 1223 822 ι

273 843 508 878 optimeanatura
537 848 704 877 comparato,
721 842 848 877 quodque
874 850 928 870 non
951 847 1056 870 tantum
1077 842 1245 870 administris
1257 841 1291 870 ad
1309 843 1401 870 omnia
1424 843 1551 871 manibus
1582 843 1719 875 utebatur,
1735 842 1782 870 sed
1814 842 1896 870 etiam

271 888 378 916 ratione
391 887 497 914 valebat
510 887 648 921 animique
675 887 795 921 solertia,
811 886 981 915 familiariter
1001 891 1166 922 suggereret.
1187 887 1276 922 Atque
1307 887 1375 920 haec,
1406 888 1485 915 nobis
1510 888 1661 923 praesertim
1683 887 1729 923 qui
1751 888 1896 916 mediceri-

273 933 320 962 tati
331 934 498 966 Studeamus,
516 933 550 960 de
563 933 649 968 primo
666 933 807 960 hominum
825 939 898 967 ortu,
912 934 999 969 deque
1014 934 1119 961 vivendi
1138 934 1190 961 ritu
1206 934 1401 967 vetustissimo,
1418 935 1485 963 satis
1502 940 1592 963 erunt.
1609 944 1618 961 ι

310 977 445 1006 llaetenus
463 979 589 1006 laudatus
601 987 615 1006 a
627 980 705 1007 nobis
715 985 819 1012 auctor,
832 981 879 1015 qui
900 981 927 1008 in
941 980 994 1008 ista
1005 988 1055 1008 sua

1141 980 1265 1008 Τοσαῦτα
1284 981 1333 1016 μὲν
1348 982 1362 1008 ὁ
1381 981 1510 1017 δηλωθεὶς
1530 982 1714 1018 συγγραφεὺς,
1728 982 1788 1010 οὐδὲ
1800 981 1897 1018 μέχρις

271 1025 367 1052 mundi
380 1026 824 1060 procreationecommemoranda,
837 1034 871 1054 ne
885 1026 931 1054 Dei
948 1027 1058 1062 quidem

271 1071 314 1098 vel
328 1071 439 1099 nomine
451 1076 532 1100 tenus
546 1072 680 1106 meminit,
697 1073 743 1100 sed
761 1072 900 1100 fortuitam
913 1073 1058 1108 quamdam

272 1125 305 1145 ac
330 1122 427 1153 sponte
453 1116 573 1146 oblatam
601 1119 684 1154 hujus
708 1120 828 1147 universi
853 1119 1058 1154 dispositionem

270 1163 383 1190 invexit.
405 1163 506 1191 Eadem
531 1172 596 1192 vero
624 1165 733 1193 Graecos
757 1165 932 1200 philosophos
955 1169 1059 1199 partem

271 1216 338 1236 sane
348 1209 494 1236 maximam
509 1210 602 1238 videas
618 1211 779 1246 prodidisse.
794 1211 916 1244 Quorum
932 1210 1057 1245 equidem

270 1254 298 1281 in
312 1255 454 1289 prxsentia
469 1255 502 1282 de
529 1263 620 1283 rerum
636 1256 776 1291 principiis
799 1257 852 1291 22
872 1255 1014 1290 opiniones
1027 1262 1059 1282 ac

269 1301 455 1328 dissensiones
468 1305 587 1334 mutuas,
601 1309 634 1329 ex
655 1302 689 1330 iis
712 1310 780 1337 quos
798 1301 934 1329 Stromata
949 1301 1059 1328 Plutar-

269 1346 338 1373 chus
353 1345 500 1382 inscripsit,
527 1347 576 1375 tibi
603 1355 665 1376 ante
689 1349 784 1377 oculos
812 1355 923 1383 ponam.
955 1355 1057 1382 easque

268 1397 324 1417 non
339 1398 371 1418 ex
380 1396 453 1419 certa
463 1392 579 1426 quadam
591 1398 618 1420 et
638 1393 835 1428 comprehensa
850 1393 942 1420 animo
956 1392 1052 1426 cogni-

268 1435 353 1467 tione,
374 1431 468 1464 sed‘ex
492 1438 711 1473 cenjecturarum
725 1440 818 1466 nescio
830 1447 884 1474 qua
907 1438 1055 1473 probabili-

1107 1027 1238 1062 ὀνόματος
1259 1027 1307 1054 τοῦ
1323 1027 1390 1054 Θεοῦ
1409 1027 1600 1062 μνημονεύσας
1621 1029 1649 1054 ὲν
1671 1029 1703 1064 τῇ
1719 1028 1895 1064 κοσμογονίᾳ,

1108 1073 1271 1109 συντυχικὴν
1286 1073 1314 1099 δέ
1325 1081 1384 1100 τινα
1399 1073 1446 1100 καὶ
1456 1073 1608 1108 αὐτόματον
1619 1074 1835 1109 εἰσηγησάμενος
1846 1072 1896 1109 τὴν

1106 1118 1154 1145 τοῦ
1167 1119 1265 1150 παντὸς
1281 1119 1467 1154 διακόσμησιν.
1484 1119 1576 1154 Τούτῳ
1591 1119 1612 1146 δ’
1627 1119 1660 1146 ἂν
1675 1119 1767 1155 εὕροις
1784 1118 1897 1154 συμφώ-

1108 1173 1169 1196 νους
1183 1165 1302 1196 καὶτοὺς
1313 1165 1454 1196 πλείστους
1463 1165 1517 1191 τῶν
1528 1165 1591 1200 παρ’
1605 1164 1718 1201 Ἕλλησι
1731 1165 1894 1200 φιλοσόφων·

1107 1207 1145 1236 ὦν
1161 1209 1216 1245 ἐγώ
1232 1218 1272 1236 σοι
1285 1210 1335 1242 τὰς
1351 1210 1416 1245 περὶ
1426 1209 1517 1246 ἀρχῶν
1532 1209 1618 1243 δόξας,
1632 1210 1679 1237 καὶ
1694 1210 1744 1241 τὰς
1758 1210 1826 1245 πρὸς
1846 1209 1896 1237 ἀλ-

1109 1255 1206 1291 λήλους
1220 1251 1374 1286 διαστάσεις
1388 1255 1435 1282 καὶ
1449 1255 1604 1290 διαφωνίας,
1616 1256 1648 1281 ὲκ
1661 1253 1896 1290 ποχασμῶν,ἀλλ’

1108 1301 1158 1327 οὐκ
1172 1301 1226 1328 ἀπὸ
1240 1301 1418 1337 καταλήψεως
1432 1301 1608 1336 ὁρμηθεῖσι-ις,
1621 1301 1673 1327 ἀπὸ
1688 1301 1742 1327 τῶν
1758 1300 1898 1336 Πλουτάρ-

1106 1353 1154 1380 χου
1171 1345 1368 1380 Στρωματέων
1380 1346 1447 1380 (19),
1464 1346 1509 1373 ἐπὶ
1518 1345 1565 1372 τοῦ
1581 1346 1713 1382 παρόντος
1727 1345 1890 1382 ἐκθήσομαι.

1107 1391 1143 1418 Σὺ
1155 1391 1182 1417 δὲ
1200 1391 1236 1427 μὴ
1251 1392 1404 1427 παρέργως,
1415 1392 1495 1427 σχολῇ
1510 1392 1538 1418 δὲ
1551 1392 1599 1419 καὶ
1615 1391 1684 1427 μετὰ
1696 1391 1836 1428 λογισμοῦ,
1847 1391 1897 1419 Θέσ.

1106 1437 1155 1473 τὴν
1172 1437 1240 1474 πρὸς
1254 1438 1385 1473 ἀλλήλους
1396 1438 1535 1465 διάστασιν
1548 1439 1601 1466 τῶν
1615 1439 1694 1474 δηλου
1700 1439 1797 1474 μένων.

269 1485 324 1509 tate
336 1482 481 1516 profectas.
506 1483 546 1511 Tu
562 1490 653 1512 autem
675 1493 729 1513 non
748 1485 816 1512 dicis
829 1493 922 1519 causa,
938 1485 985 1512 sed
999 1485 1087 1512 otiose
1105 1485 1279 1519 adhibitoque
1293 1485 1406 1520 judicio,
1422 1493 1516 1513 corum
1529 1485 1575 1520 qui
1598 1485 1648 1513 abs
1670 1493 1713 1512 me
1729 1493 1896 1512 commemo-

269 1533 378 1562 rantur,
394 1530 506 1558 dissidia
521 1535 610 1558 tecum
630 1532 687 1566 ipse
701 1532 899 1566 contemplare.

561 1575 675 1602 CAPUT
698 1575 763 1603 Vlll.

270 1621 412 1655 Opiniones
423 1621 636 1655 philosophorum
653 1621 684 1661 de
700 1621 777 1656 hujus
791 1621 906 1648 universi
918 1629 1056 1655 coagmen-

611 1660 719 1682 latione.

305 1710 315 1726 ι
339 1700 478 1728 Thaletem
504 1700 595 1728 ferunt
625 1705 687 1728 ante
710 1706 823 1729 cteteros
848 1709 943 1729 omnes
973 1701 1055 1735 hujus

267 1747 453 1775 universitatis
471 1747 634 1782 principium
662 1754 760 1780 aquam
775 1747 911 1781 posuisse,
931 1745 1004 1781 quod
1020 1753 1052 1771 ex

267 1799 301 1821 ea
314 1796 412 1820 cuneta
427 1792 570 1827 prodiisse,
597 1799 629 1818 ac
651 1799 749 1819 rursus
766 1791 793 1819 in
806 1792 928 1819 eamdem
944 1790 1055 1818 dissolvi

268 1839 457 1866 arbitraretur.

306 1893 316 1910 ι
332 1884 409 1911 lluuc
426 1889 535 1912 secutus
549 1883 758 1914 Anaximander.
775 1883 820 1918 qui
835 1883 956 1918 ejusdem
980 1882 1054 1910 Tha-

267 1930 329 1959 letis
342 1930 540 1958 consuetudine
557 1938 589 1957 ac
606 1929 789 1956 familiaritate
817 1937 884 1955 usus
901 1933 969 1960 erat,
990 1935 1052 1955 cau-

268 1985 327 2004 sam
342 1977 464 2003 omnium
481 1975 592 2003 omnino
619 1983 711 2002 rerum
739 1975 786 2002 nui
802 1973 935 2001 duntaxat
949 1973 1055 2000 intinito

267 2022 458 2058 assignandam
475 2029 535 2049 esse
550 2021 658 2054 docuit;
676 2029 709 2048 ex
733 2028 765 2048 co
778 2020 877 2055 quippe
889 2027 950 2047 cum
971 2019 1055 2046 cmle-

267 2076 323 2097 stes
337 2069 427 2102 orbes,
447 2074 504 2095 tum
523 2068 643 2094 inlinitos
666 2067 743 2102 plane
766 2067 884 2093 mundos
896 2066 1008 2092 eductos
1024 2072 1055 2092 ac

267 2119 388 2142 secretos
413 2121 474 2141 esse
499 2113 616 2139 (licebat.
643 2111 851 2145 Corruptionem
866 2115 967 2142 autem,
985 2110 1055 2136 mul-

269 2164 352 2194 toque
369 2164 432 2187 ante
445 2159 647 2193 generationem
675 2158 760 2192 ipsam
774 2165 808 2184 ex
823 2165 855 2184 eo
874 2157 932 2185 ﬁeri
949 2164 1055 2183 assere-

269 2206 326 2239 bat,
339 2205 411 2240 quod
426 2206 519 2233 mundi
547 2205 591 2232 isti
607 2212 702 2232 omnes
718 2204 751 2231 ab
780 2204 914 2230 immenso
934 2202 1054 2237 quodam

1370 1572 1567 1599 ΚΕΦΑΛΑῘΟΝ
1587 1570 1628 1599 Il'.

1127 1618 1214 1651 Δόξαι
1227 1618 1403 1653 φιλοσόφων
1418 1618 1484 1652 περὶ
1500 1617 1555 1652 τῆς
1569 1618 1622 1646 τοῦ
1634 1618 1748 1652 παντὸς
1768 1618 1878 1647 συστά-

1460 1661 1546 1686 σεως.

1147 1708 1156 1725 1
1172 1699 1279 1735 Θάλητα
1295 1699 1402 1735 πρῶτον
1420 1700 1527 1726 πάντων
1550 1700 1631 1734 φασὶν
1650 1699 1736 1736 ἀρχὴν
1759 1700 1813 1726 τῶν
1828 1699 1896 1727 ὅλων

1110 1745 1311 1781 ὑποστήσασθαι
1325 1745 1354 1771 τὸ
1365 1745 1446 1782 ὕδωρ.
1457 1745 1501 1778 Ἐξ
1515 1745 1598 1772 αὑτοῦ
1610 1746 1664 1782 γὰρ
1674 1744 1785 1774 εἶναιτὰ
1796 1746 1893 1779 πάντα,

1109 1791 1155 1817 καὶ
1169 1791 1209 1822 εἰς
1223 1791 1289 1817 αὐτὸ
1303 1792 1411 1826 χωρεῖν,

1147 1893 1156 1908 ‹
1172 1883 1238 1910 Μεθ’
1256 1883 1285 1909 ὃν
1304 1882 1523 1920 Ἀναξίμανδρον,
1537 1883 1656 1919 Θάλητος
1663 1884 1770 1919 ἑταῖρον
1780 1883 1895 1919 γενόμε-

1108 1938 1162 1962 νον,
1178 1930 1207 1956 τὸ
1222 1929 1334 1966 ἄπειρον
1347 1930 1428 1964 φάναι
1440 1931 1490 1965 τὴν
1503 1930 1592 1956 πᾶσαν
1605 1930 1693 1956 αἰτίαν
1707 1929 1776 1964 ἔχειν
1787 1929 1837 1964 τῆς
1846 1930 1894 1956 τοῦ

1109 1976 1209 2007 παντὸς
1223 1975 1355 2009 γενέσεώς
1371 1984 1400 2002 τε
1417 1975 1464 2002 καὶ
1478 1975 1589 2010 φθορᾶς,
1600 1975 1643 2007 Ἐξ
1656 1972 1686 2001 οὗ
1702 1975 1732 2011 δή
1753 1984 1818 2011 φησι
1831 1976 1895 2007 τούς

1108 2030 1138 2047 τε
1152 2021 1282 2056 οὐρανοὺς
1300 2020 1507 2056 ἀποκεκρίσθαι,
1530 2021 1577 2047 καὶ
1598 2020 1712 2046 καθόλου
1728 2021 1791 2052 τοὺς
1809 2021 1896 2047 ᾶπαν-

1107 2076 1156 2098 τας
1171 2067 1300 2102 ἀπείρους
1313 2066 1390 2098 ὂντας
1404 2067 1528 2102 κόσμους.
1539 2066 1705 2101 ’Λπεφήνατο
1723 2066 1750 2092 δὲ
1763 2066 1811 2102 τὴν
1832 2067 1896 2102 φθο-

1111 2113 1160 2149 ρὰν
1183 2113 1315 2148 γίνεσθαι,
1329 2113 1376 2140 καὶ
1400 2113 1467 2139 πολὺ
1492 2112 1622 2147 πρότερον
1648 2111 1697 2146 τὴν
1721 2111 1839 2146 γένεσιν,
1866 2113 1895 2146 ἐξ

1109 2160 1223 2195 ἀπείρου
1257 2159 1353 2191 αἰῶνος
1387 2158 1629 2192 ἀνακυκλουμένων
1655 2158 1762 2184 πάντων
1794 2159 1894 2185 αὐτῶν.

1116 2205 1262 2239 Ὑπάρχειν
1281 2204 1308 2229 δέ
1327 2212 1392 2238 φησι
1413 2203 1453 2238 τῷ
1477 2203 1526 2237 μὲν
1542 2202 1660 2237 σχήματι
1676 2201 1725 2237 τὴν
1739 2203 1790 2238 γῆν
1805 2203 1896 2229 κυλιν-

267 2260 325 2280 avo
357 2256 486 2286 perpetua
515 2250 695 2278 conversione
730 2249 913 2276 volverentur.
942 2248 1054 2275 Terram

1110 2250 1226 2285 δροειδῆ,
1240 2248 1311 2284 ἔχειν
1325 2248 1352 2275 δὲ
1366 2240 1594 2282 τοσοῦτονᾟάθος,
1610 2247 1671 2272 ὅσον
1694 2247 1727 2273 ἂν
1745 2247 1787 2282 εἴη
1803 2247 1894 2282 τρίτον

268 2306 333 2325 vero
350 2298 436 2332 ﬁgura
454 2297 606 2333 cylindrum
634 2296 744 2329 imitari,
770 2295 884 2330 ejusque
904 2295 1056 2323 altitudinis

267 2352 411 2379 esse,qu:e
431 2344 455 2371 si
476 2351 538 2371 eum
564 2343 706 2370 latitudine
719 2342 884 2374 conferatur,
898 2342 1004 2368 tertiam
1022 2341 1053 2368 il-

266 2391 320 2418 lius
341 2395 446 2425 partem
470 2389 627 2417 constituat.
658 2388 791 2415 Caeterum
814 2387 944 2415 fecundas
976 2391 1056 2422 atque

267 2437 398 2471 genitales
412 2436 491 2463 calidi
503 2435 648 2470 [rigidique
658 2439 758 2469 partes,
774 2434 846 2461 circa
859 2433 953 2460 mundi
974 2433 1057 2468 hujus

269 2482 486 2517 procreationem
498 2482 532 2509 ab
544 2481 618 2509 oumi
643 2481 794 2508 mternitate
821 2481 956 2515 sepositas
970 2480 1057 2507 fuisse

269 2527 473 2562 pronuntiabat,
496 2535 530 2555 ex
554 2527 654 2563 quibus
667 2526 785 2554 conﬂata
812 2526 917 2561 sphaera
933 2525 1057 2561 quaedam

305 2615 360 2651 (l9)
377 2616 577 2652 Πλουτάρχου
601 2617 806 2652 Στρωματέων.
847 2615 964 2643 Dubium
981 2620 1033 2652 Vest
1049 2635 1057 2648 ,

268 2656 361 2677 utrum
376 2651 402 2678 id
416 2659 485 2685 opus
501 2652 637 2679 Stromata
653 2651 815 2680 Plutarchus
831 2651 1010 2685 inscripserit,
1023 2659 1058 2678 an

270 2687 323 2713 hoc
347 2686 398 2721 ipsi
423 2694 522 2713 nomen
550 2687 684 2715 Eusebius
706 2692 799 2715 noster
824 2687 961 2714 iudiderit.
978 2686 1058 2713 Aliud

226 2753 230 2757 .
270 2722 381 2755 quidem
391 2722 489 2758 ,εει-ιιι)
505 2729 537 2749 eo
551 2723 621 2757 quod
637 2728 727 2750 exstat
739 2723 775 2750 De
789 2722 1057 2758 placit.pliilosoplm-

272 2765 341 2789 rum,
359 2757 397 2784 uti
415 2755 453 2793 τῷ
476 2755 739 2793 ἀντιπαραϐάλλοντι
758 2755 931 2792 perspicuum
947 2757 1002 2784 tiet.
1019 2756 1058 2782 Ex

272 2799 327 2825 quo
340 2792 456 2819 seorsim
481 2793 562 2819 etiam
587 2793 657 2819 idem
674 2793 772 2820 Euseb.
790 2793 859 2820 infra
875 2793 922 2819 lib.
942 2800 986 2819 xiv
1003 2799 1057 2818 non

272 2834 358 2862 pauca
375 2828 603 2861 depromet.Quid
618 2828 640 2854 si
656 2833 741 2856 totum
758 2828 823 2855 illud
841 2827 984 2854 Moralium
1002 2835 1060 2862 ope-

274 2870 343 2894 rum,
361 2868 390 2889 ut
405 2862 486 2895 vulgo
503 2863 689 2896 nominantur,
702 2871 813 2897 corpus,
831 2863 883 2889 hoc
899 2863 977 2889 titulo
987 2870 1059 2889 com-

274 2897 369 2932 plexos
384 2897 442 2925 est?
453 2897 522 2930 Quid
535 2898 607 2926 enim
622 2903 677 2927 tam
695 2898 910 2934 στρωματοειδές
921 2905 1001 2932 quam
1009 2897 1057 2932 illa

1111 2295 1180 2331 πρὸς
1196 2295 1226 2321 τὸ
1249 2294 1357 2325 πλάτος.
1376 2294 1446 2329 Φησὶ
1466 2294 1494 2320 δὲ
1509 2293 1540 2319 τὸ
1563 2293 1594 2318 ὲκ
1614 2291 1661 2319 τοῦ
1684 2292 1769 2319 ἀϊδίου
1785 2293 1894 2327 γόνιμον

1110 2340 1211 2376 θερμοῦ
1233 2349 1263 2366 τε
1287 2341 1332 2367 καὶ
1346 2339 1460 2375 ψυχροῦ,
1476 2338 1546 2365 κατὰ
1565 2338 1615 2374 τὴν
1634 2338 1740 2372 γένεσιν
1756 2338 1830 2364 τοῦδε
1848 2337 1893 2363 τοῦ

1110 2387 1214 2423 κόσμου
1224 2385 1413 2422 ἀποκριθῆναι,
1426 2385 1471 2411 καί
1485 2393 1546 2412 τινα
1560 2385 1592 2410 ἐκ
1603 2384 1698 2411 τούτου
1709 2383 1805 2418 φλογὸς
1816 2385 1894 2416 σφατ-

1112 2442 1161 2470 ραν
1181 2432 1326 2468 περιφῦναι
1342 2431 1380 2467 τῷ
1393 2432 1456 2467 περὶ
1470 2431 1519 2467 τὴν
1536 2431 1586 2466 γῆν
1600 2431 1670 2467 ἀέρι,
1688 2430 1725 2460 ὡς
1744 2429 1782 2464 τῷ
1795 2428 1893 2464 δένδρῳ

1111 2480 1214 2514 φλοιόν·
1231 2477 1338 2515 ἧστινος
1358 2477 1570 2514 ἀπορραγείσης,
1598 2477 1645 2503 καὶ
1666 2475 1706 2506 εἷς
1727 2482 1802 2505 τινας
1826 2475 1894 2500 ἀπο-

1112 2525 1281 2560 κλεισθείσης
1303 2524 1428 2556 κύκλους,
1443 2523 1591 2559 ὑποστῆναι
1613 2522 1658 2549 τὸν
1679 2520 1754 2556 ἥλιον
1778 2520 1826 2546 καὶ
1845 2520 1894 2556 τὴν

1112 2635 1261 2666 Plutarchi.
1274 2634 1309 2662 τά
1322 2643 1351 2662 τε
1368 2634 1492 2667 καθόλου,
1508 2634 1558 2668 καὶ,
1569 2631 1603 2659 τὰ
1619 2632 1687 2668 μετὰ
1701 2631 1783 2668 μέρος
1797 2631 1895 2668 συντά-

1112 2679 1222 2706 γματα;
1237 2670 1398 2705 Cujusmodi
1423 2669 1530 2706 suajlla
1545 2667 1669 2706 glemens
1686 2667 1894 2706 Alexandrinus

1111 2701 1173 2733 esse
1189 2701 1328 2740 prolitdtur
1342 2705 1388 2732 lib.
1408 2713 1433 2732 iv
1453 2713 1458 2730 ι
1476 2703 1598 2740 Ποικίλα,
1612 2703 1656 2740 ὼςΔ
1664 2702 1735 2740 αὑτρ-
1744 2710 1795 2728 που
1806 2701 1895 2740 τοῦνο-

1115 2741 1152 2777 μά
1166 2736 1242 2776 φὴσι,
1259 2740 1454 2777 διεστρωμένα,
1471 2740 1517 2765 ἀπ’
1529 2738 1618 2777 ’ἄλλουκ
1634 2738 1673 2769 εἰς
1696 2737 1759 2777 ἄλλο
1786 2736 1895 2777 συνεχὲς

1114 2771 1240 2812 incidite.
1251 2785 1258 2791 ο
1278 2771 1342 2812 licet
1362 2771 1434 2812 quod
1460 2774 1592 2812 sequitur,
1608 2773 1700 2812 ἕτερον
1715 2773 1769 2812 μέν,
1783 2781 1809 2798 τι
1825 2771 1894 2812 mea

1114 2785 1240 2812 μετιοντα
1251 2785 1258 2791 ⁸
1278 2784 1339 2803 licet
1362 2784 1434 2802 tuou
1460 2784 1592 2808 sequuur,
1608 2784 1700 2808 ετερυν
1715 2784 1764 2807 μεν
1783 2784 1809 2798 τι
1825 2784 1894 2798 κατα

1112 2812 1157 2847 τὸν
1182 2812 1275 2847 εἱρμὸν
1301 2811 1354 2837 τῶν
1371 2784 1460 2847 λόγιον
1486 2808 1631 2847 μηνροντα,
1649 2807 1842 2847 ὲκᾷεικνύμενα
1866 2806 1894 2833 δὲ

1112 2846 1175 2873 ἄλλο
1187 2843 1342 2879 τί,ἠιίηυε,
1358 2850 1387 2872 ut
1406 2844 1522 2878 videtur,
1538 2843 1566 2871 in
1591 2844 1644 2872 ista
1669 2843 1804 2871 Plutarchi
1827 2849 1893 2876 opu-

1113 2883 1187 2910 scula
1202 2881 1355 2910 conveniat.
