2064 3212
229 155 260 185 δτ
820 158 980 187 summa.
1001 159 1125 189 EVANG.
1146 159 1211 188 ιω.
1230 153 1250 188 t‘.
1809 161 1845 190 58

227 217 347 253 σελήνην,
364 217 412 245 καὶ
426 218 494 251 τοὺς
508 219 698 256 ἀστέρας.Ἔτι
721 220 813 256 φησὶν.
829 221 870 248 δτι
889 223 950 248 κατ’
962 222 1007 258 ἁρ-

1064 222 1141 257 ignea
1156 221 1351 249 circumfusum
1375 225 1454 249 terrae
1480 228 1570 249 aerem
1588 221 1671 249 veluti
1684 227 1775 249 cortex
1799 230 1845 249 ar-

226 263 276 298 χὰς
286 263 315 295 εξ
329 263 472 290 autme
489 264 566 296 ζώων
579 266 592 292 ό
603 265 745 300 ἄνθρωπος
756 266 884 302 ἐγεννήθη
897 274 904 282 ·
920 268 952 293 ὲκ
963 267 1010 294 τοῦ

225 308 259 335 τὰ
277 308 326 343 μὲν
343 308 409 336 ἄλλα
425 309 460 336 δι’
476 310 581 337 ἑαυτῶν
593 311 662 345 ταχὺ
677 310 817 346 νέμεσθαι,
833 311 912 346 μόνον
926 312 954 338 δὲ
966 313 1012 339 τὸν

223 354 365 390 ἄνθρωπον
380 354 557 391 πολυχρονίου
581 355 684 383 δεῖσθαι
705 356 880 392 τιθηνήσεως·
901 357 941 384 διὸ
965 357 1011 384 καλ¹

223 401 284 427 κατ’
304 400 389 435 ἀρχὰς
404 401 456 427 οὐκ
479 401 512 428 ἄν
533 410 597 428 ποτε
617 401 738 428 τοιοῦτον
753 402 816 429 ὖντα
835 402 1009 438 διασωθῆναι.

222 445 317 473 Ταῦτα
333 447 381 481 μὲν
395 445 441 473 οὖν
458 447 472 473 ὁ
492 447 709 483 Ἀναξίμανδρος.

1063 268 1157 295 borem
1173 268 1330 295 involveret.
1360 267 1397 294 Ea
1420 267 1542 303 disrupta
1559 275 1621 294 cum
1635 273 1717 300 esset,
1746 275 1778 295 ac
1792 267 1846 294 cir-

1062 311 1132 340 culis
1144 311 1306 346 quibusdam
1332 311 1493 344 interclusa,
1523 312 1606 339 solem
1619 311 1681 339 inde
1700 311 1792 339 lunam
1813 319 1846 339 ac

1062 357 1153 385 stellas
1176 357 1322 385 exstitisse.
1348 357 1481 385 Pratterea
1509 357 1647 385 hominem
1674 365 1708 384 ex
1732 357 1846 386 diversa

1061 403 1153 430 formas
1167 402 1352 430 animantibus
1365 403 1442 430 initio
1461 403 1580 438 genitum
1592 410 1653 430 esse
1663 402 1823 430 defendebat
1835 409 1844 430 :

1061 457 1123 476 nam
1139 455 1202 476 cum
1219 453 1322 476 caeteras
1335 456 1383 483 per
1398 456 1428 476 se
1441 449 1515 484 ipsas
1531 449 1662 476 continuo
1673 454 1779 484 pastum
1799 456 1846 477 ca-

223 498 344 527 pessant,
360 499 416 521 tum
429 498 503 522 certe
519 495 667 527 hominem,
693 495 739 531 qui
754 495 848 531 perdiu
874 496 943 524 lacte
966 505 1104 532 operaque
1134 501 1249 524 nutricis
1274 496 1402 532 indigeat,
1422 503 1561 531 nunquam
1581 496 1659 529 alias,
1673 495 1695 524 si
1711 495 1845 531 ejusmodi

222 539 303 572 foret,
320 549 353 568 eo
369 542 609 584 temporesalvum
626 550 686 570 esse
709 543 837 577 potuisse.
855 543 918 571 Haec
931 544 1140 572 Anaximander.

259 596 272 615 ι
286 588 462 625 Ἀναξιμένην
472 589 500 616 δέ
507 598 572 624 φασι
583 589 631 625 τὴν
640 589 693 616 τῶν
707 590 775 617 ὅλων
784 591 870 626 ἀρχὴν
881 591 926 617 τὸν
941 591 1009 627 ἀέρα

222 634 321 666 sin-etv,
337 635 384 661 καὶ
406 634 499 662 τοῦτον
522 633 591 662 εἶναι
609 635 648 671 τῷ
664 636 713 671 μὲν
727 636 800 670 γένει
814 637 936 673 ἄπειρον,
949 639 1008 669 ταῖς

222 680 252 706 δὲ
278 680 342 716 περὶ
368 680 448 707 αὑτὸν
473 681 611 716 ποιότησιν
634 681 795 717 ὡρισμένον.
814 682 961 709 Γεννᾶσθαι
977 683 1006 709 δὲ

222 726 312 752 πάντα
326 727 396 753 κατά
408 735 466 753 τινα
483 727 617 753 πύκνωσιν
632 727 736 759 τούτου,
751 727 799 754 καὶ
812 727 891 754 πάλιν
908 728 1006 763 ἀραίω-

223 779 276 797 σιν.
292 771 348 806 Τήν
364 779 396 805 γε
411 772 464 806 μὴν
478 771 584 807 κίνησιν
599 772 628 805 ἐξ
642 772 737 804 αἰῶνος
758 772 903 808 ὑπάρχειν·
917 773 1008 800 πιλου-

223 816 305 851 μένου
321 816 349 842 δὲ
366 816 412 842 τοῦ
429 817 518 852 ἀέρος,
538 816 648 852 πρώτην
669 817 841 852 γεγενῆσθαιιῖ
854 818 942 852 λέγειν
959 817 1008 853 τὴν

1101 601 1110 618 ι
1135 591 1331 618 Anaximenem
1361 593 1451 617 autem
1477 590 1577 622 aiunt,
1606 597 1696 617 rerum
1721 589 1846 616 omnium

1060 636 1223 672 principium
1242 643 1332 663 aerem
1364 635 1503 667 statuisse,
1533 635 1579 670 qui
1609 642 1708 670 genere
1734 634 1843 669 quidem

1060 683 1119 717 ipso
1145 682 1267 710 infinitus
1278 686 1358 715 esset,
1374 686 1402 708 at
1414 681 1495 709 certis
1507 681 1683 716 qualitatibus
1711 681 1769 708 suis
1797 681 1844 708 de-

1058 728 1172 758 tinitus,
1196 731 1277 762 atque
1311 726 1544 760 circumscriptus.
1573 725 1659 760 Hujus
1687 726 1784 760 partim
1810 733 1844 753 ex

1059 773 1267 808 constipatione,
1295 773 1394 808 partim
1416 772 1528 799 raritate
1554 771 1717 799 succedente
1744 775 1843 798 cuneta

1061 818 1184 854 generari
1201 827 1208 846 :
1226 819 1354 853 itemque,
1373 817 1566 852 sempiternum
1585 824 1646 844 esse
1671 821 1791 850 motum;
1809 824 1843 844 ex

221 861 284 896 γῆν,
302 861 430 888 πλατεῖαν
447 862 534 897 μάλα·
550 862 589 889 διὸ
608 863 738 890 καὶκατὰ
756 863 833 898 λόγον
859 863 942 899 αὐτὴν
964 864 1007 890 ἒπ-

1061 865 1154 893 eodem
1170 872 1232 892 aere
1251 865 1278 892 in
1292 872 1351 892 sese
1366 869 1459 892 (303010
1473 869 1555 898 atque
1571 871 1726 898 compresso
1743 868 1842 891 terram

221 907 342 941 οχεῖσθαι
359 907 429 943 ἀέρι,
445 908 492 934 καὶ
501 908 547 934 τὸν
563 909 638 943 ἥλιον
654 910 700 936 καὶ
714 910 762 945 τὴν
778 910 899 945 σελήνην,
915 910 961 936 καὶ
975 909 1008 936 τὰ

220 951 304 979 λοιπὰ
320 953 418 989 ἄστρα,
434 954 482 989 τὴν
498 955 583 990 ἀρχὴν
599 955 649 990 τῆς
664 955 797 989 γενέσεως
809 956 842 982 ὲκ
859 955 910 990 γῆς
924 954 1005 989 ἔχειν.

227 998 419 1032 ’Δπυφαίνεται
433 999 498 1034 γοῦν
511 1001 556 1027 τὸν
567 1001 651 1035 ἥλιον,
669 1001 720 1036 γῆν
730 1009 736 1016 ·
751 1001 796 1028 διὰ
810 1001 838 1028 δὲ
854 1001 902 1036 τὴν
919 1000 1007 1032 ὀξεῖαν

220 1044 339 1079 κίνησιν,
361 1046 407 1072 καὶ
432 1045 494 1081 μάλ’
514 1046 613 1078 ἱκανῶς
638 1047 806 1082 θερμοτάτην
829 1047 935 1082 κίνησιν
958 1047 1008 1073 λα-

222 1089 289 1117 δεῖν.

1061 910 1182 937 omnium
1197 910 1346 944 principem
1359 918 1474 945 eamque
1486 911 1567 938 latam
1590 909 1737 937 admodum
1752 914 1843 937 natam

1060 962 1131 987 esse,
1149 955 1259 990 aerique
1276 959 1417 990 propterea
1443 955 1505 990 jure
1519 956 1604 990 ipsam
1620 963 1651 983 ac
1665 956 1762 982 merito
1775 955 1844 982 insi-

1060 1001 1134 1028 dere.
1163 1000 1254 1028 Solem
1270 1009 1361 1036 porro,
1387 1002 1490 1032 lunam,
1517 1009 1549 1029 ac
1574 1002 1705 1036 reliquam
1722 1001 1843 1029 siderum

1059 1046 1259 1074 multitudinem
1270 1055 1303 1074 ex
1317 1051 1387 1074 terra
1399 1048 1442 1075 sui
1460 1048 1621 1082 principium
1639 1047 1692 1082 23
1704 1052 1780 1074 ortus
1796 1047 1844 1074 ha-

1059 1092 1161 1120 buisse.
1176 1092 1265 1125 Quare
1281 1093 1364 1120 solem
1378 1094 1486 1128 quidem
1507 1094 1595 1127 ipsum
1611 1098 1712 1121 terram
1736 1099 1844 1120 nuncu-

219 1137 313 1172 pabat,
329 1136 454 1164 eumdem
483 1141 574 1164 tamen
599 1137 783 1165 arbitrabatur
808 1137 997 1166 incitatissimo
1012 1145 1093 1167 cursu
1110 1139 1378 1168 vehementissimam
1397 1139 1474 1167 illum
1488 1140 1615 1172 calorem,
1639 1139 1720 1174 idque
1743 1147 1843 1174 oppor-

221 1186 285 1209 tune
302 1183 458 1215 admodum,
478 1191 538 1210 esse
551 1187 738 1210 consecutum.

260 1237 270 1252 ι
282 1227 434 1263 Ξενοφάνης
449 1228 477 1254 δὲ
496 1229 509 1254 ὁ
525 1228 708 1263 Κολοφώνιος,
727 1229 794 1256 ἰδίαν
810 1229 868 1256 τινὰ
883 1230 940 1256 ὁδὸν
957 1238 1006 1256 πε-

221 1274 400 1309 πορευμένος,
418 1274 465 1300 καὶ
489 1274 694 1309 παρηλλαχυῖαν
717 1275 818 1307 πάντας
838 1277 899 1307 τοὺς
916 1284 1007 1311 προει-

223 1319 374 1354 ρημένους,
397 1319 458 1345 οὗτε
487 1319 610 1353 γένεσιν,
639 1319 700 1346 οὕτε
727 1320 828 1356 φθορὰν
851 1321 1006 1347 ἀπολείπει·

221 1365 278 1390 ἀλλ’
295 1363 363 1391 εἶναι
389 1364 461 1399 λέγει
486 1365 516 1391 τὸ
532 1366 585 1392 πᾶν
602 1365 645 1391 ἀεὶ
661 1366 761 1400 ὅμοιον.
785 1366 816 1392 Ei
833 1365 885 1402 γὰρ
908 1366 1008 1400 γίνοιτο

221 1411 311 1442 τοῦτο,
324 1411 417 1446 φησὶν,
433 1412 579 1445 ἀναγκαῖον
595 1411 647 1447 πρὸ
657 1411 748 1438 τούτου
767 1412 803 1447 μὴ
820 1410 897 1438 εἶναι.
914 1411 951 1438 Τὸ
970 1410 1006 1447 μὴ

1097 1238 1106 1255 ι
1124 1228 1182 1255 Jam
1198 1235 1261 1255 vero
1277 1226 1458 1262 Xenophanes
1470 1226 1655 1262 Colophonius
1677 1226 1842 1261 singularem

1059 1276 1203 1311 quamdam
1218 1275 1347 1302 insistens
1364 1274 1444 1307 riam,
1461 1278 1488 1300 et
1505 1274 1538 1301 ab
1552 1281 1656 1305 eorum,
1670 1281 1738 1308 quos
1752 1273 1842 1300 adhuc

1060 1322 1246 1352 produximus,
1262 1321 1382 1348 omnium
1396 1321 1522 1355 opinione
1532 1320 1726 1352 deflectentem,
1737 1319 1840 1346 nullum

1059 1368 1166 1403 penitus
1181 1367 1223 1394 vel
1238 1371 1327 1394 ortum
1343 1366 1385 1393 vel
1411 1366 1547 1392 interitum
1564 1365 1699 1400 relinquit,
1714 1365 1757 1392 sui
1770 1372 1842 1392 scm-

1060 1421 1105 1448 pcr
1122 1412 1210 1440 simile
1224 1412 1275 1439 hoc
1288 1412 1445 1438 universum
1468 1417 1529 1438 esse
1549 1415 1635 1437 ratus.
1653 1410 1682 1436 Si
1698 1410 1769 1437 enim
1792 1410 1840 1438 de-

220 1456 251 1483 ὂν
266 1457 305 1488 δὲ,
319 1457 369 1482 οὐκ
384 1457 417 1483 ἃν
430 1457 550 1491 γένοιτο,
566 1457 619 1484 οὐδ’
636 1458 669 1484 ἂν
685 1457 715 1484 τὸ
736 1457 773 1493 μὴ
795 1457 825 1484 ὃν
841 1458 954 1493 ποιήσαι
967 1466 1004 1488 τι,

1059 1465 1102 1487 tur
1117 1463 1285 1494 procreatum
1301 1458 1365 1485 illud
1379 1465 1448 1489 esse,
1470 1457 1597 1484 continuo
1621 1460 1777 1484 secuturum
1801 1456 1840 1483 uti

221 1501 283 1528 οὔτε
305 1502 356 1528 ὑπὸ
369 1502 414 1528 τοῦ
431 1503 468 1537 μὴ
491 1502 566 1534 ὄντος
583 1502 679 1537 γένοιτ’
696 1503 728 1529 ἄν
751 1512 776 1529 τι
815 1503 1006 1537 Ἀποφαίνεται

220 1548 250 1575 δὲ
269 1548 318 1575 καὶ
338 1549 387 1580 τὰς
403 1548 542 1584 αἰσθήσεις
556 1549 679 1584 ψευδεῖς,
695 1550 742 1576 καὶ.
761 1550 873 1576 καθόλου
891 1550 939 1576 σὺν
956 1550 1006 1577 αὐ-

219 1596 281 1626 ταῖς
300 1595 348 1621 καὶ
377 1594 456 1621 αὐτὸν
484 1595 529 1621 τὸν
546 1595 625 1629 λόγον
648 1595 793 1622 διαϐάλλει.
817 1595 1006 1630 Ἀποφαίνεται
1024 1598 1027 1604 ’

220 1640 249 1667 δὲ
268 1641 315 1667 καὶ
329 1640 367 1675 τῷ
383 1640 471 1676 χρόνῳ
494 1640 717 1676 καταφερομένην
734 1641 863 1676 συνεχῶς,
881 1642 928 1668 καὶ
944 1642 1005 1668 κατ’

219 1687 308 1720 ὀλίγον
330 1686 379 1721 τὴν
399 1686 450 1721 γῆν
470 1687 510 1718 εἰς
533 1687 582 1722 τὴν
602 1686 739 1714 θάλασσαν
755 1688 863 1722 χωρεῖν·
883 1687 949 1722 φησὶ
974 1686 1002 1713 δὲ

218 1733 265 1759 καὶ
278 1733 323 1758 τὸν
337 1732 412 1767 ἥλιον
422 1733 454 1758 ὲκ
471 1733 574 1768 μικρῶν
588 1733 634 1759 καὶ
647 1732 775 1759 πλειόνων
792 1733 896 1768 πυρίων
913 1732 1006 1767 ἀθροί-

220 1778 324 1811 ζεσθαι.
348 1778 538 1813 Ἀποφαίνεται
549 1779 576 1804 δὲ
590 1779 636 1805 καὶ
654 1779 717 1815 περὶ
733 1779 810 1810 θεῶν,
825 1779 862 1810 ὡς
878 1778 1005 1813 οὐδεμιᾶς

218 1825 367 1860 ἡγεμονίας
382 1826 411 1851 ὲν
426 1825 517 1856 αὐτοῖς
539 1824 622 1860 οὔσης
634 1833 640 1840 ·
667 1825 698 1851 οὐ
717 1825 770 1860 γὰρ
790 1825 862 1851 ὅσιον
877 1824 1005 1856 δεσπόζε-

220 1871 280 1897 σῦαἰ
297 1879 357 1897 τινα
387 1870 440 1897 τῶν
457 1870 534 1897 θεῶν·
555 1870 703 1897 ὲπιδεῖσθαί
726 1879 756 1897 τε
784 1870 896 1906 μηδενὸς
918 1870 1006 1897 αὐτῶν

220 1917 322 1952 μηδένα
338 1916 396 1952 μηδ’
412 1916 479 1947 ὅλως
489 1925 495 1932 ·
510 1916 617 1943 ἀκούειν
630 1916 658 1942 δὲ
675 1916 721 1944 καὶ
736 1917 801 1952 ὁρᾷν
815 1915 940 1945 καθόλου,
957 1915 1004 1942 καὶ

221 1962 258 1997 μὴ
273 1961 342 1988 κατὰ
361 1962 449 1998 μέρος.
464 1961 654 1996 Ἀποφαίνεται
666 1962 694 1989 δὲ
705 1962 751 1989 καὶ
767 1962 816 1997 τὴν
826 1961 878 1996 γῆν
894 1961 1004 1996 ἄπειρον

219 2005 305 2040 εἶναι,
332 2008 377 2034 καὶ
401 2007 470 2034 κατὰ
499 2008 552 2034 πᾶν
581 2008 662 2043 μέρος
683 2007 720 2042 μὴ
749 2007 921 2042 περιέχεσθαι
952 2005 1005 2032 ὑπὸ

220 2054 308 2089 ἀέρος·
325 2053 445 2088 γίνεσθαι
467 2053 495 2080 δὲ
521 2053 628 2080 ἅπαντα
644 2054 676 2079 ἐκ
704 2053 771 2088 γῆς·
796 2053 840 2080 τὸν
871 2053 900 2079 δὲ
928 2052 1004 2087 ἥλιόν

221 2108 286 2134 φησι
298 2100 344 2126 καὶ
355 2099 388 2125 τὰ
399 2099 464 2126 ἄλλα
477 2099 563 2134 ἄστρα
577 2100 609 2125 ἐκ
624 2098 678 2125 τῶν
694 2098 782 2133 νεφῶν
797 2098 930 2134 γίνεσθαι.

1057 1505 1133 1539 prius
1148 1511 1201 1530 non
1219 1503 1314 1536 fuerit;
1331 1503 1357 1529 id
1383 1507 1483 1534 autem,
1500 1501 1572 1536 quod
1598 1509 1652 1528 non
1680 1506 1735 1533 est,
1752 1509 1840 1535 neque

1057 1552 1124 1584 ﬁeri,
1140 1558 1226 1585 neque
1242 1550 1316 1577 aliud
1338 1549 1451 1582 cllicere,
1464 1556 1551 1584 neque
1571 1556 1666 1576 rursus
1684 1556 1716 1575 ex
1733 1555 1766 1575 eo
1782 1547 1840 1574 fieri

1056 1598 1202 1632 quidquam
1233 1603 1323 1630 posse.
1353 1595 1486 1622 Praeterea
1517 1602 1614 1622 sensus
1644 1593 1751 1620 fallaces
1780 1601 1840 1620 esse

1056 1642 1204 1675 contendit,
1217 1649 1325 1676 unaque
1336 1649 1398 1668 cum
1413 1641 1466 1668 illis
1481 1640 1566 1675 ipsam
1584 1647 1693 1675 quoque
1705 1639 1838 1666 rationem

1056 1689 1082 1716 in
1097 1689 1222 1716 omnibus
1235 1688 1404 1716 criminatur.
1419 1686 1531 1714 Terram
1548 1693 1693 1721 progressu
1711 1685 1840 1720 temporis

1054 1735 1223 1762 continenter
1236 1735 1362 1762 deorsum
1375 1733 1450 1767 ferri,
1476 1741 1507 1760 ac
1522 1733 1651 1768 paulatim
1669 1733 1696 1759 in
1712 1740 1786 1760 mare
1800 1732 1840 1759 la-

1055 1780 1102 1808 bi:
1124 1780 1206 1808 solem
1232 1785 1320 1807 autem
1349 1787 1383 1807 ex
1407 1780 1514 1815 pusillis
1543 1780 1694 1815 iisdemque
1716 1780 1840 1814 pluribus

1055 1826 1180 1861 igniculis
1194 1825 1339 1852 conﬂatum
1365 1832 1426 1852 esse
1445 1825 1536 1852 tradit.
1559 1824 1628 1858 Quin
1645 1825 1725 1852 etiam
1739 1825 1772 1852 de
1787 1825 1840 1852 diis

1056 1869 1092 1896 ita
1109 1869 1239 1904 disputat,
1253 1869 1357 1896 nullum
1375 1874 1405 1895 ut
1423 1869 1492 1895 inter
1512 1876 1559 1896 eos
1573 1877 1633 1896 esse
1659 1870 1839 1904 principatum

1057 1915 1212 1947 existimet,
1247 1915 1319 1949 quod
1347 1915 1423 1942 nefas
1453 1915 1548 1950 utique
1575 1915 1698 1942 videatur
1727 1916 1839 1943 deorum

1057 1968 1219 1995 quemquam
1250 1960 1362 1987 alterius
1389 1960 1458 1987 ferre
1485 1961 1676 1988 dominatum:
1701 1968 1758 1988 rem
1780 1967 1841 1988 esse

1057 2006 1169 2038 nullam,
1186 2005 1218 2033 ad
1234 2014 1315 2040 quam
1332 2006 1412 2033 ullius
1428 2006 1550 2041 ipsorum
1579 2007 1681 2034 auxilio
1700 2007 1769 2034 alius
1781 2014 1841 2034 om-

1057 2052 1123 2079 nino
1140 2052 1281 2086 quisquam
1300 2051 1438 2085 indigeat:
1457 2053 1566 2079 eosdem
1593 2059 1675 2087 porro
1699 2056 1796 2079 cuncta
1811 2052 1840 2079 in

1056 2097 1212 2127 universum
1231 2097 1326 2124 audire
1339 2097 1440 2128 pariter
1453 2105 1485 2125 ac
1496 2105 1616 2130 cernere,
1629 2098 1764 2132 sigillatim
1776 2105 1840 2125 vero

220 2154 253 2174 ac
263 2153 310 2180 per
321 2150 412 2180 partes
427 2146 503 2172 nihil.
519 2145 660 2172 Postremo
676 2149 774 2172 terram
797 2145 930 2172 infinitam
958 2152 1029 2176 esse,
1050 2151 1101 2171 nec
1115 2150 1209 2170 omnes
1223 2143 1294 2170 illius
1307 2148 1395 2177 partes
1415 2151 1477 2170 acre
1497 2143 1641 2176 contineri,
1657 2143 1726 2172 nihil
1739 2152 1793 2172 non
1807 2152 1840 2173 ex

220 2200 252 2220 ea
267 2192 411 2227 procreari,
427 2192 510 2219 solem
524 2197 614 2219 tamen
631 2200 663 2219 ac
683 2192 787 2226 reliqua
813 2192 900 2219 sidera
926 2199 1002 2219 suam
1023 2191 1140 2218 nubibus
1156 2190 1286 2224 originem
1303 2189 1400 2217 debere
1412 2190 1582 2225 pronuntiat.

258 2250 266 2266 ι
279 2240 450 2276 Παρμενίδης
475 2240 504 2266 δὲ
527 2241 540 2266 ὁ
559 2240 687 2275 Ἐλεάτης
702 2241 808 2275 ἑταῖρος
824 2240 1000 2274 Ξενοιράνους,
1020 2242 1044 2272 D

221 2286 279 2321 ἃμα
297 2286 344 2321 μὲν
358 2286 403 2312 καὶ
425 2285 479 2311 τῶν
495 2285 588 2311 τούτου
612 2284 695 2317 δοξῶν
715 2285 921 2320 ἀντεποιήσατο,
945 2284 1004 2319 ἅμα

220 2331 248 2357 δὲ
265 2332 312 2357 καὶ
329 2331 377 2367 τὴν
392 2331 514 2357 ἐναντίαν
528 2331 717 2366 ὲνεχειρήσατο
730 2331 832 2357 στάσιν.
842 2331 937 2358 ’Δῖδιον
955 2331 1003 2365 μὲν

220 2377 274 2412 γὰρ
293 2377 323 2403 τὸ
340 2377 410 2408 πᾶν,
433 2377 481 2402 καὶ
497 2377 623 2412 ἀκίνητον
643 2377 836 2411 ἀποφαίνεται,
862 2377 910 2403 καὶ
934 2375 1004 2402 κατὰ

220 2423 268 2458 τὴν
284 2422 337 2449 τῶν
356 2423 523 2457 πραγμάτων
549 2421 692 2457 ἀλήθειαν⁵
708 2420 777 2448 εἶναι
799 2422 854 2458 γὰρ
877 2422 942 2448 αὐτὸ
957 2421 1004 2457 μό-

220 2475 281 2497 νον,
311 2466 472 2502 μουνογενές
501 2475 531 2492 τε
556 2467 603 2492 καὶ
630 2467 759 2501 ἀτρεμὲς,
781 2466 821 2500 ἠδ’
854 2466 1001 2500 ἀγένητον·

220 2513 324 2548 γένεσιν
338 2513 366 2539 δὲ
376 2513 430 2539 τῶν
446 2512 505 2539 καθ’
517 2512 648 2547 ὑπόληψιν
665 2513 747 2548 ψευδῆ
765 2512 912 2539 δοκούντων
924 2510 1002 2538 εἶναι·

221 2559 268 2586 καὶ
287 2559 335 2590 τὰς
355 2559 496 2594 αἰσθήσεις
518 2558 640 2585 ἐκϐάλλει
656 2559 688 2585 ἐκ
707 2559 757 2593 τῆς
779 2558 916 2593 ἀληθείας.
935 2557 1005 2591 Φησὶ

223 2604 261 2637 δὲ,
274 2605 315 2631 ὃτι
328 2605 386 2631 εῐτι
402 2604 478 2640 παρὰ
491 2604 522 2630 τὸ
537 2603 566 2630 ὃν
581 2604 706 2640 ὑπάρχει,
723 2604 801 2630 τοῦτο
815 2604 865 2630 οὑκ
883 2600 1003 2629 ἕστιΡίν·

222 2649 252 2676 τὸ
268 2649 297 2675 δὲ
311 2649 348 2685 μὴ
362 2649 402 2681 ὃν,
414 2650 442 2675 ὲν
454 2650 509 2680 τοῖς
525 2649 596 2681 ὅλοις
610 2650 660 2676 οὐκ
676 2650 759 2676 ἐστιν.
773 2649 865 2681 Οὕτως
876 2647 921 2676 οὖν
933 2649 964 2675 τὸ
975 2648 1004 2675 ὃν

222 2694 351 2730 ἀγένητον
372 2694 529 2722 ἁπολείπει’
554 2694 628 2729 λέγει
643 2695 671 2722 δὲ
692 2695 740 2730 τὴν
766 2695 818 2730 γῆν
837 2694 882 2721 τοῦ
904 2694 1005 2722 πυκνοῦ

223 2741 420 2776 καταρρυέντος
432 2741 511 2776 ἀέρος
522 2741 673 2776 γεγονέναι.

1098 2248 1107 2264 ι
1126 2237 1300 2265 Parmenides
1314 2242 1403 2265 autem
1420 2237 1525 2265 Eleates
1536 2258 1544 2271 ,
1569 2237 1744 2272 Xenophanis
1765 2238 1839 2273 ejus-

1057 2285 1116 2311 dem
1132 2283 1284 2316 familiaris,
1301 2283 1399 2319 partim
1417 2283 1450 2310 ad
1474 2283 1546 2311 illius
1560 2291 1619 2311 sese
1634 2285 1777 2318 opiniones
1793 2285 1841 2311 ad-

1053 2329 1155 2364 junxit,
1167 2330 1264 2364 partim
1275 2328 1438 2356 contrariam
1451 2329 1597 2363 quamdam
1613 2329 1730 2356 instituit
1745 2328 1841 2356 factio-

1056 2383 1128 2402 nem.
1155 2375 1260 2402 Etenim
1287 2376 1480 2410 sempiternum
1504 2365 1564 2402 esse
1586 2375 1678 2401 orbem
1696 2375 1767 2401 hunc
1780 2375 1841 2402 uni-

1056 2429 1175 2455 versum,
1189 2421 1317 2456 omnique
1341 2426 1416 2449 motu
1439 2429 1548 2454 carere;
1575 2421 1714 2455 ipsiusque
1737 2425 1841 2448 naturae

1056 2468 1194 2495 veritatem
1221 2468 1332 2495 omnino
1357 2472 1482 2495 constare
1505 2466 1646 2500 defendit;
1676 2467 1839 2500 singularem

1057 2514 1128 2540 enim
1145 2513 1219 2540 illum
1237 2518 1264 2541 et
1282 2514 1436 2549 unigenam,
1450 2513 1573 2540 stabilem
1590 2521 1621 2539 ac
1631 2513 1750 2547 quietum
1761 2533 1769 2546 ,
1790 2519 1841 2540 nec

1056 2562 1129 2585 certo
1143 2558 1233 2594 aliquo
1244 2563 1364 2593 tempore
1376 2563 1532 2594 generatum
1545 2566 1622 2591 esse;
1639 2559 1838 2593 generationem

1055 2611 1137 2638 porro
1150 2604 1183 2632 ad
1196 2612 1227 2632 ea
1240 2604 1337 2639 rejicit,
1350 2613 1410 2640 qua:
1424 2604 1492 2632 falsa
1503 2604 1621 2639 quadam
1644 2605 1772 2639 opinione
1788 2612 1840 2638 pu-

1055 2654 1146 2677 tentur
1160 2657 1237 2684 esse,
1264 2651 1385 2685 adeoque
1407 2658 1505 2678 sensus
1527 2658 1623 2678 omnes
1648 2651 1841 2679 communione

1058 2695 1180 2723 veritatis
1194 2696 1321 2723 excludit.
1336 2696 1457 2724 Afﬁrmat
1471 2703 1610 2732 praeterea,
1624 2698 1647 2725 si
1666 2697 1729 2732 quid
1744 2701 1841 2732 praeter

1058 2741 1095 2773 id,
1110 2742 1181 2776 quod
1200 2750 1263 2769 vcre
1276 2747 1328 2775 est,
1342 2744 1448 2778 uspiam
1470 2744 1593 2775 exsistat,
1606 2743 1670 2770 illud
1686 2743 1774 2777 ipsum
1790 2741 1841 2769 ali—

223 2789 286 2823 quid
303 2796 356 2815 non
371 2796 450 2817 esse:
465 2789 537 2824 quod
548 2793 638 2817 autem
656 2789 757 2824 aliquid
782 2796 836 2816 non
865 2789 918 2823 sit,
940 2788 966 2816 id
997 2789 1125 2816 universo
1150 2790 1262 2817 minime
1285 2790 1417 2817 contineri
1432 2800 1439 2817 :
1454 2790 1526 2825 quod
1555 2790 1635 2826 igitur
1655 2798 1719 2818 vere
1738 2794 1789 2819 est.
1812 2788 1843 2817 id‘

222 2845 392 2872 nequaquam
409 2845 469 2864 esse
480 2837 600 2873 genitum
614 2845 647 2866 ea
662 2838 766 2866 ratione
777 2837 923 2866 concludit.
936 2837 1005 2865 Cum
1025 2837 1141 2873 denique
1166 2838 1206 2866 vis
1231 2846 1328 2874 magna
1345 2838 1479 2867 densioris
1503 2839 1575 2866 aeris
1608 2838 1747 2873 deﬂueret,
1778 2837 1840 2865 inde

223 2889 321 2912 terram
335 2884 471 2912 exstitisse
484 2885 619 2920 opinatur.
