2064 3212
229 166 268 197 ‘59
568 168 704 198 EUSEBII
723 167 960 198 CASSARIENSIS
978 169 1053 198 OPP.
1074 168 1164 196 PARS
1181 168 1212 196 Ιῐ.
1228 183 1263 189 ——
1281 167 1532 196 APOLOGETlCA.
1829 166 1864 195 60

271 235 281 252 ι
298 224 372 253 Zeno
388 224 498 260 quidem
513 223 619 252 Eleates
634 225 700 252 nihil
712 225 762 253 hoc
775 225 801 253 in
813 233 911 261 genere
925 226 1017 262 singu-

1107 235 1117 251 ι
1133 226 1224 261 Ζήνων
1235 225 1262 252 δὲ
1276 226 1290 251 ὁ
1304 225 1441 260 Ἐλεάτης,
1457 224 1521 251 ἴδιον
1539 223 1587 260 μὲν
1603 223 1677 251 οὐδὲν
1693 223 1811 259 ἐξέθετο,
1825 223 1865 252 δι-

232 271 291 300 lare
302 270 433 306 vulgavit,
447 270 495 298 sed
508 270 621 306 ancipiti
631 269 688 298 fere
699 270 878 300 dubitationis
892 276 961 299 aestu
970 271 1022 299 ﬁu-

232 316 349 345 ctuavit.

271 371 281 388 ι
300 362 332 389 At
345 368 410 388 vero
423 360 595 388 Democritus
610 359 754 387 Abderites
770 360 940 392 universum,
950 360 1023 395 quod

233 406 387 435 eﬁ‘ectorem
397 406 440 434 sui
453 413 485 434 ac
498 405 654 433 molitorem
667 405 766 433 habeat
780 406 927 439 neminem,
937 406 1024 433 inﬁni-

234 457 290 480 tum
306 459 367 480 esse
393 451 451 478 vult
473 450 617 486 omnisque
631 451 792 479 mutationis
815 459 922 486 expers.
947 451 1022 478 Idem

233 505 344 534 quoque
370 497 481 526 disertis
508 496 702 532 conceptisque
717 496 808 524 verbis
834 496 949 530 asserit,
971 496 1024 524 hoc

234 544 328 571 mundi
344 547 427 576 statu,
443 551 534 571 rerum
554 551 648 571 earum
676 551 736 578 quae
753 551 824 575 nunc
849 543 1000 571 elliciantur
1013 563 1022 577 ,

233 597 333 618 causas
347 590 453 617 nullum
467 590 577 625 penitus
588 590 688 617 habere
703 590 868 625 principium
881 599 888 624 ;
905 590 952 618 sed
963 598 1024 625 quae

236 636 278 662 vel
308 635 417 663 fuerunt
441 640 532 669 antea,
547 636 590 663 vel
623 644 696 663 nunc
727 641 809 669 sunt,
837 637 878 664 vel
909 638 1023 672 posthac

234 679 324 708 futura
335 681 459 717 24sunt
470 682 572 713 omnia,
585 681 640 716 jam
655 681 719 708 olim
732 681 831 708 inﬁniti
847 681 924 716 plane
936 682 1024 717 spatio

233 727 365 762 temporis
378 728 402 754 vi
417 728 536 762 quadam
553 728 723 756 necessitatis
739 728 862 763 colligata
879 736 949 756 esse.
965 728 1023 756 Soli

234 780 316 808 porro
333 781 365 801 ac
380 773 452 801 lunae
464 774 666 809 generationem
677 774 810 807 attribuit,
826 782 859 802 ac
871 779 928 802 tum
945 781 1022 802 seor-

234 818 286 845 sim
304 822 451 853 utrumque
467 818 547 846 docet
557 819 688 854 "proprios
705 819 834 847 habuisse
848 824 950 852 motus,
961 827 1023 847 cum

235 862 356 889 nondum
380 870 466 897 usque
492 863 559 891 adeo
581 864 697 891 calidam
723 865 804 892 ambo
823 864 1024 900 fulgentemque

1078 271 1201 308 ηπόρησε
1215 271 1243 298 δὲ
1260 267 1436 306 περὶτούτων
1451 270 1497 298 ἐπὶ
1514 270 1616 298 πλεῖον.

1113 370 1123 387 ι
1136 360 1304 397 Δημόκριτος
1314 361 1328 387 ὁ
1344 360 1501 396 Ἀϐδηρίτης
1511 359 1682 396 ὑπεστήσατο
1690 358 1720 386 τὸ
1728 360 1780 386 πᾶν
1789 359 1866 386 ἄπει-

1077 415 1134 443 ρον,
1152 406 1196 433 διὰ
1217 405 1247 432 τὸ
1265 405 1396 441 μηδαμῶς
1420 404 1472 431 ὑπό
1491 413 1563 436 τινος
1587 405 1652 431 αὐτὸ
1668 404 1865 440 δεδημιουργῆ-

1077 451 1154 479 σθαι·
1173 451 1212 477 ἔτι
1233 451 1262 477 δὲ
1279 451 1327 478 καὶ
1342 450 1530 486 ἀμετάϐλητον
1552 450 1618 478 αὐτὸ
1639 450 1729 484 λέγει’
1747 450 1793 477 καὶ
1813 459 1865 478 κα-

1077 497 1154 524 θόλου
1165 511 1177 530 ,ι
1198 494 1253 524 οἷον
1276 497 1330 524 πᾶν
1356 498 1428 529 ὲστι,
1455 495 1544 532 ῥητῶς
1566 496 1702 523 ἐκτίθεται
1728 496 1865 532 μηδεμίαν

1076 543 1164 580 ἀρχὴν
1175 543 1247 579 ἔχειν
1259 543 1311 574 τὰς
1327 543 1418 575 αίτίας
1435 543 1487 570 τῶν
1503 543 1550 570 νῦν
1562 543 1729 578 γιγνομὲνων
1742 551 1748 557 ·
1764 542 1865 570 ἄνωθεν

1076 590 1104 617 δὲ
1120 591 1189 623 ὅλως
1203 590 1232 624 ἐξ
1247 590 1358 626 ἀπείρου
1372 589 1468 625 χρόνου
1482 589 1695 624 προκατέχεσθαι
1708 590 1741 625 τῇ
1758 589 1866 625 ἀνάγκῃ

1075 637 1155 664 πάνθ’
1178 636 1271 668 ἁπλῶς
1291 636 1326 663 τά
1345 635 1475 670 γεγονότα
1501 635 1548 662 καὶ
1573 634 1637 661 ὄντα
1660 635 1706 661 καὶ
1733 634 1860 670 ἐσόμενα.

1084 684 1176 711 Ἠλίου
1182 683 1211 711 δὲ
1220 684 1266 710 καὶ
1283 683 1396 718 σελήνης
1402 682 1506 717 γένεσίν
1518 689 1594 717 φησι·
1604 681 1662 708 κατ’
1674 681 1741 707 ἰδίαν
1748 680 1779 716 δὴ
1793 681 1862 715 (19')

1077 729 1207 766 φέρεσθαι
1230 728 1316 756 ταῦτα
1335 727 1447 764 μηδέπω
1469 726 1632 763 τοπαράπαν
1648 725 1744 760 ἔχοντα
1762 724 1866 761 θερμὴν

1077 775 1168 811 φύσιν,
1193 774 1259 811 μηδὲ
1277 774 1330 809 μὴν
1348 773 1462 800 καθόλου
1485 771 1696 808 λαμπροτάτην,
1713 770 1866 797 τούναντίον

1075 822 1105 852 δὲ
1121 821 1333 857 ὲξωμοιωμένην
1348 821 1381 856 τῇ
1397 819 1461 855 περὶ
1477 818 1525 854 τὴν
1541 818 1592 854 γῆν
1615 817 1706 853 micat-
1724 816 1865 851 γεγονέναι

1076 868 1130 904 γὰρ
1145 867 1274 904 ὲκάτερον
1286 865 1388 893 τούτων
1401 865 1531 901 πρότερον
1541 864 1590 890 ’ἔτι
1606 864 1665 890 κατ’
1686 863 1753 890 ἰδίαν
1768 862 1866 889 ὑποϐο-

235 911 361 934 naturam
386 908 556 941 obtinerent,
586 910 633 936 sed
663 913 777 938 terrenae
802 911 892 946 potius
921 915 1024 939 natura:

1077 911 1125 947 λήν
1142 919 1203 937 τινα.
1222 910 1340 946 κόσμου·
1359 909 1472 944 ὕστερον
1492 908 1520 935 δὲ
1538 907 1797 944 μεγεθοποιουμὲνου
1818 907 1866 934 τοῦ

234 954 401 988 persimilem
415 963 423 982 :
439 955 474 982 ad
489 962 551 983 eum
567 955 640 982 enim
660 955 737 990 prius
751 957 861 984 modum
879 961 1025 991 utrumque

235 1004 407 1032 procreatum
424 1007 494 1033 esse,
511 1008 591 1035 quem
608 1001 756 1036 singularis
772 1003 895 1037 quaedam
914 1010 946 1030 ac
959 1010 1025 1037 pro-

235 1047 293 1082 pria
315 1047 428 1081 subiecti
454 1049 548 1076 mundi
565 1050 686 1077 conditio
703 1051 858 1085 postulabat
884 1060 891 1079 :

273 1148 282 1165 ι
301 1139 434 1175 Epicurus
460 1141 568 1169 Neoclis
595 1142 677 1176 ﬁlius,
693 1137 885 1178 Atheniensis,
913 1146 1021 1173 inanem

234 1192 341 1218 earum,
357 1194 418 1221 quae
442 1187 476 1215 de
502 1182 555 1216 diis
582 1189 779 1224 suscipiuntur,
806 1191 1022 1226 disputationum

234 1231 336 1260 fastum
355 1233 471 1268 dejicere
486 1240 622 1269 conatur;
646 1237 783 1272 simulque
808 1238 964 1270 contendit,
989 1246 1024 1266 ex

233 1279 351 1313 ecquod
369 1287 424 1307 non
447 1281 500 1313 sit,
526 1282 592 1309 oriri
617 1283 685 1310 nihil
702 1292 709 1310 :
728 1283 780 1311 hoc
795 1284 952 1312 universum
971 1284 1024 1311 tale

235 1331 342 1359 semper
360 1324 463 1358 fuisse,
490 1327 598 1362 taleque
624 1334 752 1364 perpetuo
779 1329 919 1363 futurum,
945 1331 1025 1366 quale

234 1377 310 1398 nunc
326 1376 388 1399 est:
403 1372 426 1399 si
444 1376 550 1408 tempus
564 1374 698 1402 inﬁnitum
713 1375 825 1411 jamque
841 1382 904 1404 ante
919 1377 1021 1412 produ-

235 1420 311 1444 ctum
337 1418 468 1453 excipias,
480 1419 550 1453 fnovi
574 1420 642 1447 nihil
665 1425 721 1448 toto
738 1422 805 1449 orbe
828 1422 941 1457 perﬁci:
958 1423 1021 1450 uni-

1078 957 1142 993 περὶ
1158 957 1203 984 τὸν
1222 956 1297 993 ἥλιον
1321 955 1421 984 κύκλου
1432 971 1448 989 ρ
1461 954 1682 991 ἐναποληφθῆναι
1701 955 1732 981 ἐν
1751 953 1824 990 αὐτῷ
1835 953 1867 980 τὸ

1078 1012 1144 1038 mp.

923 1051 1051 1085 deinceps
1071 1059 1137 1079 vero
1162 1051 1207 1079 ubi
1232 1051 1321 1087 major
1337 1050 1403 1079 solis
1425 1049 1547 1085 ejusdem
1571 1049 1691 1078 circulus
1713 1049 1866 1087 evasisset,

235 1094 325 1127 ignem
340 1093 400 1128 ipso
424 1097 481 1120 tum
505 1094 640 1122 inclusum
656 1100 683 1124 et
696 1097 922 1131 comprehensum
949 1097 1044 1125 fuisse.

1084 1140 1085 1143 “
1116 1156 1125 1170 1
1147 1143 1310 1179 Ἐπίκουρος
1320 1141 1479 1174 Νεοκλέους,
1499 1141 1648 1178 Ἀθηναῖος,
1661 1142 1705 1170 τὸν
1722 1142 1786 1178 περὶ
1797 1141 1867 1169 θεῶν

1073 1189 1157 1224 τῦφον
1177 1190 1306 1225 πειρᾶται
1322 1187 1527 1215 καταστέλλειν·
1538 1187 1604 1214 ἀλλὰ
1621 1188 1668 1214 καὶ
1679 1187 1765 1220 οὐδὲν,
1783 1188 1864 1223 φησι,

1075 1236 1179 1270 ¹γίνεται
1198 1236 1230 1262 ὲκ
1247 1235 1294 1261 τοῦ
1313 1234 1350 1270 μὴ
1367 1234 1452 1266 δντος,
1467 1234 1508 1260 ὅτι
1522 1233 1552 1260 τὸ
1566 1234 1618 1260 πᾶν
1632 1234 1676 1260 ἀεὶ
1688 1233 1806 1260 τοιοῦτον
1819 1231 1865 1269 ἦν,

1076 1282 1124 1309 καὶ
1143 1281 1218 1308 ἔσται
1242 1280 1378 1307 τοιοῦτον·
1396 1279 1442 1306 ὅτι⁴
1460 1279 1535 1306 οὐδὲν
1559 1279 1635 1312 ξένον
1651 1279 1820 1306 ἀποτελεῖται
1836 1280 1867 1307 ὲν

1077 1328 1116 1364 τῷ
1128 1328 1217 1360 παντὶ,
1227 1326 1303 1362 παρὰ
1314 1325 1360 1353 τὸν
1377 1326 1428 1361 ήδη
1443 1325 1624 1361 γεγενημένον
1636 1325 1732 1361 χρόνον.
1743 1326 1866 1361 ἄπειρον

1076 1376 1117 1402 ὅτι
1134 1375 1189 1402 πᾶν
1203 1375 1261 1401 ἐστι
1277 1372 1369 1408 σῶμα,
1385 1372 1433 1399 καὶ
1446 1371 1476 1398 οὐ
1498 1372 1576 1407 μόνον
1589 1371 1786 1407 ἀμετάϐλητον,
1800 1371 1868 1399 ἀλλά

1074 1422 1123 1448 καὶ
1135 1422 1247 1456 ἄπειρον
1256 1428 1263 1434 ⁸
1278 1419 1319 1446 ὅτι
1332 1418 1408 1450 τέλος
1420 1417 1475 1444 τῶν
1487 1417 1606 1452 ἀγαθῶν,
1625 1417 1722 1453 ἡδονή..

237 1470 359 1497 versum,
390 1472 489 1500 c0rpus
505 1473 567 1493 esse
592 1473 645 1494 non
677 1468 766 1496 solum
797 1468 977 1502 immutabile,
1006 1469 1055 1496 sed
1073 1467 1155 1495 etiam
1171 1466 1308 1494 inﬁnitum
1323 1475 1331 1492 :
1348 1464 1482 1492 bonorum
1503 1463 1621 1498 denique
1639 1463 1718 1490 ﬁnem
1743 1471 1798 1491 una
1820 1471 1868 1492 vo-

235 1508 338 1545 luptate
353 1510 496 1538 contineri.

275 1566 285 1582 ί
301 1558 457 1593 Aristippus
473 1558 763 1594 Cyrenaeus‘bonorum
778 1563 885 1592 quoque
895 1556 975 1583 ﬁnem
995 1554 1022 1582 in

1115 1561 1125 1578 ι
1152 1553 1328 1588 ’Δρίστιππος
1354 1554 1368 1581 ὁ
1391 1556 1547 1591 Κυρηναῖος
1573 1555 1650 1587 τέλος
1677 1555 1787 1591 ἀγαθῶν
1818 1556 1871 1593 τὴν

236 1605 385 1640 voluptate,
399 1605 532 1632 malorum
547 1609 637 1632 autem
652 1604 681 1631 in
700 1603 795 1631 dolore
808 1602 967 1635 constituit;
983 1609 1026 1629 re-

237 1650 340 1684 liquam
365 1651 564 1686 physiologiam
591 1651 629 1677 ita
645 1649 865 1681 circumscribit,
892 1648 973 1684 hujus
997 1652 1027 1676 ut

237 1697 320 1726 unius
335 1696 373 1724 rei
388 1697 634 1724 considerationem
650 1696 744 1723 utilem
760 1702 820 1722 esse
835 1694 907 1722 dicat
926 1703 934 1722 :

273 1742 344 1775 Quid
364 1742 448 1769 tristis
463 1742 549 1770 latice
565 1741 637 1768 domi
651 1749 708 1768 sors
726 1740 846 1776 improba
860 1745 953 1768 verset.

276 1830 287 1847 ι
312 1820 489 1856 Empedocles
519 1820 712 1856 Agrigentinus
744 1823 862 1854 quatuor
894 1818 1026 1846 elementa

237 1867 324 1903 ponit.
341 1867 440 1902 ignem,
459 1874 559 1902 aquam
571 1887 579 1900 ,
605 1873 696 1894 aerem
720 1869 746 1894 et
763 1859 880 1898 térram',
909 1872 1026 1900 quorum

238 1919 337 1940 causas
352 1911 501 1939 amicitiam
519 1918 551 1939 ac
565 1911 730 1939 discordiam
743 1913 804 1938 es‘se
815 1911 881 1938 vult.
902 1909 974 1938 Idem
993 1918 1026 1938 ex

239 1958 325 1993 prima
341 1957 537 1985 elementorum
554 1956 715 1985 confusione
735 1961 870 1985 secretum
887 1964 976 1984 aerem
995 1963 1027 1985 ac

238 2005 342 2032 circum
356 2004 383 2031 in
397 2004 491 2032 orbem
508 2004 598 2032 fusum
620 2011 682 2033 esse
698 2004 737 2032 ait
750 2013 757 2031 :
771 2004 859 2039 ignem
873 2011 938 2032 vero
950 2008 1026 2039 post-

238 2051 349 2078 modum
363 2050 543 2084 cxsilientem,
558 2058 622 2078 cum
643 2051 736 2078 locum
748 2050 800 2078 sibi
816 2050 900 2077 alium
916 2058 971 2078 non
987 2058 1028 2078 re-

238 2097 349 2131 periret,
367 2104 477 2124 sursum
497 2095 606 2123 tandcm
621 2095 741 2123 concreti
756 2095 826 2123 aeris
838 2095 938 2130 frigore
949 2103 1026 2123 com-

238 2143 348 2179 pulsum
374 2143 507 2170 evolasse.
538 2141 610 2170 Duos
637 2146 768 2177 praeterea
795 2142 923 2170 dimidios
947 2142 1026 2170 orbes

239 2188 312 2216 circa
326 2193 426 2215 terram
440 2188 566 2216 circulari
583 2191 659 2215 motu
673 2186 750 2220 ferri,
766 2187 881 2214 alterum
907 2195 939 2214 ex
964 2187 1027 2222 igne

1078 1599 1185 1634 ἡδονὴν,
1200 1600 1293 1626 κακῶν
1306 1600 1339 1639 δέ
1348 1600 1396 1636 τὴν
1407 1601 1552 1637 ἀλγηδόνα.
1568 1601 1623 1638 Τὴν
1636 1601 1665 1628 δὲ
1677 1601 1759 1638 ἄλλην
1775 1611 1870 1637 φυσιο-

1076 1644 1170 1678 λογίαν
1188 1647 1370 1682 περιγράφει,
1389 1647 1468 1682 μόνον
1488 1647 1624 1683 ὠφέλιμον
1644 1646 1713 1675 εἶναι
1734 1649 1868 1683 λέγωνρτδ

1077 1690 1093 1723 ζ
1113 1692 1181 1718 agiv-

1095 1700 1190 1765 η’Ὁττι
1216 1747 1261 1766 τοι
1285 1739 1320 1766 ἐν
1343 1739 1498 1775 μεγάροισι
1528 1739 1623 1766 κακόν
1639 1739 1801 1775 τ’νάγαθόν
1835 1748 1868 1766 τε

1638 1774 1794 1810 [τέτυκται.

1114 1830 1124 1847 ι
1144 1820 1327 1857 Ἐμπεδοκλῆς
1340 1821 1354 1847 ὁ
1370 1821 1591 1857 Ἀκραγαντῖνος,
1604 1822 1721 1856 στοιχεῖα
1735 1821 1867 1856 τέσσαρα,

1079 1868 1144 1905 πῦρ,
1159 1869 1243 1905 ὓδωρ,
1251 1871 1361 1907 αἰθέρα,
1371 1870 1468 1903 γαῖαν
1486 1868 1575 1895 αἰτίαν
1588 1869 1616 1895 δὲ
1631 1869 1750 1902 τούτων,
1776 1869 1868 1904 φιλίαν

1077 1914 1125 1940 καὶ
1147 1915 1247 1945 νεῖκος,
1277 1914 1324 1940 Ἐκ
1351 1913 1462 1950 πρώτης
1490 1914 1556 1949 φησὶ
1577 1914 1626 1950 τῆς
1647 1914 1702 1941 τῶν
1729 1914 1872 1949 στοιχείων

1078 1960 1203 1996 κράσεως
1218 1959 1400 1996 ἀποκριθέντα
1417 1960 1461 1987 τὸν
1476 1960 1555 1996 ἀέρα,
1574 1960 1753 1996 περιχυθῆναι
1763 1960 1866 1996 κύκλῳ·

1079 2005 1148 2041 μετά
1163 2005 1192 2032 δὲ
1207 2005 1252 2032 τὸν
1274 2005 1352 2042 ἀέρα,
1369 2006 1401 2032 τὺ
1422 2006 1477 2042 πῦρ
1502 2006 1648 2042 ἐκδραμὸν,
1673 2006 1720 2032 καὶ
1736 2005 1786 2032 οὑκ
1806 2005 1868 2040 ἔχον

1077 2051 1174 2087 ἑτέραν
1190 2051 1293 2087 χώραν,
1305 2051 1361 2078 ἀνω
1373 2052 1513 2087 ἐκτρέχειν
1530 2051 1582 2078 ὑπὸ
1597 2051 1645 2078 τοῦ
1658 2051 1721 2086 περὶ
1737 2051 1782 2078 τὸν
1798 2051 1868 2086 ἀέρα

1077 2098 1174 2132 πάγου.
1194 2096 1270 2125 Εἶναι
1284 2098 1313 2125 δὲ
1336 2098 1428 2133 κύκλῳ
1440 2098 1504 2134 περὶ
1523 2099 1573 2133 τὴν
1593 2097 1643 2133 γῆν
1664 2097 1802 2133 φερόμενα
1820 2097 1868 2125 δύο

1076 2144 1254 2180 ἡμισφαίρια,
1265 2144 1296 2170 τὸ
1314 2144 1364 2180 μὲν
1379 2144 1492 2171 καθόλου
1513 2142 1599 2179 πυρὸς
1610 2163 1619 2175 ,
1631 2143 1661 2170 τὸ
1676 2143 1704 2170 δὲ
1719 2144 1813 2179 μικτὸν
1837 2144 1867 2178 ἐξ

1076 2189 1156 2225 ἀέρος
1181 2190 1230 2217 καὶ
1254 2190 1345 2224 ὀλίγου
1373 2189 1476 2225 πυρὸς,
1504 2189 1573 2224 ὅπερ
1601 2188 1686 2216 οἴεται
1711 2189 1760 2225 τὴν
1783 2190 1868 2217 νύκτα

239 2238 337 2266 totum,
354 2233 468 2261 alterum
491 2241 523 2261 ex
553 2241 616 2261 aere
631 2233 747 2268 igneque
769 2233 878 2261 modico
895 2226 1024 2268 tempera-

1080 2235 1148 2263 εἶναι
1157 2244 1163 2250 ·
1183 2236 1232 2271 τὴν
1246 2236 1274 2262 δὲ
1291 2236 1377 2271 ἀρχὴν
1388 2235 1438 2271 τῆς
1451 2235 1584 2270 κινήσεως
1596 2244 1627 2262 συ
1632 2235 1734 2271 μὸῆναι
1752 2236 1807 2263 ἁπδ
1820 2236 1867 2263 τοῦ

238 2282 308 2310 tum.
325 2286 407 2313 quam
423 2279 480 2313 ipse
497 2281 606 2306 noctem
619 2285 679 2306 esse
693 2277 841 2305 arbitratur
855 2287 861 2305 :
877 2281 968 2305 motus
980 2285 1025 2305 au-

237 2330 293 2354 tem
312 2325 419 2353 initium
434 2333 467 2353 ex
484 2332 516 2352 eo
532 2324 687 2360 contigisse,
704 2324 777 2360 quod
794 2324 821 2351 in
839 2323 891 2351 ista
906 2324 1026 2351 elemen~

238 2376 328 2400 torum
340 2371 532 2406 conjunctione
549 2370 733 2398 vehementior
757 2370 828 2406 ignis
848 2371 965 2405 impetus
977 2377 1026 2397 ex-

239 2417 361 2444 stitisset.
376 2416 436 2444 Jam
462 2424 526 2444 vero
550 2416 635 2444 solem
661 2420 757 2443 natura
777 2424 827 2444 sua
852 2424 907 2443 non
924 2416 1024 2452 ignem,

239 2463 286 2490 sed
302 2463 372 2498 ignis
386 2463 557 2490 reﬁexionem
572 2470 649 2495 esse,
672 2462 709 2489 illi
730 2469 813 2497 quam
828 2470 862 2490 ex
877 2470 947 2497 aqua
967 2462 1026 2490 ﬁeri

239 2508 363 2536 videmus
376 2509 539 2542 persimilem
552 2517 559 2536 :
577 2513 605 2536 at
619 2509 713 2536 lunam
724 2517 757 2536 ex
771 2516 845 2541 acre,
859 2516 938 2544 quem
954 2508 1025 2543 ignis

240 2553 399 2589 reliquerat,
411 2562 459 2581 sua
475 2559 570 2589 sponte
580 2555 716 2583 coaluisse
731 2555 841 2590 (quippe
855 2555 926 2582 enim
941 2562 1007 2589 gran
1017 2569 1024 2576 ι

240 2599 313 2627 dinis
326 2599 413 2627 instar
427 2600 598 2629 concrevisse
611 2601 713 2635 aerem)
726 2610 733 2635 ;
747 2601 838 2628 lumen
852 2608 933 2636 porro
944 2609 1024 2628 suum

239 2644 362 2673 eamdem
378 2653 394 2672 ιι
409 2646 465 2674 sole
480 2648 610 2675 mutuari.
619 2647 740 2683 Denique
750 2647 833 2675 animi
844 2647 1023 2683 principatum

239 2697 290 2716 nec
310 2689 337 2716 in
349 2690 446 2724 capite,
464 2698 514 2718 nec
528 2691 555 2718 in
578 2697 697 2726 pectore,
713 2693 759 2720 sed
773 2693 800 2720 in
814 2693 945 2728 sanguine
958 2701 1024 2720 con-

240 2736 346 2768 stituit;
370 2736 485 2771 ideoque
506 2744 560 2772 qua
574 2743 650 2772 parte
663 2739 786 2773 corporis
805 2739 920 2766 diffusus
935 2740 1022 2775 magis

1077 2280 1255 2316 τετυχηκέναι
1274 2280 1345 2307 κατὰ
1365 2280 1410 2307 τὸν
1431 2280 1593 2316 ἀθροισμὸν,
1617 2281 1806 2317 ὲπιδρίσαντος
1820 2281 1866 2308 τοῦ

1078 2328 1174 2363 πυρός.
1195 2327 1222 2354 Ὁ
1236 2327 1264 2354 δὲ
1283 2327 1360 2362 ἥλιος
1368 2326 1417 2362 τὴν
1430 2326 1511 2361 φύσιν
1523 2327 1573 2354 οὐκ
1584 2327 1641 2353 ἐστι
1656 2328 1721 2363 πῦρ,
1742 2327 1808 2354 ἀλλὰ
1819 2327 1866 2354 τοῦ

1078 2373 1163 2408 πυρὸς
1176 2373 1385 2406 ἀντανάκλασις,
1401 2372 1482 2407 ὁμοία
1495 2374 1528 2408 τῇ
1547 2373 1593 2408 ἀφ’
1606 2373 1701 2405 ὓδατος
1725 2373 1865 2408 γινομένῃ.

1080 2419 1200 2455 Σελήνην
1213 2419 1241 2446 δέ
1256 2428 1324 2455 φησι
1340 2419 1471 2455 συστῆναι
1483 2419 1544 2446 καθ’
1562 2420 1661 2455 ἑαυτὴν
1678 2420 1709 2445 ἐκ
1730 2418 1777 2444 τοῦ
1799 2419 1866 2445 ἀπο‹

1078 2464 1231 2500 λειφθέντος
1245 2465 1326 2500 ἀέρος
1339 2464 1392 2491 ὑπὸ
1411 2465 1458 2491 τοῦ
1473 2465 1558 2501 πυρός
1569 2474 1577 2480 ·
1594 2465 1686 2492 τοῦτον
1704 2463 1758 2499 γὰρ
1774 2464 1866 2499 παγῆ-

1078 2520 1132 2544 ναι,
1155 2512 1280 2548 καθάπερ
1295 2512 1342 2539 καὶ
1365 2511 1414 2548 τὴν
1440 2512 1578 2547 χάλαζαν’
1602 2511 1631 2537 τὸ
1646 2511 1674 2537 δὲ
1699 2509 1756 2544 φῶς
1781 2510 1867 2546 αὐτὴν

1078 2559 1152 2593 σχεῖν
1180 2557 1234 2584 ἀπὸ
1251 2557 1296 2584 τοῦ
1314 2558 1400 2593 ἡλίου.
1426 2557 1463 2585 Τὸ
1493 2558 1522 2585 δὲ
1545 2556 1704 2593 ἡγεμονικὸν
1722 2555 1787 2591 (‘20),
1803 2556 1866 2582 οὔτε

1078 2603 1108 2630 ὲν
1128 2603 1249 2639 κεφαλῇ,
1266 2603 1329 2630 οὔτε
1354 2604 1383 2631 ὲν
1409 2603 1532 2640 θώρακι,
1552 2602 1608 2629 ἀλλ’
1630 2601 1659 2628 ὲν
1682 2602 1786 2637 αἵματι·
1805 2601 1866 2629 ὅθεν

1075 2649 1136 2676 καθ’
1157 2650 1171 2676 ὃ
1188 2658 1213 2676 τι
1224 2649 1256 2676 ἂν
1272 2650 1353 2686 μέρος
1368 2649 1415 2677 τοῦ
1433 2649 1557 2685 σώματος
1573 2645 1689 2683 πλιῖονῇ
1704 2656 1864 2684 παρεσπαρ-

1076 2696 1156 2731 μένον
1180 2696 1211 2723 τδ
1230 2696 1402 2732 ἡγεμονικὸν,
1426 2696 1510 2723 οἴεται
1527 2694 1587 2721 κατ’
1615 2695 1702 2721 ἐκεῖνο
1715 2695 1865 2730 ,προτερεῖν

1074 2742 1138 2773 τοὺς
1152 2741 1322 2777 ἀνθρώπους.

241 2782 354 2817 sanguis
376 2782 420 2811 ille
439 2782 529 2816 fuerit,
547 2785 641 2812 eadem
657 2785 782 2814 homines
801 2792 932 2822 praestare
954 2787 1112 2816 arbitratur.

273 2839 340 2873 (19⁸)
355 2841 407 2875 Avi.
421 2841 502 2869 Forte
517 2841 553 2868 δέ.
569 2840 647 2868 Enn.

256 2875 332 2915 ⁷((20)
353 2875 416 2916 Ρμ-ο-
434 2877 612 2917 ἡγεμονικόν,
639 2879 780 2917 legendum
806 2881 920 2914 videtur,
943 2880 1021 2916 αἷμα.

241 2907 309 2938 Nam
324 2907 417 2939 'auimi
440 2907 620 2948 principatum
637 2907 813 2950 Empedocles
837 2907 876 2945 inV
890 2907 1023 2953 sanguine

1076 2848 1238 2889 collocabat,
1254 2849 1370 2889 indeque
1380 2848 1500 2889 Opinioni
1517 2855 1573 2889 sum
1589 2847 1669 2875 ﬁdem
1686 2847 1861 2888 conciliabat,

1076 2884 1312 2946 qi’imldea‘parte
1335 2884 1458 2912 homines
1481 2888 1643 2918 prazs‘arcut
1657 2891 1717 2920 qua:
1733 2884 1865 2918 sanguine

1078 2926 1092 2945 a
1115 2927 1149 2946 un
1171 2928 1216 2947 are
1231 2938 1238 2946 .
