2064 3212
219 161 250 188 6|
800 158 961 186 PREPAB.
979 158 1013 186 Ei

1061 158 1104 187 ΚΞ.
1125 158 1189 187 LIB.
1210 159 1231 187 1.
1805 157 1842 186 σε

253 229 262 244 ι
272 217 453 254 Μητρόδωρος
463 219 478 244 ό
485 216 559 250 Χῖος,
567 217 651 244 ἀΐδιον
660 214 729 243 εἷναί
739 225 804 251 φησι
814 218 844 243 τὸ
856 217 920 247 πᾶν,
928 217 969 242 ὅτι
980 218 1010 242 ει·

1093 225 1102 242 α
1118 216 1286 246 Metrodorus
1298 218 1383 247 Chius
1409 222 1604 254 sempiternum
1620 214 1687 244 'esse
1707 215 1759 243 hoc
1782 216 1844 243 uni-

215 262 249 300 ἦν
261 264 385 299 γενητὸν,
398 265 429 290 ἐκ
442 264 488 290 τοῦ
503 265 540 299 μὴ
560 264 635 295 ὄντος
651 263 684 290 ἂν
709 261 753 298 ἦν·
779 263 891 299 ἄπειρον
911 263 950 294 δὲ,
966 263 1008 289 ὅτι

216 311 310 341 ἀΐδιον.
327 310 359 336 οὺ
369 309 424 345 γὰρ
441 309 511 344 ἔχειν
528 309 625 345 ἀρχὴν,
640 309 700 336 ὅθεν
711 308 821 344 ἧρξατο,
833 309 893 335 οὐδὲ
910 309 1007 344 πέρας,

214 356 273 383 οὐδὲ
283 357 410 392 τελευτήν
418 365 425 371 ·
435 356 490 383 ἀλλ’
499 356 557 382 οὐδὲ
574 357 707 392 κινήσεως
719 355 842 390 μετέχειν
852 355 883 381 τὸ
892 356 954 386 πᾶν,
967 364 1009 381 κι-

212 402 319 430 νεῖσθαι
332 391 535 438 γὰρνὰδύνατον,
550 402 587 438 μὴ
595 391 798 437 ’μεθιστάμενον
807 409 813 416 ·
830 400 1006 436 μεθίστασθαι

213 446 244 474 δὲ
259 447 407 482 ἀναγκαῖον
423 448 480 483 ἤτοι
500 449 539 479 εἰς
554 447 665 482 πλῆρες,
688 447 705 482 ἢ
726 448 765 478 είς
782 447 870 474 κενόν.
886 447 1007 473 Πυκνού-

216 501 296 527 μενον
318 492 347 518 es
367 493 413 519 τὸν
435 492 531 528 αἰθέρα
558 493 645 518 ποιεῖν
668 492 792 526 νεφέλας,
813 489 872 518 εἶτα
894 491 978 528 ὕδωρ,
992 491 1007 518 ὃ

214 538 263 565 καὶ
279 538 372 565 κατιὺν
388 539 443 571 ἐπὶ.
451 537 495 564 τὸν
509 537 594 573 ἣλιον,
617 537 758 564 σϐεννύναι
779 538 859 564 αὐτόν
871 546 878 553 ·
893 538 940 564 καὶ
956 538 1008 565 πά-

213 583 256 610 λιν
272 584 451 620 ἀραιούμενον
465 583 637 616 ἐξάπτεσθαι·
650 584 739 619 χρόνῳ
751 583 789 615 δὲ,
807 583 959 619 πήγνυσθαι
969 583 1008 619 τῷ

214 630 291 666 ξηρῷ
302 631 347 658 τὸν
362 631 447 667 ἥλιον,
470 631 517 657 καὶ⁵
537 631 622 657 ποιεῖν
641 631 673 656 ἐκ
692 630 739 656 τοῦ
762 629 890 665 λαμπροῦ
912 629 1006 661 ὓδατος

215 677 344 712 ἀστέρας,
360 677 446 704 νύκτα
466 685 495 703 τε
521 677 567 703 καὶ
583 676 690 711 ἡμέραν
707 676 739 702 ὲκ
755 676 805 711 τῆς
825 676 942 707 σϐέσεως
958 676 1006 703 καὶ

216 723 348 758 ἐξάψεως,
361 724 408 750 καὶ
424 723 535 750 καθόλου
551 723 601 754 τὰς
618 722 753 757 ἐκλείψεις
768 722 914 749 ἀποτελεῖν.

1057 270 1167 290 versum
1184 263 1318 297 aﬂirmat,
1337 269 1477 300 propterea
1502 263 1575 299 quod
1595 262 1617 290 si
1632 261 1751 297 genitum
1776 260 1843 288 illud

1058 313 1140 341 esset,
1150 308 1203 344 25
1209 317 1240 336 ex
1250 317 1292 342 eo,
1304 310 1377 345 quod
1387 318 1521 346 nusquam
1530 314 1582 341 est,
1596 309 1714 344 genitum
1724 307 1821 334 fuisset
1835 314 1843 334 ι

1059 355 1188 389 quoniam
1204 359 1295 382 autem
1313 356 1506 391 sempiternum
1521 356 1574 387 sit,
1594 355 1729 381 inﬁnitum
1743 353 1846 388 pariter

1057 408 1128 432 esse,
1145 405 1237 435 utpote
1250 401 1322 436 quod
1341 409 1429 436 neque
1443 401 1617 436 principium,
1629 400 1700 427 unde
1712 398 1826 434 cceperit
1835 417 1845 431 ,

1057 454 1108 474 nec
1122 447 1267 474 terminum
1283 452 1331 474 aut
1357 447 1437 474 tinem
1456 447 1553 474 habeat
1570 456 1577 473 :
1592 447 1647 473 imo
1658 466 1665 477 ,
1693 453 1726 472 ne
1743 443 1846 472 moveri

1057 493 1166 528 quidem
1182 494 1355 526 universum;
1376 501 1425 521 nec
1449 493 1520 521 enim
1537 491 1602 519 illud
1621 491 1721 518 moveri
1741 497 1842 525 posse.

1057 539 1111 566 nisi
1126 539 1179 567 alio
1194 539 1291 574 migret
1304 548 1312 571 ;
1335 546 1445 566 necesse
1459 543 1550 566 autem
1561 545 1622 565 esse
1634 537 1675 564 vel
1692 536 1719 563 in
1735 536 1845 570 plenum

1059 585 1185 620 migrare,
1194 586 1235 612 vel
1252 587 1278 612 in
1290 593 1417 613 vacuum.
1431 584 1563 612 Praeterea
1574 592 1607 611 ex
1620 591 1682 610 aere
1694 581 1847 615 constipato

1058 632 1145 659 nubes
1162 632 1296 666 primum,
1324 631 1423 658 deinde
1449 638 1546 664 aquam
1575 629 1725 664 procreari,
1743 635 1803 663 quae
1818 627 1846 654 in

1058 677 1143 704 solem
1157 667 1288 708 deﬂuens,
1304 676 1390 711 ipsius
1410 676 1496 710 ignem
1513 676 1678 709 exstinguat.
1695 674 1740 709 qui
1756 678 1847 700 tamen

1057 722 1148 750 denuo
1178 723 1342 750 succedente
1373 722 1482 748 raritate
1508 721 1682 748 accendatur.
1714 719 1848 746 Eumdem

215 775 299 805 porro
318 768 413 801 solem,
429 775 573 803 progressu
602 768 732 802 temporis
755 767 877 794 siccitate
900 774 1075 795 concrescere
1091 789 1099 800 ,
1129 774 1161 794 ac
1189 769 1282 796 stellas
1316 768 1424 803 quidem
1445 775 1478 794 ex
1503 766 1614 801 limpida
1647 770 1675 793 et
1697 763 1848 800 splendenti

215 823 288 850 aqua
314 823 454 851 generare,
477 820 583 843 noctem
610 822 674 841 vero
693 813 773 842 simul
794 818 876 849 atque
895 805 966 842 diem
1000 822 1033 843 ex
1052 819 1147 843 mutua
1167 815 1213 842 illa
1233 823 1294 842 cum
1321 815 1502 842 exstinctione
1524 820 1582 841 tum
1617 814 1848 846 inﬂammatione,

214 869 365 897 omnesque
378 861 489 889 omnino
504 860 681 888 .del‘ectiones
697 861 789 888 eadem
808 861 912 888 ratione
925 860 1069 895 complere.

252 919 263 936 ί
283 910 412 945 Διογένης
427 911 440 936 ὁ
461 909 686 945 Ἀπολλωνιάτης,
696 909 772 945 ιάἐρα
782 909 926 944 ὑφίσταται
939 917 1009 936 στοι-

1096 919 1106 936 ‹
1123 909 1256 945 Diogenes
1275 911 1446 945 Apolloniata
1469 917 1559 938 aerem
1574 909 1737 937 elementum
1754 908 1849 944 ponit,

212 957 301 993 χεῖον·
317 955 450 982 κινεῖσθαι
463 955 490 982 δὲ
502 956 536 982 τὰ
551 955 649 987 πάντα,
668 956 798 992 ἀπείρους
814 964 842 982 τε
859 953 929 984 εἶναι
944 957 1007 988 τοὺς

214 1003 350 1038 γοόσμουςθ
365 1003 524 1038 κοσμοποιεῖ
539 1002 567 1028 δὲ
585 1001 671 1034 οὕτως
683 1011 690 1017 “
714 1002 754 1028 ὅτι
773 1001 819 1028 τοῦ
843 1002 945 1034 παντὸς
967 1010 1008 1028 κι-

215 1048 356 1084 νουμένου,
374 1049 420 1075 καὶ
471 1048 520 1083 μὲν
535 1048 642 1083 ἀραιοῦ,
691 1047 719 1074 δὲ
737 1047 839 1074 πυκνοῦ
853 1047 1006 1083 γινομένου,

215 1094 283 1121 ὅπου
296 1095 462 1130 συνεκύρησε
475 1094 505 1121 τὸ
523 1093 634 1125 πυκνὸν,
653 1093 807 1129 συστροφὴν
823 1094 944 1130 ποιῆσαι,
961 1093 1008 1120 καὶ

216 1140 288 1167 οὕτω
303 1140 337 1167 τὰ
353 1140 443 1172 λοιπά,
459 1140 529 1166 κατὰ
542 1140 587 1166 τὸν
604 1140 686 1166 αὑτὸν
699 1139 788 1173 λόγον,
804 1139 838 1166 τὰ
855 1139 1008 1174 κουφότατα

216 1187 266 1223 τὴν
278 1187 334 1214 ἄνω
349 1186 426 1220 τάξιν
437 1186 565 1216 λαϐόντα,
578 1186 623 1212 τὸν
635 1186 712 1221 ἥλιον
727 1186 898 1214 ἀποτελέσαι.
919 1195 928 1212 ι

250 1315 369 1351 Τοιαύτη
386 1316 432 1343 καὶ
447 1315 502 1342 τῶν
519 1315 664 1350 πανσόφων
681 1315 828 1351 Ἑλλήνων,
845 1314 899 1341 τῶν
911 1314 943 1350 δὴ
960 1323 1010 1349 φυ-

217 1362 301 1389 σικῶν
317 1362 468 1396 φιλοσόφων
484 1361 725 1397 ἐπικληθέντωνά
752 1361 816 1397 περὶ
838 1361 888 1396 τῆς
911 1355 1011 1387 συστάέ

217 1417 286 1441 seu);
301 1408 348 1435 τοῧ
371 1408 480 1441 παντὸς,
498 1409 546 1435 καὶ
563 1408 611 1443 τῆς
628 1407 739 1444 πρώτης
760 1407 941 1442 κοσμογονίας
954 1407 1010 1433 διά-

216 1454 307 1490 ληψις,
324 1455 354 1481 οὕ
368 1455 541 1490 δημιουργὸν,
559 1454 576 1490 ἢ
592 1455 706 1490 ποιητήν
721 1462 781 1480 τινα
793 1453 847 1480 τῶν
862 1454 931 1480 ὅλων
942 1453 1008 1479 ὑπο-

218 1501 405 1537 στησαμένων,
419 1501 475 1528 ἀλλ’
491 1501 544 1528 οὐδ’
562 1501 630 1532 ὅλως
646 1500 713 1527 Θεοῦ
731 1501 842 1536 μνήμην
859 1499 1010 1535 ποιησαμέ-

217 1556 270 1574 νων
280 1556 287 1563 ·
307 1548 374 1583 μόνῃ
389 1547 417 1573 δὲ
433 1549 466 1582 τῇ
489 1546 578 1582 ἀλόγῳ
602 1547 673 1582 φορᾷ
689 1547 736 1573 καὶ
757 1547 790 1581 τῇ
806 1545 952 1581 αὐτομάτῳ
968 1553 1010 1571 κι‹

217 1594 293 1629 νήσει
315 1593 365 1628 τὴν
394 1592 482 1619 αἰτίαν
507 1591 554 1618 τοῦ
578 1591 678 1622 παντὸς
702 1591 926 1626 ἀνατεθειμένων.
941 1591 1009 1617 Τοσ-
1023 1584 1044 1613 C

218 1639 288 1674 αὐτ-η
302 1639 331 1665 δὲ
344 1639 433 1665 αὐτῶν
451 1639 498 1665 καὶ
520 1638 537 1673 ἡ
561 1637 630 1674 πρὸς
646 1637 777 1673 ἀλλήλους
799 1638 964 1672 ἐναντιότης,
982 1637 1011 1663 ὲν

220 1684 270 1720 μὲν
286 1684 372 1710 οὐδενὶ
386 1683 508 1720 ἀλλήλοις
525 1683 792 1722 συμπεφωνηκότων,
811 1683 901 1718 μάχης
921 1683 949 1709 δὲ
965 1683 1012 1709 καὶ

219 1731 384 1765 ἁντιφωνίας
409 1730 442 1757 τὰ
470 1730 558 1757 πάντα
580 1729 868 1765 ἀναπεπληρωκότων’
889 1729 949 1755 ὅθεν
965 1729 1013 1755 καὶ

219 1779 233 1804 ὸ
254 1777 404 1812 θαυμάσιος
425 1777 583 1812 Σωκράτης,
602 1777 725 1803 τουτουσὶ
747 1776 851 1807 πάντας
866 1775 1013 1811 μωραίνον-

219 1832 268 1855 τας
285 1823 432 1859 ἁπήλεγχε,
451 1823 497 1849 καὶ
514 1822 684 1858 μαινομένων
699 1822 758 1849 κατ’
772 1822 846 1848 οὐδὲν
862 1822 937 1856 ἔλεγε
954 1822 1012 1848 δια-

220 1869 324 1904 φέρειν,
343 1870 366 1895 εἰ
378 1869 409 1904 δή
423 1877 463 1895 σοι
481 1868 586 1905 μάρτυς
596 1868 744 1904 ἀξιόχρεως
755 1868 879 1903 Ξενοφῶν
890 1869 918 1894 ὲν
938 1869 1015 1895 Ἄπο-

219 1915 457 1950 μιιημονεύμασι,
474 1914 561 1948 λέγων
585 1914 684 1946 οὕτως·
708 1923 717 1939 ι
739 1914 832 1946 Οὐδεὶς
856 1914 884 1940 δὲ
905 1913 1013 1941 πώποτε

221 1962 382 1997 Σωκράτους
397 1961 470 1987 οὐδὲν
489 1959 596 1992 ἀσεϐὲς,
610 1961 696 1997 οὐδὲν,
709 1961 825 1992 ἀνόσιον,
843 1961 905 1988 οὔτε
926 1962 1013 1997 πράτ-

221 2015 312 2038 τοντος
327 2004 405 2039 εἶδεν,
423 2005 490 2033 οὗτε
504 2006 628 2040 λέγοντος
650 2007 779 2042 ἤκουσεν·
798 2007 859 2034 οὐδὲ
877 2007 931 2043 γὰρ
951 2008 1015 2043 περὶ

222 2053 272 2088 τῆς
285 2053 411 2080 ἁπάντων
430 2053 546 2088 φύσεως,
560 2053 576 2088 ἢ
594 2052 657 2087 περὶ
670 2052 722 2079 τῶν
738 2053 836 2084 ἄλλων,
851 2053 888 2084 ὡς
900 2054 924 2079 οἱ
940 2053 1015 2079 πλεῖ-

225 2107 280 2129 στοι
305 2098 371 2133 (21),
396 2098 539 2132 διελέγετο,
566 2098 675 2124 σκοπῶν
705 2098 778 2130 ὅπως
806 2099 819 2125 ό
849 2098 1015 2134 καλούμενος

223 2145 276 2172 ὑπὸ
296 2145 350 2171 τῶν
368 2145 501 2179 σοφιστῶν
523 2144 626 2180 κόσμος
645 2144 711 2179 ἔχει,
730 2145 777 2171 καὶ
794 2144 863 2171 τίσιν
883 2145 1016 2179 ἀνάγκαις

223 2191 325 2217 ἕκαστα
339 2191 460 2225 γίγνεται
477 2190 530 2218 τῶν
543 2191 692 2226 οὐρανίων·
707 2190 775 2217 ἀλλὰ
793 2190 839 2217 καὶ
857 2190 920 2222 τοὺς
936 2199 1017 2226 φρον-

223 2236 346 2269 τίζοντας
361 2236 396 2263 τὰ
415 2236 535 2269 τοιαῦτα,
549 2236 735 2272 μωραίνοντας
745 2237 915 2264 ἀπεδείκνυε.
928 2246 937 2262 ›
960 2237 1015 2264 Καὶ

224 2283 345 2318 ἐπιλέγει
359 2283 437 2318 ἑξῆς·
457 2293 466 2309 ι
493 2282 645 2318 Ἐθαύμαζε
673 2282 711 2314 δὲ,
737 2283 761 2308 εἰ
779 2282 815 2317 μὴ
830 2282 946 2317 φανερδν
965 2283 1015 2309 αὑ-

223 2332 279 2362 τοῖς
293 2331 377 2362 ἐστιν,
395 2330 435 2356 ὅτι
457 2329 543 2356 ταῦτα
564 2329 693 2356 ἀδύνατόν
708 2330 780 2355 ἐστιν
802 2329 955 2365 ἀνθρώποις
971 2330 1016 2356 εὑ-

226 2376 299 2411 ρεῖν·
315 2375 378 2402 ἐπεὶ
397 2375 444 2402 καὶ
466 2375 529 2406 τοὺς
545 2375 580 2401 τὰ
597 2374 713 2410 μέγιστα
731 2370 895 2410 φρονοῦντας
918 2375 963 2401 ἐπὶ
977 2374 1016 2410 τῷ

227 2422 405 2458 περὶτούτων
421 2421 519 2456 λέγειν,
537 2422 566 2448 οὐ
585 2421 619 2448 τὰ
643 2421 713 2448 αὐτὰ
734 2420 854 2454 δοξάζειν
878 2421 1016 2456 ἀλλήλοις·

227 2468 293 2495 ἀλλὰ
305 2470 360 2500 τοῖς
379 2467 664 2504 μαινομένοιςρμοίως
683 2468 835 2494 διακεῖσθαι
852 2467 920 2503 πρὸς
936 2467 1012 2502 ἀλλή-

226 2515 297 2548 λους.
311 2515 371 2541 Τῶν
381 2524 411 2542 τε
423 2515 478 2550 γὰρ
490 2513 668 2550 μαινομένων,
682 2513 746 2545 τοὺς
757 2513 805 2549 μὲν
819 2513 879 2539 οὐδὲ
891 2513 926 2540 τὰ
941 2512 1016 2539 δεινὰ

227 2561 356 2588 δεδιέναι·
373 2561 435 2592 τοὺς
451 2560 490 2593 δὲ,
507 2559 542 2586 τὰ
566 2559 603 2596 μὴ
627 2559 730 2595 φοϐερὰ
745 2558 884 2593 φοϐεῖσθαι
895 2567 901 2573 ·
917 2558 970 2585 τῶν
990 2567 1019 2584 τε

228 2606 353 2642 περὶτῆς
370 2606 477 2633 πάντων
494 2606 599 2642 ῥήσεως
617 2604 820 2641 μεριμνώντων,
838 2605 894 2636 τοῖς
911 2604 960 2640 μὲν
973 2604 1017 2630 δο-

228 2653 286 2679 κεῖν
297 2652 326 2679 ἒν
344 2652 424 2688 μόνον
439 2651 469 2678 τὺ
482 2651 512 2678 ὂν
527 2649 606 2684 εῖναι,
629 2652 684 2683 τοῖς
696 2651 724 2677 δὲ
736 2651 838 2686 ἄπειρα
852 2650 882 2676 τὺ
898 2649 1016 2684 πλῆθος’

229 2699 347 2730 καὶτοῖς
370 2699 419 2733 μὲν
446 2698 489 2724 ἀεὶ
511 2697 602 2725 πάντα
628 2697 769 2729 κινεῖσθαι,
785 2698 841 2728 τοῖς
855 2696 883 2723 δὲ
905 2696 958 2723 οὐδ’
985 2696 1017 2724 ἄν

230 2752 294 2770 ποτε
307 2744 464 2779 κινηθῆναι·
479 2745 526 2771 καὶ
538 2745 594 2776 τοῖς
610 2744 658 2779 μὲν
672 2743 779 2770 ἅπαντα
790 2742 912 2777 γίνεσθαί
925 2752 955 2769 τε
971 2742 1019 2770 καὶ

266 2812 322 2848 (‘21)
344 2814 379 2839 Ἡ
395 2813 461 2848 περὶ
475 2813 533 2840 τῶν
549 2812 662 2844 ἄλλων,
672 2812 720 2848 φὼς
734 2813 761 2839 ol
772 2812 923 2848 πλεῖστοι(
939 2812 1018 2848 Λβυρ

231 2845 479 2884 Xe‘ttophontalib.
495 2847 698 2884 rMemorabil.,
717 2847 855 2884 paga'llt),
875 2845 982 2882 legitur,

233 2883 295 2918 περὶ
309 2883 362 2910 τῶν
381 2882 467 2910 ἄλλων
485 2885 509 2910 oi
532 2883 663 2917 πλεῖστοι,
680 2882 762 2918 quam
780 2882 921 2912 lectionem
937 2882 1016 2911 sccui

1058 957 1160 983 moveri
1171 962 1260 983 autem
1277 957 1415 989 universa,
1429 957 1584 984 etintinitos
1598 963 1659 983 esse
1675 955 1793 982 mundos
1807 954 1849 982 af-

1057 1002 1159 1030 ﬁrmat.
1175 1001 1309 1030 Caeterum
1324 1002 1459 1038 ejusmodi
1478 1002 1596 1030 somniat
1613 1009 1708 1029 eorum
1732 1000 1850 1028 molitio-

1057 1055 1132 1078 nem.
1147 1047 1251 1075 scilicet
1266 1055 1328 1075 cum
1343 1048 1503 1075 universum
1526 1047 1562 1074 ita
1580 1051 1745 1078 moveretur,
1762 1051 1793 1074 ut
1805 1054 1850 1074 ra-

1058 1093 1116 1121 rius
1131 1093 1185 1126 hic,
1201 1094 1264 1120 alibi
1279 1093 1390 1121 densius
1405 1094 1492 1125 ﬂeret,
1514 1093 1671 1128 ubicunque
1687 1092 1774 1128 maior
1785 1093 1851 1120 den-

1058 1138 1125 1166 sitas
1139 1139 1305 1174 contingeret
1316 1160 1323 1172 ,
1341 1139 1377 1167 ibi
1391 1140 1611 1167 convolutionem
1623 1139 1769 1175 quamdam
1785 1138 1851 1166 επεν

1058 1183 1141 1216 cisse,
1153 1189 1209 1212 tum
1224 1185 1341 1213 similem
1360 1186 1386 1213 in
1404 1186 1515 1213 modum
1534 1190 1630 1213 emtera
1647 1195 1653 1212 :
1680 1193 1741 1220 qua:
1756 1189 1850 1212 autem

1058 1228 1181 1255 omnium
1204 1229 1350 1256 levissimae
1375 1233 1467 1264 partes
1487 1233 1587 1261 essent,
1601 1236 1648 1257 eas
1678 1229 1788 1265 regione
1803 1236 1850 1256 su-

1058 1275 1157 1309 periori
1172 1279 1303 1309 occupata
1322 1275 1405 1302 solem
1419 1274 1592 1310 produxisse.
1611 1284 1620 1301 ι

1094 1320 1168 1347 Talis
1192 1328 1256 1355 ergo
1279 1319 1331 1347 fuit
1356 1320 1620 1355 sapientissimorum
1639 1319 1721 1347 etiam
1740 1318 1852 1347 Graeciaa

1059 1366 1297 1402 philosophorum,
1311 1374 1406 1394 eorum
1418 1366 1513 1394 saltem
1529 1366 1575 1401 qui
1588 1366 1693 1402 physici
1710 1366 1849 1393 vocaban-

1060 1417 1104 1440 tur
1119 1412 1151 1439 de
1166 1412 1285 1439 universi
1312 1412 1517 1445 constitutione,
1529 1412 1617 1447 deque
1641 1413 1729 1448 prima
1755 1411 1851 1439 mundi

1059 1458 1247 1493 procreatione
1259 1457 1418 1492 disputatio,
1434 1458 1460 1484 in
1474 1465 1527 1492 qua
1541 1458 1646 1485 nullum
1660 1458 1850 1490 architectum,

1060 1503 1163 1530 nullum
1174 1510 1263 1530 rerum
1273 1502 1395 1530 omnium
1409 1502 1563 1530 eﬁ‘ectorem
1577 1509 1738 1538 posuerunt,
1750 1503 1805 1530 imo
1818 1511 1852 1531 ne

1061 1548 1108 1576 Dei
1126 1549 1235 1584 quidem
1260 1548 1425 1576 mentionem
1442 1549 1525 1576 ullam
1541 1548 1664 1576 fecerunt
1678 1558 1685 1582 ;
1704 1549 1752 1577 sed
1766 1555 1852 1577 teme-

1062 1595 1142 1622 rarim
1165 1595 1272 1622 cuidam
1303 1593 1456 1629 agitationi,
1473 1601 1506 1621 ac
1535 1593 1648 1622 fortuito
1666 1595 1747 1629 plane
1765 1594 1852 1622 motui

1061 1641 1144 1676 hujus
1157 1640 1344 1668 universitatis
1367 1647 1478 1667 causam
1494 1641 1680 1675 assignarunt.
1711 1641 1751 1668 Ac
1776 1645 1853 1669 tanta

1062 1688 1170 1723 quidem
1185 1695 1280 1715 eorum
1294 1690 1335 1715 est
1354 1687 1423 1714 inter
1436 1694 1497 1714 sese
1517 1687 1672 1719 dissensio,
1699 1691 1731 1714 ut
1757 1687 1853 1715 eadem

1063 1734 1136 1761 nulla
1153 1742 1266 1769 prorsus
1289 1734 1316 1762 in
1340 1743 1370 1762 re
1386 1734 1599 1769 pronuntiarint,
1615 1733 1662 1760 sed
1681 1733 1855 1761 contentione

1063 1787 1095 1808 ac
1116 1781 1311 1809 sententiarum
1339 1781 1494 1809 diversitate
1520 1780 1614 1808 omnia
1647 1779 1853 1815 compleverint.

1063 1826 1155 1861 Itaque
1174 1826 1311 1860 Socrates,
1325 1827 1367 1854 vir
1380 1827 1425 1854 ille
1439 1826 1586 1862 singularis
1600 1829 1627 1854 et
1641 1825 1772 1858 eximius,
1786 1825 1855 1853 istos

1063 1880 1160 1899 omnes
1173 1873 1317 1900 vaticinari
1335 1873 1513 1905 ostendebat,
1534 1871 1657 1907 nihilque
1682 1872 1795 1900 omnino
1820 1871 1857 1898 ab

1064 1918 1170 1946 insanis
1184 1927 1216 1946 ac
1233 1918 1345 1946 furiosis
1368 1918 1533 1953 discrepare,
1550 1917 1573 1945 si
1590 1917 1800 1952 Xenophontem
1825 1920 1857 1944 ut

1064 1966 1175 2001 dignum
1195 1966 1246 1992 lide
1260 1970 1355 1992 testem
1371 1965 1526 1992 audiamus.
1544 1963 1595 1991 Sic”
1609 1965 1682 1992 enim
1706 1964 1733 1991 in
1754 1963 1856 1990 Mento-

1065 2012 1192 2039 rabilibus
1210 2011 1267 2045 ipse
1281 2010 1402 2045 loquitur
1417 2019 1423 2037 :
1444 2019 1452 2035 ι
1466 2009 1606 2037 Socratem
1623 2017 1686 2037 vero
1700 2009 1791 2036 nullus
1804 2017 1856 2036 un-

1066 2064 1146 2092 quam
1162 2055 1239 2090 impii
1256 2056 1405 2092 quidquam
1423 2059 1505 2089 atque
1520 2054 1617 2081 nefarii
1630 2059 1677 2081 aut
1690 2054 1758 2081 vidit
1773 2061 1857 2089 agen-

1065 2107 1130 2134 tem,
1149 2106 1195 2128 aut
1217 2101 1372 2135 loquentem
1399 2100 1512 2127 audivit.
1530 2099 1623 2135 Neque
1648 2099 1721 2126 enim
1745 2099 1778 2126 de
1794 2099 1856 2126 uni-

1067 2148 1135 2175 versi
1151 2152 1258 2180 natura,
1272 2145 1501 2182 quemadmodum
1522 2145 1644 2181 plerique
1658 2145 1749 2180 vulgo,
1763 2144 1856 2180 dispu-

1066 2196 1150 2229 tabat,
1164 2195 1203 2222 sic
1223 2194 1367 2227 nimirum,
1385 2197 1415 2220 ut
1433 2200 1488 2228 quo
1501 2196 1581 2228 pacto
1596 2199 1656 2220 sese
1680 2192 1725 2220 hic
1747 2192 1856 2225 habeat,

1031 2256 1053 2283 Β
1067 2242 1141 2277 quia
1168 2240 1352 2276 sophistarum
1371 2239 1481 2267 natione
1511 2238 1630 2266 mundus
1650 2242 1781 2271 vocatur,
1809 2241 1858 2265 aut

1068 2297 1121 2323 qua
1138 2288 1184 2315 fati
1204 2295 1235 2315 ac
1253 2286 1423 2315 necessitatis
1447 2285 1474 2313 vi
1501 2285 1646 2321 cujuslibet
1669 2285 1709 2312 rei
1736 2284 1857 2312 caalestis

1068 2334 1138 2362 ratio
1154 2337 1296 2366 teneatur,
1319 2332 1507 2367 investigaret;
1534 2332 1581 2359 sed
1610 2338 1657 2358 eos
1678 2330 1785 2365 potius,
1809 2329 1857 2365 qui

1069 2387 1154 2414 genus
1170 2378 1222 2406 hoc
1236 2386 1327 2405 rerum
1341 2377 1475 2405 curiosius
1498 2377 1632 2411 agitarent
1644 2395 1651 2409 ,
1676 2375 1798 2402 insanire
1812 2375 1858 2403 de-

1069 2423 1250 2451 monstrabat.
1267 2433 1276 2449 )
1297 2422 1400 2456 Quibus
1419 2422 1474 2457 26
1490 2422 1548 2449 haec
1572 2420 1712 2456 subjungit
1728 2430 1735 2448 :
1763 2429 1773 2446 ‹
1792 2419 1858 2448 Per-

1069 2469 1169 2496 mirum
1182 2474 1272 2496 autem
1284 2468 1335 2503 ipsi
1347 2468 1499 2498 videbatur.
1513 2474 1546 2494 ne
1562 2471 1733 2502 perspectum
1747 2466 1857 2501 quidem

1069 2515 1122 2542 illis
1137 2514 1185 2541 hoc
1199 2514 1293 2548 fuisse,
1309 2514 1381 2549 quod
1401 2521 1434 2540 eo
1446 2513 1610 2548 cognitionis
1624 2511 1766 2539 hominum
1781 2511 1859 2546 inge-

1070 2561 1114 2588 nia
1127 2561 1267 2596 pervenire
1283 2561 1358 2588 nullo
1380 2561 1462 2587 modo
1486 2559 1602 2594 possint,
1615 2567 1677 2586 cum
1695 2558 1732 2592 ii,
1748 2565 1860 2594 praeser-

1071 2608 1119 2634 tim
1136 2607 1182 2642 qui
1195 2615 1254 2635 sese
1267 2608 1318 2635 hoc
1333 2606 1524 2642 disputationis
1537 2613 1634 2641 genere
1648 2605 1798 2640 plurimum
1814 2603 1857 2631 el-

1070 2653 1170 2686 ferant,
1182 2662 1235 2684 non
1252 2654 1278 2680 in
1292 2653 1385 2681 eadem
1407 2653 1534 2688 opinione
1548 2651 1737 2686 sententiaque
1752 2657 1860 2678 versen-

1070 2703 1125 2731 tur,
1141 2700 1187 2728 sed
1203 2699 1249 2726 alii
1273 2707 1334 2727 cum
1351 2699 1412 2727 aliis
1434 2698 1600 2726 furiosorum
1623 2697 1718 2732 utiq-ue
1733 2703 1809 2724 more
1828 2702 1859 2723 se

1071 2750 1176 2780 gerant.
1191 2744 1294 2779 Quippe
1307 2744 1391 2778 enim_
1403 2752 1435 2772 ex
1450 2743 1562 2771 furiosis
1579 2742 1647 2770 alios
1666 2749 1744 2774 esse,
1762 2740 1810 2776 qui
1823 2746 1858 2768 ne

1070 2819 1115 2841 tus
1129 2821 1189 2844 sum
1203 2818 1230 2841 et
1244 2813 1288 2840 hic
1302 2817 1328 2840 et
1343 2821 1402 2848 cap.
1421 2813 1516 2840 ultimo
1532 2811 1652 2848 librixv,
1667 2811 1713 2839 ubi
1729 2810 1856 2839 eumdem

1068 2850 1157 2878 locum
1174 2849 1308 2877 Eusebius
1325 2847 1445 2884 protulit,
1460 2848 1505 2876 sed
1523 2847 1658 2883 pluribus.
