2064 3212
259 171 296 201 03
574 167 708 202 EUSEHH
727 171 964 201 CESARI‘ENSIS
982 171 1058 200 OPP.
1079 171 1169 200 PARS
1186 171 1218 200 ΙΙ.
1238 187 1272 192 -
1289 170 1537 199 APOLOGETICA.
1833 170 1869 199 65

259 232 351 270 gravia
367 234 475 269 quidem
492 237 519 262 et
532 234 635 262 atrocia
656 239 787 268 metuant,
801 234 869 262 alios
881 241 944 262 vero
956 255 964 268 ,
990 233 1036 269 qui

1090 233 1261 266 ἀπόλλυσθαι,
1285 234 1342 264 τοῖς
1367 232 1395 259 δὲ
1416 231 1471 258 οὔτ’
1497 231 1530 258 ἂν
1551 230 1675 265 γενέσθαι
1697 231 1761 258 ποτὲ
1783 231 1869 265 οὐδὲν,

258 277 318 314 ipsa
333 285 442 314 quoque
458 285 513 306 non
539 278 684 306 metuenda
711 279 888 306 extimescant
911 287 918 305 :
937 278 977 305 sic
989 284 1035 305 eo=

257 323 408 358 rum,'qui
430 327 556 350 naturam
580 322 698 350 universi
723 321 878 356 diligentius
899 321 1038 356 explorare

258 372 402 402 conentur,
419 368 488 396 alios
502 368 633 403 quidquid
649 371 691 394 est
703 375 787 394 unum
802 374 863 395 esse
875 367 952 399 velle,
969 367 1037 394 alios

259 416 394 443 inlinitam
410 422 501 443 rerum
522 413 724 442 multitudinem
740 414 881 447 invehere;
898 413 958 442 aliis
973 414 1036 441 item

258 461 364 495 placere
377 459 525 488 continenti
552 463 627 486 motu
653 466 697 486 res
723 466 817 486 omnes
841 458 948 493 agitari,
976 458 1037 485 aliis

258 511 365 538 contra,
382 506 456 534 nullo
469 513 587 540 unquam
600 509 720 539 tempore
734 504 837 532 moveri
855 511 935 539 posse
945 524 953 537 ,
977 503 1037 532 aliis

257 552 375 586 denique
386 551 506 586 generari
525 557 617 578 omnia
631 557 663 577 ac
679 549 807 584 deinceps
822 549 932 577 interire
945 570 952 583 ,
976 549 1037 576 aliis

256 604 321 624 vero
344 598 411 624 nihil
426 603 546 630 unquam
560 596 602 623 vel
617 595 736 630 genitum
753 602 814 622 esse
825 615 832 628 ,
856 595 897 621 vel
925 595 1037 622 interitu

255 642 416 676 periturum.
435 651 445 668 ι
469 641 557 676 Atque
583 641 641 668 haec
664 639 807 674 Socrates,
830 644 861 668 ut
885 639 1037 675 Xenophon

256 691 351 714 auctor
367 691 418 714 est.
443 686 548 719 Quibus
576 686 675 713 similia
704 693 817 721 prorsus
842 693 874 713 ea
898 690 962 713 sunt
977 693 1038 720 quae

255 730 332 758 Plato
347 732 472 758 eumdem
489 730 628 759 Socratem
645 731 672 758 in
697 739 746 764 eo,
774 738 853 766 quem
884 731 921 758 De
947 731 1038 758 anima

257 777 387 812 scripsit,
414 777 521 817 dialogo
552 777 590 804 ita
625 781 882 805 commemorantem
911 777 1035 805 inducit:

259 833 270 850 ι
289 823 394 851 Etenim
410 824 517 855 mirum,
533 823 640 859 inquit,
665 831 682 851 ο
701 823 798 856 Cebes,
818 828 919 858 quanta
935 831 978 850 me
992 823 1037 858 ju-

255 870 332 897 venis
343 877 405 897 eum
421 877 509 896 essem
521 869 593 897 illius
609 869 742 904 cupiditas
759 870 896 904 sapientiae
908 869 1034 900 tenuerit,

255 923 338 952 quam
362 915 442 950 vulgo
467 919 569 942 naturae
598 915 851 950 contemplationem
880 915 1034 950 appellant;
1052 908 1072 935 Β

255 962 354 997 quippe
370 961 543 996 magniﬁcum
567 961 664 996 oppido
690 961 756 988 mihi
782 961 922 988 videbatur
941 967 1040 988 causas

255 1015 337 1035 nosse
347 1015 436 1034 rerum
445 1007 623 1043 singularum,
637 1015 668 1034 ac
680 1015 728 1034 cur
741 1014 908 1041 unaquaque
919 1006 960 1034 vel
969 1006 1041 1033 oria-

256 1057 311 1086 tur,
329 1054 370 1080 vel
383 1053 505 1086 intereat,
521 1054 562 1080 vel
578 1054 697 1085 exsistat,
714 1053 874 1088 intelligere;
889 1053 1040 1088 smpiusque

255 1099 324 1125 adeo
335 1106 377 1126 me
389 1106 498 1126 sursum
510 1098 690 1133 deorsumque
696 1098 848 1130 versabam,
857 1105 918 1124 cum
929 1097 954 1124 in
965 1097 1040 1132 ejus-

255 1144 328 1171 modi
345 1144 462 1179 primum
481 1145 645 1178 qumstiones
660 1144 843 1170 incumberent
857 1152 864 1170 :
880 1146 968 1170 utrum
985 1143 1039 1170 sei-

255 1187 327 1221 licet,
335 1189 406 1223 qnod
420 1189 555 1215 nonnullis
563 1188 694 1223 placebat,
702 1188 746 1214 ubi
756 1187 881 1222 frigidum
889 1191 915 1214 et
923 1187 1040 1214 calidum

254 1233 306 1261 ioci
322 1234 422 1268 aliquid
436 1233 602 1267 corruptioni
617 1233 756 1265 dederint,
788 1237 844 1260 tum
860 1233 968 1259 demum
985 1233 1042 1260 ani-

255 1279 356 1306 mantia
376 1280 569 1306 nutrimentum
583 1286 615 1306 ac
629 1279 782 1305 ﬁrmitatem
798 1278 942 1313 accipiant?
951 1282 1040 1304 utrum

254 1325 397 1360 sanguine,
407 1333 440 1352 an
450 1332 564 1358 aere,an
579 1325 670 1360 potius
680 1325 740 1360 igne
753 1324 912 1359 sapiamus?
929 1332 962 1350 an
978 1331 1040 1351 vero

255 1371 298 1398 his
305 1371 435 1398 omnibus
443 1371 571 1403 exclusis,
585 1370 631 1398 uni
641 1370 752 1398 cerebro
767 1370 891 1397 audiendi
903 1389 909 1402 ,
921 1369 1040 1401 videndi,

254 1420 335 1450 atque
347 1417 477 1443 odorandi
493 1424 622 1444 sensuum
648 1417 724 1451 origo
739 1416 868 1443 debeatur
883 1425 889 1442 :
908 1415 948 1443 sic
963 1419 992 1442 ut
1007 1423 1040 1442 ex

254 1461 289 1488 iis
305 1462 435 1489 memoria
450 1463 530 1490 sinml
546 1467 573 1490 et
587 1461 696 1496 opinio,
722 1469 755 1489 ex
786 1467 902 1495 utraque
932 1465 1021 1488 autem
1032 1480 1040 1492 ,

255 1507 300 1534 ubi
316 1507 419 1542 placide
440 1508 582 1543 quietaque
604 1507 784 1539 constiterint,
800 1515 861 1533 cum
880 1506 974 1533 iisdem
991 1513 1038 1532 co-

255 1552 362 1580 ltzerens
375 1553 486 1580 scientia
503 1554 666 1588 generetur?
676 1552 797 1586 Cumque
809 1552 928 1579 vicissim
946 1558 1037 1577 rerum

254 1597 412 1624 earumdem
430 1597 566 1630 interitus,
584 1603 698 1632 quaeque
713 1602 766 1623 tam
783 1598 809 1621 in
827 1595 896 1622 coelo
912 1602 994 1629 quam
1011 1594 1039 1621 in

255 1647 327 1669 terra
344 1642 424 1677 vulgo
440 1643 600 1677 contingunt
616 1649 720 1679 mecum
742 1641 799 1674 ipse
820 1646 984 1674 reputarem,
998 1641 1041 1668 de<

255 1695 331 1714 mum
354 1687 391 1714 ita
416 1695 458 1714 me
487 1687 532 1714 ad'
547 1687 599 1714 hoc
621 1686 858 1720 contemplationis
878 1694 964 1721 genus
983 1686 1042 1713 ine-

256 1737 343 1768 ptum,
361 1737 389 1760 ut
404 1733 450 1767 qui
467 1733 594 1764 maxime.
620 1740 682 1761 esse
697 1732 825 1767 judicavi.
842 1730 927 1766 Cujus
941 1732 977 1759 rei
990 1733 1041 1760 hoc

258 1779 305 1806 tibi
321 1784 510 1814 argumentum
534 1779 619 1806 instar
646 1778 768 1805 omnium
788 1777 940 1812 proferam;
967 1778 1040 1812 quod

257 1831 318 1859 qum
332 1824 397 1850 mihi
425 1825 501 1859 prius
524 1831 554 1851 ac
576 1824 679 1851 caeteris
698 1824 798 1859 optime
813 1823 925 1850 videbar
941 1823 1042 1851 intelli-

258 1876 330 1904 gere,
346 1869 438 1896 eadem
453 1869 624 1904 postmodum
634 1869 725 1897 omnia
736 1868 920 1902 dediscerem;
935 1873 1040 1896 tantum

1086 279 1142 307 οὔτ’
1157 278 1332 306 ἀπόλλυσθαι.
1348 288 1358 304 ι
1373 278 1455 305 Ταῦθ’
1483 279 1497 305 ὁ
1520 278 1676 313 Σωκράτης,
1694 278 1731 309 ὡς
1746 278 1870 312 Ξενοφῶν

1088 327 1229 362 μαρτυρεῖ.
1247 325 1356 361 Συνᾴδει
1379 324 1407 351 δὲ
1429 324 1476 351 καὶ
1498 325 1512 351 ὁ
1538 323 1648 350 Πλάτων
1667 323 1771 355 τούτοις
1787 325 1815 350 ὲν
1831 323 1871 359 τῷ

1086 372 1155 406 Περὶ
1170 370 1283 406 ψυχῆς,
1300 371 1388 397 τοιάδε
1402 370 1513 404 λέγοντα
1527 370 1607 396 αὐτὸν
1623 370 1786 405 ἀναγράφων
1798 369 1870 405 (aa)-

1089 427 1099 444 (
1123 417 1193 452 Ἐγὼ
1219 416 1283 454 γὰρ,
1307 417 1370 452 ἔφη,
1395 414 1418 443 ὦ
1443 416 1544 452 Κέϐης,
1568 416 1627 448 νέος
1643 415 1690 447 ὢν,
1708 415 1872 451 Θαυμαστιῖκ

1086 461 1124 493 ὡς
1148 461 1307 496 ἐπεθύμησα
1328 460 1428 496 ταύτης
1450 461 1499 496 τῆς
1524 461 1628 495 σοφίας,
1648 461 1681 496 ἢν
1703 460 1734 496 δὴ
1760 460 1872 487 καλοῦσι

1087 505 1272 541 περὶφύσεως
1291 505 1423 542 ἱστορίαν·
1443 505 1614 540 ὑπερήφανον
1637 505 1691 540 γάρ
1715 513 1759 540 μοι
1784 505 1872 530 ἐδόκει

1087 549 1155 578 εἶναι
1170 551 1265 579 εἰδέναι
1280 551 1329 582 τὰς
1344 551 1432 582 αἰτίας
1443 551 1569 582 ἑκάστου,
1580 550 1624 576 διὰ
1643 550 1669 576 τί
1689 550 1792 584 γίνεται
1806 549 1872 576 ἕκα-

1087 604 1158 627 στον,
1175 596 1220 622 καὶ
1231 595 1275 622 διὰ
1288 595 1314 621 τί
1327 595 1482 627 ἀπόλλυται,
1500 595 1547 621 καὶ
1560 595 1603 621 διὰ
1616 594 1642 620 τί
1655 595 1712 620 ἐστι
1722 603 1728 610 -
1747 594 1792 621 καὶ
1809 594 1873 621 πολ-

1086 640 1164 672 λάκις
1182 640 1299 676 ἐμαυτὸν
1320 641 1376 668 ἄνω
1398 640 1445 666 καὶ
1469 640 1543 666 κάτω
1568 638 1740 675 μετέϐαλλον,
1764 639 1873 666 σκοπῶν

1086 687 1194 723 πρῶτον
1211 687 1244 713 τὰ
1268 687 1372 714 τοιάδε·
1398 685 1442 722 ἆρ’
1466 686 1574 713 ἐπειδὰν
1598 686 1628 712 τὺ
1648 685 1749 721 ψυχρὸν
1770 686 1816 713 καὶ
1841 685 1873 712 τὸ

1087 732 1187 768 θερμὸν
1212 733 1344 768 σηπεδόνα
1363 732 1423 759 τινὰ
1439 732 1519 768 λάϐῃ,
1541 732 1578 764 ὥς
1600 740 1672 764 τινες
1693 732 1794 766 ελεγον,
1811 731 1872 758 τότε

1086 779 1135 814 ήδη
1145 778 1200 813 (⁸25)
1208 778 1241 806 τὰ
1249 778 1305 811 ζῶα
1315 778 1375 811 ξυντ
1380 778 1486 814 ρέφεται
1496 787 1503 811 ;
1513 779 1560 805 καὶ
1567 778 1630 804 πότε
1635 787 1679 814 ρον
1687 778 1716 804 τὸ
1725 775 1793 813 αἷμά
1800 779 1873 804 ἐστιν

1085 821 1107 858 ᾧ
1116 824 1298 860 φρονοῦμεν,ἢ
1308 825 1322 851 ὁ
1334 824 1397 861 ἀὴρ,
1406 825 1422 860 ἢ
1431 825 1460 851 τὸ
1468 825 1532 860 πῦρ·
1542 825 1558 859 ἢ
1567 824 1667 851 τούτων
1681 825 1728 860 μὲν
1737 824 1820 856 οὐδὲν,
1830 826 1843 850 ὁ
1850 824 1873 851 δ’

1086 869 1236 903 ἐγκέφαλός
1244 870 1317 897 ἐστιν
1325 871 1340 897 ὁ
1351 870 1400 901 τὰς
1407 869 1545 905 αἰσθήσεις
1554 869 1679 905 παρέχων
1693 869 1739 896 τοῦ
1753 869 1871 901 ἀκούειν,

1089 916 1136 942 καὶ
1141 916 1264 952 ὸρᾷν,κα“ι
1272 917 1398 952 ὀσφραίνε
1402 916 1471 943 σθαι”
1479 917 1510 942 ὲκ
1517 915 1617 942 τούτων
1623 916 1651 942 δὲ
1657 916 1774 950 γίγνοιτο
1781 916 1872 951 μνήμη

1090 962 1136 988 καὶ
1146 961 1216 994 δόξα·
1227 962 1259 988 ἐκ
1267 962 1294 988 δὲ
1306 963 1414 998 μνήμης
1423 962 1470 989 καὶ
1485 962 1565 998 δόξης
1571 961 1704 997 λαϐούσης
1714 962 1743 988 τὸ
1751 962 1873 997 ἠρεμεῖν,

1090 1006 1160 1033 κατὰ
1174 1006 1261 1033 ταῦτα,
1275 1007 1396 1041 γίνεσθαι
1412 1007 1577 1042 ὲπιστήμηνς
1589 1007 1643 1034 Καὶ
1659 1004 1692 1033 αὖ
1708 1006 1809 1033 τούτων
1824 1006 1873 1038 τὰς

1091 1052 1192 1088 φθορὰς
1209 1052 1326 1084 σκοπῶν,
1339 1053 1386 1079 καὶ
1399 1052 1432 1080 τὰ
1444 1053 1507 1088 περὶ
1522 1053 1568 1079 τὸν
1585 1053 1696 1089 οὐρανόν
1716 1061 1746 1079 τε
1763 1052 1810 1079 καὶ
1825 1051 1874 1087 τὴν

1090 1098 1141 1133 γῆν
1157 1098 1240 1133 πάθη,
1253 1097 1393 1130 τελευτῶν,
1411 1097 1496 1130 οὕτως
1512 1098 1622 1134 ἐμαυτῷ
1636 1098 1712 1132 ἔδοξα
1729 1099 1796 1134 πρὸς
1810 1097 1874 1124 ταύ-

1089 1153 1138 1179 την
1151 1144 1199 1180 τὴν
1210 1144 1303 1178 σκέψιν
1317 1144 1405 1180 ἀφυὴς
1421 1142 1499 1177 εἶναι,
1511 1144 1548 1176 ὡς
1564 1144 1637 1171 οὐδὲν
1652 1145 1753 1180 χρῆμα.
1769 1145 1875 1180 Τεκμή-

1093 1199 1148 1226 ριον
1161 1190 1188 1216 δέ
1204 1199 1244 1217 σοι
1265 1190 1320 1225 ἐρῶ
1348 1191 1448 1218 ἱκανόν.
1465 1190 1535 1224 Ἐγὼ
1558 1191 1613 1226 γὰρ
1633 1190 1650 1217 ἃ
1673 1190 1719 1217 καὶ
1743 1190 1874 1226 πρότερον

1091 1236 1184 1271 σαφῶς
1199 1237 1366 1272 ἠπιστάμην,
1377 1236 1414 1268 ὥς
1428 1245 1460 1270 γε
1475 1235 1584 1272 ἐμαυτῷ
1595 1236 1642 1262 καὶ
1650 1237 1705 1267 τοῖς
1720 1235 1807 1266 ἄλλοις
1817 1235 1874 1261 ἐδό-

1091 1291 1165 1314 κουν,
1177 1282 1236 1309 τότε
1251 1283 1295 1308 ὑπ’
1313 1282 1396 1317 αὐτῆς
1411 1283 1460 1318 τῆς
1477 1282 1597 1317 σκέψεως
1613 1281 1683 1308 οὕτω
1700 1281 1800 1316 σφόδρα
1814 1281 1874 1307 ἐτυ-

1091 1327 1209 1363 φλώΘην,
1225 1326 1294 1354 ὥστε
1315 1327 1454 1363 ἀπέμαθον
1468 1328 1515 1354 καὶ
1536 1327 1612 1354 ταῦθ’
1635 1326 1653 1353 ἆ
1676 1325 1775 1361 προτοῦ
1796 1325 1875 1361 ᾤμην

1090 1372 1199 1398 ειδέναι.
1221 1381 1231 1397 ι
1250 1372 1340 1398 Ταῦτα
1357 1372 1506 1408 Σωκράτης
1530 1371 1610 1403 αὐτὸς
1633 1372 1734 1402 ἐκεῖνος
1757 1370 1771 1396 ό
1794 1370 1876 1396 πᾶσιν

1090 1418 1210 1454 ἀοίδιμος
1221 1419 1357 1454 Ἕλλησιν.
1377 1419 1441 1444 Ὅτε
1469 1417 1556 1444 τοίνυν
1583 1417 1629 1444 καὶ
1656 1415 1695 1451 τῷ
1725 1415 1876 1450 τηλικούτῳ

1091 1464 1228 1499 φιλοσόφῳ
1247 1464 1336 1490 τοιάδε
1359 1463 1445 1490 ἐδόκει
1472 1461 1539 1490 εἶναι
1569 1462 1603 1488 τὰ
1629 1460 1679 1495 τῆς
1708 1459 1761 1486 τῶν
1789 1460 1874 1495 δηλω-

1092 1509 1191 1535 θέντων
1219 1508 1406 1543 φυσιολογίας,
1435 1507 1547 1539 εἰκότως
1575 1515 1619 1542 μοι
1646 1505 1716 1531 δοκῶ
1740 1505 1787 1532 καὶ
1804 1505 1876 1540 ἡμᾶς

1092 1553 1141 1588 τὴν
1172 1553 1274 1580 τούτων
1299 1554 1424 1580 ἁπάντων
1447 1553 1579 1588 ἀθεότητα
1607 1551 1788 1587 παρῃτῆσθαιι
1816 1550 1878 1577 ἐπεὶ

1091 1599 1138 1626 καὶ
1152 1599 1186 1625 τὰ
1198 1599 1247 1634 τῆς
1263 1599 1392 1625 πολυοέου
1405 1598 1509 1634 πλάνης
1525 1598 1624 1629 αὐτῶν,
1641 1598 1690 1623 οὐκ
1708 1596 1796 1634 ξοικεν
1809 1594 1877 1622 εἶναι

1092 1643 1218 1679 ἀλλότρια
1231 1643 1284 1670 τῶν
1297 1643 1457 1680 εἰρημένων.
1472 1643 1556 1670 Τοῦτο
1573 1642 1622 1678 μὲν
1645 1640 1691 1668 οὖν
1717 1642 1762 1668 ἐπὶ.
1781 1640 1877 1677 καιροῦ

1092 1689 1139 1716 τοῦ
1153 1690 1336 1725 προσήκοντος
1351 1689 1552 1725 ἐλεγχθήσεται,
1571 1687 1630 1714 καθ’
1644 1688 1672 1713 ὃν
1693 1687 1877 1721 ἀποδείξομεν,

1093 1735 1133 1762 ὅτι
1155 1734 1261 1770 πρῶτος
1292 1735 1423 1770 Ἑλλήνων
1447 1734 1628 1769 *Αναξοιγὸρας
1651 1733 1712 1759 νοῦν
1733 1732 1879 1766 ἐπιστῆσαι

1093 1781 1126 1815 τῇ
1140 1780 1186 1806 τοῦ
1204 1780 1302 1812 παντὸς
1315 1781 1388 1816 αἰτίᾳ
1400 1780 1607 1815 μνημονεύεται.
1632 1778 1688 1805 Νῦν
1712 1778 1740 1804 δέ
1767 1786 1812 1812 μοι
1832 1776 1879 1803 ἐπὶ

1093 1826 1138 1852 τὸν
1153 1825 1282 1862 Διόδωρον
1297 1825 1410 1861 μετάϐα,
1426 1825 1473 1852 καὶ
1491 1825 1585 1851 σκόπει
1596 1821 1640 1850 οἶα
1653 1823 1717 1859 περὶ
1737 1823 1787 1858 τῆς
1804 1821 1879 1858 πρώ-

1093 1879 1142 1906 της
1157 1870 1210 1897 τῶν
1228 1870 1378 1907 ἀνθρώπων
1395 1870 1531 1904 θεολογίας
1548 1869 1656 1904 ἱστορεῖ.

258 1915 303 1943 illa
321 1915 379 1950 ipsa
403 1916 594 1950 contemplatio
617 1915 684 1942 mihi
709 1915 836 1942 catcitatis
862 1914 1003 1942 oﬂuderat.
1022 1925 1031 1941 ι
1055 1915 1117 1944 Ηωο
1131 1915 1256 1945 Socrates
1287 1917 1332 1944 ille
1363 1915 1518 1943 Grzeeorunt
1539 1914 1660 1941 omnium
1684 1920 1731 1940 ore
1754 1911 1879 1946 famaque

258 1962 421 1989 celebratus.
438 1961 527 1995 Quare
542 1969 603 1989 cum
623 1969 654 1989 ea
668 1961 736 1989 tanti
758 1961 956 1996 philosophide
976 1962 1083 1989 illorum
1103 1964 1235 1995 omnium,
1249 1970 1317 1998 quos
1333 1967 1395 1990 ante
1416 1960 1702 1993 commemoravimus,
1714 1958 1879 1994 physiologia

257 2017 334 2036 mens
351 2014 378 2036 et
400 2010 531 2037 sententia
554 2009 650 2043 fuerit,
676 2010 737 2044 jure
756 2017 865 2044 quoque
887 2009 974 2037 sentio
988 2017 1038 2038 nos
1057 2011 1110 2045 27
1121 2011 1154 2038 ab
1165 2012 1279 2038 istorum
1294 2015 1396 2046 negatae
1409 2010 1562 2037 Divinitatis
1586 2009 1688 2047 scelere
1713 2007 1879 2034 declinasse:

257 2055 406 2090 pmsertim
433 2063 494 2082 cum
523 2055 644 2090 ipsorum
671 2055 704 2082 de
730 2054 901 2082 multitudine
922 2055 1033 2082 deorum
1053 2063 1129 2083 error
1145 2056 1242 2089 abiis,
1259 2064 1320 2091 quae
1351 2055 1384 2083 tle
1400 2055 1520 2082 universi
1551 2058 1611 2081 ortu
1629 2051 1808 2081 somniarunt,
1834 2057 1879 2076 ne.

258 2108 393 2136 quaquam
415 2100 518 2128 alienus
540 2107 601 2128 esse
629 2100 760 2128 videatur.
786 2099 918 2127 Caeterum
944 2100 969 2128 id
993 2109 1043 2128 suo
1061 2101 1121 2129 loco
1135 2102 1278 2129 manifeste
1299 2101 1530 2136 deprehendetur,
1561 2099 1607 2126 ubi
1640 2097 1788 2133 principem
1805 2095 1880 2122 Gne-

257 2155 352 2175 eorum
366 2147 571 2182 Anaxagoram,
586 2147 632 2182 qui
649 2151 764 2174 mentem
780 2147 862 2181 hujus
886 2140 1067 2176 universitatis
1098 2149 1231 2176 molitioni
1258 2148 1425 2184 przefecerit,
1446 2146 1550 2174 laudari
1582 2144 1766 2172 ostendemus.
1804 2140 1881 2171 Nunc

258 2203 323 2223 vero
354 2195 470 2223 transfer
492 2195 613 2222 animum
632 2194 670 2222 sis
689 2194 724 2221 ad
745 2193 910 2228 Diodorum,
938 2202 1052 2229 qumque
1089 2195 1122 2223 de
1142 2195 1229 2230 prima
1253 2195 1394 2222 hominum
1417 2192 1549 2226 theologia
1590 2189 1728 2218 memoriae
1752 2188 1880 2226 prodidit,

258 2241 413 2269 considera.

502 2285 616 2314 CAPUT
633 2284 678 2313 1X.

259 2344 364 2372 Prisco:
387 2343 503 2370 homines
528 2343 585 2370 caeli
610 2346 712 2369 tantum
736 2346 810 2368 astra
835 2341 964 2374 coluisse,
984 2349 1044 2368 cum

294 2379 361 2406 nihil
385 2387 464 2413 neque
489 2378 521 2404 de
547 2378 626 2412 hujus
649 2377 764 2403 universi
782 2377 862 2413 rDeo,
899 2384 978 2411 neque
1011 2376 1043 2402 de

293 2412 443 2442 simulacris
458 2413 601 2448 erigendis,
618 2420 698 2447 neque
713 2413 744 2438 de
768 2412 929 2438 dremontbus
949 2419 1045 2446 cogno—

297 2451 403 2476 vissent.

300 2515 310 2532 ι
329 2505 438 2533 Priscos
451 2504 591 2541 {Egyptios
607 2502 712 2536 ferunt,
729 2510 790 2531 eum
807 2502 902 2530 oculos
919 2502 1000 2537 hujus
1016 2501 1044 2529 in

261 2551 356 2580 mundi
376 2552 602 2586 contemplatione
623 2550 796 2584 deiixissunt,
816 2556 932 2583 cumque
953 2556 1044 2575 rerum

262 2597 385 2625 omnium
404 2601 529 2623 naturam
542 2595 738 2623 vehementiori
757 2594 935 2621 admiratione
951 2594 1046 2621 obstu-

263 2645 421 2678 pescerent,
438 2641 521 2668 solem
543 2649 575 2668 ac
587 2641 679 2668 lunam
697 2640 874 2674 sempiternos
893 2646 954 2666 esse
980 2639 1047 2665 deos

262 2686 440 2722 omniumque
460 2686 596 2721 principes
619 2686 775 2718 censuisse;
795 2692 910 2720 quorum
931 2684 1046 2711 alterum

291 2765 356 2807 .(22)
375 2764 496 2792 Platonis
510 2764 585 2792 locus
602 2768 688 2792 estex
705 2764 846 2797 Pila-done,
865 2771 892 2798 p.
905 2763 958 2791 592
978 2763 1044 2790 edit.

266 2800 358 2869 FlE3)
380 2835 450 2872 Τότε
461 2835 519 2869 ἤδη
550 2834 628 2872 Plato
641 2834 692 2870 leg.
709 2834 767 2861 τότε
787 2834 829 2869 δή,
845 2834 916 2870 quod
934 2831 1048 2861 ἁττικώ-

269 2879 347 2904 ⁴[ερον
362 2871 476 2900 videtur.
661 2871 664 2874 ⁴

1362 2277 1558 2305 ΚΕΦΑΛᾹΙΟΝ
1575 2275 1603 2303 Θ¹
1609 2293 1615 2300 .

1098 2340 1157 2366 Ὅτι
1173 2339 1200 2365 al
1213 2336 1332 2364 παλαιοὶ
1347 2334 1405 2362 τῶν
1426 2334 1596 2368 ἀνθρώπων,
1614 2332 1684 2365 τοὺς
1705 2332 1766 2359 κατ’
1791 2333 1882 2368 papa:

1132 2374 1187 2401 νόν
1205 2366 1605 2407 φωστῆραςῗμώςονζξὲσξᾷον,
1619 2366 1881 2407 }11_15_6"V_ﬂ€p2m10.5

1132 2408 1191 2435 τῶν
1205 2401 1287 2434 illum
1302 2401 1385 2432 ’Θεοῦ
1393 2425 1400 2436 ,
1417 2405 1484 2431 ἀλλ’
1510 2403 1581 2431 οὐδὲ
1594 2401 1659 2436 περὶ
1671 2402 1787 2434 ξοάνων
1803 2401 1881 2435 ἱδρύ-

1132 2451 1219 2476 σεως,
1236 2441 1307 2469 οὐδὲ
1318 2440 1384 2474 περὶ
1396 2439 1542 2474 δαιμόνων
1556 2437 1757 2473 ἑπιστάμενα.

1133 2499 1189 2536 (24)
1208 2508 1216 2525 ι
1231 2498 1299 2529 Τοὺς
1312 2497 1335 2524 δ’
1348 2494 1394 2523 οὖν
1409 2497 1468 2522 κατ’
1480 2495 1617 2530 Αἴγυπτον
1627 2495 1785 2531 ἀνθρώπους
1792 2493 1821 2521 τδ
1831 2502 1882 2520 πα-

1097 2546 1170 2574 λαιὸν
1186 2543 1357 2579 γενομένους,
1373 2542 1576 2577 ἀναϐλέψαντας
1592 2542 1631 2573 είς
1644 2541 1690 2567 τὸν
1706 2540 1816 2575 κόσμον,
1835 2538 1882 2565 καὶ

1096 2592 1145 2627 τὴν
1159 2590 1213 2617 τῶν
1228 2590 1294 2617 ὅλων
1314 2589 1394 2623 φύσιν
1413 2587 1635 2622 καταπλαγέντας
1655 2593 1687 2611 τε
1705 2585 1752 2611 καὶ
1778 2583 1881 2619 θαυμά-

1099 2645 1208 2668 σαντας,
1235 2634 1379 2662 ὑπολαϐεῖν
1406 2631 1475 2660 εἶναι
1502 2633 1578 2664 θεοὺς
1605 2630 1661 2666 (25)
1675 2629 1774 2660 ἀϊδίους
1793 2629 1882 2656 τεκαὶ

1098 2683 1221 2719 πρώτους
1235 2681 1280 2708 τόν
1295 2689 1325 2708 τε
1338 2680 1413 2716 ἥλιον
1430 2679 1477 2706 καὶ
1490 2678 1539 2714 τὴν
1554 2677 1683 2712 σελήνην·
1702 2673 1739 2702 ὧν
1760 2674 1805 2701 τδν
1821 2673 1879 2710 μὲν,

1134 2759 1191 2794 (2i)
1211 2758 1345 2794 Diodorus
1356 2757 1404 2794 lih.
1418 2765 1444 2794 ιΔ
1451 2754 1529 2794 p._l0
1543 2753 1564 2794 ς
1579 2759 1655 2794 ποτε
1666 2750 1802 2794 editiopis.‘

1135 2759 1180 2794 (2i
1211 2759 1345 2786 Diodorus
1357 2759 1404 2784 lih.
1418 2765 1438 2787 ι,
1453 2763 1479 2790 p.
1497 2759 1529 2781 tu
1543 2759 1564 2780 υ
1579 2759 1655 2780 nevae
1666 2759 1802 2779 ealuoms.

1135 2759 1191 2830 (esi
1212 2791 1296 2830 Εἶναι
1307 2793 1405 2830 θεούς.
1427 2789 1516 2830 Diod,
1534 2787 1610 2830 εἶναι¹
1627 2787 1674 2827 δύο

1100 2820 1250 2865 ρυῖἶίίιίιςει,
1267 2828 1371 2864 Σείριον
1384 2820 1434 2860 pro
1449 2824 1554 2865 ξύριον,
1573 2827 1612 2851 est
1632 2822 1705 2850 enim
1723 2821 1791 2848 inter
1803 2820 1882 2846 Ὄσι-

1102 2859 1144 2900 ῥιν
1161 2872 1191 2892 ac
1205 2863 1307 2898 Σείριον
1315 2859 1493 2895 ’παρωνυμία.
