2064 3212
166 185 202 212 65
745 179 906 210 ΡΒᾸΕΡΔΒ.
927 177 954 204 E‘

1005 175 1052 203 \‘G.
1078 175 1142 203 LIB.
1164 175 1184 202 1.
1758 174 1794 203 66

167 241 282 277 Ὄσιριν.
311 241 362 276 τὴν
389 241 418 268 δὲ
433 239 504 268 Ἶσιν
519 241 660 276 ὀνομάσαι,
678 239 732 266 ἀπό
761 247 831 270 τινος
855 238 954 273 ἐτύμου

1007 234 1114 266 Osirin,
1130 234 1241 262 alteram
1260 233 1332 266 lsin,
1352 241 1386 261 ex
1409 237 1482 261 certa
1505 233 1623 268 quadam
1640 232 1793 264 notationc.

165 284 285 321 τεθείσης
301 287 435 322 ἑκατέρας
447 287 496 322 τῆς
511 286 705 322 προσηγορίας.
732 284 956 320 Μεϐερμηνευόν-

164 341 217 360 1νων
244 332 300 368 γὰρ
323 333 426 360 τούτων
450 334 490 365 εἰς
508 333 554 359 τὸν
576 332 730 368 Ἑλληνικὸν
747 332 795 367 τῆς
815 331 955 358 διαλέκτου

164 378 277 415 τρόπον,
291 376 362 406 εἶναι
383 379 432 414 μὲν
456 379 501 405 τὸν
513 380 619 414 Ὄσιριν
636 377 854 413 ἰτολυόςρθαλμον⁸
882 377 954 404 εἰκό-

164 434 218 457 τως
229 434 237 442 ·
248 426 330 452 παντὶ
345 432 359 446 ι
379 425 433 461 γὰρ
458 426 635 453 ἐπιϐάλλοντα
658 425 707 457 τὰς
725 426 846 457 ἀκτῖνας,
860 424 954 460 ὥσπερ

164 471 314 506 ὀφθαλμοῖς
323 472 429 504 πολλοῖς
444 472 551 507 βλέπειν
562 472 669 498 ἅπασαν
684 472 736 506 γῆν
747 471 793 498 καὶ
808 471 952 498 θάλασσαν·

164 516 213 543 καὶ
225 516 271 543 τὸν
286 517 401 544 matr-cini
419 516 475 552 (26)
491 517 519 543 δὲ
540 517 629 551 λέγειν
648 516 781 552 σύμφωνα
791 516 904 547 τούτοις·

207 666 322 701 Ἠἑῖιός
329 668 366 701 θ’,
377 669 411 701 ὃς
423 667 509 695 πάντ’
521 667 624 703 ἐφορᾷ,
645 667 693 694 καὶ
705 667 791 694 πάντ’
803 667 952 695 ἐπακούει.

165 723 226 750 Τῶν
251 723 279 750 δὲ
295 714 372 760 ξπαρ¹
391 724 502 760 Ἕλλησι
532 725 615 752 πάλαι
632 724 786 760 μυΟολόγων
811 724 882 756 τινὲς
909 725 953 751 τὸν

167 769 284 805 Ὄσιριν,
298 770 424 797 Διόνυσον
453 772 696 808 προσαγορεύουσι,
725 770 772 797 καὶ
791 770 885 806 Σύριον
902 780 953 798 πα-

165 814 307 849 ρωνύμως,
316 811 366 841 ’Ὧν
376 814 518 850 Εὔμολπος
529 815 584 850 μὲνι
593 816 620 841 ὲν
631 815 686 846 τοῖς
697 814 856 850 Βακχικοῖς
866 814 953 841 ἔπεσι

165 869 257 896 φησιν·

207 959 371 994 Ἀστροφαῆ
387 959 534 987 Διόνυσον
548 959 585 987 ἐν
597 959 756 986 ἀκτίνεσσι
771 961 923 994 πιψωπόν.

169 995 284 1031 Ὀρῳεὺς
298 995 326 1021 δέ
335 1002 343 1009 θ

202 1052 223 1077 Τ
221 1049 331 1078 οὔνεκὰ
341 1058 395 1085 μιν
403 1049 548 1077 καλέουσι
564 1050 684 1084 Φάνητά
692 1060 722 1077 τε
734 1051 783 1078 καὶ
794 1052 949 1079 Διόνυσον.

163 1107 230 1134 Φασὶ
242 1107 271 1133 δέ
284 1115 357 1138 τινες
376 1106 424 1133 καὶ
446 1106 476 1132 τὸ
492 1106 602 1142 ἔναμμα
618 1106 692 1141 αὐτῷ
705 1106 735 1133 τὸ
755 1107 804 1142 τῆς
821 1106 950 1142 νεϐρίδος,

165 1152 218 1179 ἀπὸ
234 1152 284 1187 τῆς
307 1151 362 1178 τῶν
389 1152 497 1187 ἄστρων
520 1151 655 1184 ποικιλίας
676 1151 836 1187 περιῆφθαι.
855 1152 908 1188 Τὴν
923 1153 951 1179 δὲ

163 1195 234 1224 Ἶσιν
256 1197 529 1233 μεθερμηνευομένην
549 1195 618 1224 εἶναι
633 1198 778 1228 Παλαιὰν,
793 1198 951 1234 τεθειμένης

164 1244 213 1279 τῆς
226 1244 412 1280 προσηγορίας
426 1245 458 1279 τῇ
477 1243 576 1280 σελήνῃ
589 1244 643 1271 ἀπὸ
658 1245 707 1279 τῆς
729 1244 813 1271 ἀϊδίου
836 1246 882 1272 καὶ
901 1254 953 1272 πα-

164 1289 242 1322 λαιᾶς
253 1290 396 1324 γενέσεως.
418 1291 529 1326 Κέρατα
543 1290 564 1316 δ’
591 1290 658 1326 αὐτῇ
679 1290 880 1326 περιτιθέασιν,
899 1291 952 1318 ἀπό

164 1344 194 1362 τε
207 1336 255 1370 τῆς
269 1335 366 1370 ὅψεως,
380 1336 413 1370 ἣν
424 1336 521 1371 ἔχουσα
535 1335 669 1370 φαίνεται,
683 1337 744 1363 καθ’
756 1337 785 1363 ὃν
803 1337 835 1364 ἂν
856 1337 951 1373 χρόνον

165 1381 273 1416 ὑπάρχῃ
292 1381 450 1417 μηνοειδής,
468 1381 515 1408 καὶ
530 1381 584 1408 ἀπὸ
595 1382 644 1417 τῆς
667 1382 870 1419 καθιερωμένης
884 1384 950 1419 αὑτῇ

165 1426 224 1461 βοὸς
250 1427 316 1462 παρ’
339 1427 506 1461 Αἰγυπτίοις.
533 1427 648 1459 Τούτους
670 1427 698 1454 δὲ
714 1430 776 1460 τοὺς
799 1429 875 1461 θεοὺς
903 1430 953 1464 ὑφ-

167 1473 286 1500 ίστανται
294 1473 340 1500 τὸν
349 1473 492 1508 σύμπαντα
501 1473 602 1509 κόσμον
609 1474 717 1501 διοικεῖν
727 1475 804 1511 (26‘).
814 1485 822 1501 ι
834 1475 952 1503 Τοιαῦτα

166 1519 214 1554 μὲν
225 1517 271 1546 οὖν
287 1519 334 1546 καὶ
349 1519 445 1546 ταῦτα.
460 1520 552 1555 Ἔχεις
563 1520 591 1546 δὲ
604 1521 651 1547 καὶ
658 1521 687 1547 ἐν
697 1522 730 1556 τῇ
743 1521 880 1558 Φοινικικῇ
896 1522 953 1549 θεο-

163 1562 252 1598 λογίᾳ,
265 1564 303 1596 ὡς
315 1565 369 1600 ἄρα
382 1565 511 1591 Φοινίκων
524 1565 550 1591 οἱ
568 1565 670 1601 πρῶτοι
681 1567 798 1600 φυσικοὶ,
816 1567 890 1602 ἣλιον
906 1569 952 1594 καὶ

164 1611 289 1646 σελήνην,
305 1611 353 1637 καὶ
368 1611 431 1642 τοὺς
444 1611 554 1643 λοιποὺς
567 1612 706 1647 πλανήτας
716 1612 842 1648 ἀστέρας,
859 1614 905 1640 καὶ
920 1614 954 1641 τὰ
968 1602 988 1630 C

165 1658 295 1691 στοιχεῖα,
312 1657 358 1683 καὶ
373 1657 523 1689 τὰτούτοις
536 1657 653 1693 συναφῆ,
671 1657 748 1689 Οεοὺς
768 1658 847 1692 μόνον
863 1659 956 1692 ἐγίνω-

165 1711 228 1729 σκον
238 1711 246 1718 ·
264 1703 312 1730 καὶ
322 1703 363 1729 ὃτι
373 1702 477 1735 τούτοις
493 1705 517 1730 οί
529 1703 689 1731 παλαίτατοι
699 1703 734 1730 τὰ
747 1705 796 1740 τῆς
811 1704 864 1739 γῆς
876 1705 955 1739 ἀφιέ-

167 1755 256 1782 ρωσαν
270 1746 458 1782 βλαστήματα,
475 1748 522 1774 καὶ
539 1748 616 1780 θεοὺς
632 1749 778 1784 ἐνόμισαν,
800 1750 847 1776 καὶ
871 1759 956 1786 προσ-

165 1791 277 1819 εκύνουν
300 1792 403 1825 ταῦτα,
426 1793 474 1827 ἀφ’
490 1790 527 1821 ὧν
549 1793 625 1820 αὐτοί
639 1803 668 1820 τε
681 1794 837 1829 διεγίνοντο,
860 1795 906 1822 καὶ
931 1797 954 1822 οἱ

166 1836 304 1872 ἑπόμενοι,
330 1837 376 1864 καὶ
398 1838 422 1864 οἱ
447 1838 500 1873 πρὸ
519 1838 608 1864 αὐτῶν
633 1839 743 1871 πάντες,
762 1840 808 1866 καὶ
829 1840 894 1875 χοὰς
908 1841 955 1867 καὶ

165 1882 306 1918 ἐπιχύσεις
315 1883 433 1910 ἐτέλουν.
449 1884 542 1911 Ἔλεον
554 1883 582 1910 δὲ
595 1885 640 1911 καὶ
653 1882 743 1912 οἶκτον
756 1886 803 1912 καὶ
817 1885 955 1921 κλαυθμὸν

168 1929 336 1965 βλαστήματι
350 1929 400 1965 γῆς
412 1929 519 1956 ἀπιόντι
534 1930 687 1966 καθιέρουν,
701 1931 747 1958 καὶ
758 1932 862 1966 γενέσει
878 1932 955 1965 ζώων

167 1977 198 2003 ὲκ
214 1977 265 2012 γῆς
280 1976 387 2013 πρώτῃ,
407 1977 454 2003 καὶ
464 1978 496 2012 τῇ
513 1976 541 2009 ἐξ
554 1977 686 2013 ἀλλήλων,
698 1978 745 2005 καὶ
759 1979 881 2015 τελευτῇ,
891 1979 953 2006 καθ’

167 2022 200 2057 ἢν
220 2022 266 2048 τοῦ
280 2021 330 2058 ζῇν
345 2023 514 2058 ἀπήρχοντο·
533 2020 613 2050 αὗται
627 2023 648 2050 δ’
661 2021 730 2059 ἦσαν
745 2025 896 2052 αἰεπίνοιαι
904 2026 955 2061 τῆς

167 2069 390 2104 προσκυνήσεως,
403 2069 495 2103 ὅμοιαι
511 2070 543 2104 τῇ
560 2069 647 2096 αὐτῶν
665 2070 800 2106 ἀσθενείᾳ,
812 2071 859 2098 καὶ
868 2071 955 2107 ψυχῆς

168 2114 208 2140 ἔτι
223 2113 348 2149 ἀτολμίᾳ.
369 2113 460 2140 Ταῦτα
474 2114 520 2140 καὶ
534 2115 550 2149 ἡ
562 2114 692 2142 Φοινίκων
713 2115 803 2152 γραφὴ
816 2135 822 2148 ,
842 2116 879 2148 ὡς
893 2115 955 2152 ἑξῆς

168 2159 402 2195 ἀποδειχθήσεται.
432 2159 511 2186 ’Δλλὰ
530 2159 577 2186 καὶ
597 2160 651 2186 τῶν
666 2160 726 2187 καθ“
744 2161 816 2196 ἡμᾶς
836 2161 955 2195 γεγονὼς

168 2205 249 2237 αὐτὸς
260 2207 372 2238 ἐκεῖνος,
389 2206 404 2232 ό
419 2207 479 2237 ταῖς
493 2205 553 2232 καθ’
567 2205 645 2242 ἡμῶν
658 2205 880 2242 λαμπρυνόμενος
891 2208 954 2234 δυσ-

170 2252 295 2287 φημίαις,
319 2253 348 2279 ἐν
370 2250 411 2284 οἷς
440 2251 578 2288 ἐπέγραψε
597 2252 660 2288 περὶ
682 2252 732 2287 τῆς
753 2253 806 2280 τῶν
826 2253 954 2289 ἐμψύχων

170 2298 287 2334 ἀποχῆς,
305 2299 417 2326 καὶτῶν
434 2299 555 2326 παλαιῶν
571 2299 765 2334 ἀρχαιότητος,
783 2299 831 2335 τὴν
847 2301 954 2336 μνήμην

171 2342 221 2371 ὧδέ
238 2354 297 2377 πως
315 2344 463 2377 αὑτολεξεὶ,
479 2346 644 2380 Θεοφράστῳ
669 2345 787 2381 μάρτυρι
805 2345 953 2381 χρώμενος,

172 2390 364 2426 παρατίθεται·
391 2400 400 2416 ι
412 2390 574 2426 Ἀνάριϐμος
594 2390 649 2425 (27)
677 2390 726 2424 μέν
741 2398 783 2422 τις
802 2387 871 2416 εἶναι
886 2390 955 2416 ἔοικε

171 2437 274 2473 χρόνος,
295 2437 341 2471 ἀφ’
363 2434 393 2464 οὗ
417 2437 447 2463 τό
465 2445 497 2471 γε
513 2436 620 2463 πάντων
634 2435 796 2470 λογιώτατον
811 2435 902 2470 γένος,
920 2436 956 2468 ὥς

173 2492 237 2519 φησι
249 2483 432 2518 Θεόφραστος,
444 2483 492 2509 καὶ
506 2481 555 2517 τὴν
568 2482 718 2517 ἱερωτάτην
731 2481 783 2508 ὑπὸ
798 2481 845 2507 τοῦ
858 2481 954 2508 Νείλου

172 2528 327 2556 κτισθεῖσαν
341 2527 433 2563 χώραν
448 2527 602 2559 κατοικοῦν,
619 2526 737 2563 ἤρξαντο
753 2527 777 2553 ot
800 2526 902 2562 πρῶτοι
916 2527 958 2561 ὲφ’

172 2575 262 2607 ἑστίας
277 2575 331 2611 (28)
347 2576 402 2606 τοῖς
418 2574 554 2610 οὐρανίοις
576 2573 647 2605 θεοῖς
671 2572 761 2604 θύειν,
783 2573 813 2599 οὺ
838 2573 959 2608 σμύρνης

171 2622 232 2649 οὐδὲ
248 2622 346 2653 κασίας
362 2621 410 2647 καὶ
423 2619 573 2661 λιϐανωτοῦ
589 2619 681 2655 κρόκῳ
699 2619 848 2655 μιχθέντων
870 2619 960 2655 ἀπαρ-

208 2685 222 2700 ﬂ
253 2678 297 2706 ίσ.
313 2679 412 2714 πάντη.

207 2737 264 2771 (26)
284 2736 352 2764 Vide
370 2736 478 2763 llomcr.
498 2735 595 2771 Odyss.
611 2743 662 2771 xu,
677 2734 740 2761 525.

208 2770 275 2806 (96')
296 2771 574 2799 AmmeTrJlacteuus
590 2770 743 2802 Diodorus;
763 2777 825 2804 qua:
841 2776 963 2804 sequun-

173 2813 217 2835 tur
231 2808 339 2834 Eusebii
355 2812 429 2833 sunt.

208 2843 263 2878 (*2?)
290 2841 559 2878 Ἀνάριθμοςηνίᾱᾳ
580 2839 761 2878 Porphyrium
784 2839 868 2878 tibi!
891 2838 962 2873 Περὶ

173 2874 273 2909 ἀῖολίξ,
289 2886 342 2904 non
356 2874 497 2911 lon'ge’ab
523 2877 611 2907 initio,
628 2874 687 2910 pag.
703 2875 738 2901 22
762 2875 804 2911 ed.
829 2874 961 2908 Florcut.,

174 2920 200 2942 at
225 2913 377 2941 'tcentioris
393 2909 556 2940 Graeco-Lat.
576 2913 604 2945 p.’
620 2911 680 2944 124,
698 2911 748 2938 sub
762 2909 853 2938 tinem.

1008 282 1150 316 utriusque
1169 281 1289 308 nominis
1305 281 1409 308 ratione
1424 281 1504 307 ducta
1519 280 1710 314 uuncuparint.
1729 278 1795 306 Ete-

1009 329 1064 355 nim
1075 348 1083 360 ,
1099 328 1121 355 si
1135 335 1231 354 vocum
1249 327 1362 354 istarum
1387 326 1612 362 signiﬁcationem
1629 326 1730 353 Graeca:
1743 324 1796 353 ilu-

1009 382 1069 409 gum
1084 373 1174 400 verbis
1193 373 1393 407 exprimamus,
1408 372 1498 401 Osirin
1519 372 1627 406 quidem
1644 371 1716 399 aliud
1735 377 1797 398 csso

1009 419 1076 447 nihil
1094 426 1176 454 quam
1198 418 1290 446 multis
1305 419 1392 446 oculis
1412 419 1568 454 prmditum;
1590 426 1641 446 nec
1659 417 1796 445 immerito

1008 473 1075 493 sane
1086 485 1094 497 ,
1111 473 1173 493 cum
1190 465 1247 500 ipse
1261 465 1344 492 radiis
1357 473 1463 492 omnem
1477 465 1503 492 in
1518 469 1620 499 partem
1637 465 1716 499 longe
1729 463 1797 491 late-

1007 520 1061 547 que
1079 511 1204 543 diil‘usis,
1225 511 1266 538 sic
1285 516 1415 546 tanquam
1440 511 1564 546 pluribus
1587 511 1676 538 oculis
1694 515 1795 537 terram

1007 558 1090 585 simul
1108 565 1139 585 ac
1152 565 1227 585 mare
1243 557 1341 585 lustret
1360 558 1527 585 universum.
1541 557 1708 590 Quibuscum
1730 555 1796 584 illud

1007 605 1088 631 etiam
1102 609 1186 639 poclm
1200 604 1353 631 consentiat
1368 613 1374 630 ε

1007 658 1054 686 Sol
1073 660 1118 695 qui
1133 665 1226 686 cuncta
1244 659 1336 694 procul
1350 659 1481 695 caruitque
1495 659 1618 695 auditque
1637 668 1682 694 per
1695 659 1793 687 orbem.

1006 715 1166 752 Quanquam
1188 716 1270 752 prisci
1292 716 1402 750 quidam
1426 716 1497 752 apud
1520 715 1627 744 Graecos
1641 716 1796 744 fabularum

1006 761 1161 788 inventores
1184 761 1310 788 eumdem
1333 761 1440 792 Osirin,
1460 766 1486 788 ct
1511 761 1663 794 Bacchum,
1680 766 1706 788 et
1729 768 1797 789 vero

1006 806 1186 834 similitudine
1198 808 1313 842 quadam
1326 813 1407 842 atquc
1419 807 1546 835 aiIinitate
1561 808 1678 835 nominis
1692 807 1795 836 Sirium

1008 853 1188 888 appellarunt.
1206 853 1245 880 Ex
1261 854 1360 889 quibus
1375 853 1525 889 Eumolpus
1539 854 1565 881 in
1583 854 1718 881 Buta/uicis
1734 863 1794 882 car-

1006 898 1119 925 minibus
1134 899 1170 926 ita
1186 899 1302 926 cecinit:

1039 954 1112 992 More
1132 961 1198 982 astri
1214 955 1347 982 Bacchum
1367 956 1440 984 cultu
1461 957 1591 992 ﬂagrante
1608 958 1759 986 micantem.

1001 987 1124 1024 Orpbeus
1140 991 1231 1018 ‘autcm
1249 992 1289 1018 sic
1305 1001 1311 1018 :

1002 1045 1073 1081 Ergo
1096 1046 1239 1075 Pftnnetem
1256 1049 1342 1083 ipsum
1361 1048 1398 1076 uel
1414 1049 1548 1076 Bacchum
1568 1050 1674 1078 nomine
1689 1051 1794 1079 dicunt.

1037 1103 1107 1137 Quin
1121 1105 1202 1132 etiam
1215 1106 1318 1133 addunt
1331 1107 1454 1133 nonnulli
1465 1127 1472 1138 ,
1484 1115 1517 1133 ex
1530 1107 1650 1135 siderum
1663 1108 1797 1136 varietate

1002 1154 1091 1176 ortum
1113 1150 1185 1177 hunc
1202 1159 1262 1179 esse
1292 1160 1410 1184 morem,
1427 1157 1456 1180 ut
1475 1153 1545 1180 idem
1566 1154 1706 1181 astrictam
1724 1154 1797 1182 nodo

1002 1195 1108 1223 binnuli
1127 1197 1223 1231 pellem
1242 1198 1440 1226 circumferret.
1462 1198 1516 1226 isin
1531 1207 1613 1233 vero,
1635 1201 1794 1235 Antiquam,

1002 1242 1155 1277 signiﬁcare
1179 1244 1274 1276 aiunt,
1296 1252 1351 1279 quo
1373 1245 1483 1272 nomine
1507 1246 1570 1273 luna
1594 1250 1703 1280 propter
1723 1247 1796 1273 anti-

1002 1289 1166 1323 quissimum
1182 1298 1214 1318 ac
1231 1291 1426 1325 sempiternum
1440 1298 1528 1320 ortum
1549 1294 1682 1328 appellata
1703 1293 1794 1328 fuerit,

1001 1333 1110 1361 Cornua
1125 1343 1207 1370 porro
1222 1336 1308 1363 eidcm
1323 1336 1432 1372 amgunt
1450 1357 1457 1369 ,
1475 1338 1573 1372 partim
1588 1347 1618 1365 ea
1636 1339 1721 1373 tigrim
1735 1347 1797 1374 per-

1002 1380 1069 1406 moti
1082 1401 1088 1413 ,
1106 1388 1187 1415 quam
1209 1382 1260 1408 sub
1279 1383 1460 1410 accrctioncm
1480 1383 1725 1412 diminuti'onemve
1751 1385 1794 1412 lu-

1002 1424 1085 1452 minis
1099 1433 1232 1453 cornuum
1250 1427 1337 1453 instar
1349 1433 1489 1455 curvatam
1505 1430 1638 1463 ostendit,
1658 1431 1714 1466 28
1731 1439 1796 1466 par-

1008 1470 1055 1497 tim
1076 1472 1149 1505 quod
1166 1472 1190 1498 ci
1205 1479 1286 1499 vacca
1309 1473 1345 1500 sit
1368 1474 1439 1508 apud
1461 1473 1603 1509 [Egyptios
1624 1469 1796 1504 consecrata.

1003 1516 1138 1543 (la-terum
1156 1518 1278 1552 geminos
1300 1519 1382 1547 hosce
1399 1520 1465 1547 deos
1483 1521 1616 1548 mundum
1637 1523 1795 1550 universum

1004 1563 1141 1590 moderari
1160 1564 1269 1591 docent.
1289 1573 1299 1590 ο
1323 1567 1362 1593 Ac
1377 1566 1409 1593 de
1425 1565 1560 1602 Egyptiis
1577 1567 1687 1602 quidem
1706 1568 1763 1596 haec
1779 1577 1795 1596 a

1006 1610 1085 1637 nolis
1107 1611 1176 1638 dicta
1192 1618 1282 1640 sunto.
1295 1612 1354 1640 Jam
1373 1613 1399 1640 in
1413 1612 1573 1640 Phoenicum
1589 1614 1670 1641 etiam
1687 1615 1793 1641 theolo-

1005 1655 1048 1689 gia
1064 1657 1183 1690 reperias
1195 1677 1201 1689 ,
1215 1658 1261 1692 qui
1281 1658 1415 1693 principes
1428 1659 1498 1693 apud
1512 1659 1573 1687 illos
1591 1661 1724 1688 naturalis
1736 1668 1798 1690 sese

1004 1700 1184 1736 philosophia:
1211 1703 1302 1730 studio
1326 1704 1505 1737 dediderunt,
1521 1713 1568 1733 eos
1590 1707 1674 1733 solem
1694 1708 1797 1742 pariter

1004 1751 1086 1781 atque
1107 1748 1216 1781 lunam,
1235 1754 1402 1785 caaterasque
1423 1751 1515 1779 stellas
1541 1751 1710 1784 inerrantes,
1741 1754 1798 1780 ele-

1005 1797 1096 1820 menta
1123 1798 1270 1828 pra-terea,
1290 1803 1403 1831 quaeque
1418 1805 1479 1824 cum
1497 1798 1531 1825 iis
1552 1798 1697 1833 conjuncta
1714 1804 1795 1834 sunt,

1006 1838 1118 1866 deorum
1131 1840 1158 1867 in
1173 1841 1231 1869 loco
1244 1847 1346 1870 tantum
1360 1843 1498 1870 habuisse.
1513 1843 1610 1871 Iisdem
1624 1853 1706 1880 porro
1719 1854 1796 1873 mor~

1005 1884 1073 1911 tales
1090 1887 1290 1914 vetustissimos
1301 1891 1378 1914 terra:
1389 1889 1509 1922 germina
1525 1889 1681 1923 dedicasse,
1696 1891 1797 1926 quibus

1005 1929 1176 1959 divinitatem
1198 1933 1248 1967 ipsi
1268 1941 1378 1968 quoque
1395 1942 1456 1960 cum
1471 1935 1639 1964 adorationis
1655 1937 1729 1964 cultu
1745 1938 1798 1964 tri-

1005 1974 1142 2010 buebant,
1160 1977 1260 2011 quibus
1278 1985 1340 2004 cum
1360 1977 1442 2005 vitam
1459 1978 1569 2012 ipsimet
1590 1980 1679 2007 adhuc
1695 1981 1796 2009 toleras

1005 2020 1087 2053 bant,
1110 2025 1166 2048 tum
1190 2029 1284 2048 eorum
1312 2030 1366 2048 non
1387 2023 1488 2057 posteri
1509 2024 1610 2056 modo,
1640 2026 1686 2052 sed
1713 2026 1795 2054 etiam

1005 2067 1123 2102 majores
1137 2068 1165 2095 in
1181 2068 1285 2096 inferiis
1301 2076 1333 2096 ac
1349 2069 1525 2097 libationibus
1539 2071 1654 2098 solemni
1671 2072 1723 2098 ritu
1734 2079 1798 2107 per-

1005 2113 1126 2142 ﬁciendis
1140 2116 1179 2142 uti
1191 2123 1368 2143 consuevere.
1382 2116 1596 2144 Misericordiam
1611 2122 1712 2151 autem,
1723 2126 1798 2146 com-

1006 2160 1208 2188 miserationem
1232 2167 1258 2189 et
1283 2161 1385 2189 luctum
1403 2162 1553 2190 senescenti
1569 2167 1649 2190 terra:
1663 2164 1795 2199 germini,

1005 2207 1099 2241 primae
1117 2207 1295 2234 animantium
1312 2215 1345 2235 ex
1361 2200 1433 2235 terra
1448 2209 1647 2242 procreationi,
1662 2217 1694 2236 ac
1712 2209 1796 2237 simul

1006 2259 1099 2279 eorum
1116 2259 1150 2280 cx
1165 2257 1261 2280 mutua
1286 2254 1479 2289 congressione
1495 2255 1661 2290 generationi
1673 2274 1680 2287 ,
1697 2255 1794 2282 morti-

1004 2306 1057 2333 que
1067 2299 1134 2326 adeo
1148 2299 1209 2334 ipsi,
1221 2307 1268 2334 per
1276 2307 1358 2335 quam
1372 2301 1422 2328 bac
1429 2301 1482 2328 vita
1495 2300 1718 2336 defungeremur,
1729 2309 1797 2329 cono

1005 2345 1157 2372 sccrabant.
1183 2345 1324 2380 Ejusmodi
1345 2350 1423 2373 erant
1446 2346 1531 2373 divinl
1555 2347 1644 2374 cultus
1670 2346 1796 2375 notiones

1006 2390 1148 2417 hominum
1166 2391 1281 2419 istorum
1305 2392 1501 2425 imbecillitati,
1519 2396 1545 2420 et
1562 2392 1686 2428 angustis
1705 2393 1795 2421 adhuc

1005 2437 1164 2472 pusillisque
1188 2438 1286 2465 animis
1301 2443 1491 2474 congruentes.
1507 2439 1595 2474 Atque
1611 2439 1668 2467 lucc
1683 2439 1795 2467 Phaeni-

1006 2489 1068 2509 cum
1091 2482 1172 2509 etiam
1193 2482 1282 2515 libris,
1301 2487 1331 2510 ut
1348 2483 1476 2518 deinceps
1494 2483 1686 2515 ostendemus,
1703 2484 1795 2511 conti-

1007 2533 1115 2556 nentur.
1140 2527 1210 2562 Quin
1226 2529 1308 2556 etiam
1324 2529 1369 2556 ille
1385 2529 1460 2564 ipse,
1482 2528 1528 2564 qui
1547 2533 1641 2556 nostra
1664 2529 1795 2559 memoria

1008 2573 1092 2607 vixit,
1108 2575 1208 2609 quique
1228 2574 1384 2602 evomendis
1407 2575 1435 2602 in
1454 2583 1505 2602 nos
1529 2575 1701 2603 contumeliis
1713 2580 1796 2610 atque

1009 2619 1158 2647 maledictis
1183 2619 1283 2647 tamam
1311 2620 1363 2649 sibi
1386 2627 1542 2656 nomenque
1568 2621 1696 2654 coniicit,
1713 2622 1740 2649 in
1761 2622 1796 2649 iis

1046 2698 1098 2734 {28)
1121 2699 1263 2734 Ἤρξαντο
1279 2700 1306 2725 οΙ
1322 2697 1430 2731 πρῶτοι
1452 2698 1498 2733 ἐφ’
1513 2698 1627 2731 ἑστίας.
1647 2697 1794 2734 Porphyr.,

1011 2733 1125 2770 ἤρξαντο
1140 2735 1246 2770 πρῶτον
1261 2734 1307 2770 ἀφ’
1323 2734 1423 2770 ἑστίας.
1442 2734 1493 2764 Sed
1509 2739 1632 2760 nostrum
1646 2734 1688 2768 ἐφ’
1702 2733 1794 2770 ἑστίας

1013 2768 1095 2805 magis
1108 2768 1203 2804 placet,
1231 2776 1258 2796 ut
1284 2769 1370 2805 focus
1387 2769 1628 2805 signiticeturtubi
1644 2776 1728 2805 genus
1743 2768 1795 2805 hoc

1032 2802 1141 2844 raiuiuis
1166 2805 1315 2844 adolerent:
1348 2802 1425 2844 Νειηῖ
1447 2803 1629 2844 παροιμιῶδες
1647 2802 1728 2844 illud
1747 2802 1794 2844 ἀφ’

1030 2839 1113 2873 πίας,
1131 2840 1359 2876 quemadmodum
1381 2839 1425 2867 hic
1440 2840 1594 2873 conveniat,
1609 2846 1661 2866 non
1677 2839 1745 2866 satis
1754 2839 1795 2865 vi.

1015 2875 1072 2902 deo.
