2064 3212
176 178 211 207 69
747 177 910 206 PREPAR.
927 176 1054 207 EVANG.
1073 177 1137 206 LIB.
1157 177 1178 206 Ι.
1773 180 1808 211 70

178 238 276 267 exitum
293 237 401 266 sortitae
421 234 573 265 vidcantur.
595 246 605 262 ι
622 236 686 264 Haec
702 235 760 272 ipse
778 243 887 272 quoque
907 235 1085 272 Porphyrius,
1099 244 1150 264 nec
1178 243 1229 264 suo
1246 235 1333 272 magis
1366 243 1449 272 quam
1461 235 1642 273 Theophrasti
1664 244 1713 266 ore
1738 245 1810 267 oovn.

178 289 318 312 memorat.
333 283 416 311 Plato
448 283 564 318 denique
584 290 736 311 sementem
753 282 826 310 hunc
858 282 938 310 nobis
958 282 1128 310 auctoritatis
1153 290 1210 310 suae
1228 283 1311 311 veluti
1333 282 1423 319 sigillo
1453 283 1608 311 concludat.
1629 283 1655 312 ls
1681 284 1754 312 enim
1782 292 1812 313 tn

179 330 286 365 Crotylo
304 336 368 357 ante
380 337 414 356 ea
427 337 489 364 quae
502 329 536 357 de
551 328 654 356 Graecis
674 328 741 364 ipsis
763 328 896 363 disputat,
917 328 958 355 sie
976 327 1010 355 ad
1027 328 1139 356 verbum
1170 328 1292 363 loquitur
1309 338 1316 356 :
1337 337 1347 354 ι
1365 328 1431 356 Mihi
1445 329 1554 364 quidem
1573 329 1611 357 illi
1631 330 1755 359 homines
1771 332 1812 360 u"

178 376 287 409 dentur,
300 375 348 410 qui
364 374 498 403 Graeciam
518 375 599 410 primi
611 378 775 408 tenuerunt,
798 381 845 402 eos
866 378 970 401 tantum
991 374 1057 402 deos
1085 374 1239 407 censuisse,
1254 382 1324 410 quos
1354 382 1427 403 nunc
1439 375 1617 405 barbarorum
1631 377 1811 413 pleriqueco-

178 422 256 456 lunt,
271 422 355 449 solem
373 422 520 455 nimirum,
536 422 629 450 lunam
642 442 650 456 ,
664 426 782 454 terram,
816 427 908 454 astra,
931 422 1030 450 caelum
1044 432 1051 449 :
1067 429 1129 457 quae
1156 429 1220 451 cum
1241 422 1294 457 ipsi
1317 422 1439 451 viderent
1457 424 1548 452 omnia
1564 425 1713 453 continenti
1728 432 1812 456 cursu

179 467 263 501 ferri,
278 467 372 495 eadem
388 468 424 495 ab
438 468 482 496 illa
493 490 500 501 ,
514 468 561 495 τοῦ
577 468 643 501 θεῖν,
661 470 713 496 hoc
728 476 769 496 est
781 477 880 497 cursus
894 469 1029 504 ejusmodi
1046 474 1152 504 natura,
1168 471 1247 502 θεούς
1267 471 1332 497 deos
1346 471 1522 498 nominarint.
1544 481 1553 497 ι

214 514 253 541 Ac
267 515 372 549 primos
385 515 446 543 illos
462 516 570 550 quidem
587 520 614 543 et
630 517 829 544 vetustissimos
848 517 971 544 homines
989 521 1009 547 Α

178 560 246 587 nihil
259 561 302 588 vel
316 561 344 588 in
360 562 468 596 templis
481 562 663 594 exstruendis,
676 563 716 589 \‘el
735 563 761 590 in
776 563 912 598 erigendis
933 564 969 590 si-

179 605 311 632 mulacris
326 612 417 641 opera:
440 613 472 633 ac
488 606 570 633 studii
597 606 732 640 posuisse,
762 614 823 634 cum
854 607 968 634 necdum

179 651 237 678 ista!
252 651 392 686 pingendi,
409 651 538 687 ﬁngendi,
561 652 686 685 caalandi,
708 657 812 680 statuas
823 653 967 684 eﬂiciendi,

179 705 212 725 ac
223 705 259 724 ne
277 697 374 725 domos
399 697 509 733 quidem
534 703 659 734 tectaque
674 699 825 726 aedificandi
845 705 916 726 artes
928 699 968 726 in-

178 748 267 771 vetita:
277 751 310 772 ac
322 744 476 772 constitutae
484 749 584 777 essent,
600 745 697 777 cuivis,
710 745 815 779 opinor,
828 753 883 772 rem
897 746 967 780 apud

180 790 358 824 sereputanti
371 789 451 817 facile
471 791 615 818 constabit.
635 790 712 824 Quod
737 796 828 817 autem
859 799 908 818 nec
926 791 967 826 ip-

179 841 285 867 sorum,
301 834 348 869 qui
360 834 397 862 dii
411 839 502 870 postea
523 835 563 862 vel
576 836 672 863 heroes
687 836 811 871 appellati
826 842 900 868 sunt,
914 838 966 864 ulla

179 880 251 915 apud
259 880 369 907 eosdem
385 881 487 908 mentio
500 880 591 914 fuerit;
601 882 728 916 quodque
740 890 789 909 nec
801 882 907 914 Jovem,
920 888 968 910 aut

180 925 340 956 Saturnum,
357 931 405 953 aut
421 925 586 960 Neptunum,
606 932 652 954 aut
682 927 844 962 Apollinem,
860 934 906 955 aut
918 928 967 956 Ju-

179 979 290 1004 nonem,
303 975 350 999 aut
366 970 514 1005 Palladem,
532 978 576 1000 aut
589 972 737 1005 Bacchum,
753 978 799 1000 aut
813 974 895 1001 alium
908 982 967 1002 om-

179 1018 244 1046 nino
266 1017 360 1051 deum,
377 1025 426 1045 seu
441 1026 500 1046 mas
518 1018 597 1051 foret,
609 1027 656 1046 seu
671 1019 782 1053 femina,
799 1020 891 1055 quales
907 1020 967 1047 inii-

178 1064 228 1091 niti
243 1069 337 1100 postea
357 1072 420 1092 cum
436 1064 508 1099 apud
525 1065 668 1097 barbaros,
687 1071 745 1093 tum
767 1067 839 1101 apud
857 1066 966 1094 Grmeos

178 1110 280 1145 passim
291 1111 466 1143 exstiterunt,
482 1116 660 1146 agnoscerent
681 1121 687 1139 :
705 1113 770 1144 imo,
789 1113 861 1147 quod
876 1114 966 1141 nullus

179 1160 238 1183 tum
251 1156 321 1184 inter
345 1156 471 1184 homines
485 1165 532 1184 seu
548 1157 637 1185 bonus
673 1165 718 1185 seu
748 1158 836 1186 malus
860 1159 964 1186 daemon

178 1202 371 1235 celebraretur,
383 1203 430 1230 sed
442 1202 487 1230 illa
497 1207 599 1230 tantum
611 1211 671 1238 quae
684 1204 710 1231 in
724 1204 792 1232 cmlo
802 1210 969 1239 apparebant
985 1204 1005 1231 B

179 1252 263 1280 astra,
279 1247 355 1283 παρὰ
366 1248 397 1274 τὸ
413 1248 494 1280 θέειν,
504 1248 529 1275 id
541 1253 582 1275 est
595 1256 610 1275 a
626 1250 766 1283 currendo,
777 1250 855 1283 θεῶν,
865 1251 915 1278 hoc
928 1256 970 1278 est

178 1293 356 1329 sodeorum
370 1302 482 1327 nomen,
505 1299 535 1322 ut
555 1295 664 1330 ipsimet
684 1296 771 1326 aiunt.
788 1297 941 1324 obtinerent
961 1307 967 1324 :

179 1338 306 1374 denique,
321 1339 394 1374 quod
407 1347 440 1367 ne
454 1340 498 1367 illa
513 1341 623 1375 quidem
636 1341 814 1368 animantium
843 1342 967 1369 immola-

179 1384 309 1418 tionibtts,
330 1390 377 1413 aut
389 1385 434 1418 iis,
449 1386 496 1421 qui
510 1391 601 1421 postea
618 1393 682 1414 sunt
696 1388 851 1422 exeogitati,
874 1396 969 1422 super-

178 1431 294 1459 stitiosis
321 1431 471 1459 honoribus
494 1432 662 1466 colerentur;
684 1441 738 1460 non
764 1433 820 1468 jam
845 1434 969 1461 oratione

179 1481 284 1510 nostra,
303 1476 349 1504 sed
366 1477 517 1505 domestico
550 1478 691 1513 gentilium
711 1478 832 1513 ipsorum
850 1479 969 1506 testimo-

179 1522 236 1552 nio.
252 1522 325 1557 quod
340 1527 443 1550 certam
468 1520 500 1550 ex
515 1523 624 1551 disertis
638 1531 733 1551 eorum
744 1525 844 1558 verbis,
855 1533 969 1560 quaeque

178 1568 321 1596 citavimus
333 1573 424 1602 antea,
436 1577 551 1604 quaeque
564 1570 621 1597 suis
638 1574 732 1605 postea
753 1570 820 1598 locis
840 1571 968 1606 subjicie~

180 1622 253 1647 mus,
276 1614 467 1649 probationem
493 1615 659 1650 suppeditat,
693 1616 773 1650 plane
792 1617 962 1645 conficimus.

179 1659 339 1694 Quanquam
348 1660 445 1687 divina:
457 1660 538 1688 etiam
552 1660 712 1688 Christianae
722 1661 860 1696 religionis
875 1662 969 1689 litterae

179 1705 230 1732 hoc
245 1705 334 1740 ipsum
347 1705 454 1737 docent,
472 1705 570 1740 quibus
587 1706 752 1739 continetur,
768 1706 894 1741 gentibus
907 1708 968 1742 qui-

179 1750 240 1777 dem
250 1750 384 1778 universis
397 1758 504 1783 eorum,
513 1758 574 1786 quae
586 1752 638 1778 sub
649 1756 788 1786 aspectum
807 1753 917 1785 cadunt,
932 1754 969 1780 si-

178 1796 275 1824 derum
288 1797 448 1824 attribulum
477 1797 556 1824 initio
573 1798 675 1824 cultum
695 1797 789 1831 fuisse,
817 1798 864 1825 uni
878 1803 966 1825 autem

180 1840 292 1870 Hebraeo
306 1843 406 1877 populo
427 1842 593 1878 singularem
614 1845 760 1878 quamdam
784 1849 810 1872 et
839 1846 967 1873 eximiam

179 1895 242 1915 cum
257 1887 340 1923 hujus
355 1888 476 1915 universi
490 1888 624 1916 elfectoris
635 1897 667 1917 ac
681 1890 814 1918 molitoris
832 1890 889 1922 Dei,
910 1896 966 1918 tum

179 1933 258 1959 etiam
272 1940 343 1960 verte
354 1933 484 1961 adversus
496 1941 557 1961 eum
571 1934 678 1968 pietatis
694 1935 815 1962 notitiam
832 1937 967 1970 praecipuo

179 1986 293 2006 munere
309 1979 494 2014 beneficioque
513 1987 681 2007 concessam.
696 1980 786 2013 Quare
800 1982 871 2008 nulla
889 1982 967 2016 plane

180 2025 251 2059 apud
272 2025 478 2060 antiquissimos
501 2026 623 2054 homines
648 2026 705 2054 sive
722 2026 888 2060 Grazcorum,
911 2029 967 2056 sive

181 2070 358 2098 barbarorum
374 2071 524 2106 theogoniaz
533 2072 644 2104 mentio,
654 2072 745 2100 nullus
760 2074 965 2101 statuendoruln

182 2117 389 2144 simulacrorum
401 2125 477 2149 usus,
489 2117 572 2149 nulla,
581 2126 642 2152 quae
655 2119 739 2145 multa
751 2120 903 2146 nuncestin
915 2120 965 2147 ista

180 2162 291 2189 deorqu
299 2163 397 2197 partim
405 2164 631 2198 marium,partim
642 2163 802 2191 feminarum
813 2166 967 2199 appellatio-

181 2215 366 2243 ne,nugarunt
378 2209 494 2236 vanitas.
507 2208 561 2236 Nec
575 2210 647 2236 enim
664 2210 735 2237 illius
750 2211 836 2238 :etatis
849 2211 966 2238 homini-

180 2253 231 2281 bus
236 2258 300 2281 nota
307 2258 395 2286 erant,
403 2261 465 2288 qua:
477 2260 568 2289 postea
575 2263 607 2282 ex
616 2256 770 2283 mortalium
781 2257 901 2291 ipsorum
909 2261 966 2283 tur-

180 2298 213 2325 ba
224 2298 307 2333 petita
314 2299 483 2333 confictaque
493 2299 617 2333 nomina;
630 2300 684 2327 imo
696 2308 729 2327 ne
740 2301 892 2328 daemonum
909 2302 966 2336 qui—

179 2343 239 2371 dem
250 2344 430 2379 spirituumve
440 2353 536 2372 sensus
544 2345 703 2380 fugientium
711 2347 905 2380 invocationes,
917 2356 966 2376 nec

180 2389 303 2418 absurda:
319 2391 470 2426 inepteque
483 2391 517 2419 de
532 2391 583 2419 diis
598 2396 625 2419 et
641 2392 768 2421 heroibus
789 2393 896 2425 fabulae,
916 2403 965 2422 nec

180 2442 341 2463 arcanarum
362 2441 390 2464 et
419 2436 593 2464 infandarum
616 2438 797 2466 initiationum
825 2441 964 2475 mysteria,

180 2489 230 2509 nec
247 2482 333 2509 ullum
356 2482 468 2510 omnino
493 2483 651 2518 multiplicis
673 2491 705 2511 ac
725 2485 830 2512 stolidae
857 2493 962 2518 eorum,

181 2526 226 2562 qui
255 2528 343 2556 secuti
374 2533 455 2562 sunt,
483 2529 626 2556 hominum
650 2530 850 2564 superstitionis
882 2532 965 2558 vesti-

181 2571 254 2606 gium
271 2573 442 2611 cernebatur.
463 2573 533 2601 Sunt
550 2575 608 2602 haec
627 2575 756 2602 nimirum
780 2576 815 2602 ab
840 2576 960 2603 homini-

181 2617 232 2645 bus
248 2619 402 2654 excogitata
428 2625 595 2654 commenta,
624 2625 687 2647 sunt
713 2621 836 2648 mortalis
861 2627 965 2650 natura:

180 2664 313 2696 actiones,
326 2664 367 2692 vel
383 2665 473 2700 potius
487 2667 574 2701 turpis
594 2673 626 2694 ac
638 2667 747 2701 ﬂagitiis
763 2667 880 2695 .nerdilae
903 2669 966 2695 vitae

180 2713 268 2742 artes,
286 2709 314 2737 id
329 2710 403 2745 quod
415 2711 488 2739 illius
502 2716 584 2739 ctiam
603 2712 688 2739 divini
714 2714 817 2740 oraculi
841 2714 893 2741 fide
934 2723 1128 2751 compronatur
1149 2729 1155 2746 ε

1065 516 1134 542 Ἀλλ’
1149 517 1191 544 ὅτι
1208 517 1256 552 μὲν
1269 518 1293 543 οἱ
1312 517 1414 553 πρῶτοι
1431 519 1478 545 καὶ
1493 519 1666 548 παλαιότατοι
1684 521 1738 548 τῶν
1762 521 1810 548 ἀν-

1024 563 1150 599 θρώπων,
1167 563 1228 589 οὔτε
1243 563 1314 590 ναῶν
1328 564 1493 599 οἰκοδομίαις
1505 567 1656 601 προσεῖχον,
1672 566 1733 594 οὔτε
1750 566 1812 600 ξοά-

1023 619 1075 636 νων
1090 609 1284 645 ἀφιδρύμασιν,
1300 610 1376 637 οὔπω
1389 611 1448 637 τότε
1461 612 1609 647 γραφικῆς,
1626 613 1685 639 οὐδὲ
1702 613 1810 641 πλαστι-

1023 656 1088 692 κῆς,
1114 657 1130 691 ἢ
1158 656 1324 691 γλυπτικῆς,
1352 656 1369 692 ἢ
1398 656 1681 694 ἀνδριαντοποιητικῆς
1713 660 1810 695 τέχνης

1023 704 1221 740 ὲφευρημένης,
1240 705 1300 731 οὐδὲ
1314 705 1367 740 μὴν
1380 705 1561 741 οἰκοδομικῆς,
1578 707 1637 733 οὐδὲ
1653 708 1812 743 ἀρχιτεκτο-

1021 752 1099 787 νικῆς
1111 750 1291 786 συνεστώσης,
1307 751 1387 778 παντί
1403 760 1441 786 τῳ
1452 749 1528 786 οἶμαι
1541 752 1753 789 συλλογιζομένῳ
1764 754 1812 790 δῆ-

1021 797 1066 823 λον
1083 795 1163 823 εἶναι.
1180 797 1239 823 Ὅτι
1256 797 1284 823 δὲ
1304 797 1363 823 οὐδὲ
1380 797 1432 823 τῶν
1458 797 1525 832 μετὰ
1541 798 1627 825 ταῦτα
1650 808 1811 835 κατωνομα-

1023 843 1127 877 σμένων
1142 842 1211 869 Θεῶν
1224 851 1254 869 τε
1269 843 1316 869 καὶ
1328 843 1424 879 ἡρώων
1439 845 1531 880 μνήμη
1547 853 1589 876 τις
1600 847 1655 877 τοῖς
1670 846 1730 872 τότε
1742 855 1811 882 παρ-

1021 888 1063 923 ῆν,
1074 887 1128 914 οὔτ’
1144 887 1189 915 οὖν
1202 897 1244 920 τις
1262 886 1296 924 ἦν
1308 888 1399 919 αὐτοῖς
1411 889 1488 921 Ζεὺς,
1507 890 1535 916 οὐ
1546 890 1659 926 Κρόνος,
1672 891 1701 917 οὐ
1717 892 1812 919 Ποσει-

1020 934 1083 966 δῶν,
1106 935 1155 961 οὐκ
1172 935 1319 967 Ἀπόλλων,
1342 935 1390 970 οὐχ
1407 936 1491 971 ’Ἡρα,
1506 937 1556 963 οὐκ
1579 937 1686 972 Ἀθηνᾶ,
1705 938 1734 964 οὒ
1753 938 1812 966 Διό-

1020 988 1109 1012 νυσος,
1127 981 1187 1007 οὐδέ
1198 990 1239 1013 τις
1255 981 1346 1017 ἕτερος
1362 982 1455 1018 θήλειά
1468 991 1498 1009 τε
1512 983 1558 1010 καὶ
1571 983 1659 1019 ἇρρην
1675 984 1746 1017 θεὸς,
1761 982 1812 1012 οἷοι

1022 1026 1091 1061 μετὰ
1106 1026 1191 1053 ταῦτα
1210 1027 1300 1062 μυρίοι
1317 1028 1392 1063 παρά
1404 1037 1433 1054 τε
1448 1028 1595 1064 βαρϐάροις
1608 1030 1655 1056 καὶ
1669 1030 1809 1065 Ἕλλησιν,

1019 1072 1086 1099 ἀλλὰ
1103 1073 1162 1098 οὐδὲ
1186 1073 1290 1108 δαίμων
1309 1083 1350 1106 τις
1374 1074 1476 1108 ἀγαθὸς
1506 1075 1522 1110 ἦ
1541 1075 1641 1109 φαῦλος
1655 1076 1684 1102 ἐν
1706 1076 1811 1112 ἀνθρὼ-

1020 1126 1080 1149 ποις
1093 1117 1272 1153 ἐθαυμάζετο,
1289 1119 1356 1154 μόνα
1367 1119 1395 1145 δὲ
1406 1119 1439 1146 τὰ
1453 1120 1602 1155 φαινόμενα
1616 1120 1669 1147 τῶν
1680 1121 1812 1156 οὐρανίων

1019 1163 1136 1199 ἄστρων,
1154 1164 1228 1200 παρὰ
1244 1165 1274 1191 τδ
1296 1165 1384 1198 θέειν,
1398 1166 1467 1202 ὅπερ
1487 1167 1545 1194 ἐστι
1562 1166 1679 1202 τρέχειν,
1699 1167 1768 1194 θεῶν
1781 1175 1811 1194 τε

1020 1211 1216 1246 προσηγορίας,
1242 1210 1279 1242 ὡς
1300 1212 1376 1238 αὐτοί
1399 1221 1490 1247 φασιν,
1515 1212 1656 1248 ἐτύγχανε,
1680 1213 1726 1240 καὶ
1750 1213 1811 1240 οὐδὲ

1020 1255 1106 1282 ταῦτα
1122 1258 1182 1288 ταῖς
1197 1256 1240 1283 διὰ
1263 1256 1340 1289 ζώων
1360 1257 1476 1289 θυσίαις,
1491 1258 1536 1284 καὶ
1552 1259 1613 1289 ταῖς
1637 1258 1706 1293 μετὰ
1724 1257 1812 1286 ταῦτα

1022 1301 1238 1336 περινοηοείσαις
1259 1303 1351 1337 τιμαῖς
1371 1302 1562 1338 ὲθρησκεύετο,
1586 1303 1634 1338 οὐχ
1649 1303 1782 1339 ἡμέτερος
1797 1304 1812 1331 6

1019 1345 1107 1380 λόγος,
1128 1346 1232 1373 οἴκοθεν
1247 1347 1276 1373 δὲ
1298 1348 1344 1373 καὶ
1360 1348 1388 1380 ἐξ
1410 1348 1500 1374 αὐτῶν
1522 1348 1655 1384 Ἐλλήνων
1676 1350 1812 1385 ήμαρτυ-

1021 1391 1075 1426 ρία,
1100 1391 1143 1417 διὰ
1159 1391 1212 1417 τῶν
1229 1392 1445 1427 προτεθειμένων
1469 1393 1575 1427 φωνῶν,
1597 1394 1644 1420 καὶ
1665 1394 1719 1420 τῶν
1735 1392 1811 1426 αὖθις

1020 1436 1083 1471 ἑξῆς
1099 1437 1363 1473 παρατεοησομένων
1379 1438 1427 1473 τὴν
1444 1439 1581 1472 ἀπόδειξιν
1603 1440 1808 1476 παρασχομένη.

1020 1482 1104 1509 Τοῦτο
1126 1483 1154 1509 δὲ
1174 1484 1221 1509 καὶ
1241 1484 1266 1509 οἱ
1285 1484 1351 1519 ἱεροὶ
1370 1484 1431 1510 καθ’
1451 1485 1525 1519 ἡμᾶς
1546 1484 1700 1511 διδάσκουσι
1723 1485 1808 1519 λόγοι,

1020 1529 1087 1554 πᾶσι
1108 1529 1157 1563 μὲν
1173 1530 1229 1560 τοῖς
1250 1529 1336 1555 ἔθνεσι
1356 1530 1385 1556 τὸ
1401 1530 1542 1565 καταρχὰς
1562 1530 1612 1566 τὴν
1626 1530 1680 1556 τῶν
1703 1531 1808 1566 ὁρωμέ-

1020 1584 1076 1602 νων
1104 1576 1256 1611 φωστήρων
1279 1576 1360 1611 τιμὴν
1385 1576 1602 1611 ἀπονενεμῆσοαι
1627 1576 1810 1611 περιέχοντες,

1021 1620 1094 1656 μόνῳ
1113 1621 1142 1647 δὲ
1159 1620 1197 1655 τῷ
1223 1620 1357 1656 Ἐὃραίων
1380 1620 1453 1655 γένει
1473 1621 1522 1656 τὴν
1546 1621 1691 1647 ἐποπτείαν
1714 1622 1810 1648 ἀνατε-

1020 1667 1123 1693 θεῖσθαι
1143 1667 1193 1701 τῆς
1209 1666 1324 1702 θεωρίας
1340 1667 1386 1693 τοῦ
1408 1667 1461 1693 τῶν
1478 1667 1546 1693 ὅλων
1563 1667 1675 1702 ποιητοῦ
1699 1668 1746 1694 καὶ
1762 1668 1810 1704 δη-

1021 1713 1151 1748 μιουργοῦ
1168 1713 1245 1744 Θεοῦ,
1261 1713 1307 1739 καὶ
1320 1714 1369 1748 τῆς
1383 1714 1423 1744 εἰς
1437 1713 1516 1741 αὑτὸν
1530 1713 1647 1749 ἀληθοῦς
1658 1715 1810 1747 εὑσεὸείας,

1020 1758 1076 1784 Οὐκ
1093 1758 1146 1793 ἄρα
1157 1767 1198 1789 τις
1214 1756 1248 1793 ἦν
1265 1758 1403 1792 θεογονίας
1423 1759 1619 1795 Ἑλληνικῆς,ἢ
1641 1760 1811 1797 βαρϐαρικῆς

1019 1805 1075 1835 τοῖς
1093 1804 1268 1836 παλαιτάτοις
1282 1805 1336 1831 τῶν
1357 1805 1507 1841 ἀνθρώπων
1523 1806 1610 1840 λόγος,
1633 1807 1693 1833 οὐδὲ
1708 1808 1810 1840 ξοάνων

1020 1849 1134 1885 ἵδρυσις,
1152 1850 1205 1876 οὐδ’
1221 1851 1237 1885 ή
1253 1850 1300 1876 νῦν
1317 1850 1400 1886 πολλὴ
1414 1851 1532 1887 φλυαρία
1543 1852 1591 1888 τῆς
1607 1852 1660 1879 τῶν
1676 1853 1745 1880 θεῶν
1761 1855 1810 1890 ἀρ-

1022 1896 1106 1931 ρένων
1121 1905 1150 1922 τε
1167 1897 1213 1923 καὶ
1230 1896 1344 1932 θηλειῶν
1360 1898 1569 1932 κατονομασίας.
1587 1899 1619 1925 Δί
1641 1899 1706 1933 γοῦν
1726 1908 1810 1935 προσ-

1019 1942 1129 1976 ηγορίαι
1147 1942 1193 1968 καὶ
1207 1942 1240 1968 τὰ
1253 1942 1381 1977 ὀνόματα,
1400 1942 1429 1975 ἐξ
1442 1943 1591 1979 ἀνθρώπων
1604 1944 1716 1980 ὕστερον
1730 1946 1811 1980 ἐφευ-

1021 1988 1137 2023 ρημένα,
1158 1988 1233 2014 οῧπω
1255 1989 1315 2014 τότε
1336 1989 1365 2015 ὲν
1388 1988 1541 2023 ἀνθρώποις
1559 1989 1735 2025 ὲγνωρίζετο·
1752 1990 1808 2017 ἀλλ’

1021 2033 1080 2059 οὐδὲ
1099 2033 1233 2069 δαιμόνων
1250 2035 1297 2060 καὶ
1321 2034 1482 2069 πνευμάτων
1506 2035 1617 2069 ἀφανῶν
1634 2035 1807 2071 ἀνακλήσεις,

1019 2079 1068 2105 οὐκ
1084 2079 1191 2106 ἔκτοποι
1213 2080 1277 2114 περὶ
1300 2080 1369 2107 θεῶν
1384 2081 1430 2107 καὶ
1447 2079 1545 2116 ἡρώων
1567 2080 1734 2116 μυθολογίαι,
1758 2082 1810 2108 οὑχ

1019 2126 1183 2160 ἀπορρήτων
1198 2125 1314 2152 τελετῶν
1330 2127 1466 2162 μυστήρια
1476 2135 1482 2141 ⁸
1497 2126 1551 2153 οὐδ’
1563 2126 1631 2158 ὅλως
1643 2135 1668 2153 τι
1683 2119 1809 2162 τῆςνπολ-

1019 2171 1067 2206 λῆς
1084 2171 1131 2197 καὶ
1151 2171 1293 2206 ἀδολέσχου
1310 2171 1363 2198 τῶν
1387 2172 1533 2207 μετέπειτα
1556 2171 1659 2205 ἀνδρῶν
1682 2172 1809 2200 δεισιδαι-

1021 2217 1126 2251 μονίας.
1155 2216 1318 2252 Ἀνθρώπων
1340 2218 1393 2253 ἄρα
1417 2216 1451 2253 ἦν
1472 2217 1558 2245 ταῦτα
1584 2219 1737 2254 εὑρήματα,
1762 2219 1808 2246 καὶ

1019 2260 1118 2296 θνητῆς
1132 2260 1237 2295 φύσεως
1251 2261 1450 2297 ἀναπλάσματα
1461 2270 1468 2277 ·
1487 2262 1586 2297 μᾶλλον
1605 2263 1633 2290 δὲ
1646 2263 1753 2298 τρόπων
1765 2264 1807 2291 αξ-

1019 2304 1108 2339 σχρῶν
1130 2306 1176 2331 καὶ
1196 2305 1351 2332 ἀκολάστων
1372 2307 1584 2342 ὲπιτεχνήματα,
1608 2309 1678 2335 κατὰ
1695 2309 1725 2334 τὸ
1742 2309 1807 2346 παρ’

1018 2351 1082 2386 ἡμῖν
1096 2351 1164 2377 θεῖον
1175 2351 1275 2385 λόγιον,
1292 2352 1322 2378 τὸ
1338 2352 1456 2387 φάσκον
1476 2363 1485 2378 ι
1508 2354 1590 2389 Ἀρχὴ
1603 2354 1741 2389 πορνείας,
1752 2354 1807 2381 ὲπί-

1019 2404 1076 2422 νοια
1090 2397 1214 2424 εἰδώλων.
1239 2407 1248 2424 t
1272 2398 1304 2424 Ἠ
1318 2399 1382 2433 γοῦν
1398 2399 1452 2425 τῶν
1475 2399 1559 2425 ἐθνῶν
1580 2400 1705 2426 ἁπάντων
1726 2400 1807 2426 πολύ-

1019 2441 1078 2474 θεος
1096 2442 1183 2478 πλάνη
1200 2445 1314 2479 μακροῖς
1329 2444 1440 2481 ὕστερον
1456 2445 1535 2472 αἱῶσι
1555 2445 1700 2480 πέφανται,
1720 2445 1804 2482 dph-

1020 2488 1086 2523 μὲνη
1106 2489 1155 2524 μὲν
1171 2490 1225 2516 ἀπὸ
1245 2490 1374 2517 Φοινίκων
1393 2491 1440 2517 καὶ
1458 2491 1624 2525 Αἰγυπτίων,
1644 2491 1761 2518 διαῦἄσα
1776 2492 1805 2519 δὲ

1018 2534 1050 2560 ὲκ
1065 2534 1166 2561 τούτων
1181 2536 1227 2562 ἐπὶ
1237 2536 1271 2562 τὰ
1285 2536 1365 2564 λοιπὰ
1379 2537 1453 2572 ἔθνη,
1466 2537 1512 2563 καὶ
1529 2536 1624 2572 μέχρις
1638 2537 1728 2564 αὐτῶν
1747 2538 1805 2564 Ἑλ-

1018 2580 1115 2614 λήνων.
1134 2581 1176 2612 Ὡς
1191 2582 1238 2608 καὶ
1252 2583 1330 2609 τοῦτο
1344 2583 1434 2614 πάλιν,
1449 2584 1465 2618 ή
1481 2582 1534 2609 τῶν
1546 2583 1718 2610 παλαιτάτων
1732 2584 1804 2610 ιστο-

1021 2625 1066 2659 ρία
1083 2626 1202 2661 κατέχει,
1218 2628 1251 2663 ἣν
1264 2630 1311 2655 καὶ
1326 2629 1409 2665 αὐτὴν
1426 2629 1624 2664 ἐπισκέψασθαι
1637 2629 1741 2665 καιρὸς,
1752 2628 1805 2657 ἀπὸ

1019 2671 1073 2698 τῶν
1089 2673 1247 2701 Φοινικικῶν
1260 2675 1439 2712 ἀρξαμένους.

1180 2729 1189 2745 ι
1223 2721 1330 2749 Initium
1359 2723 1558 2755 fornicationis,
1579 2723 1725 2759 exquisitio
1750 2722 1801 2749 do-

180 2757 268 2786 lorum
287 2758 321 2785 “.
349 2767 360 2785 ι
377 2758 484 2788 Maneat
502 2761 585 2796 igitur
604 2768 675 2789 nunc
695 2762 817 2788 omnium
840 2763 959 2797 gentium
979 2764 1012 2791 de
1031 2767 1203 2796 multitudine
1228 2769 1338 2797 deorum
1357 2779 1473 2798 errorem
1487 2772 1593 2799 nonnisi
1620 2776 1681 2807 post
1695 2772 1801 2806 longum

181 2809 290 2833 ctutum
299 2806 398 2833 seriem
411 2807 556 2842 exstitisse,
571 2808 618 2843 qui
632 2816 694 2836 cum
712 2816 726 2835 a
740 2808 916 2839 Phoenicibus
948 2815 975 2839 et
990 2811 1125 2849 (Egyptiis
1161 2815 1268 2843 initium
1286 2817 1436 2853 habuisset,
1451 2818 1483 2846 ab
1499 2818 1532 2846 iis
1550 2818 1576 2845 in
1594 2806 1710 2853 reliquas
1726 2822 1801 2854 post-

216 2890 239 2907 “
256 2889 322 2926 Sap.
338 2898 395 2925 κη,
413 2889 457 2918 12.
