2064 3212
256 175 287 202 7|
587 174 724 204 EUSEBII
747 173 986 203 C/ESARIENSlS
1005 168 1079 201 OPP.
1099 172 1189 200 PARS
1204 171 1235 200 ll.
1248 188 1283 193 —
1301 173 1551 202 APOLOGETICA.
1830 174 1868 204 ’12

255 232 365 259 modum
382 231 506 259 nationes
521 232 554 259 ad
570 232 643 267 ipsos
661 239 748 267 usque
763 231 872 259 Gnaeos
900 239 930 258 se
948 230 1112 266 propagarit.
1147 229 1234 265 Atque
1254 229 1281 257 id
1304 230 1391 264 ipsum
1414 235 1543 264 prmterea
1569 231 1758 259 vetustissimae
1783 231 1870 260 histo—

254 287 303 306 riae
347 284 523 307 monumenta
562 280 710 313 declarant,

255 326 367 354 intueri.

293 419 347 447 Res
365 422 454 446 autem
475 417 541 445 istas
567 417 772 458 Sanchuniatho
798 417 909 452 quidam
938 419 1078 448 memo—A

254 466 303 493 rite
334 464 470 500 prodidit.
497 464 538 490 vir
569 463 784 498 antiquissimus,
813 471 949 498 quemque
976 468 1038 490 ante

256 511 373 545 Trojana
397 514 518 544 tempora
548 508 685 541 ﬂoruisse,
707 516 868 543 summaque
894 516 954 536 cum
977 509 1038 536 dili-

256 557 361 593 genti-az,
385 560 441 582 tum
466 555 588 582 veritatis
610 555 690 582 laude
714 554 874 582 thnicum
897 555 1037 582 historiam

257 602 398 636 Scripsisse
409 605 551 628 testantur.
572 599 658 634 [Iujus
672 607 754 634 opera
767 600 859 627 omnia
872 599 959 632 Philo,
983 607 1038 628 non

256 646 384 673 Hebraeus
407 645 469 678 ille,
492 645 539 673 sed
558 644 668 680 Byblius
684 653 718 672 ex
736 644 895 672 Phoenicum
912 645 1039 673 idiomate

256 692 376 720 Graecam
387 692 414 718 in
442 691 562 726 linguam
588 698 720 718 conversa
748 691 878 726 vulgavit.
911 690 1037 726 Ejusdem

255 745 363 773 quoque
387 738 438 773 31
457 737 588 770 meminit,
609 737 631 764 is
649 737 695 771 qui
711 741 804 764 nostra
821 737 952 764 memoria
970 745 1038 772 opus

255 784 321 810 illud
335 783 479 810 adversum
501 790 550 810 nos
563 782 711 810 mendaciis
727 782 922 817 l‘raudibusque
934 787 1036 810 textum

255 829 463 861 consarcinavit,
478 828 541 855 dum
562 828 630 855 libro
641 828 838 863 quarloipsum
858 828 940 863 hujus
963 829 1038 856 testi-

254 874 338 901 monii
348 873 390 900 sui
401 872 591 908 praedicatione
603 872 783 900 commendat.
796 882 804 898 ι
816 872 926 905 Rerum,
941 873 1037 908 inquit,

255 919 288 946 ad
302 918 407 946 Judmos
421 919 611 953 pertinentium
624 918 765 945 historiam
777 918 981 946 Sanchuniatho
992 918 1039 946 Be-

255 966 342 1002 rytius
361 972 468 992 summa
489 965 540 992 (ide
562 965 742 1000 conscripsit;
767 965 867 1000 quippe
889 973 950 999 quae
974 972 1052 994 cum,

255 1019 350 1039 eorum
375 1011 441 1038 locis
457 1015 537 1046 atque
553 1011 709 1038 nominibus
734 1011 854 1045 apprime
877 1011 1036 1042 consentiat,

256 1065 318 1085 eum
331 1057 465 1092 praecipua
480 1065 570 1084 rerum
584 1057 690 1084 illarum
709 1057 797 1092 capita
813 1057 847 1084 ab
865 1056 1037 1084 Hierombalo

256 1104 374 1139 quodam
395 1103 449 1130 levi
468 1103 516 1130 Dei
538 1103 677 1130 sacerdote
703 1103 861 1138 accepisset.
884 1102 941 1130 Hoc
965 1103 1037 1130 illius
1053 1099 1074 1126 Β

257 1157 325 1184 opus
342 1149 458 1176 Abihalo
472 1149 529 1184 regi
543 1148 713 1183 Berytiorum
728 1148 892 1180 dedicatum,
908 1155 962 1175 non
977 1155 1037 1174 mo-

256 1195 291 1222 do
311 1202 369 1227 rex,
386 1193 433 1221 sed
450 1194 530 1221 etiam
549 1193 567 1220 ii
584 1201 700 1228 quorum
722 1193 791 1228 apud
813 1194 901 1227 ipsum
926 1199 984 1221 erat
1005 1195 1038 1222 de

257 1240 418 1274 scriptorum
440 1240 552 1267 veritate
576 1247 748 1274 cognoscere,
771 1247 865 1267 omnes
879 1241 1038 1275 comproba-

257 1289 329 1311 runt.
347 1284 437 1318 Atque
449 1285 562 1311 istorum
578 1284 687 1319 quidem
702 1288 777 1317 aetas,
796 1284 922 1318 Trojanis
935 1291 1038 1320 tempe-

258 1329 333 1356 ribus
344 1329 492 1364 antiquior,
507 1329 629 1364 proxime
645 1330 677 1356 ad
688 1329 807 1365 Moysem
823 1330 912 1364 ipsum
923 1332 1036 1365 accedit,

257 1380 285 1402 ut
300 1383 333 1402 ex
348 1375 495 1403 Phtenieiaa
506 1383 598 1410 regum
623 1376 692 1403 serie
711 1376 800 1411 quivis
819 1376 926 1404 auferre
939 1382 1036 1412 potest.

257 1420 305 1448 Hic
316 1421 397 1456 igitur
415 1420 630 1453 Sanchunialho,
644 1421 691 1455 qui
706 1420 844 1449 Phoenicia
858 1422 949 1457 lingua
965 1427 1038 1450 vete-

255 1474 313 1494 rem
330 1465 472 1494 historiam
485 1466 583 1501 partim
599 1473 632 1494 ex
645 1466 812 1501 singularum
835 1466 942 1494 urbium
959 1468 1037 1500 actis,

255 1519 353 1549 parum
375 1521 409 1540 ex
427 1513 589 1548 templorum
615 1513 791 1541 monimentis
818 1519 1037 1547 coagmentalam

257 1558 389 1593 singulari
407 1558 530 1585 veritatis
550 1558 640 1585 studio
655 1559 823 1593 perscripsit,
840 1559 1017 1586 Semiramide
1028 1579 1037 1589 .

255 1613 337 1640 quam
350 1604 439 1632 lliacis
460 1604 627 1638 temporibus
642 1604 684 1631 vel
700 1604 880 1639 antiquiorem
893 1606 934 1633 vel
945 1614 1037 1642 mqua-

255 1650 308 1677 lem
317 1650 402 1677 fuisse
415 1655 575 1682 memorant,
588 1650 658 1684 apud
671 1651 797 1685 Assyrios
807 1656 946 1686 regnante,
961 1653 1036 1680 vixit.

255 1697 382 1732 Ejusdem
393 1705 474 1732 porro
487 1696 733 1724 Sanchuniallionis
745 1704 826 1732 opera
841 1697 917 1725 Philo
930 1698 1038 1734 Byblius

257 1742 352 1770 Graeco
377 1749 503 1769 sermone
524 1741 643 1769 donavit.
659 1751 668 1767 ι
684 1741 746 1769 11ωο
765 1743 818 1776 ille,
837 1744 936 1778 quibus
959 1745 1038 1772 istius
1052 1767 1073 1795 Β

255 1788 374 1822 theologi
388 1795 450 1815 cum
462 1788 489 1814 in
507 1787 649 1815 scribendo
659 1788 811 1821 veritatem,
825 1793 882 1816 tum
895 1789 975 1816 etiam
991 1798 1037 1817 vc-

256 1837 383 1861 tustatem
403 1833 481 1860 nobis
503 1838 626 1861 testatam
643 1834 763 1869 reliquit.
783 1833 881 1861 Verum
902 1835 928 1861 in
948 1835 1036 1869 operis

256 1879 373 1913 suscepti
387 1886 532 1914 progressu
549 1886 603 1906 non
616 1878 673 1912 jam
686 1878 770 1905 Deum
784 1878 902 1906 universi
914 1879 1037 1906 modera-

257 1929 353 1957 torem,
367 1924 422 1951 imo
435 1931 469 1951 ne
479 1924 540 1951 (εωιὶ
554 1924 662 1959 quidem
674 1925 787 1957 incolas,
803 1925 850 1951 sed
864 1925 938 1952 viros
957 1932 1038 1959 quos-

256 1970 318 1997 dam
331 1978 364 1998 ac
378 1970 552 1998 mulierculas
570 1970 649 1998 morti
662 1971 804 2003 obnoxios,
819 1977 920 2005 eosque
939 1977 993 1997 non
1005 1977 1037 1997 ea

255 2024 362 2044 morum
384 2017 537 2050 honestate,
552 2021 582 2044 ut
600 2011 709 2051 propter
730 2017 854 2044 virtutem
881 2017 982 2052 suscipi
1005 2024 1037 2044 ac

255 2063 365 2097 probari
386 2068 551 2095 mereantur,
565 2067 612 2090 aut
626 2070 658 2090 ea
677 2062 804 2097 praeditos
819 2062 962 2096 sapientia,
977 2070 1037 2097 qua:

254 2117 304 2136 nos
319 2109 353 2136 ad
365 2110 484 2143 ipsorum
501 2109 700 2136 mmulationem
717 2109 821 2140 invitet,
842 2110 889 2136 sed
909 2110 1037 2137 omnibus

254 2153 363 2188 ﬂagitiis
377 2161 409 2180 ac
423 2154 571 2181 sceleribus
588 2159 729 2188 coopertos
744 2153 823 2181 nobis
848 2162 897 2189 pro
913 2155 966 2182 diis
988 2157 1037 2182 ob-

255 2200 349 2232 trudit,
363 2207 395 2226 ac
414 2200 494 2227 simul
511 2207 558 2226 eos
582 2199 655 2234 ipsos
672 2206 731 2227 esse
750 2200 903 2232 conﬁrmat,
918 2201 965 2234 qui
978 2209 1039 2235 pas-

254 2247 305 2273 sim
318 2246 467 2273 etiamnum
481 2245 609 2272 omnibus
624 2246 651 2272 in
665 2245 771 2280 oppidis
781 2249 862 2280 atque
883 2246 1037 2280 regionibus

254 2292 368 2319 deorum
386 2291 446 2318 loco
466 2291 646 2319 celebrantur.
661 2291 782 2324 Quarum
801 2296 829 2318 tu
839 2299 929 2318 rerum
948 2297 1036 2319 certas

253 2337 334 2365 etiam
352 2341 378 2365 et
389 2345 422 2364 ex
439 2337 548 2365 illorum
563 2337 672 2372 scriptis
686 2337 859 2372 depromptas
870 2338 961 2372 accipe
972 2345 1036 2372 pro-

253 2381 387 2410 bationes.
404 2381 483 2408 Philo
506 2381 598 2416 igitur,
624 2380 672 2416 qui
692 2380 941 2409 Sanchuniathonis
967 2389 1037 2417 opus

253 2429 412 2456 universum
426 2435 524 2456 novem
542 2428 570 2455 in
582 2428 665 2456 libros
689 2427 837 2461 distribuit,
861 2429 919 2463 ipso
944 2429 1034 2456 statim
1052 2443 1073 2470 ι)

253 2475 334 2511 primi
346 2475 407 2502 libri
419 2474 551 2510 prooemio
566 2474 624 2502 haec
640 2474 674 2502 ad
690 2473 803 2501 verbum
815 2474 848 2502 de
869 2475 962 2502 eodem
987 2483 1036 2502 au-

253 2526 330 2547 ctore
338 2519 484 2554 praefatur:
499 2529 508 2545 ‹
524 2519 586 2547 Hec
594 2527 655 2547 cum
670 2519 708 2546 ita
721 2526 750 2547 se
764 2519 903 2552 haberent,
918 2519 1038 2547 Sanchu-

255 2566 349 2593 niatho
362 2566 404 2594 vir
418 2566 445 2593 in
457 2567 552 2601 primis
561 2566 697 2600 eruditus,
707 2574 768 2594 cum
784 2574 895 2602 operam
906 2567 932 2593 in
942 2574 1035 2594 rerum

255 2612 434 2647 plurimarum
449 2612 540 2639 studio
552 2613 699 2647 posuisset,
717 2620 835 2648 cumque
847 2613 966 2648 gentium
978 2621 1036 2640 om-

255 2656 331 2684 nium
352 2656 493 2684 historiam
505 2657 561 2691 jam
581 2665 694 2693 usquea
707 2658 937 2693 prima-universi
955 2658 1034 2685 moli-

255 2702 329 2729 tione
344 2708 425 2729 nosse
442 2702 615 2730 vehementer
629 2708 744 2739 optaret,
757 2704 921 2740 praecipuam
938 2712 1036 2740 quam-

254 2747 317 2775 dam
339 2747 366 2774 in
391 2748 606 2783 pervestigandis
637 2750 732 2778 Taauti
759 2751 841 2778 rebus
868 2751 1035 2785 diligentiam

254 2793 389 2826 adhibuit,
400 2795 473 2829 quod
485 2795 552 2822 satis
564 2795 735 2831 intelligeret,
747 2798 869 2824 omnium
884 2797 931 2832 qui
946 2797 1035 2824 lucem

257 2840 327 2867 hanc
338 2847 511 2875 aspexerant,
527 2849 588 2868 eum
600 2841 703 2869 litteras
719 2843 867 2878 principem
886 2843 1034 2876 invenisse,

256 2894 289 2914 ac
299 2887 502 2916 scribendorum
513 2889 770 2917 commentariorum
780 2894 917 2917 auctorem
932 2888 1016 2916 fuisse
1026 2897 1032 2915 :

749 287 831 314 quam
859 279 952 314 utique
976 286 1032 313 jam
1057 283 1164 313 tempus
1189 281 1231 305 est
1260 277 1342 305 ducto
1369 277 1404 306 ab
1432 277 1580 306 Phoeniciis
1623 279 1712 312 initio,
1760 278 1873 314 propius

1131 425 1243 459 Ἱστορεῖ
1266 423 1295 451 δὲ
1321 422 1406 450 ταῦτα
1425 422 1639 459 Σαγχουνιάθων,
1671 422 1740 458 ἀνὴρ
1771 422 1869 449 παλαί-

1087 480 1176 504 τατος,
1201 471 1248 498 καὶ
1271 471 1324 497 τῶν
1349 469 1479 506 Τρωῖκῶν
1503 469 1615 505 χρόνων,
1644 469 1681 501 ὥς
1707 477 1783 504 φασι,
1805 477 1871 505 πρε-

1089 517 1227 552 σϐύτερος,
1245 516 1274 543 ὃν
1290 517 1336 543 καὶ
1350 516 1392 542 ἐπ’
1408 515 1534 552 ἀκριϐείᾳ.
1550 516 1597 542 καὶ
1613 515 1725 550 ἀληθείᾳ
1737 515 1788 550 τῆς
1810 515 1871 541 Φοι-

1088 563 1194 597 νικικῆς
1222 562 1342 598 ίστορίας
1368 561 1547 596 ἀπῶεχθῆναι
1579 560 1757 596 μαρτυροῦσι.
1785 559 1872 586 Φίλων

1088 608 1115 634 δὲ
1137 607 1231 634 τούτου
1258 608 1348 634 πᾶσαν
1367 607 1416 642 τὴν
1440 606 1609 642 συγγραφὴν,
1634 607 1648 632 ὁ
1670 606 1795 637 Βύϐλιος,
1822 605 1872 641 οὐχ

1060 676 1062 679 ,
1087 654 1105 688 ὁΙ
1123 654 1255 690 Ἐϐραῖος,
1287 653 1443 689 μεταϐαλὼν
1470 653 1524 679 ἀπὸ
1553 653 1601 687 τῆς
1629 652 1757 678 Ι1ὀινίκων
1784 651 1872 686 γλώσ-

1089 710 1138 736 σης
1169 701 1214 727 ἐπὶ
1241 699 1289 735 τὴν
1313 699 1425 726 Ἐλλάδα
1446 698 1547 734 φωνὴν,
1575 697 1699 730 ἐξέδωκε.
1727 697 1871 732 Μέμνηται

1087 745 1188 772 τούτων
1216 746 1230 772 ὁ
1249 745 1309 772 καθ’
1340 745 1413 780 ἡμᾶς
1440 745 1488 780 τὴν
1516 744 1575 771 καθ’
1595 743 1671 779 ἡμῶν
1691 743 1872 778 πεποιημένος

1089 791 1232 827 συσκευὴν,
1246 791 1274 817 ὲν
1289 790 1409 825 τετάρτῳ
1418 790 1467 825 τῆς
1481 789 1548 825 πρὸς
1560 790 1633 824 ἡμᾶς
1647 788 1809 821 ὑποθέσεως,
1820 785 1872 814 ὧδε

1088 836 1126 872 τῷ
1136 837 1211 872 ἀνδρὶ
1224 836 1366 872 μαρτυρῶν
1378 835 1444 871 πρὸς
1455 835 1535 868 λέξιν.
1557 843 1566 859 ί
1585 835 1695 869 Ἱστορεῖ
1705 834 1734 860 δὲ
1763 834 1796 860 τὰ
1807 834 1871 866 περὶ

1095 883 1226 909 Ἰουδαίων
1245 882 1423 918 ἀληθέστατα,
1440 882 1479 908 ὅτι
1500 881 1547 908 καὶ
1565 883 1620 912 τοῖς
1640 881 1731 912 τόποις
1750 880 1795 907 καὶ
1815 880 1873 911 τοῖς

1087 928 1214 963 ὀνόμασιν
1235 928 1322 955 αὐτῶν
1346 927 1380 953 τὰ
1406 927 1611 962 συμφωνότατα,
1634 925 1834 961 Σαγχουνιάθων
1856 925 1871 951 ὁ

1088 973 1228 1009 Βηρύτιος,
1242 973 1358 1008 εἰληφὼς
1374 972 1408 999 τὰ
1418 973 1599 1008 ὑπομνήματα
1610 972 1683 1008 παρὰ
1701 971 1871 1007 Ἰερομϐἀλου

1087 1019 1133 1046 τοῦ
1152 1019 1245 1054 ἱερέως
1257 1019 1323 1046 Θεοῦ
1338 1018 1385 1045 τοῦ
1402 1018 1484 1045 ’1ευώ.
1505 1020 1552 1050 ’ος
1572 1018 1704 1053 Ἀϐιϐάλῳ
1715 1017 1753 1052 τῷ
1769 1017 1872 1052 βασιλεῖ

1088 1064 1227 1100 Βηρυτίων
1243 1064 1291 1100 τὴν
1312 1064 1429 1100 ἱστορίαν
1443 1064 1562 1095 ἀναθεὶς,
1578 1064 1622 1090 ὑπ’
1638 1063 1740 1091 ἐκείνου
1753 1064 1800 1090 καὶ
1817 1063 1871 1089 τῶν

1088 1109 1147 1136 κατ’
1164 1110 1245 1136 αὐτὸν
1259 1109 1416 1144 ’ἐξεταστῶν
1435 1110 1485 1144 τῆς
1501 1109 1638 1144 ἀληθείας,
1664 1108 1825 1144 παρεδέχθη.
1840 1109 1871 1135 υί

1087 1154 1115 1180 δὲ
1141 1154 1243 1182 τούτων
1267 1155 1355 1191 χρόνοι
1381 1155 1427 1182 καὶ
1446 1155 1500 1191 πρὸ
1520 1155 1574 1182 τῶν
1589 1154 1718 1190 Τρωῖκῶν
1743 1154 1871 1181 πίπτουσι

1088 1200 1200 1235 χρόνων,
1217 1200 1263 1226 καὶ
1279 1200 1372 1235 σχεδὸν
1387 1201 1449 1232 τοῖς
1473 1200 1592 1232 Μωσέως
1615 1199 1816 1235 πλησιάζουσιν,
1833 1199 1872 1231 ὡς

1088 1246 1115 1271 αἱ
1131 1245 1184 1272 τῶν
1199 1246 1326 1281 Φοινίκης
1349 1245 1478 1281 βασιλέων
1503 1246 1632 1282 μηνύουσι
1657 1246 1783 1281 διαδοχαί.
1801 1247 1872 1280 Σαγ-

1088 1291 1234 1326 χουνιάθων
1250 1292 1278 1318 δὲ
1292 1292 1362 1319 κατὰ
1377 1293 1425 1328 τὴν
1447 1293 1575 1320 Φοινίκων
1595 1292 1741 1323 διάλεκτον,
1761 1291 1871 1327 φιλαλή-

1089 1337 1142 1370 θως
1157 1338 1206 1373 τὴν
1220 1338 1336 1365 παλαιὰν
1360 1339 1478 1374 ἱστορίαν
1497 1339 1529 1365 ἐκ
1541 1339 1595 1365 τῶν
1612 1338 1681 1365 κατὰ
1705 1339 1780 1365 πόλιν
1804 1339 1870 1365 ὑπο-

1090 1384 1248 1420 μνημάτων,
1256 1385 1302 1412 καὶ
1317 1385 1370 1411 τῶν
1383 1386 1412 1412 ἑν
1424 1386 1479 1417 τοῖς
1488 1387 1568 1421 ἱεροῖς
1580 1384 1743 1421 ἀναγραφῶν
1755 1393 1872 1419 συναγα-

1088 1429 1144 1465 γὼν
1169 1431 1216 1457 καὶ
1243 1431 1411 1466 συγγράψας,
1440 1431 1485 1456 ἐπὶ
1508 1430 1684 1465 Σεμιράμεως
1705 1430 1798 1464 γέγονε
1821 1431 1872 1466 τῆς

1095 1475 1243 1511 Ἀσσυρίων
1268 1475 1409 1510 βασιλίδος,
1431 1477 1447 1511 ἢ
1471 1476 1523 1511 πρὸ
1544 1476 1598 1502 τῶν
1620 1475 1782 1511 Ἰλιακῶηῆ
1810 1477 1871 1502 κατ’

1089 1521 1186 1552 αὐτούς
1198 1529 1230 1555 γε
1250 1521 1313 1552 τοὺς
1326 1521 1437 1556 χρόνους
1460 1521 1584 1555 γενέσθαι
1606 1521 1822 1556 ἀναγέγραπται·
1836 1521 1871 1548 τὰ

1088 1565 1116 1592 δὲ.
1136 1566 1181 1592 τοῦ
1205 1566 1438 1601 Σαγχουνιάθωνος
1460 1567 1499 1597 εἰς
1518 1566 1626 1593 Ἐλλάδα
1641 1566 1764 1600 γλῶσσαν
1781 1568 1871 1603 ἡρμή-

1088 1619 1165 1638 νευσε
1188 1611 1273 1638 Φίλων
1296 1612 1310 1637 ό
1335 1611 1456 1643 Βύϐλιος.
1479 1621 1488 1638 ›
1513 1611 1604 1638 Ταῦτα
1630 1612 1677 1646 μὲν
1693 1613 1708 1638 ὁ
1731 1612 1869 1648 δηλωθεὶς,

1089 1658 1214 1694 ἀλήθειαν
1225 1658 1291 1692 ὁμοῦ
1305 1658 1352 1684 καὶ
1367 1657 1534 1693 παλαιότητα
1545 1657 1582 1693 τῷ
1599 1657 1630 1694 δὴ
1647 1657 1762 1692 θεολόγῳ
1772 1667 1872 1694 μαρτυρ

1091 1705 1183 1740 ρὴσας.
1200 1704 1229 1730 Ὀ
1240 1704 1268 1730 δὲ
1276 1703 1387 1740 προῖὼν,
1395 1704 1425 1730 οὐ
1436 1703 1480 1730 τὸν
1487 1703 1533 1730 ἐπὶ
1545 1704 1651 1730 πάντων
1662 1704 1736 1736 Θεὸν,
1746 1704 1806 1731 οὐδὲ
1818 1705 1871 1740 μὴν

1089 1750 1151 1780 τοὺς
1166 1749 1226 1775 κατ’
1240 1749 1362 1785 οὐρανὸν,
1380 1743 1492 1784 Θνητοὺς
1504 1749 1532 1775 δὲ
1551 1749 1649 1784 ἄνδρας
1664 1750 1710 1776 καὶ
1728 1751 1869 1782 γυναῖκας,

1090 1795 1149 1822 οὐδὲ
1161 1795 1206 1821 τὸν
1220 1795 1318 1830 τρόπον
1329 1795 1461 1827 ἀστείους,
1475 1795 1547 1826 οἵους
1558 1795 1591 1821 δι’
1605 1795 1701 1830 ἀρετὴν
1713 1795 1786 1827 ἄξιον
1801 1793 1871 1822 εἶναι

1090 1841 1281 1875 ἀποδέξασθαι,
1301 1841 1317 1877 ἢ
1331 1841 1449 1878 ζηλῶσαι
1462 1842 1512 1877 τῆς
1527 1841 1692 1876 φιλοσοφίας,
1707 1842 1871 1877 φαυλότητος

1090 1887 1117 1913 δὲ
1132 1887 1178 1913 καὶ
1201 1887 1350 1922 μοχθηρίας
1377 1887 1485 1922 ἀπάσης
1508 1888 1604 1914 κακίαν
1627 1888 1871 1923 περιϐεϐλημένους

1090 1932 1216 1966 θεολογεῑ·
1243 1932 1289 1959 καὶ
1310 1934 1441 1968 μαρτυρεῖ
1455 1941 1485 1967 γε
1497 1932 1606 1964 τούτους
1630 1933 1727 1964 αὐτοὺς
1752 1932 1871 1964 ἐκείνους

1090 1976 1168 2010 εἶναι,
1186 1979 1249 2011 τοὺς
1265 1979 1346 2005 εἰσέτι
1362 1979 1408 2005 καὶ
1416 1979 1463 2005 νῦν
1479 1978 1555 2010 θεοὺς
1570 1978 1643 2013 παρὰ
1655 1980 1711 2010 τοῖς
1722 1979 1788 2005 πᾶσι
1798 1986 1871 2005 νενο-

1092 2025 1239 2060 μισμένους
1253 2024 1324 2051 κατά
1339 2033 1368 2051 τε
1384 2024 1433 2056 τὰς
1448 2024 1537 2056 πόλεις
1551 2024 1598 2050 καὶ
1612 2024 1661 2056 τὰς
1674 2024 1774 2059 χώρας.
1787 2024 1870 2059 Δέχου

1089 2071 1118 2097 δὲ
1136 2071 1183 2097 καὶ
1196 2070 1297 2097 τούτων
1320 2071 1352 2096 ὲκ
1372 2071 1425 2096 τῶν
1445 2070 1588 2105 ἐγγράφων
1602 2070 1650 2100 τὰς
1663 2069 1819 2102 ἀποδείξεις.
1841 2069 1869 2096 '0

1089 2116 1122 2152 δὴ
1131 2116 1215 2143 Φίλων
1228 2117 1267 2148 είς
1281 2116 1358 2143 ἐννέα
1374 2115 1479 2150 βίϐλους
1490 2115 1539 2149 τὴν
1552 2115 1639 2141 πᾶσαν
1651 2113 1697 2140 τοῦ
1708 2115 1869 2149 Σαγχουνιά-

1091 2160 1174 2192 θωνος
1196 2160 1385 2196 πραγματείαν
1400 2159 1502 2191 διελὼν,
1526 2158 1595 2185 κατὰ
1617 2157 1645 2184 τὸ
1670 2158 1809 2193 προοίμιον
1824 2159 1868 2185 τοῦ

1091 2206 1198 2242 πρώτου
1213 2206 1426 2240 συγγράμματος
1448 2205 1538 2235 αὐτοῖς
1551 2204 1652 2239 ῥήμασι
1669 2203 1793 2239 προλέγει
1806 2205 1869 2239 περὶ

1089 2250 1135 2276 τοῦ
1153 2249 1384 2285 Σαγχουνιάθωνκ
1396 2249 1489 2275 ταῦτα’
1506 2258 1515 2274 l
1532 2248 1638 2275 Τούτων
1645 2248 1729 2280 οὕτως
1743 2249 1866 2284 ἐχόντων,

1090 2295 1104 2320 ὁ
1120 2295 1323 2329 Σαγχουνιάοων
1340 2294 1407 2329 ἀνὴρ
1421 2293 1579 2329 πολυμαθὴς
1600 2294 1647 2320 καὶ
1667 2294 1867 2329 πολυπράγμων

1089 2340 1241 2375 γενόμενος.
1259 2341 1305 2366 καὶ
1329 2340 1364 2367 τὰ
1382 2340 1411 2371 ἐξ
1427 2340 1523 2375 ἀρχῆς,
1546 2340 1591 2375 ἀφ’
1605 2337 1634 2367 οὗ
1652 2340 1686 2367 τὰ
1702 2342 1788 2368 πάντα
1804 2350 1867 2368 συν-

1090 2386 1165 2421 έστη,
1177 2386 1251 2421 παρὰ
1259 2386 1364 2412 πάντων
1375 2385 1473 2411 εἰδέναι
1485 2385 1584 2417 ποθῶν,
1599 2386 1665 2412 πολὺ
1675 2387 1867 2421 φροντιστικῶς

1090 2430 1269 2466 ὲξεμάστευσε
1293 2431 1326 2457 τὰ.
1347 2430 1479 2462 Τααύτου,
1504 2430 1589 2463 εἰδὼς,
1606 2431 1646 2458 ὅτι
1667 2431 1721 2458 τῶν
1737 2432 1780 2466 ὑφ’
1793 2432 1866 2468 ἣλιον

1087 2477 1245 2511 γεγονότων,
1263 2476 1370 2512 πρῶτος
1393 2477 1450 2503 ἐστι
1464 2477 1584 2509 Τάαυτος
1601 2479 1615 2503 ὁ
1629 2477 1681 2504 τῶν
1696 2478 1865 2512 γραμμάτων

1085 2522 1133 2557 τὴν
1159 2521 1267 2558 εὕρεσιν
1282 2523 1435 2557 ἐπινοήσας,
1451 2523 1573 2557 καὶντῆς
1590 2522 1643 2549 τῶν
1664 2522 1865 2556 ὑπομνημάτων

1085 2569 1192 2603 γραφῆς
1206 2567 1351 2603 κατάρξας·
1364 2567 1410 2594 καὶ
1424 2568 1477 2594 ἀπὸ
1492 2568 1566 2594 τοῦδε
1577 2567 1668 2601 ὥσπερ
1685 2567 1801 2602 κρηπῖδα
1817 2568 1865 2603 βα·-

1085 2614 1195 2649 λόμενος
1209 2613 1257 2640 τοῦ
1269 2613 1359 2647 λόγου,
1370 2613 1399 2640 ὂν
1413 2613 1554 2647 Αἰγύπτιοι
1571 2612 1618 2646 μὲν
1629 2611 1760 2638 ἐκάλεσαν
1775 2612 1863 2645 emo,

1094 2659 1273 2693 Ἀλεξανδρεῖς
1280 2658 1308 2685 δὲ
1315 2658 1385 2689 Θὼθ,
1393 2658 1494 2694 Ἑρμῆν
1504 2656 1658 2691 δὲἚλληνες
1667 2657 1844 2692 μετέφρασαν.
1852 2667 1862 2683 δ

1088 2705 1179 2731 Ταῦτα
1193 2703 1276 2731 εἰπὼν
1292 2704 1475 2739 ἐπιμέμφεται
1493 2704 1548 2733 τοῖς
1568 2702 1706 2736 νεωτέροις
1725 2704 1780 2733 τοῖς
1795 2702 1865 2737 μετὰ

1086 2750 1182 2781 ταῦτα,
1199 2750 1237 2782 ὡς
1249 2750 1281 2776 ἂν
1294 2748 1477 2785 βεϐιασμένως
1490 2747 1536 2773 καὶ
1546 2747 1594 2773 οὐκ
1607 2746 1713 2782 ἀληθῶς
1726 2748 1788 2780 τοὺς
1801 2746 1865 2783 περὶ

1087 2795 1155 2822 θεῶν
1173 2795 1272 2831 μύθους
1294 2795 1336 2821 ἐπ’
1355 2792 1516 2828 ἀλληγορίας
1532 2792 1578 2818 καὶ
1592 2792 1707 2826 φυσικὰς
1728 2793 1862 2828 διηγήσεις

1085 2848 1115 2866 τε
1129 2841 1176 2867 καὶ
1189 2841 1303 2875 θεωρίας
1317 2840 1454 2873 ἀνάγουσι’
1465 2837 1536 2870 λέγει
1549 2837 1570 2863 δ’
1586 2835 1631 2864 οὖν
1642 2837 1750 2873 προϊών·
1764 2846 1774 2863 ι
1791 2835 1868 2864 Ἀλλ’

1085 2887 1110 2913 οἱ
1132 2886 1180 2921 μὲν
1207 2886 1334 2914 νεώτατοι
1363 2884 1415 2911 τῶν
1433 2883 1589 2918 ἱερολόγων,
1610 2883 1643 2910 τὰ
1663 2882 1712 2918 μὲν
1736 2883 1864 2918 γεγονέτω.
