2064 3212
164 149 198 182 73
731 152 888 183 ΡηᾹΞΡΑΒ.
910 154 979 182 EVA

966 154 1036 183 uva.
1052 154 1116 185 Lm.
1138 154 1158 183 l.
1746 160 1781 192 τι

163 217 308 253 πράγματα
324 217 354 251 ἐξ
377 218 466 254 ἀρχῆς
487 218 692 255 ἀπεπέμψαντο,
713 220 875 256 ἀλληγορίας
890 221 945 256 (52)
961 226 978 254 Α

965 226 983 254 Α
996 222 1031 249 ab
1043 222 1089 249 illo
1102 227 1191 250 autem
1210 223 1382 259 auspicatum
1399 231 1471 254 esse.
1486 229 1565 258 quem
1593 220 1629 251 ah
1646 221 1780 258 Egyptiia

163 263 208 289 aut
224 262 324 297 μύθους
348 264 552 299 ἐπινοήσαντες.
574 264 620 291 καὶ
635 266 691 296 τοῖς
704 267 844 301 κοσμικαῖς
862 267 947 302 παθή-

997 267 1051 303 32
1074 267 1192 304 Thoyth,
1212 270 1246 297 ab
1269 269 1459 298 Alexandrinis
1476 268 1578 302 Thotb,
1598 269 1779 300 nominatum.

163 316 227 343 μασι
241 308 401 342 συγγένειαν
419 309 597 345 πλασάμενοι,
618 312 753 347 μυστήρια
766 312 946 347 κατέστησαν,

997 313 1083 340 Graeci
1101 313 1215 348 Ἑρμῆν,
1228 314 1280 342 hoc
1297 320 1337 342 est
1351 313 1526 346 Mercurium,
1546 314 1696 342 reddidere.
1708 324 1718 341 ι
1731 313 1781 342 His

161 354 206 379 καὶ
222 353 305 380 πολὺν
325 355 418 386 αὐτοῖς
440 355 542 390 ἐπῆγον
554 355 647 390 τῦφον,
668 356 706 388 ὡς
719 357 756 392 μὴ
770 357 866 392 ῥαδίως
886 358 947 384 τινὰ

997 359 1228 392 commemoratis,
1251 361 1416 388 recentiores
1427 360 1498 394 illos,
1509 360 1555 395 qui
1570 365 1663 395 postea
1691 368 1782 388 emer-

161 401 276 436 συνορᾷν
286 400 320 426 τὰ
338 402 397 427 κατ’
409 400 537 436 ἀλήθειαν
548 402 689 438 γενόμενα.
710 403 738 430 ὀ
756 403 784 430 δὲ
804 403 947 439 συμϐαλὼν

996 409 1099 437 serant,
1112 412 1147 432 eo
1164 405 1275 433 nomine
1288 405 1470 440 reprehendit,
1492 406 1564 442 quod
1589 413 1650 441 quae
1673 406 1706 434 de
1728 406 1780 434 diis

159 447 214 477 τοῖς
230 446 286 472 ἀπὸ
297 446 351 473 τῶν
366 446 470 474 ἀδύτων
485 447 633 483 εὐρεθεῖσιν
646 448 814 485 ἀποκρύφοις
830 451 948 486 Ἀμμου-

997 449 1077 484 vulgo
1092 449 1259 481 ferebamur,
1271 449 1305 477 ad
1313 450 1457 486 allegorias
1471 451 1564 478 nescio
1578 458 1647 485 quas
1671 443 1699 478 et
1711 451 1780 486 phy-

160 492 226 518 νέων
238 492 384 528 γράμμασι
401 494 599 529 συγκειμένοις,
608 494 626 521 ἃ.
641 495 673 530 δὴ
688 495 738 522 οὐκ
751 493 785 531 ἦν
798 496 864 522 πᾶσι
877 496 947 530 γνώ-

997 495 1069 523 sicas
1085 494 1280 529 explicationes
1309 495 1335 521 vi
1360 494 1431 522 facta
1457 495 1566 523 veritati
1596 496 1779 524 traducerent.

163 546 237 573 ριμα,
252 537 300 572 τὴν
314 538 432 573 μάθησιν
444 540 570 566 ἁπάντων
588 540 669 571 αὐτὸς
686 541 799 576 ἥσκησε-
815 542 860 568 καὶ
872 542 947 574 τέλος

997 540 1023 568 ls
1037 547 1102 575 ergo
1118 540 1158 568 sic
1172 540 1199 568 in
1218 547 1363 575 progressu
1381 540 1499 575 loquitur
1514 549 1522 568 :
1544 550 1554 567 t
1574 540 1627 568 Sed
1647 541 1719 569 enim
1734 542 1781 576 qui

161 584 262 615 ἐπιθεὶς
276 586 309 619 τῇ
336 586 520 621 πραγματείᾳ,
541 586 586 612 τὸν
600 587 659 613 κατ’
681 587 768 622 ἀρχὰς
786 588 880 623 μῦθον,
901 589 948 616 καὶ

998 586 1146 615 novissime
1162 593 1255 614 rerum
1273 594 1412 614 sacrarum
1427 586 1637 622 disputationem
1654 587 1778 623 attigere,

161 628 208 660 τὰς
220 629 385 665 ἀλληγορίας
398 630 518 657 ἐκποδὼν
533 632 724 667 ποιησάμενος,
740 633 887 668 ἐξηνύσατο
899 634 948 669 τὴν

997 640 1058 660 cum
1073 639 1167 659 eorum
1181 639 1242 667 quat
1264 631 1333 660 facta
1352 637 1431 660 erant
1443 633 1503 667 ipso
1519 633 1611 660 statim
1623 633 1701 660 initio
1712 633 1781 661 vcri-

160 674 296 709 πρόθεσιν,
313 675 364 706 ἕως
381 676 461 702 πάλιν
482 677 507 702 οἱ
524 678 709 713 ἐπιγενόμενοι
732 678 822 714 lapsis,
842 679 946 714 χρόνοις

997 682 1078 706 tatem
1100 679 1270 713 rejecisseut,
1286 679 1422 714 alicgoriis
1442 679 1604 713 quibusdam
1622 686 1654 706 ac
1682 679 1782 707 fabulis

161 719 272 756 ὕστερον
286 720 420 756 ἠθέλησαν
436 721 520 757 αὐτὴν
529 722 699 759 ἀποκρύψαι,
713 724 759 751 καὶ
769 725 808 757 εἰς
820 724 852 751 τὸ
862 725 947 760 μυθῶ-

997 724 1167 759 excogitatis,
1187 731 1306 760 cumque
1325 725 1407 752 rebus
1425 724 1458 752 iis
1477 732 1538 759 qua
1553 724 1634 759 hujus
1660 725 1781 752 universi

160 765 202 797 δες
221 766 458 802 ἀποκαταστῆσαι.
480 768 524 801 Ἐξ
542 766 572 796 οὗ
593 768 624 796 τὸ
647 770 775 805 μυστικὸν
797 770 947 798 άνέκυπτεν

997 774 1122 797 natumut
1139 774 1344 805 consequuntur
1359 769 1491 798 afﬁnitate
1512 770 1637 803 conﬁcta,
1654 771 1782 806 mysteria

159 811 264 837 οὐδέπω
279 812 384 846 φθάσαν
405 814 445 845 εἰς
461 814 601 850 Ἕλληνας.
619 825 629 842 ρ
648 816 757 848 Τούτοις
777 816 839 851 ἑξῆς
853 825 944 852 φησιν·

997 814 1214 850 densis_ohducta
1226 815 1344 842 tenebris
1356 814 1542 847 instituerunt,
1554 822 1589 842 ne
1601 815 1662 850 quis
1676 822 1782 847 eorum.

163 866 172 881 ι
188 856 271 883 Ταῦθ’
286 858 352 893 ἡμῖν
368 857 490 894 εὓρηται,
501 861 637 895 ἐπιμελῶς
652 860 749 888 ειδέναι
767 861 802 889 τὰ
816 863 946 890 Φοινίκων

997 868 1058 896 quae
1075 868 1170 896 reapse
1195 866 1269 896 gesta
1294 866 1383 895 erant|
1413 861 1554 889 veritatem
1577 861 1678 890 intueri
1703 861 1782 889 facile

161 902 282 934 ποθοῦσι,
294 903 342 930 καὶ
357 904 456 940 πολλὴν
473 905 728 942 ὲξερευνησαμένοις
741 905 816 943 ὕλην,
827 908 887 943 οὐχὶ
897 907 946 944 τὴν
961 895 976 925 Ε

969 896 983 925 Β
997 895 1099 941 posset.
1117 895 1162 934 llic
1174 895 1265 935 autem
1280 915 1342 935 cum
1355 907 1381 934 in
1398 915 1497 936 arcana
1526 907 1649 942 quaedam
1674 907 1784 934 Ammo-

161 950 223 984 παρ’
236 949 359 984 Ἕλλησι·
374 950 506 985 διάφωνος
517 951 572 987 γὰρ
582 952 661 988 αὕτη,
675 953 722 979 καὶ
734 953 948 989 φιλονεικότερον

998 960 1120 980 naaorum
1145 954 1284 981 volumina
1309 953 1459 985 incidisset,
1481 960 1542 988 quae
1560 961 1592 981 ex
1606 952 1781 980 interioribus

161 996 204 1021 ὑπ’
219 996 298 1022 ἐνίων
308 996 418 1031 μᾶλλον,
433 997 449 1032 ἦ
464 997 535 1036 πρὸς.
546 997 673 1033 ἀλήθειαν
682 999 848 1027 συντεθεῖσα.
867 1009 875 1025 ι
893 1000 948 1028 Καὶ

998 999 1161 1034 templorum
1175 999 1369 1034 penetralibus,
1384 999 1430 1027 ubi
1457 999 1682 1033 antcjacuerant,
1699 998 1783 1026 educ-

162 1041 219 1076 μεθ’
227 1042 308 1078 ἔτερα
317 1051 323 1057 ·
338 1052 346 1067 t
358 1042 450 1076 Οὕτως
466 1053 494 1070 τε
504 1044 575 1080 ἔχειν
584 1046 730 1072 πεπεῖσθαι
738 1046 804 1081 ἡμῖν
813 1046 946 1081 παρέστη,

998 1050 1024 1072 ta
1036 1052 1099 1072 cum
1113 1045 1192 1072 obvia
1207 1045 1309 1079 passim
1323 1052 1377 1071 non
1391 1048 1483 1072 essent
1499 1063 1507 1076 ,
1525 1043 1651 1071 omnium
1668 1048 1780 1072 senten-

160 1088 197 1119 ὡς
216 1087 319 1119 ἐκεῖνος
338 1089 470 1124 γέγραφε,
489 1090 537 1125 τὴν
555 1091 703 1126 διαφωνίαν
719 1091 800 1127 ὁρῶσι
823 1091 871 1128 τὴν
882 1093 947 1127 παρ’

997 1091 1064 1118 tiam
1094 1091 1216 1125 diligenti
1259 1090 1432 1118 meditatione
1461 1089 1598 1124 quasivit,
1634 1090 1780 1126 laetumque

161 1133 283 1168 ἰ’ἰλλησι,
306 1134 371 1170 περὶ
381 1132 414 1170 ἧς
430 1143 474 1170 μοι
496 1137 557 1171 τρία
571 1136 779 1172 πεφιλοτίμηται
795 1136 883 1171 βιϐλία
898 1137 947 1172 τὴν

997 1136 1117 1171 suscepit
1123 1136 1224 1164 laboris
1235 1136 1338 1164 exitum
1349 1139 1523 1168 consecutus,
1534 1143 1594 1171 qua:
1603 1135 1631 1163 in
1639 1136 1698 1171 ipso
1705 1136 1780 1165 aditu

161 1183 313 1218 ἐπιγραφὴν
337 1183 432 1218 ἔχοντα
460 1183 634 1218 Παραδόξου
663 1181 821 1219 Ἱστορίας.
849 1194 860 1211 ι
893 1185 948 1212 Καὶ

997 1181 1176 1209 occurrebant
1190 1181 1290 1210 labulis
1303 1189 1364 1210 cum
1375 1181 1512 1217 ailegotiis
1527 1182 1655 1210 omnibus
1669 1182 1703 1210 de
1725 1190 1781 1210 mc-

161 1226 236 1260 αὖθις
250 1229 309 1264 μεθ’
321 1228 402 1265 ἔτερα
415 1229 545 1264 ἐπιλέγει·
567 1239 576 1256 t
593 1230 814 1267 Προδιαρθρῶσαι
825 1231 852 1258 δὲ
865 1232 947 1266 ἀναγ-

997 1228 1043 1256 dio
1055 1228 1181 1262 sublatis,
1199 1229 1351 1257 institutum
1365 1236 1435 1264 opus
1446 1236 1524 1256 suam
1538 1229 1571 1256 ad
1585 1228 1778 1264 perfectionem

161 1276 234 1301 καῖον
249 1273 316 1310 πρὸς
332 1275 381 1311 τὴν
401 1273 477 1307 αὖθις
500 1276 655 1312 σαφήνειαν,
678 1276 725 1303 καὶ
740 1277 789 1312 τὴν
806 1277 860 1304 τῶν
876 1277 947 1305 κατὰ

997 1274 1237 1309 maturitatemque
1261 1274 1409 1309 perduxit:
1437 1274 1525 1302 donec
1544 1275 1591 1309 qui
1617 1279 1679 1309 post
1702 1275 1779 1302 illutn

163 1319 243 1355 μέρος
257 1319 411 1354 διάγνωσιν,
431 1321 471 1347 litt.
491 1321 516 1347 oi
535 1320 706 1348 παλαιότατοι
720 1320 774 1347 τῶν
792 1320 945 1357 βαρϐάρων,

996 1319 1124 1347 exstitere
1134 1320 1300 1352 sacerdotes,
1318 1319 1389 1347 idem
1408 1319 1497 1355 ipsum
1524 1320 1663 1348 occultare
1692 1320 1781 1347 denuo

160 1365 305 1401 ἐξαιρέτως
318 1363 347 1392 δὲ
362 1366 483 1398 Φοίνικές
494 1375 524 1393 τε
536 1367 582 1393 καὶ
601 1367 752 1401 Αἰγύπτιοι,
767 1369 831 1403 παρ’
843 1364 881 1394 ὦν
899 1369 946 1396 καὶ

997 1369 1078 1400 atque
1095 1365 1129 1392 ad
1144 1366 1298 1400 priscarum
1313 1364 1465 1393 fabularum
1482 1370 1635 1394 commenta
1652 1373 1781 1394 revocare

160 1411 182 1437 οί
199 1411 288 1438 λοιποὶ
304 1412 456 1448 παρέλαϐον
472 1412 618 1448 ἄνθρωποι,
638 1413 716 1445 θεοὺς
730 1413 853 1449 ἐνόμιζον
869 1414 945 1450 μεγι-

996 1415 1090 1445 postea
1107 1411 1266 1444 voluissent,
1283 1411 1354 1438 unde
1375 1410 1505 1446 mysticus
1522 1411 1566 1438 ille
1578 1418 1675 1440 sensus
1692 1419 1780 1440 emer-

162 1464 238 1490 στους
250 1459 313 1490 τοὺς
327 1458 361 1485 τὰ
377 1458 446 1494 πρὸς
463 1459 511 1495 τὴν
532 1458 660 1494 βιωτικὴν
674 1462 766 1495 χρεῐαν
778 1460 915 1496 εὑρόντας,
928 1460 944 1496 ἢ

996 1457 1041 1489 sit,
1056 1457 1103 1492 qui
1117 1465 1257 1492 nunquam
1275 1461 1352 1484 antea
1389 1457 1547 1484 Grmcorum
1572 1458 1679 1486 animos
1698 1466 1781 1486 oecu-

160 1504 206 1530 καὶ
227 1504 299 1531 κατά
316 1510 341 1530 τι
366 1503 397 1531 εὖ
413 1506 575 1540 ποιήσαντας
596 1507 630 1531 τὰ
652 1506 725 1542 ἔθνη·
753 1507 897 1542 εὐεργέτας
915 1515 945 1534 τε

995 1508 1082 1539 parat.
1090 1513 1100 1530 ι
1108 1503 1213 1537 Quibus
1221 1503 1348 1538 deinceps
1357 1502 1408 1531 ista
1415 1502 1569 1538 subjungit:
1580 1512 1591 1530 ι
1602 1503 1664 1532 Haec
1671 1506 1778 1533 tandem

158 1549 270 1582 τούτους
282 1551 330 1577 καὶ
346 1550 452 1577 πολλῶν
475 1552 576 1584 αἰτίους
599 1552 707 1587 ἀγαθῶν
731 1553 888 1588 ἡγούμενοι,
907 1553 945 1586 ὡς
960 1581 973 1588 η

964 1581 978 1588 η
997 1558 1012 1577 a
1027 1549 1105 1577 nobis
1123 1553 1228 1584 reperta
1242 1556 1315 1583 sunt,
1332 1557 1394 1576 cum
1410 1549 1560 1577 vehementi
1585 1552 1779 1584 cognoscenda:

160 1594 238 1627 θεοὺς
258 1596 450 1632 προσεκύνουν·
467 1598 513 1623 καὶ
535 1581 574 1630 είς
597 1581 628 1624 τό
650 1581 944 1634 χρεὼνΙναταστάντας
958 1581 975 1610 C

962 1581 979 1610 Ε
996 1581 1162 1623 Ριιωηίευιιί
1172 1595 1294 1622 historiae
1309 1581 1459 1622 desiderio
1484 1581 1650 1629 teneremu—r,
1664 1603 1697 1623 ac
1711 1604 1777 1631 pos-

160 1642 239 1673 ναοὺς
252 1644 528 1678 μετασκευασάμενοι,
542 1644 640 1680 στήλας
647 1653 676 1671 τε
687 1646 734 1672 καὶ
745 1646 856 1681 ῥάϐδους
868 1646 946 1680 ἀφιέ-

996 1646 1121 1676 teaquam
1134 1641 1268 1677 ingentem
1282 1640 1414 1668 librorum
1434 1641 1717 1676 monimentorumque
1731 1642 1777 1670 sil-

161 1695 223 1722 ρουν
236 1687 267 1720 ἐξ
280 1688 410 1724 ὀνόματος
423 1688 521 1720 αὐτῶν,
537 1690 583 1716 καὶ
598 1690 681 1716 ταῦτα
697 1691 819 1726 μεγάλως
835 1691 946 1726 σεϐόμε-

996 1695 1058 1714 vam
1072 1687 1169 1722 cupide
1183 1686 1297 1714 scrutati
1312 1694 1447 1719 essemus,
1462 1695 1516 1714 non
1528 1695 1588 1715 eam
1603 1692 1704 1722 tamen,
1718 1696 1778 1723 quae

160 1742 208 1765 νοι,
226 1735 274 1761 καὶ
287 1732 383 1770 ἑορτὰς
395 1735 488 1770 ἔνεμον
501 1735 592 1767 αὐτοῖς
602 1736 652 1768 τὰς
666 1736 796 1771 μεγίστας
812 1736 943 1768 Φοίνικες.

997 1740 1078 1768 penes
1092 1731 1200 1760 Graecos
1214 1736 1283 1764 erat,
1302 1731 1376 1766 quod
1401 1731 1487 1766 ipsam
1513 1740 1611 1769 magna
1630 1741 1692 1761 cum
1722 1734 1778 1762 dis-

166 1780 322 1815 Ὲξαιρέτως
336 1779 364 1807 δὲ
385 1781 432 1808 καὶ¹
447 1780 500 1807 ἀπὸ
514 1781 568 1807 τῶν
580 1781 717 1817 σφετέρων
733 1781 873 1816 βασιλέων,
888 1783 945 1814 τοῐς

996 1779 1123 1806 sensione
1140 1778 1307 1811 animorum,
1332 1782 1359 1806 et
1377 1778 1560 1806 contentionis
1582 1779 1673 1814 potius
1695 1787 1776 1815 quam

159 1827 298 1861 κοσμικοϊς
315 1827 468 1862 στοιχείοις,
481 1827 528 1854 καί
547 1835 602 1854 τισι
616 1827 670 1854 τῶν
682 1827 863 1863 νομιζομένων
875 1827 942 1854 θεῶν

997 1824 1120 1852 veritatis
1148 1824 1237 1852 studio
1261 1823 1406 1851 conﬂatam
1437 1832 1453 1852 ι
1475 1825 1614 1853 nonnullis
1635 1833 1697 1854 esse
1716 1833 1778 1861 per-

160 1871 207 1904 τὰς
222 1873 369 1907 ὀνομασίας
389 1873 529 1901 ἐπέθεσαν·
546 1874 675 1908 φυσικοὺς
689 1873 728 1905 δὲ,
740 1874 824 1908 ἥλιον,
840 1874 885 1900 καὶ
899 1881 942 1899 σε-

995 1870 1125 1898 viderem.
1144 1880 1154 1896 ι
1167 1869 1236 1897 Tum
1246 1870 1408 1905 quibusdam
1428 1871 1576 1906 interjectis
1586 1876 1594 1898 t
1606 1881 1615 1897 ι
1628 1871 1668 1899 Ad
1685 1872 1776 1905 tidem,

159 1917 252 1952 λήνην,
268 1918 314 1944 καὶ
332 1919 397 1950 τοὺς
418 1918 526 1950 λοιποὺς
544 1914 680 1955 πλανῆτας
703 1918 828 1954 ἀστέρας,
846 1919 892 1944 καὶ
909 1918 943 1945 τὰ

997 1917 1093 1952 inquit,
1109 1917 1181 1944 illius
1198 1917 1307 1951 scriptis
1321 1917 1513 1949 adhibendam,
1527 1924 1560 1945 eo
1574 1918 1692 1945 maxime
1704 1919 1775 1953 quod

161 1966 287 1999 στοιχεῖα,
305 1965 352 1991 καὶ
371 1963 407 1991 τὰ
420 1964 522 1996 τούτοις
545 1964 661 1999 συναφῆ,
679 1963 756 1996 θεοὺς
779 1964 873 1999 μόνους
888 1964 944 1998 ὲγίι

996 1964 1082 1990 oculis
1098 1964 1234 1990 intuemur
1246 1963 1401 1991 Grmcorum
1417 1963 1558 1990 hominum
1570 1963 1686 1990 dissidio
1697 1964 1779 1991 addu-

160 2016 271 2041 νωσκον,
287 2009 352 2036 ὥστ’
365 2010 457 2041 αὐτοῖς
471 2011 533 2041 τοὺς
552 2009 600 2044 μὲν
623 2009 744 2045 θνητοὺς,
763 2010 826 2041 τοὺς
839 2009 867 2035 δὲ
877 2009 944 2036 ἀθαα

997 2011 1032 2038 cti
1049 2018 1164 2042 sumus;
1180 2010 1214 2037 de
1232 2017 1286 2045 quo
1300 2010 1352 2037 tria
1368 2017 1476 2045 quoque
1498 2010 1646 2043 volumina,
1660 2018 1777 2046 quorum

159 2056 255 2087 νᾶτους
274 2055 352 2088 θεοὺς
365 2053 445 2082 εἶναι.
463 2065 472 2082 ι
491 2055 581 2082 Ταῦτα
593 2056 663 2083 κατὰ
672 2055 812 2092 προοίμιον
827 2055 842 2081 ὁ
857 2056 943 2083 Φίλων

996 2056 1137 2091 inscriptio
1155 2061 1208 2087 est,
1234 2055 1272 2083 De
1286 2055 1434 2083 incredibili
1448 2056 1572 2088 historia,
1592 2057 1714 2090 studiose
1745 2064 1778 2084 ac

159 2102 387 2137 διαστειλάμενος,
400 2102 464 2137 ἑξῆς
485 2102 636 2138 ἁπάρχεται
653 2102 703 2138 τῆς
716 2102 764 2129 τοῦ
778 2102 942 2137 Σαγχουνιά-

995 2102 1136 2136 diligenter
1153 2100 1363 2128 elaboravimust
1382 2110 1391 2127 ι
1405 2101 1443 2128 Ac
1452 2108 1559 2128 rursum
1576 2105 1634 2135 post
1645 2101 1697 2128 alia
1711 2109 1778 2129 non-

160 2149 243 2181 θωνος
268 2149 424 2185 ἑρμηνείας,
440 2145 490 2176 ὧδέ
502 2157 560 2181 πως
571 2149 620 2185 τὴν
632 2147 789 2184 Φοινικικὴν
803 2148 942 2184 ἐκτιθέμε-

995 2148 1079 2179 nulla,
1096 2147 1187 2174 subdit
1201 2155 1209 2174 :
1226 2155 1236 2173 t
1253 2144 1313 2176 Jam
1335 2154 1411 2180 vero,
1424 2153 1479 2182 quo
1500 2147 1631 2174 illustrior
1648 2147 1778 2175 habeatur

160 2204 204 2227 νος
218 2195 274 2231 (δῦ)
290 2187 437 2230 θεολογίαν.

995 2193 1134 2228 magisque
1148 2191 1276 2220 distincta
1293 2192 1331 2219 rei
1343 2192 1427 2220 totius
1438 2193 1612 2228 intelligentia
1629 2193 1681 2221 hoc
1695 2194 1777 2221 etiam

161 2247 222 2269 ante
244 2242 335 2270 omnia
358 2250 459 2277 ponere
482 2250 532 2270 nos
553 2245 674 2277 oportet,
700 2242 877 2269 barbarorum
901 2241 1116 2276 antiquissimos,
1136 2239 1278 2268 thnices
1297 2240 1324 2267 in
1346 2240 1441 2274 primis
1457 2245 1484 2268 et
1498 2240 1650 2276 Egyptios,
1676 2249 1692 2269 a
1715 2242 1780 2276 quio

160 2289 210 2316 bus
220 2290 308 2317 caeteri
323 2290 449 2325 deinceps
465 2290 555 2325 populi
572 2297 674 2317 morem
693 2289 767 2316 illttm
790 2296 935 2324 accepere,
955 2289 982 2316 in
1016 2288 1197 2316 maximorum
1217 2287 1331 2315 deorum
1352 2287 1413 2315 loco
1435 2296 1482 2316 eos
1515 2295 1611 2316 omnes
1631 2288 1777 2322 habuisse,

161 2338 204 2372 qui
220 2345 264 2365 res
279 2337 313 2365 ad
331 2337 412 2365 vitam
424 2338 554 2373 agendam
574 2338 740 2365 necessarias
766 2337 942 2370 invenissent,
964 2337 1010 2372 qui
1035 2343 1089 2371 que
1111 2335 1271 2363 beneﬁcium
1287 2335 1396 2372 aliquod
1411 2335 1438 2363 in
1454 2343 1538 2372 genus
1558 2336 1697 2364 hominum
1713 2343 1780 2363 con-

162 2383 296 2411 tulissent.
317 2383 370 2412 Eos
387 2384 515 2411 nimirum
535 2384 607 2419 quod
622 2384 672 2411 sibi
688 2383 867 2418 plurimorum
895 2387 1024 2410 auctores
1051 2383 1184 2410 bonorum
1217 2389 1279 2410 esse
1299 2382 1502 2417 persuaderent,
1536 2382 1634 2409 divinis
1667 2381 1783 2409 honori--

162 2429 210 2457 bus
223 2431 329 2458 coluere
342 2440 350 2464 ;
367 2439 399 2458 ac
413 2431 575 2466 templorum
588 2439 650 2463 usu,
665 2438 725 2465 quae
735 2431 791 2466 jam
808 2435 871 2458 ante
899 2434 1055 2458 constructa
1070 2430 1187 2463 fuerant,
1203 2430 1256 2457 hoc
1271 2430 1303 2458 ad
1331 2438 1431 2458 munus
1445 2429 1617 2465 olliciumque
1635 2429 1777 2463 traducto,

162 2475 213 2510 33
231 2477 372 2504 columnas
397 2478 509 2512 insuper
535 2478 678 2513 virgasque
700 2478 802 2513 ligneas
830 2477 950 2513 ipsorum
983 2478 1093 2504 nomine
1131 2482 1325 2505 consecrarunt
1355 2485 1440 2512 eaque
1479 2477 1616 2512 praecipuo
1638 2476 1778 2512 religionis

163 2523 235 2550 cultu
260 2524 398 2559 prosecuti
449 2524 603 2558 Phoenices,
649 2524 733 2552 festos
767 2525 821 2552 illis
850 2531 958 2560 quoque
977 2525 1034 2552 dies
1066 2525 1144 2560 longe
1174 2524 1364 2552 celeberrimos
1397 2524 1566 2552 dedicarunt.
1588 2523 1618 2551 in
1645 2532 1701 2560 quo
1716 2524 1779 2560 qui;

161 2570 221 2597 dem
251 2571 380 2599 eximium
397 2571 463 2599 illud
496 2572 558 2605 fuit,
573 2573 645 2607 quod
665 2580 758 2607 regum
777 2580 889 2600 suorum
918 2573 1028 2600 nomina
1053 2572 1172 2600 universi
1197 2572 1278 2607 hujus
1301 2572 1456 2604 'elemcntis,
1491 2579 1523 2599 ac
1545 2571 1708 2607 quibusdam
1731 2579 1778 2598 co-

161 2623 230 2649 rum,
245 2617 344 2651 quibus
363 2608 530 2646 divinitatem
555 2619 606 2653 ipsi
631 2618 794 2650 tribuebant,
815 2618 993 2653 imponerent.
1015 2617 1157 2645 Naturales
1183 2625 1264 2652 porro
1276 2618 1352 2651 deos,
1372 2616 1468 2649 solem,
1485 2617 1589 2648 lunam,
1607 2617 1780 2652 reliquasque

161 2663 419 2697 slellasincrrantes,
441 2672 502 2692 cum
515 2665 654 2692 clementis
669 2671 700 2691 ac
718 2664 822 2692 caeteris
837 2672 898 2692 cum
925 2664 1046 2699 ejusdem
1059 2664 1188 2691 aliinitate
1205 2663 1369 2698 conjunctis,
1397 2662 1455 2690 solo
1466 2670 1498 2689 ex
1512 2662 1639 2690 omnibus
1653 2670 1782 2699 agnoch

161 2709 237 2743 bant;
270 2717 300 2739 ut
335 2717 462 2741 mortales
480 2713 589 2748 quidem
623 2713 702 2746 alios,
723 2712 790 2740 alios
816 2719 904 2740 autem
936 2712 1102 2739 immortales
1133 2713 1200 2738 deos
1231 2713 1372 2739 haberent.
1397 2709 1526 2743 iQuibus
1550 2709 1628 2737 Philo
1661 2708 1781 2736 breviter

195 2830 250 2866 (‘52)
270 2830 339 2868 Post
346 2831 509 2868 ἄλληγορίας
529 2833 671 2860 inserenda
682 2831 839 2868 conjunctio
851 2830 893 2868 δέ,
904 2838 936 2868 ex

1027 2830 1082 2866 (35)
1108 2829 1318 2868 Ἐξιτιθέμειςοε.
1340 2828 1628 2868 Μοηιηξκτιθεμινου,
1638 2827 1712 2862 quod
1722 2825 1774 2855 for-

161 2863 274 2894 Melitae.
291 2867 395 2893 codice.
408 2863 435 2894 in
449 2863 509 2895 aliis
523 2863 845 2896 sollicitandutn'videtur
859 2866 936 2893 nihil.
992 2863 1063 2893 tasSe
1073 2863 1190 2899 rectius,
1206 2869 1235 2892 ut
1246 2865 1278 2892 ad
1294 2863 1688 2899 Σαγχουνιάθωνοςτίιῐοτιιιιιτ.

322 2915 417 2946 Pan.
437 2915 495 2946 (in.
513 2916 596 2947 XXI.
1575 2913 1594 2942 ³
