2064 3212
261 159 295 187 79
590 158 725 187 EUSEBII
745 157 985 186 CESARIENSIS
1002 158 1075 186 OPP.

259 217 388 245 imbrium
405 221 602 252 ventorumque
620 210 778 252 tempestate
791 219 884 243 coorta
897 235 904 248 ,
925 223 958 243 ex
974 215 1038 251 Tyri
1054 221 1076 248 Α

259 263 387 290 arborum
401 262 541 290 collisione
557 262 628 297 ignis
642 261 799 293 exarsisset,
813 268 927 296 quaeque
941 261 1040 290 ihidem

260 311 318 334 erat
334 307 437 342 sylvam
455 306 632 336 incendisset,
653 306 749 332 arbore
765 304 844 339 cujus
869 309 932 331 ante
948 313 1040 332 ramos

260 356 424 387 amputarat,
439 352 537 386 navigii
550 352 609 378 loco
625 358 691 378 usus
705 358 876 385 nequaquam
890 357 949 377 sese
971 351 1039 376 mari

259 399 335 426 nullo
346 399 408 426 licet
423 399 548 433 exemplo
569 397 738 425 committere
752 396 895 424 dubitavit.
912 396 1039 423 Geminos

260 452 368 480 quoque
378 445 472 479 cippos
486 452 548 472 cum
565 444 619 479 igni
633 448 767 478 ventoque
784 443 948 474 dedicasset,
973 450 1037 470 mox

260 490 368 524 utrique
392 489 559 516 adorationis
576 489 679 517 cultum
697 488 836 520 exhibuit,
856 495 978 523 quasque
994 496 1039 515 ve-

261 536 351 563 nando
363 540 472 570 ceperat
487 535 607 562 ferarum
622 534 782 570 sanguinem
799 534 903 561 libavit.
931 533 1040 562 Postea-

260 589 340 617 quam
358 586 447 609 autem
463 588 621 616 supremum
642 580 687 607 isti
703 587 798 607 omnes
812 580 882 607 diem
897 580 1038 613 obiissent,

260 628 307 662 qui
322 627 491 662 superstites,
508 627 607 660 inquit,
627 632 782 653 remansere
797 646 804 658 ,
829 625 918 660 virgas
935 633 967 652 ac
981 626 1039 659 cip-

261 681 310 708 pos
321 673 348 700 io
359 680 454 701 eorum
470 673 601 699 honorem
616 675 791 699 consecratos
817 672 983 704 adorarunt,
1001 671 1040 698 fe-

261 722 371 753 stosque
385 718 443 745 dies
454 717 568 744 solemni
581 716 633 743 ritu
653 717 799 751 quotannis
816 721 989 752 peregerunt.
1006 718 1041 743 At

259 771 325 792 vero
342 764 436 791 multis
449 768 511 798 post
527 763 634 790 saeculis
645 783 653 795 ,
667 771 700 790 ex
720 763 793 790 illius
811 762 977 798 Hypsuranii
993 770 1039 790 so.

261 808 323 835 hole
333 806 452 834 Venator
468 815 500 834 ac
517 807 638 834 Piscator
651 808 707 835 nati
721 812 795 839 sunt,
813 808 859 842 qui
882 807 1040 842 piscationis

261 859 293 880 ac
307 852 460 880 venationis
474 856 558 879 artem
570 853 708 886 invenere,
719 860 751 880 ac
760 853 807 880 toti
818 854 983 888 piscatorum
997 861 1041 880 ve-

261 904 442 934 natorumque
458 899 562 926 nationi
581 906 660 926 suum
675 903 769 934 postea
787 906 886 926 nomen
909 899 1038 926 indidere.
1057 893 1076 920 Β

259 944 301 971 Ab
312 944 406 972 iisdem
424 944 522 972 fratres
534 944 667 978 procreati
679 945 745 977 duo,
760 945 807 979 qui
820 944 920 972 ferrum
929 952 961 972 ac
974 945 1040 972 mul-

260 990 380 1025 tiplicem
395 990 460 1018 ferri
476 998 556 1017 usum
573 997 706 1025 reperere.
731 990 853 1023 Quorum
870 991 939 1017 alter
954 990 1040 1025 Chry-

259 1043 307 1063 sor
321 1037 441 1069 nomine,
458 1044 538 1071 quem
555 1036 705 1064 Vulcanum
730 1044 791 1064 esse
815 1037 875 1070 ait,
891 1036 1038 1071 plurimum

259 1090 394 1117 operaest:
409 1083 492 1111 studii
518 1084 617 1118 partim
646 1083 672 1110 in
701 1082 867 1118 eloquentia,
885 1083 984 1118 partim
1012 1084 1039 1110 in

258 1130 432 1158 cantionibus
448 1138 480 1158 ac
487 1130 624 1158 divinandi
637 1131 741 1157 artibus
752 1130 904 1157 collocavit.
920 1129 945 1157 ls
958 1131 1038 1157 etiam

260 1176 369 1203 hamum
384 1181 466 1210 atque
480 1183 581 1207 escam,
594 1176 759 1211 piscatorum
775 1175 885 1208 lineam,
901 1183 932 1202 ac
945 1175 1040 1202 tumul-

260 1223 363 1249 tua'rias
374 1228 448 1250 rates
462 1222 573 1255 invenit,
586 1223 744 1257 primusque
753 1221 905 1248 mortalium
918 1221 1039 1248 omnium

259 1267 403 1302 navigavit.
416 1267 598 1300 Quamobrem
611 1276 673 1295 eum
687 1275 795 1302 quoque
810 1273 872 1303 post
884 1269 987 1295 obitum
1003 1268 1041 1295 in-

259 1319 316 1339 star
329 1313 374 1339 Dei
401 1313 560 1345 coluerunt,
588 1314 732 1347 ipsumque
752 1318 880 1347 praeterea
896 1313 1039 1340 Diamichii

260 1360 369 1387 nomine
381 1359 567 1394 appellarunt;
585 1367 635 1386 nec
648 1360 747 1386 desunt
762 1359 843 1386 etiam
856 1360 902 1394 qui
914 1359 949 1386 ab
966 1358 1040 1394 ejus-

259 1408 318 1434 dem
337 1406 465 1434 fratribus
479 1407 672 1434 struendorum
687 1413 720 1434 ex
742 1406 872 1434 lateribus
897 1414 1039 1434 murorum

258 1460 291 1479 ac
305 1452 435 1486 parietum
446 1451 577 1478 rationem
604 1451 782 1486 excogitatam
804 1459 866 1479 esse
889 1451 982 1480 velint.
998 1451 1039 1478 Ab

259 1498 378 1532 ejusdem
389 1497 505 1532 posteris
521 1498 604 1532 geniti
625 1498 813 1525 adulescentes
829 1497 884 1524 duo
898 1517 905 1529 ,
922 1504 1038 1531 quorum

261 1552 331 1572 unus
347 1543 460 1576 Artifex,
474 1544 542 1570 alter
557 1551 622 1570 vero
637 1544 776 1571 terrestris
794 1543 920 1578 lndigena
938 1551 1040 1570 nuncu—

259 1595 348 1624 patus.
362 1590 393 1617 Hi
409 1590 620 1625 quisquiliarum
633 1597 696 1617 eum
720 1590 838 1617 lateritio
852 1589 910 1617 iuto
924 1589 1040 1617 miscen-

259 1638 368 1669 darum,
392 1636 535 1671 utriusque
550 1643 614 1663 vero
628 1636 693 1663 solis
708 1636 798 1663 calore
809 1635 964 1662 exsiccandi
979 1655 986 1668 ,
1008 1642 1040 1663 ac

260 1686 393 1709 tectorum
422 1681 526 1708 aedibus
547 1681 772 1715 imponendorum
802 1684 926 1708 auctores
952 1680 1038 1708 fuere.

260 1728 334 1755 Alios
349 1728 412 1754 item
427 1727 496 1755 duos
519 1731 705 1762 procrearunt,
723 1734 840 1761 quorum
857 1734 928 1754 unus
952 1726 1016 1762 Agri
1030 1747 1038 1760 ,

260 1774 327 1800 alter
339 1773 442 1800 Rustici
462 1773 519 1801 sive
535 1773 659 1806 agricola:
673 1780 772 1799 nomen
799 1772 911 1808 accepit.
927 1772 961 1800 Et
977 1773 1039 1800 huic

1052 1566 1073 1596 C

260 1819 368 1853 quidem
382 1818 557 1846 simulacrum
571 1818 672 1845 eximio
683 1819 757 1846 cultu
764 1819 917 1846 dedicatum
931 1824 982 1852 est,
995 1819 1041 1847 ad-

260 1865 316 1892 dito
329 1872 437 1900 quoque
454 1864 481 1891 in
509 1864 646 1891 Phoenice
654 1864 764 1899 templo,
794 1864 866 1898 quod
888 1865 922 1892 ab
937 1865 1040 1900 aliquot

258 1911 412 1944 jugatorum
430 1910 513 1937 boum
527 1910 637 1944 paribus
649 1910 821 1945 gestabatur:
838 1910 903 1945 quin
914 1910 996 1938 etiam
1011 1911 1038 1937 in

261 1960 378 1983 veterum
401 1955 479 1983 libris
501 1956 614 1983 deorum
630 1956 767 1984 maximus
778 1956 866 1992 elogio
881 1956 960 1991 plane
983 1957 1040 1984 sin—

259 2001 345 2036 gulari
361 2002 526 2030 nominatur.
540 2002 627 2029 Ambo
640 2007 767 2036 praeterea
775 2003 965 2030 construendis
979 2002 1040 2030 2di-

227 2040 230 2048 ’
258 2049 310 2075 bus
324 2055 379 2076 non
391 2048 480 2076 solum
495 2049 578 2080 atria,
593 2056 687 2076 verum
707 2049 790 2076 etiam
804 2048 886 2077 ducta
900 2049 928 2076 in
945 2049 1038 2076 orbem

259 2099 334 2129 septa
347 2102 409 2121 cum
425 2094 561 2129 speluncis
578 2094 712 2122 addidere.
727 2095 768 2122 Ab
783 2094 816 2122 iis
838 2099 892 2122 tam
908 2095 1040 2130 agricola-

260 2148 331 2172 rum,
343 2147 424 2174 quam
440 2144 610 2172 venatorum,
632 2138 679 2174 qui
695 2139 808 2167 canibus
825 2145 978 2172 uterentur,
991 2147 1039 2174 ge-

259 2192 312 2212 nus
330 2189 518 2220 propagatum.
544 2185 642 2212 Iisdem
657 2184 792 2212 Erronum
813 2193 846 2212 ac
861 2184 988 2212 Titanum
1002 2189 1041 2213 ate

260 2230 390 2257 tributum
410 2236 518 2257 nomen.
536 2229 619 2257 Filios
635 2230 769 2265 reliquere
784 2230 919 2265 Amynum
944 2234 971 2256 et
985 2229 1038 2256 Ma-
1056 2243 1076 2270 ο

259 2284 322 2310 gum
339 2296 347 2308 ,
370 2275 470 2311 quibus
491 2275 615 2303 villarum
640 2283 806 2311 gregumque
822 2275 981 2303 alendorum
998 2282 1040 2302 ra-

259 2322 347 2349 tiones
361 2320 485 2349 feruntur
498 2326 622 2356 acceptae.
647 2322 702 2357 36
713 2321 754 2349 Ex
773 2321 831 2349 istis
848 2321 905 2348 nati
916 2321 1000 2349 ΜίεοΓ
1011 2325 1039 2349 et

261 2366 358 2402 Sydyc,
371 2367 423 2394 hoc
435 2371 478 2395 est
490 2366 587 2395 Solutu
611 2367 721 2404 facilis,
742 2375 774 2395 ac
786 2366 893 2400 Justus,
911 2367 957 2402 qui
973 2368 1039 2396 salis

261 2420 340 2440 usum
354 2421 490 2448 reperere.
505 2409 589 2441 Μίεοτ
604 2414 688 2441 illium
707 2413 841 2441 Taautum
866 2414 961 2442 habuit
986 2414 1040 2449 prio

264 2466 367 2485 morum
380 2459 406 2486 in
413 2460 555 2487 scribendo
564 2460 757 2487 ehmentorum
770 2460 947 2494 inventorem,
960 2468 1039 2495 quem

264 2503 493 2540 (Egyptii'l'hoor,
507 2506 682 2534 Alexandrini
699 2506 815 2542 Tboyth,
836 2506 921 2534 Graeci
937 2507 1040 2535 Mercu-

296 2580 309 2594 ι
327 2573 372 2600 Ἴον
386 2575 467 2603 αὐτα.

296 2653 353 2688 (58)
370 2653 512 2693 Βιᾷλίοις.
528 2652 609 2693 Forte
631 2655 778 2693 reponem.
795 2651 926 2688 Βυϐλίοις,
940 2661 968 2684 ut
988 2654 1040 2693 By-

260 2688 465 2726 bliospopulos,
479 2696 533 2717 non
548 2691 630 2718 libros
646 2688 785 2726 intelligat.

296 2723 351 2759 (39)
367 2724 477 2760 Marb};
501 2725 550 2752 ml
571 2726 679 2753 Συδύκ.
703 2723 813 2753 Hebraea
841 2730 914 2760 sunt,
943 2726 1037 2756 ‘mﬂn

260 2758 388 2795 rectitude
396 2767 406 2791 ;
420 2763 448 2795 et
459 2762 526 2795 βπ,
537 2761 638 2795 justus.

295 2794 349 2829 (40)
480 2793 564 2823 um.
578 2796 631 2830 leg.
646 2794 717 2827 Θώθ,
734 2796 841 2830 melius,
855 2801 884 2823 ut
897 2796 1015 2823 arbitror
1027 2804 1035 2828 ;

259 2829 365 2856 tametsi
378 2833 528 2865 permutata
542 2830 586 2856 hic
600 2829 788 2865 Egyptiorum
803 2829 1036 2858 et'Alexandrino-

260 2872 319 2891 rum
348 2864 457 2891 nomina
485 2864 567 2892 videri
592 2864 707 2900 possint.
727 2864 813 2899 Supra
833 2866 906 2893 enim
933 2873 992 2901 cap.
1007 2865 1034 2899 9,

510 2993 531 3008 κ
559 3008 567 3014 ν

1096 158 1186 187 PARS
1203 158 1236 186 ll.
1256 173 1292 179 —
1311 158 1549 186 APOLOGETICA
1834 156 1869 183 80

1090 217 1156 251 φοὺς
1182 216 1264 244 αὐτοῦ
1292 217 1397 252 τοίχους
1421 217 1501 251 φασιν
1524 215 1664 251 ἐπινοῆσαι
1686 215 1719 242 ὲκ
1743 214 1871 244 πλίνθων.

1092 263 1159 298 μετὰ
1172 262 1257 290 ταῦτα
1273 264 1304 289 ἐκ
1319 262 1366 289 τοῦ
1379 262 1473 297 γένους
1489 262 1583 289 τούτου
1605 260 1730 295 γενέσθαι
1750 259 1875 292 νεανίδας

1090 310 1145 340 δύο,
1170 309 1309 336 καλεῖσθαι
1331 309 1359 334 δὲ
1382 308 1471 335 αὐτῶν
1493 308 1538 334 τὸν
1560 308 1608 342 μὲν
1628 306 1768 342 Τεχνίτην,
1784 306 1828 331 τὸν
1843 305 1872 332 δὲ

1092 355 1184 390 γήϊνον
1205 355 1364 389 Λὺτὸχθονα.
1388 351 1467 380 Οὗτοι
1491 353 1640 388 ἐπενόησαν
1658 352 1696 387 τῷ
1719 351 1796 387 πηλῷ
1823 352 1872 386 τῆς

1091 401 1200 427 πλίνθου
1223 400 1402 436 συμμιΥνὺειν
1416 400 1541 435 φορυτὺν,
1559 399 1605 426 καὶ
1618 398 1656 434 τῷ
1670 398 1737 433 ἡλίῳ
1758 397 1843 429 αὐτὰς
1857 403 1871 417 ι

1090 448 1249 483 τερσαινειν,
1269 446 1337 473 ἀλλὰ
1357 446 1402 472 καὶ
1427 446 1524 480 στέγας
1539 444 1658 480 ἐξεῦρον.
1685 443 1750 470 Ἀπὸ
1770 442 1872 469 τούτων

1090 493 1211 525 ἐγένοντο
1238 493 1335 529 ἕτεροι,
1357 489 1393 519 ὧν
1418 492 1432 518 ὁ
1460 491 1509 527 μὲν
1539 490 1633 526 Ἀγρὸς
1655 490 1786 521 ἐκαλεῖτο,
1805 490 1820 515 ὁ
1844 489 1872 515 δὲ

1097 538 1259 574 Ἀγρούηρος
1278 538 1294 573 ἢ
1321 537 1461 574 Ἀγρότης,
1484 534 1514 564 οὗ
1534 537 1580 563 καὶ
1604 536 1695 568 ξόανον
1711 533 1778 562 εἶναι
1801 534 1872 570 μάλα

1091 584 1246 619 σεϐάσμιον,
1273 584 1320 610 καὶ⁹
1352 583 1414 609 ναὸν
1434 583 1667 618 ζυγοφορούμενον
1691 582 1720 607 ὲν
1741 580 1870 616 Φοινίκῃ’

1091 628 1164 663 παρὰ
1175 629 1203 655 δὲ
1216 628 1326 663 βιϐλίοις
1339 627 1393 663 (58)
1408 627 1552 664 ἐξαιρέτως
1567 626 1635 653 θεῶν
1649 626 1662 652 ὁ
1678 626 1803 661 μέγιστος
1815 626 1872 651 ὀνο-

1092 673 1215 709 μάζεται.
1235 674 1397 708 Ἐπενόησαν
1411 673 1438 700 δὲ
1453 671 1523 700 οὗτοι
1540 672 1622 703 αὐλὰς
1632 670 1805 707 προστιθέναι
1817 672 1872 702 τοῖς

1090 720 1183 752 οῐκοις,
1205 720 1251 746 καὶ
1277 719 1452 755 περιϐόλαια,
1474 719 1520 745 καὶ
1539 718 1667 753 σπήλαια.
1699 716 1747 743 Ἐκ
1769 716 1871 742 τούτων

1091 766 1203 801 ἀγρόται
1218 767 1263 792 καὶ
1279 766 1400 800 κυνηγοί.
1423 762 1503 792 Οἶιτοι
1525 765 1553 791 δὲ
1568 765 1615 791 καὶ
1635 763 1742 798 Ἀλῆται
1763 763 1810 789 καὶ
1825 762 1872 787 Τι-

1090 813 1169 844 τᾶνες
1188 811 1340 838 καλοῦνται.
1370 811 1435 837 Ἀπὸ
1463 810 1564 837 τούτων
1591 808 1716 844 γενέσθαι
1760 805 1871 842 Ἀμύνον

1091 858 1137 884 καὶ
1151 858 1255 890 Μάγον,
1277 857 1301 882 οἳ
1319 856 1474 888 κατέδειξαν
1489 856 1583 890 κῶμας
1597 855 1642 882 καὶ
1659 854 1784 889 ποίμνας.
1804 852 1872 879 Ἀπὸ

1090 902 1191 928 τούτων
1214 901 1338 935 γενέσθαι
1358 900 1455 936 Μισὼρ
1480 901 1526 927 καὶ
1550 900 1635 926 Συδὺκ
1654 899 1719 933 (39),
1734 898 1873 924 τουτέστιν

1089 947 1199 974 εὔλυτον
1214 948 1261 974 καὶ
1273 947 1385 974 δίκαιον.
1407 945 1485 974 Οὗτοι
1506 946 1554 982 τὴν
1574 945 1620 972 τοῦ
1639 945 1700 977 ἁλὸς
1714 945 1811 980 χρῆσιν
1827 942 1872 969 εὗ-

1091 1001 1145 1028 ρον.
1171 993 1236 1019 Ἀπὸ
1253 992 1350 1029 Μισὼρ
1365 992 1497 1024 Τάαυτος,
1512 992 1540 1023 ὃς
1551 990 1612 1027 εὗρε
1627 991 1674 1026 τὴν
1688 991 1742 1017 τῶν
1757 989 1871 1025 πρώτων

1090 1040 1227 1075 στοιχείων
1252 1041 1377 1075 γραφήν·
1404 1039 1434 1066 ὃν
1456 1039 1597 1073 Αἰγύπτιοι
1624 1038 1673 1073 μὲν
1695 1036 1778 1072 Θωὼρ
1804 1036 1871 1071 (40),

1096 1085 1278 1121 Ἀλεξανδρεῖς
1299 1086 1326 1112 δὲ
1347 1085 1436 1117 suae,
1458 1084 1586 1120 ’Έλληνες
1607 1085 1635 1111 δὲ
1656 1084 1756 1119 Ἑρμῆν
1775 1083 1871 1109 ἐκάλε-

1091 1141 1154 1159 σαν·
1172 1133 1204 1158 ἐκ
1224 1131 1252 1158 δὲ
1272 1131 1317 1158 τοῦ
1342 1132 1440 1162 Συδὺκ,
1465 1129 1664 1166 Διόσκουροι,ῆ
1687 1129 1828 1164 Καϐειροὶ,
1854 1128 1871 1163 ἦ

1090 1177 1271 1213 Κορύϐαντες,
1296 1178 1312 1213 ἦ
1339 1177 1522 1213 Σαμοθρᾷκες.
1550 1173 1640 1207 Οὗτοι,
1668 1176 1743 1210 φησὶ,
1767 1175 1872 1211 πρῶτοι

1090 1224 1180 1250 πλοῖον
1203 1221 1290 1258 εὗρον.
1312 1223 1365 1249 Ἐκ·
1377 1222 1478 1249 τούτων
1496 1222 1638 1256 γεγόνασιν
1657 1221 1754 1256 ἕτεροι,
1777 1220 1800 1247 οἳ
1824 1220 1872 1247 καὶ

1090 1270 1202 1306 βοτάνας
1217 1267 1305 1305 εὗρον,
1321 1270 1367 1296 καὶ
1379 1268 1429 1304 τὴν
1442 1268 1494 1295 τῶν
1509 1268 1627 1295 δακετῶν
1645 1269 1726 1298 ἴασιν,
1741 1267 1787 1294 καὶ
1799 1269 1872 1302 ἐπῳ-

1092 1316 1151 1347 δὰς,
1168 1316 1246 1342 Κατὰ
1267 1315 1378 1347 τούτους
1391 1315 1494 1349 γίνεται
1519 1323 1560 1345 τις
1582 1313 1684 1340 Ἐλιοίν
1708 1313 1871 1349 καλούμενος

1091 1361 1231 1396 "Td/toros,
1247 1361 1294 1387 καὶ
1308 1360 1401 1396 θήλεια
1413 1360 1546 1395 λεγομένη
1560 1359 1675 1394 Βηροὺθ,
1685 1359 1708 1385 οἳ
1722 1359 1767 1385 καὶ
1784 1359 1872 1393 κατῴ-

1090 1415 1153 1433 κουν
1170 1407 1234 1442 περὶ
1246 1405 1357 1437 Βύϐλον,
1372 1405 1401 1438 ἐξ
1416 1402 1453 1432 ὧν
1465 1405 1591 1439 γεννᾶται
1607 1405 1740 1438 Ἐπίγειος
1753 1404 1769 1438 ἢ
1787 1404 1871 1429 Αὐτό-

1090 1451 1171 1486 χθων,
1179 1451 1209 1478 ὃν
1222 1450 1333 1487 ὕστερον
1345 1451 1474 1478 ἐκάλεσαν
1486 1450 1614 1485 Οὐρανόν
1624 1450 1662 1481 ὼς
1676 1450 1722 1476 ἀπ’
1734 1449 1814 1476 αὐτοῦ
1825 1450 1871 1476 καῖ

1089 1497 1119 1523 τὸ
1134 1498 1203 1532 ὑπὲρ
1218 1498 1292 1532 ἡμᾶς
1309 1498 1449 1532 στοιχεῖον,
1464 1496 1498 1523 δι’
1519 1495 1669 1531 ὑπερϐολὴν
1686 1496 1732 1522 τοῦ
1756 1496 1870 1526 κάλλους

1090 1543 1232 1579 ὀνομάζειν
1247 1542 1370 1578 οὐρανόν.
1384 1542 1513 1569 Γεννᾶται
1523 1541 1552 1568 δὲ
1565 1541 1649 1576 τούτῳ
1663 1541 1763 1576 ἀδελφὴ
1774 1542 1806 1567 ὲκ
1817 1541 1872 1566 τῶν

1091 1589 1304 1626 προειρημένων,
1320 1588 1337 1623 ἢ
1358 1588 1403 1615 καὶ
1418 1587 1519 1623 ἐκλήθη
1535 1587 1583 1622 Γῆ,
1599 1587 1645 1614 καὶ
1659 1586 1702 1613 διὰ
1718 1586 1748 1612 τὸ
1763 1586 1872 1618 κάλλος,

1088 1636 1136 1662 ἀπ’
1150 1635 1246 1670 αὐτῆς,
1265 1636 1358 1670 φησὶν,
1374 1634 1504 1661 ἐκάλεσαν
1525 1634 1573 1669 τὴν
1596 1632 1738 1668 ὁμώνυμον
1757 1633 1818 1668 γῆν.
1841 1633 1870 1659 '0

1089 1680 1116 1707 δὲ
1138 1680 1241 1706 τούτων
1261 1679 1353 1715 πατὴρ
1377 1680 1391 1705 ὁ
1415 1679 1544 1714 Ὕψιστος
1563 1679 1596 1705 ὲκ
1618 1677 1754 1713 συμϐολῆς
1769 1677 1872 1713 θηρίων

1088 1726 1250 1762 τελευτήσας
1264 1725 1414 1761 ἀφιερώθη,
1429 1722 1451 1759 ᾧ
1466 1725 1511 1752 καὶ
1528 1725 1592 1760 χοὰς
1606 1724 1652 1751 καὶ
1667 1724 1762 1755 θυσίας
1775 1724 1798 1749 οἱ
1812 1725 1872 1749 παῖ-

1088 1771 1132 1803 δες
1152 1772 1286 1799 ἐτέλεσαν.
1303 1771 1469 1807 Παραλαϐὼν
1483 1771 1511 1797 δὲ
1527 1772 1540 1796 ὀ
1557 1770 1677 1806 Οὐρανὸς
1691 1769 1739 1805 τὴν
1754 1768 1800 1795 τοῦ
1819 1777 1871 1795 πα-

1089 1818 1151 1854 τρὸς
1163 1817 1259 1853 ἀρχὴν,
1271 1818 1365 1852 ἄγεται
1379 1816 1446 1852 πρὸς
1456 1817 1544 1851 γάμον
1558 1816 1605 1851 τὴν
1619 1815 1734 1850 ἀδελφὴν
1747 1814 1809 1850 Γῆν,
1825 1814 1871 1839 καὶ

1088 1865 1204 1890 ποιεῖται
1220 1863 1248 1896 ἐξ
1265 1863 1349 1897 αὐτῆς
1364 1862 1460 1893 παῖδας
1475 1861 1507 1893 δ’,
1534 1859 1615 1892 Ἶλον,
1632 1862 1660 1888 ὃν
1689 1862 1736 1888 καὶ
1755 1861 1869 1896 Κρόνον,

1089 1911 1134 1937 καὶ
1158 1910 1279 1942 Βὲτυλον,
1305 1910 1352 1936 καὶ
1373 1909 1468 1943 Δαγὼν
1492 1911 1559 1944 (Η),
1584 1909 1612 1940 ὃς
1635 1909 1693 1934 ἐστι
1715 1908 1807 1938 Σίτων,
1825 1909 1871 1935 καὶ

1091 1958 1234 1983 Ἄτλαντα.
1249 1951 1303 1984 Καὶ
1320 1957 1349 1989 ἐξ
1363 1957 1448 1984 ἄλλων
1461 1956 1490 1983 δὲ
1503 1956 1627 1991 γαμετῶν
1642 1957 1655 1983 ὁ
1671 1955 1793 1991 Οὐρανὸς
1808 1955 1871 1980 πολ-

1089 2004 1136 2041 λὴν
1150 2004 1212 2040 ἔσχε
1223 2004 1330 2038 γενεάν.
1346 2004 1391 2030 Διὸ
1409 2003 1456 2030 καὶ
1467 2002 1663 2037 χαλεπαίνουσα
1677 2002 1694 2036 ἡ
1706 2000 1755 2035 Γῆ,
1768 2001 1813 2026 τὸν
1823 2001 1872 2027 Οὑ-

1089 2050 1168 2087 ρανὸν
1183 2050 1369 2086 ζηλοτυποῦσα
1383 2049 1519 2081 ἐκάκιζεν,
1532 2048 1569 2079 ὼς
1584 2048 1630 2074 καὶ
1641 2047 1778 2082 διαστῆναι
1791 2047 1871 2082 ἀλλή-

1088 2096 1151 2124 λων.
1172 2096 1200 2123 '0
1213 2096 1240 2123 δὲ
1258 2097 1376 2132 Οὐρανὸς
1395 2095 1574 2130 ἀποχωρήσας
1597 2093 1691 2128 αὐτῆς,
1712 2093 1780 2129 μετὰ
1799 2092 1869 2127 βίας,

1088 2143 1131 2169 ὅτε
1151 2143 1197 2169 καὶ
1215 2142 1340 2169 ἐϐούλετο
1354 2142 1447 2173 ἐπιὼν,
1460 2141 1506 2167 καὶ
1523 2139 1677 2175 πλησιάζων
1699 2139 1778 2175 αὐτῇ,
1790 2138 1870 2166 πάλιν

1088 2188 1282 2224 ἀπηλλάττετο.
1301 2187 1451 2222 Ἐπεχεῑρει
1463 2186 1491 2213 δὲ
1503 2186 1622 2217 καὶτοὺς
1636 2184 1666 2217 ἑξ
1677 2185 1760 2220 αὐτῆς
1772 2185 1870 2216 παῖδας

1088 2233 1261 2269 διαφθείρειν,
1276 2233 1325 2268 τὴν
1340 2233 1368 2258 δὲ
1379 2233 1432 2267 Γῆν
1442 2231 1594 2267 ἀμύνασθαι
1607 2231 1745 2264 πολλάκις,
1763 2239 1869 2265 συμμα-

1088 2277 1148 2312 χίαν
1168 2277 1235 2312 αὐτῇ
1253 2276 1460 2311 συλλεξαμένην.
1479 2276 1524 2308 Εἰς
1547 2276 1645 2312 ἄνδρας
1658 2276 1686 2302 δὲ
1701 2275 1837 2311 προελθὼν
1855 2276 1870 2301 ὁ

1089 2323 1210 2359 Κρόνος,
1248 2322 1334 2359 Ἐρμῇ
1360 2322 1401 2357 τῷ
1431 2322 1621 2357 Τρισμεγίστῳ
1652 2321 1794 2358 συμϐούλῳ
1823 2321 1870 2347 καὶ

1091 2369 1179 2405 βατὶθῷ
1198 2365 1438 2405 χρώμενοςγ“οῧτος
1453 2367 1506 2403 γὰρ
1524 2365 1558 2403 ἦν
1580 2367 1662 2395 αὑτοῦ
1679 2367 1868 2402 γραμματεὺς,

1090 2417 1135 2442 τὸν
1150 2416 1254 2451 πατέρα
1278 2414 1398 2450 Οὐρανὸν
1412 2414 1555 2449 ἀμύνεται,
1570 2414 1698 2449 τιμωρῶν
1719 2414 1752 2448 τῇ
1775 2413 1867 2448 μητρί.

1090 2461 1193 2496 Κρόνου
1214 2461 1242 2487 δὲ
1267 2460 1385 2494 γίνονται
1397 2459 1501 2491 παῖδες,
1520 2459 1675 2495 Περσεφόνη
1690 2459 1736 2484 καὶ
1759 2457 1867 2492 Ἀθηνᾶ.

1095 2508 1126 2534 Ἦ
1139 2507 1187 2542 μὲν
1201 2504 1247 2533 οὖν
1267 2506 1361 2542 πρώτη
1378 2505 1510 2542 παρθένος
1524 2505 1660 2532 ὲτελεύτα’
1675 2504 1724 2538 τῆς
1737 2503 1765 2530 δὲ
1790 2503 1870 2538 Ἀθη-

1091 2653 1149 2684 sub
1166 2655 1258 2690 linem,
1278 2655 1383 2692 Thoytli
1409 2650 1552 2691 Egyptiis.
1568 2653 1658 2681 Thom
1673 2660 1738 2681 vero
1751 2654 1869 2684 Alexan-

1088 2692 1173 2721 drinis
1185 2691 1329 2724 tribuerat;
1347 2691 1390 2718 hic
1404 2696 1507 2718 contra.

1123 2726 1177 2762 (Μ)
1196 2725 1306 2762 Δαγὼν.
1326 2725 1467 2762 Hebraeum
1483 2730 1524 2753 est
1542 2724 1788 2762 F‘l._frm§en_tgtm;
1803 2732 1867 2752 nam

1086 2766 1113 2788 et
1127 2758 1180 2788 'hie
1206 2758 1286 2789 eam
1303 2761 1468 2795 explicatur;
1484 2765 1511 2787 et
1522 2758 1572 2795 113'!
1594 2759 1639 2795 ille
1665 2758 1866 2795 Philistaeorum

1087 2796 1164 2828 deus,
1180 2795 1306 2822 frumenti
1318 2794 1427 2830 praeses.
1436 2794 1501 2830 Mox
1514 2794 1606 2830 n'_oster
1618 2794 1867 2830 Sancltuniatboms

1085 2838 1134 2866 ore
1149 2827 1193 2866 {'U
1216 2830 1243 2857 δὲ
1268 2827 1372 2864 Δαγὼν,
1394 2829 1487 2865 ἐπειδὴ
1512 2827 1572 2866 εὗρε
1586 2831 1658 2857 σῖτον
1673 2829 1720 2857 καὶ
1740 2829 1865 2866 ἄροτρον,

1086 2865 1187 2902 ἐκλήθη
1202 2865 1269 2897 Ζεὺς
1289 2866 1438 2902 ’Λρότριοςι
1761 2865 1765 2866 ⁷
1856 2892 1858 2895 ,
