2064 3212
726 222 886 250 ΡΒᾸΞΡᾹΚ.
908 222 1034 251 EVANG.
1056 221 1120 250 LIB.
1141 224 1164 252 l.

1731 225 1766 253 ες

142 279 189 311 vi:
197 279 296 316 γνώμῃ
304 280 355 306 καὶ
362 279 661 315 ⁸Ερμοῦ,κατεσκεύασε
670 282 774 317 Κρόνος
782 282 813 308 ἐκ
825 281 932 317 σιδήρου

985 282 1055 309 rium
1069 282 1256 310 nominarunt.
1275 281 1314 309 Ex
1328 281 1417 318 Syilyc
1433 290 1497 310 vero
1514 282 1648 315 Dioscuri,
1659 289 1706 309 seu
1718 281 1766 310 Ca-

146 327 232 362 ἆρπην
241 327 290 353 καὶ
297 326 377 362 δόρυ.
390 324 456 353 Εἶτα
465 327 479 353 ὁ
486 327 588 362 Ἐρμῆς
594 328 651 359 τοῖς
658 327 704 354 τοῦ
714 328 816 363 Κρόνου
830 328 936 363 συμμά-

146 381 201 409 χοις
216 372 314 406 λόγους
330 373 448 407 μαγείας
459 372 617 408 διαλεχθεὶς,
633 373 714 400 πόθον
729 373 869 408 ἐνεποίησε
879 374 935 404 τοῖς

146 418 204 444 κατ’
219 417 343 453 Οὐρανὸν
353 425 367 438 ι
380 418 470 453 μάχης
481 419 549 453 ὑπὲρ
561 418 611 453 τῆς
621 419 683 454 Γῆς,
693 420 743 446 καὶ
752 418 821 446 οὕτω
832 419 935 454 Κρόνος

146 465 191 490 τὸν
199 463 329 498 οὐρανὸν,
339 462 451 498 πολέμῳ
460 462 616 498 συμϐαλὼν,
625 463 674 498 τῆς
685 463 770 499 ἀρχῆς
782 463 876 498 ήλασε,
888 463 934 490 χαὶ

147 508 196 544 τὴν
213 507 351 543 βασιλείαν
368 507 510 540 διεδέξατο.
533 508 618 535 Ἑάλω
629 509 657 535 δὲ
671 509 699 535 ὲν
713 511 745 544 τῇ
763 509 835 544 μάχῃ
852 509 899 536 καὶ
917 509 934 544 ἠ

149 553 298 589 ἐπέραστος
314 554 362 580 τοῦ
380 554 501 590 οὐρανοῦ
513 554 653 588 σύγκοιτος
668 554 795 590 ἐγκύμων
815 553 892 586 οὖσα,
902 556 934 591 ήν

147 600 286 626 ἐκδίδωσιν
301 600 316 626 ό
334 600 438 636 Κρόνος
448 600 516 636 πρὸς
531 601 619 636 γάμον
631 600 670 636 τῷ
684 600 799 642 Δαγιξνι,
809 602 895 628 τίκτει
906 602 934 629 δὲ

149 644 224 680 παρὰ
236 645 323 680 τούτῳ
338 645 353 672 ὃ
366 645 436 673 κατὰ
449 646 566 682 γαστρὸς
589 646 619 678 ἐξ
647 646 770 682 Οὐρανοῦ
796 646 902 683 ἔφερεν,
921 647 935 673 ὃ

147 691 195 718 καὶ
208 691 323 718 ἐκάλεσε
338 691 492 728 Δημαροῦν.
513 693 573 718 Ἐπὶ
582 692 688 724 τούτοις
698 693 712 719 ό
730 693 833 728 Κρόνος
846 694 934 729 τεῖχος

146 737 305 773 περιὸἀλλει
331 739 365 774 τῇ
395 738 491 765 ἑαυτοῦ
514 738 636 774 οἰκήσει,
662 739 709 766 καὶ
726 739 836 775 πρώτην
857 739 934 766 πόλιν

147 783 232 816 κτίζει
254 785 304 821 τὴν
326 785 373 811 ἐπὶ
401 785 527 820 Φοινὲκης
551 783 660 812 Βύϐλον.
679 785 757 812 Μετὰ
783 785 870 812 ταῦτα
888 785 933 812 τὸν

146 829 260 863 ἀδελφὸν
273 830 320 857 τὸν
331 830 395 857 [διον
410 830 543 862 Ἄτλαντα
560 831 711 866 ὑπονοήσας
726 831 741 857 ό
756 831 869 867 Κρόνος,
883 839 932 867 με·

147 876 183 902 τὰ
194 876 307 912 γνώμης
321 877 368 904 τοῦ
388 877 487 914 Ἑρμοῦ
499 879 540 910 εἰς
553 878 633 913 βάθος
645 878 697 913 γῆς
714 878 840 913 ἐμϐαλὼν
852 878 932 906 κατε-

147 931 229 957 χιοσε.
243 922 320 949 Κατὰ
333 923 426 950 τοῦτον
437 923 530 959 χρόνον
538 924 563 950 οἱ
572 924 626 950 ἀπὸ
633 923 686 950 τῶν
694 923 864 960 Διοσκούρων
875 933 933 961 σχε-

147 967 206 999 δίας
220 969 266 996 καὶ
280 969 359 996 πλοῖα
371 970 522 1002 συνθέντες,
539 970 683 1002 ἔπλευσαν,
709 970 757 998 καὶ
772 959 932 1006 ἐκριφέντες
947 959 969 987 Β

147 1013 215 1040 κατὰ
230 1013 261 1040 τὸ
275 1015 394 1042 Κάσσιον
410 1015 482 1050 όρος,
508 1015 570 1042 ναὸν
598 1015 690 1042 αὐτόθι
714 1015 879 1050 ὰφιὲρωσαν.
900 1017 931 1043 οι

147 1059 175 1086 δὲ
186 1059 325 1097 σύμμαχοι
340 1061 422 1093 Ἴλου,
439 1061 486 1088 τοῦ
510 1062 626 1098 Κρόνου,
650 1062 765 1097 Ἐλωεὶμ
782 1062 934 1098 ἐπεκλήθη-

147 1114 207 1139 σαν,
221 1107 259 1140 ὡς
270 1107 304 1136 ἂν
317 1109 427 1146 Κρόνιοι
446 1107 518 1136 οὗτοι
534 1107 603 1145 ἦσαν
617 1109 641 1135 οἱ
653 1109 793 1144 λεγόμενοι
809 1109 854 1136 ἐπὶ
861 1109 933 1145 Κρό-

147 1161 206 1181 νου.
224 1154 326 1190 Κρόνος
341 1155 371 1181 δὲ
385 1155 443 1182 υἱὸν
459 1155 528 1190 ἔχων
541 1154 660 1187 Σάδιδον,
684 1154 742 1190 ἰδίῳ
767 1155 848 1182 αὑτὸν
864 1155 934 1191 σιδή-

146 1207 188 1234 ρῳ
203 1199 373 1235 διεχρήσατο,
384 1200 418 1227 δι’
437 1201 563 1232 ὑπονοίας
576 1200 656 1227 αὐτὸν
667 1200 801 1236 ἐσχηκὼς,
819 1201 866 1227 καὶ
881 1201 932 1236 τῆς

147 1243 244 1280 ψυχῆς,
259 1246 387 1281 αὐτόχειρ
411 1245 456 1272 τοῦ
476 1246 570 1278 παιδὸς
591 1246 743 1280 γενόμενος,
775 1247 929 1281 ὲστέρησεν.

152 1290 288 1322 Ὡσαύτως
304 1292 351 1318 καὶ
364 1291 496 1328 θυγατρὸς
510 1291 577 1323 ιδίας
588 1291 636 1327 τὴν
652 1292 773 1328 κεφαλὴν
783 1292 929 1327 ἀπέτεμεν·

146 1337 186 1366 εἰς
202 1335 306 1368 πάντας
317 1336 506 1372 ἐκπεπλῆχθαι
521 1337 598 1369 Θεοὺς
623 1337 672 1373 τὴν
692 1337 796 1372 Κρόνου
808 1336 928 1372 γνώμην.

147 1379 249 1416 Χρόνου
260 1381 290 1408 δὲ
302 1382 451 1419 προϊόντος,
465 1382 584 1418 οὐρανὸς
594 1383 623 1409 ὲν
633 1382 705 1418 φυγῇ
720 1382 869 1418 τυγχάνων,
885 1381 932 1408 θυ-

147 1425 249 1460 γατέρα
262 1426 344 1453 αὐτοῦ
357 1426 491 1462 παρθένον
516 1427 665 1463 Ἀστάρτην
695 1427 751 1462 μεθ’
767 1426 867 1462 ἐτέρων
882 1427 931 1453 αὺο

985 328 1048 359 biri,
1064 335 1112 355 seu
1129 328 1308 363 Corybantes,
1324 336 1372 356 seu
1380 329 1496 364 denique
1507 328 1698 356 Samothraces
1712 328 1767 356 ori-

985 374 1074 408 ginem
1089 380 1229 408 accepere.
1249 373 1352 401 Amhos
1366 381 1476 409 quoque
1502 374 1638 409 navigium
1663 373 1767 408 primos

984 419 1154 455 excogitasse
1168 418 1269 447 ferunt.
1286 418 1327 446 Ab
1345 425 1462 455 utroque
1477 420 1611 455 procreati
1639 419 1697 452 alii,
1719 419 1766 454 qui

984 472 1039 498 non
1053 465 1152 492 herbas
1160 465 1252 497 modo,
1262 465 1309 492 sed
1321 465 1403 492 etiam
1417 469 1612 492 venenatorum
1627 472 1766 492 morsuum

985 509 1154 537 curationem
1195 513 1222 538 et
1260 508 1399 536 contiones
1432 509 1568 535 invenere.
1599 506 1764 536 Eorumdem

983 558 1066 582 εωισ
1076 559 1156 582 natus
1176 558 1220 582 est
1238 553 1317 581 Eliun
1335 554 1445 589 quidam
1463 553 1573 581 nomine
1589 553 1765 585 Altissimus.

984 599 1104 635 itemque
1120 599 1220 631 femina
1242 599 1342 628 Beruth
1370 599 1512 634 appellata.
1537 598 1570 626 Hi
1598 599 1657 627 loca
1681 599 1767 635 Byblo

983 645 1072 674 vicina
1083 651 1194 674 tenuere
1212 652 1245 673 ac
1259 644 1426 673 Terrestrem
1449 645 1595 680 quemdam
1621 645 1678 673 sive
1696 645 1765 672 indi-

983 698 1080 726 genam
1092 692 1197 719 Caelum
1210 696 1304 726 postea
1320 695 1508 725 nuncupatum
1525 698 1661 726 genuere,
1679 699 1695 718 a
1710 698 1770 725 quo.

982 738 1064 766 etiam
1083 737 1150 765 illud
1162 737 1278 766 sublime
1296 737 1462 766 elementum
1480 756 1488 770 ,
1515 737 1588 771 quod
1616 744 1698 772 supra
1715 745 1766 764 nos

983 784 1111 817 volvitur;
1126 787 1237 819 propter
1255 782 1384 810 eximiam
1400 782 1614 817 pulchritudinis
1625 789 1656 810 ac
1672 782 1766 809 formis

982 829 1099 864 speciem
1107 829 1213 862 Caelum
1228 832 1373 856 vocarunt.
1386 828 1412 856 ls
1425 834 1548 855 sororem
1563 827 1658 854 habuit
1669 827 1764 854 iisdem

982 875 1140 911 parentibus
1157 879 1258 907 natam,
1272 875 1315 901 cui
1331 881 1430 901 nomen
1447 873 1533 901 Terra
1545 892 1553 905 ,
1568 873 1640 908 quod
1657 877 1766 907 propter

983 922 1148 958 singularem
1163 921 1223 956 ejus
1236 921 1360 955 corporis
1372 919 1544 956 dignitatem,
1557 927 1618 946 cum
1632 925 1673 949 ea.
1683 926 1766 953 quam

984 973 1084 996 terram
1100 974 1239 1000 vocamus,
1273 970 1366 1001 postea
1394 965 1643 993 communicarunt.
1665 964 1767 992 Parens

982 1019 1072 1041 autem
1100 1013 1208 1040 illorum
1225 1012 1400 1045 Altissimus,
1416 1019 1478 1040 cum
1495 1010 1614 1039 ferarum
1634 1018 1765 1045 congres-

982 1061 1060 1088 sione
1074 1060 1210 1095 periisset,
1225 1059 1338 1087 deorum
1356 1058 1383 1085 in
1408 1064 1552 1084 numerum
1574 1061 1616 1086 est
1641 1056 1744 1084 relatus
1756 1075 1767 1090 ,

982 1113 1064 1141 quem
1077 1105 1255 1132 libationibns
1269 1110 1302 1130 ac
1314 1102 1457 1130 sacriﬁciis
1478 1101 1555 1129 liberi
1581 1101 1701 1131 coluere.
1732 1102 1767 1128 At

981 1151 1073 1182 Catius
1086 1152 1131 1178 ubi
1149 1155 1292 1186 paternum
1305 1150 1334 1177 in
1344 1149 1487 1184 imperium
1495 1147 1684 1180 successisset,
1697 1146 1765 1174 Ter-

983 1205 1040 1224 ram
1055 1204 1176 1224 sororem
1188 1195 1363 1224 matrimonio
1384 1201 1477 1222 secum
1501 1193 1593 1229 junxit
1604 1213 1612 1226 ,
1632 1200 1664 1219 ex
1679 1200 1766 1227 eaque

982 1242 1082 1270 liberos
1095 1247 1213 1278 quatuor
1228 1241 1358 1277 suscepit,
1372 1241 1459 1272 illum,
1468 1240 1515 1275 qui
1530 1239 1665 1271 Saturnus
1677 1238 1765 1266 dictus

981 1294 1034 1323 est,
1049 1289 1183 1326 Betylum,
1195 1289 1344 1325 Dagonem,
1361 1288 1407 1323 qui
1419 1287 1489 1319 Sito,
1506 1287 1558 1314 hoc
1573 1291 1616 1314 est
1633 1284 1764 1317 frumenti

981 1342 1098 1370 praises;
1110 1335 1283 1367 nominatur,
1301 1338 1328 1362 ct
1352 1333 1498 1360 Atlantem.
1522 1331 1563 1358 Ex
1587 1330 1647 1358 aliis
1673 1334 1763 1358 autem

982 1380 1113 1408 uxoribus
1128 1380 1264 1416 ingentem
1279 1379 1425 1406 liberorum
1441 1376 1642 1405 multitudinem
1652 1375 1762 1412 genuit:

982 1426 1008 1454 id
1020 1426 1093 1462 quod
1108 1426 1176 1455 adeo
1194 1433 1275 1460 grave
1289 1429 1317 1452 et
1327 1423 1455 1451 acerbum
1483 1423 1574 1451 Terra:
1589 1423 1686 1450 accidit
1701 1442 1708 1452 ,
1734 1425 1764 1448 ut

146 1469 192 1504 τῆς
210 1469 333 1505 ἀδελφῶν
348 1471 404 1503 δύο,
423 1471 502 1503 Ῥέας
520 1472 565 1498 καὶ
581 1471 693 1507 Διώνης,
714 1471 783 1507 δόλῳ
796 1472 842 1498 τὸν
858 1471 931 1507 Κρό-

982 1471 1112 1507 zelotypia
1124 1470 1326 1499 vehementiore
1342 1476 1484 1500 succensa,
1509 1467 1557 1495 abs
1581 1467 1656 1495 οωιο
1671 1466 1764 1493 multis

146 1524 189 1542 νον
199 1516 305 1546 ἀνελεῖν
320 1518 486 1553 ὑποπέμπει·
502 1517 536 1550 ἃς
550 1518 596 1544 καὶ
611 1517 678 1552 ἑλὼν
691 1519 706 1545 ό
722 1518 826 1553 Κρόνος
839 1526 931 1554 κουρι-

146 1561 203 1594 δίας
217 1563 340 1597 γαμετὰς
358 1563 473 1597 ἀδελφὰς
491 1563 574 1596 οὔσας
601 1565 757 1599 ἐποιήσατο.
772 1563 854 1595 Γνοὺς
869 1563 898 1589 δὲ
916 1564 930 1590 ό

146 1609 277 1643 Οὖρανδς,
292 1609 480 1645 ἐπιστρατεύει
492 1609 559 1637 κατὰ
573 1610 619 1637 τοῦ
634 1610 738 1645 Κῷνου
754 1609 929 1645 Εἱμαρμένην
943 1627 963 1655 c

146 1655 191 1681 καὶ
209 1655 295 1691 Ὥραν
308 1644 480 1690 μεθ’γὲτέρων
510 1644 671 1692 συμμάχων,
694 1656 740 1682 καὶ
751 1644 852 1686 caiisa;
865 1655 931 1686 ὲξοι-
943 1644 964 1655 υ

145 1700 329 1735 κειωσάμενος
341 1701 355 1726 ὁ
369 1700 479 1736 Κρόνος,
487 1701 551 1736 παρ’
574 1700 661 1736 ἑαυτῷ
672 1701 812 1735 κατέσχεν.
823 1700 882 1726 Ἔτι
892 1700 931 1732 δὲ,

145 1745 239 1780 φησὶν,
255 1745 389 1780 ἐπενόησε
411 1745 472 1776 θεὸς
482 1745 602 1781 οὐρανὸς
621 1745 757 1772 Βαιτύλια.
774 1746 861 1778 λίθους
879 1747 931 1780 ἑμ-

145 1791 246 1827 ψύχους
275 1792 512 1826 μηχανησάμενος.
547 1791 642 1826 Κρόνῳ
668 1791 697 1817 δὲ
728 1792 851 1825 ἐγένοντο
877 1791 931 1818 ἀπὸ

151 1835 301 1871 Ἀστάρτης
317 1834 466 1871 θυγατέρες
481 1835 551 1862 ἑπτὰ
565 1835 702 1868 Τιτανίδες
715 1836 731 1872 ἢ
761 1836 928 1872 Ἀρτέμιδες.

146 1881 199 1908 Καὶ
208 1880 295 1912 πάλιν
310 1881 351 1917 τῷ
365 1881 437 1917 αὑτῷ
450 1882 567 1916 γίνονται
582 1882 636 1909 ἀπὸ
653 1882 729 1914 Ῥέας
743 1883 836 1914 παῖδες
849 1882 928 1916 ἑπτὰ,

146 1924 207 1954 ὦνό
221 1927 354 1959 νεώτατος
374 1928 432 1964 ἃμα
443 1930 476 1964 τῇ
497 1929 602 1963 γενέσει
621 1928 771 1965 ἁφιερώθη·
800 1929 848 1956 καὶ
877 1930 930 1956 ἀπὸ

146 1973 248 2010 Διώνης
259 1974 373 2010 θήλειαι,
399 1975 446 2001 καὶ
472 1975 526 2002 ἀπὸ
550 1974 699 2011 Ἀστάρτης
723 1975 804 2002 πάλιν
818 1975 930 2012 ἄρρενες

145 2019 200 2051 δύο,
213 2019 300 2051 Πόθος
313 2020 361 2047 καὶ
375 2020 472 2056 Ἔρως.
503 2021 532 2047 '0
540 2020 569 2047 δὲ
584 2020 687 2055 Δαγὼν,
706 2020 797 2056 ἐπειδὴ
807 2018 869 2056 εὗρε
889 2021 929 2047 στα

145 2071 190 2089 τον
199 2063 247 2090 καὶ
257 2063 382 2099 ἄροτρον,
394 2064 495 2100 ἐκλήθη
509 2065 576 2096 Ζεὺς
602 2065 746 2101 Ἀρότριος.
764 2065 872 2100 Συὸύκῳ
888 2065 928 2097 δὲ.

145 2109 184 2144 τῷ
199 2110 338 2146 λεγομένῳ
354 2111 470 2145 Attalo),
487 2111 535 2146 μία
557 2111 610 2138 τῶν
623 2111 770 2139 Τιτανίδων
791 2112 927 2139 συνελθοῦ-

146 2164 190 2188 σα,
205 2157 288 2192 γεννᾷ
315 2157 360 2183 τὸν
391 2157 563 2193 Ἀσκληπιόν·
599 2157 783 2194 ἐγεννήθησαν
800 2157 828 2184 δὲ
842 2158 888 2185 καὶ
900 2159 929 2184 ὲν

145 2201 255 2238 Παραίᾳ
271 2203 327 2238 (ίὲ)
340 2204 446 2239 Κρόνῳ,
458 2204 532 2239 τρεῖς
542 2203 645 2237 παῖδες,
668 2204 771 2240 Κρόνος
786 2203 929 2240 ὁμώνυμος

144 2248 183 2283 τῷ
192 2249 288 2285 πατρὶ,
302 2250 348 2276 καὶ
360 2250 428 2282 Ζεὺς
443 2249 538 2286 Βῆλος,
552 2251 598 2277 καὶ
618 2250 764 2277 Ἀπόλλων.
778 2250 855 2277 Κατὰ
873 2249 928 2276 τού-

981 1522 1044 1546 ante
1057 1517 1164 1553 probris
1185 1520 1297 1545 onerato
1319 1514 1466 1542 divortium
1485 1513 1592 1541 iecerit.
1608 1513 1700 1541 Ccelus
1715 1520 1765 1539 au—

982 1569 1035 1591 tem
1053 1563 1104 1591 etsi
1120 1563 1154 1590 ab
1169 1570 1201 1590 ea
1214 1560 1421 1592 discesserat,vi
1437 1565 1527 1587 tamen
1539 1559 1645 1594 quoties
1656 1559 1765 1586 libitum

981 1614 1050 1641 erat,
1067 1610 1160 1638 eadem
1174 1616 1314 1644 oppressa,
1341 1608 1452 1634 domum
1469 1614 1529 1634 sese
1543 1606 1633 1633 denuo
1648 1605 1764 1640 recipie~

984 1657 1041 1684 bat.
1055 1655 1154 1684 Verum
1170 1655 1242 1690 quod
1259 1657 1401 1689 susceptos
1413 1661 1446 1680 ex
1457 1653 1515 1688 ipsa
1527 1653 1598 1680 ﬁlios
1613 1652 1765 1680 interﬁcere

983 1706 1140 1734 conaretur,
1153 1701 1249 1735 Terra,
1275 1701 1433 1729 convocatis
1459 1699 1639 1727 auxiliaribus
1656 1699 1742 1734 copiis
1756 1719 1763 1731 ,

982 1746 1043 1781 ejus
1061 1747 1192 1782 impetum
1209 1753 1279 1780 saepe
1295 1744 1480 1780 propulsabat.
1499 1744 1604 1770 interea
1615 1743 1762 1775 Saturnus,

983 1792 1030 1820 ubi
1045 1792 1150 1819 virilem
1167 1796 1273 1818 atatem
1291 1791 1434 1827 attigisset,
1446 1789 1572 1817 Mercurii
1582 1789 1763 1824 Trismegisti,

981 1839 1029 1874 qui
1053 1838 1103 1874 ipsi
1120 1846 1135 1866 a
1148 1838 1248 1866 tabulis
1266 1842 1292 1864 et
1316 1837 1450 1864 codicillis
1465 1841 1540 1874 crat,
1552 1835 1666 1863 consilio
1682 1842 1763 1870 atque

981 1885 1090 1922 opibus,
1106 1889 1244 1912 maternas
1255 1884 1362 1910 ulturus
1375 1883 1505 1918 injurias,
1520 1881 1597 1909 Caelo
1618 1881 1687 1916 patri
1703 1889 1764 1908 sese

982 1931 1080 1965 acriter
1092 1931 1201 1966 objecit.
1215 1929 1288 1957 idem
1305 1929 1406 1956 liberos
1420 1930 1575 1964 procreavit
1589 1947 1596 1960 ,
1620 1927 1762 1961 Proserpi—

982 1985 1044 2006 nam
1066 1981 1093 2004 et
1114 1976 1285 2009 Minervam;
1311 1983 1344 2004 ac
1371 1975 1445 2010 prior
1471 1974 1580 2010 quidem
1599 1974 1674 2008 virgo
1690 1973 1771 2001 diem

981 2023 1048 2052 obiit
1058 2033 1064 2051 :
1073 2022 1194 2050 Minerva
1202 2027 1292 2053 autem
1298 2019 1658 2056 Mercurioqueauctoribus,
1666 2019 1765 2046 falcem

979 2067 1093 2101 exlferro
1104 2068 1265 2102 hastamque
1275 2066 1402 2094 conﬂavit
1411 2075 1418 2099 ;
1427 2068 1486 2093 tum
1494 2065 1643 2093 Mercurius
1652 2063 1763 2091 Saturni

980 2115 1062 2142 sociis
1076 2114 1223 2143 vehemens
1234 2117 1329 2141 contra
1339 2112 1444 2140 C(elum
1456 2119 1505 2147 pro
1518 2111 1601 2139 Terra
1614 2110 1763 2138 dimicandi

978 2161 1099 2189 studium
1114 2160 1227 2196 magicis
1247 2159 1421 2188 cantionibus
1437 2158 1539 2193 injecit.
1561 2157 1697 2185 Saturnus
1712 2156 1763 2191 igi-

977 2212 1032 2240 tur,
1042 2207 1085 2235 liis
1096 2207 1245 2235 instructus
1256 2206 1352 2240 copiis,
1365 2205 1464 2233 bellum
1474 2212 1536 2232 cum
1549 2203 1627 2231 Patre
1638 2203 1765 2231 commit-

980 2254 1021 2286 tit,
1037 2261 1124 2289 eoque
1141 2253 1246 2288 imperii
1261 2252 1361 2280 ﬁnibus
1384 2252 1480 2286 ejecto,
1502 2258 1615 2286 regnum
1633 2250 1760 2284 capessit.

144 2303 207 2326 τους
221 2294 341 2328 γίνονται
355 2295 452 2327 Πόντος
479 2296 526 2322 καὶ
544 2295 652 2330 Τυφὼν,
680 2297 725 2322 καὶ
738 2296 855 2332 Νηρεὺς,
873 2304 927 2322 πα-

981 2299 1033 2337 37
1048 2299 1105 2327 Hoc
1118 2299 1144 2326 in
1160 2299 1307 2340 certamine
1318 2303 1395 2333 capta
1407 2297 1476 2325 Coeli
1490 2296 1640 2324 concubina
1655 2300 1765 2330 gestans

144 2340 194 2376 τὴρ
211 2340 325 2367 Πόντου.
347 2341 413 2367 ’Δπὸ
437 2341 465 2368 δὲ
488 2341 535 2368 τοῦ
552 2342 653 2369 Πόντου
681 2342 784 2376 γίνεται
802 2341 894 2368 Σιδών·
910 2341 927 2376 ἢ

144 2386 202 2413 καθ’
216 2386 368 2422 ὑπερϐολὴν
394 2387 528 2421 εὐφωνίας
554 2387 650 2423 πρώτη
667 2387 749 2422 ὕμνον
771 2387 841 2423 ᾠδῆς
854 2385 926 2422 εὗρε·

144 2433 190 2459 καὶ
206 2432 354 2459 Ποσειδῶνο
379 2431 418 2468 τῷ
430 2432 458 2459 δὲ
489 2433 661 2468 Δημαροῦντι
682 2432 785 2467 γίνεται
797 2432 929 2468 Μελίκαρ-

145 2479 204 2510 Θος,
223 2480 237 2506 ό
256 2479 302 2506 καὶ
325 2478 470 2514 Ἡρακλῆς.
484 2477 551 2510 Εἶτα
575 2479 655 2506 πάλιν
680 2478 799 2514 Οὐρανὸς
817 2478 929 2513 πολεμεῖ

144 2523 246 2560 Πόντῳ,
255 2525 301 2551 καὶ
315 2524 448 2557 ἀποστὰς,
457 2523 628 2560 Δημαροῢντι
640 2524 821 2560 προστίθεται·
840 2524 928 2551 ἔπεισι

143 2578 173 2597 τι
189 2570 281 2606 Πόντῳ
293 2572 308 2598 ὁ
318 2565 473 2607 Δημαρόῖκ,
490 2571 638 2607 τροποῦται
650 2579 679 2597 τε
692 2571 773 2598 αὑτὸν
786 2571 800 2597 ό
817 2571 926 2603 Πόντος,

143 2615 158 2642 ὸ
175 2616 203 2642 δὲ
219 2616 364 2652 Δημαροῦς
374 2616 463 2652 φυγῆς
476 2616 570 2650 θυσίαν
590 2616 700 2651 ηὖξατο.
723 2616 799 2643 Ἔτει
811 2616 839 2643 δὲ
851 2625 927 2652 τρια-

145 2661 232 2696 κοστῷ
246 2661 364 2698 δευτέρῳ
371 2663 420 2697 τῆς
430 2662 526 2697 ἑαυτοῦ
543 2664 702 2698 κρατήσεως
718 2663 765 2690 καὶ
779 2661 926 2697 βασιλείας,

143 2707 157 2733 ό
173 2705 253 2740 Ἶλος,
267 2708 340 2735 τοῦτ’
354 2708 428 2735 ἔστιν
440 2708 455 2735 ό
474 2708 586 2744 Κρόνος.
612 2708 732 2744 οὐρανὸν
753 2709 799 2735 τόν
822 2709 927 2744 πατέρα

144 2752 260 2789 λοχήσας
279 2755 307 2781 ἑν
322 2755 397 2785 τόπῳ
409 2755 462 2782 τινὶ
479 2756 622 2791 μεσογείῳ,
640 2756 686 2782 καὶ
709 2754 797 2782 λαϐὼν
820 2755 928 2789 ὑποχεί-

163 2827 173 2842 ι
194 2822 236 2849 ἴσ.
254 2821 381 2857 οὐρανοῦ.

979 2351 1106 2379 uterum,
1122 2345 1202 2380 cujus
1218 2345 1262 2372 ille
1284 2344 1414 2380 singulari
1429 2351 1521 2370 amore
1538 2341 1678 2376 ﬂagrabat.
1699 2340 1763 2369 Eam

981 2392 1115 2419 Saturnus
1142 2390 1244 2426 Dagoni
1274 2391 1300 2417 in
1325 2397 1436 2418 uxorem
1464 2389 1556 2420 dedit,
1587 2387 1658 2427 apud
1683 2394 1764 2421 quem

980 2442 1135 2472 susceptum
1155 2444 1187 2464 ex
1211 2435 1286 2464 Caelo
1303 2435 1387 2463 fetum
1407 2435 1486 2468 enixa
1506 2433 1695 2462 Demaruntem
1716 2441 1767 2459 no»-

980 2483 1102 2510 minavit.
1115 2481 1185 2509 Tum
1203 2489 1264 2509 vero
1285 2481 1419 2509 Saturnus
1440 2481 1512 2509 aedes
1527 2487 1592 2508 suas
1607 2487 1685 2507 muro
1708 2480 1761 2507 cin-

981 2529 1030 2564 git,
1046 2527 1214 2563 Byblumque
1230 2527 1324 2555 condit
1337 2527 1431 2554 urbem
1447 2526 1592 2559 Phoenicia:
1603 2525 1763 2560 principem.

981 2572 1042 2600 Mox
1058 2573 1191 2600 Atlantem
1206 2572 1328 2606 fratrem,
1344 2573 1416 2607 quod
1431 2580 1493 2599 eum
1510 2576 1666 2606 Suspectum
1684 2571 1765 2597 habr-

981 2624 1031 2653 ret,
1049 2619 1178 2647 suadente
1194 2618 1327 2647 Mercurio
1343 2619 1396 2645 alta
1412 2622 1482 2645 terra
1503 2617 1641 2644 defossum
1663 2617 1763 2644 obruit.

981 2664 1032 2692 Per
1045 2665 1115 2692 idem
1130 2665 1214 2692 ferme
1239 2668 1344 2698 tempus
1367 2663 1557 2690 Dioscurorum
1574 2667 1685 2697 nepotes
1701 2669 1766 2689 cum

981 2710 1165 2737 tumultuariis
1173 2709 1277 2737 ratibus
1286 2708 1453 2743 navigiisque
1464 2707 1587 2735 conﬂatis
1598 2708 1763 2742 navigarent,

982 2756 1014 2783 ad
1030 2756 1155 2792 Cassium
1168 2760 1287 2783 montem
1302 2754 1379 2788 ejecti
1397 2755 1525 2790 templum
1539 2762 1571 2781 co
1587 2754 1646 2781 loco
1657 2753 1754 2780 dedica-

178 2889 230 2928 ιῼ)
249 2890 375 2929 Παραίει,
413 2889 492 2929 Forte
515 2890 564 2925 leg.
600 2890 715 2926 Περαίᾳ,
731 2897 785 2925 quo
797 2889 932 2918 noniinea

981 2896 1022 2918 int
1048 2892 1088 2919 vel
1113 2890 1237 2926 regiones
1263 2890 1305 2918 νει
1327 2890 1409 2918 urbes
1429 2890 1600 2922 exstiterunt,
1624 2889 1704 2916 etiam
1735 2887 1764 2924 iis

145 2922 230 2958 Syria,
248 2922 328 2960 cujus
341 2924 484 2953 Phoenicia
500 2922 572 2958 pars.
