2064 3212
296 211 332 240 8’5
612 210 747 240 EUSEBII
763 210 1002 239 CAESARIENSIS
1022 212 1098 240 OPP.
1119 212 1208 240 PARS
1228 212 1260 239 ll.
1287 228 1316 234 —-
1334 211 1586 240 APOLOGETICA.
1873 209 1908 237 ει

293 272 367 297 runt.
385 267 446 296 Jam
461 276 526 296 vero
541 269 632 297 soeios
648 269 696 302 lli.
709 269 755 303 qui
769 268 903 295 Saturnus
920 267 989 295 idem
1001 272 1070 300 erat,

1129 277 1195 304 ριον,
1208 268 1331 303 ἐκτέμνει
1353 267 1434 294 αὑτοῦ
1461 268 1495 294 τὰ
1509 267 1605 299 αἰδοῖα,
1623 267 1755 301 σύνεγγυς
1772 266 1867 302 πηγῶν
1877 274 1908 294 τε

292 314 379 342 Eloim
400 314 478 350 quasi
503 314 646 342 Saturnios
674 314 865 349 appellarunt,
884 314 932 348 qui
954 313 1075 349 ejusdem

292 359 404 388 Saturni
424 361 542 396 aequales
555 361 635 388 etiam
652 360 822 387 dicebantur.
844 359 930 386 Porro
947 358 1076 386 Sadiduzn

291 405 377 434 lilium
392 405 527 433 Saturnus
536 427 544 439 ,
562 406 635 442 quod
646 412 724 433 secus
735 404 836 439 aliquid
850 405 883 432 de
896 405 942 432 illo
955 405 1077 440 suspica-

291 457 376 484 retur,
391 451 481 487 gladio
496 459 546 479 suo
559 451 708 487 jugulavit,
726 458 877 485 manusque
889 455 1015 485 paternas
1029 458 1076 478 ex-

290 494 382 522 stincti
405 495 537 530 sanguine
560 495 727 526 cruentavit.
748 502 780 522 ac
802 495 883 528 paulo
907 499 968 529 post
992 494 1075 521 ﬁliam

290 548 401 575 quoque
426 548 504 570 suam
530 541 618 575 capite
640 540 792 573 truncavit,
811 544 841 567 ut
863 540 961 575 reliqui
978 548 1075 568 omnes

290 586 327 612 dii
350 586 419 613 hanc
440 584 552 613 Saturni
572 590 690 614 mentem
715 586 823 620 penitus
845 586 1073 620 ohstupescerent.

289 632 323 658 At
336 630 428 659 Cwlus
440 639 500 659 cum
517 633 624 659 interim
636 631 783 664 exsularet,
805 637 867 666 post
881 632 990 667 aliquod
1006 638 1074 660 tem-

289 677 364 712 poris
389 678 576 710 intervallum,
601 678 728 706 Astarten
756 678 839 705 ﬁliam
864 679 995 713 virginem
1011 687 1074 706 cum

287 724 393 752 duabus
406 725 468 752 aliis
476 725 615 752 sororibus
628 724 701 752 Rhea
713 725 841 752 nimirum
853 733 885 752 ac
902 724 987 752 Dione
998 733 1074 753 sum-

287 770 378 802 misit,
396 778 458 804 qnae
475 769 623 797 Saturnum
638 769 734 797 fraude
759 770 919 805 insidiisque
940 771 1073 798 tollerent.

287 815 388 843 Verum
403 815 538 844 Saturnus
552 817 655 851 puellas
666 824 759 844 amore
769 817 961 852 blanditiisque
969 821 1073 852 captas,

287 870 397 890 sorores
419 863 513 890 ambas
526 871 618 890 secum
637 863 812 890 matrimonio
832 863 977 898 copulavit.
997 862 1074 897 Quod

286 907 332 934 ubi
346 907 439 935 Coelus
450 908 589 940 audiissct,
601 907 697 935 Fatum
711 915 742 936 ac
756 908 987 936 Pulchritudinem
1011 917 1074 937 cum

1127 315 1172 341 καὶ
1187 314 1325 349 ποταμῶν.
1335 313 1424 345 ,Ἔνθα
1434 313 1571 349 ὰφιερώθη
1586 313 1714 349 Οὐρανὸς,
1731 312 1778 339 καὶ
1789 312 1910 348 ἀπηρτί-

1127 359 1178 395 σθη
1190 359 1271 386 αὑτοῦ
1284 359 1314 386 τὸ
1326 359 1445 394 πνεῦμα,
1471 359 1518 386 καὶ
1533 358 1685 391 ἀπέσταξεν
1700 358 1781 385 αὑτοῦ
1795 358 1825 385 τὸ
1840 357 1909 393 αἷμα

1125 405 1179 432 τῶν
1191 406 1297 432 αἰδοίων
1334 406 1373 437 είς
1396 406 1446 436 τὰς
1467 405 1569 440 πηγὰς,
1585 405 1632 431 καὶ
1655 405 1709 431 τῶν
1730 404 1860 440 ποταμῶν
1873 404 1909 432 τὰ

1127 451 1219 484 ὕδατα,
1238 451 1285 477 καὶ
1299 451 1379 486 μέχρι
1393 450 1487 477 τούτου
1514 450 1650 478 δείκνυται
1664 451 1694 477 τὸ
1719 450 1843 486 χωρίον.)
1857 450 1910 477 Το-

1127 495 1207 523 σοῦτο
1221 496 1270 531 μὲν
1283 496 1315 532 δὴ
1330 496 1364 522 τὰ
1375 496 1422 522 τοῦ
1431 496 1545 532 Κρόνου,
1555 497 1602 523 καὶ
1614 495 1725 523 τοιαῦτά
1739 505 1770 530 γε
1783 495 1830 522 τοῦ
1842 497 1909 532 παρ’

1127 543 1238 578 Ἕλλησι
1255 542 1391 578 βοωμένου
1408 542 1466 578 βίου
1489 542 1544 568 τῶν
1567 542 1613 569 ἐπὶ
1636 543 1740 578 Κρόνου
1755 542 1789 569 τὰ
1811 543 1906 577 σεμνά.

1126 587 1179 620 Οὓς
1195 588 1242 615 καί
1268 597 1334 629 «pth
1355 588 1494 622 γεγονέναι
1516 588 1624 624 πρῶτον
1652 588 1765 623 χρύσεόν
1785 597 1814 614 τε
1831 588 1908 623 γένος

1127 633 1253 669 μερόπων
1264 633 1425 669 ἀνθρώπων,
1438 633 1488 668 τῆς
1506 633 1724 670 μακαριζομένης
1735 634 1842 669 ἐκείνης
1853 634 1907 660 τῶν

1127 678 1248 706 παλαιῶν
1264 679 1443 714 εὐδαιμονίας.
1459 679 1541 706 Πάλιν
1550 679 1577 706 δὲ
1591 680 1605 706 ὁ
1621 680 1791 716 συγγραφεὺς
1804 679 1909 712 τούτοις

1125 725 1248 761 ἐπιφέρει
1263 725 1320 760 μεθ’
1330 725 1412 761 ἕτερα
1425 725 1519 760 λέγων·
1538 735 1546 751 ι
1558 725 1690 761 Ἀστάρτη
1707 725 1735 753 δὲ
1747 726 1763 760 ἡ
1774 725 1908 761 Μεγίστη,

1125 771 1170 801 καὶ
1183 771 1250 802 Ζεὺς
1263 770 1406 806 Δημαροῦς
1420 771 1466 797 καὶ
1481 771 1597 803 Ἀδωδος
1608 771 1732 806 βασιλεὺς
1747 772 1825 804 θεῶν,
1843 773 1908 799 ἐϐα-

1125 815 1228 843 σίλευον
1243 816 1292 851 τῆς
1306 816 1407 852 χώρας,
1425 816 1527 852 Κρόνου
1547 816 1654 852 γνώμῃ,
1676 817 1709 843 Ἦ
1723 817 1752 844 δὲ
1776 817 1907 854 Ἀστάρτη

1125 861 1241 897 ἐπέθηκε
1255 863 1288 897 τῇ
1301 862 1354 897 ἰδίᾳ
1364 862 1469 898 κεφαλῇ
1483 862 1620 897 βασιλείας
1644 862 1806 898 παράσημον
1823 872 1908 898 κεφα-

1125 909 1173 945 λὴν
1183 909 1292 945 ταύρου-
1308 909 1502 944 περινοστοῦσα
1515 909 1544 936 δὲ
1567 909 1616 944 τὴν
1638 909 1808 945 οἰκουμένην,
1829 907 1908 946 εὗρεν

287 952 348 979 aliis
371 953 455 981 sociis
478 953 610 980 adversus
633 960 695 980 eum
717 953 915 988 expeditionem
938 954 1070 989 suscipere

1125 955 1261 990 ἁεροτιετῆ
1289 954 1401 990 ἀστέρα,
1430 955 1460 981 ὂν
1482 955 1529 981 καὶ
1556 954 1717 991 ἀνελομένη,
1731 955 1760 981 ὲν
1779 955 1859 991 Ἕύρῳ
1873 957 1907 992 τῇ

284 998 368 1033 ,it'ssit
379 1019 387 1032 ,
402 1007 484 1034 quam
506 1000 607 1034 pariter
625 1003 769 1034 utramque
793 999 927 1027 Saturnus
941 1000 1074 1028 illecebris

285 1044 425 1073 deﬁnitam
448 1046 517 1081 apud
530 1053 559 1074 se
576 1045 697 1074 retinuit.
714 1045 845 1074 Praeterea
858 1046 960 1080 Caelus,
976 1048 1073 1082 inquit.

286 1090 359 1120 Deus
380 1091 490 1127 Baztylia
517 1092 634 1127 reperit,
661 1093 796 1120 animatos
825 1092 926 1127 lapides
948 1093 1074 1121 insolenti

285 1140 344 1164 arte
355 1136 476 1164 molitus.
495 1135 645 1169 Caeterum,
665 1136 772 1164 Astarte
787 1136 857 1164 ﬁlias
872 1141 974 1172 septem
1000 1137 1075 1166 Tita-

287 1182 378 1214 nidas,
397 1183 454 1210 sive
471 1182 571 1210 Dianas
589 1183 708 1210 Saturno
721 1183 834 1218 peperit,
849 1183 984 1219 simulque
998 1185 1074 1213 Rhea

286 1229 397 1256 totidem
413 1228 483 1256 ﬁlios
494 1249 502 1261 ,
514 1236 630 1263 quorum
643 1234 799 1264 postremus
813 1234 843 1256 ut
852 1230 969 1264 primum
985 1231 1073 1259 lucem

284 1274 391 1308 aspexit
401 1278 578 1301 consecratus
585 1278 636 1302 est.
648 1274 719 1308 Quin
731 1275 812 1302 etiam
823 1282 856 1302 ex
866 1273 951 1303 Dione
962 1276 1074 1310 quidem

285 1319 404 1352 puellas,
418 1327 452 1346 ex
470 1320 579 1347 Astarte
592 1328 655 1348 vero
671 1328 762 1349 mares
776 1325 905 1356 praeterea
917 1321 1003 1355 duos,
1019 1321 1074 1349 Cu-

285 1365 404 1400 pidinem
420 1365 603 1401 Amoremque
618 1366 746 1402 suscepit.
762 1367 854 1403 Dagon
871 1372 961 1395 autem
974 1388 982 1401 ,
997 1367 1071 1403 quod

284 1410 451 1439 frumentum
468 1417 494 1439 et
507 1416 628 1439 aratrum
649 1412 816 1444 invenisset,
831 1413 955 1441 Aratrius
969 1412 1074 1447 Jupiter

284 1462 514 1492 nuncupatusest.
524 1457 640 1493 Sydvco,
649 1465 729 1493 quem
736 1458 840 1493 justum
852 1459 1072 1494 interpretamur,

283 1512 337 1532 una
352 1512 385 1532 ex
406 1503 539 1532 Titanidis
562 1504 748 1540 Esculapium
761 1505 862 1540 genuit.
876 1505 994 1533 Saturno
1005 1514 1073 1541 prae-

284 1554 357 1580 terea
376 1550 454 1578 liberi
469 1554 524 1579 tres
544 1551 571 1577 in
587 1550 677 1578 Persea
695 1551 768 1583 nati,
793 1550 929 1579 Saturnus
949 1551 1071 1586 ejusdem

283 1603 345 1622 cum
361 1595 442 1623 Patre
456 1596 593 1628 nominis,
610 1596 666 1632 33
683 1596 787 1631 Jupiter
803 1596 901 1630 Belus,
916 1601 944 1624 et
967 1597 1080 1632 Apollo.'

284 1641 334 1669 His
345 1642 538 1676 propemodum
549 1643 668 1677 aequales
682 1641 801 1674 Pontus.
818 1641 912 1677 Typho
929 1647 955 1670 et
971 1642 1074 1670 Nereus

284 1687 363 1714 Ponti
378 1692 465 1721 pater.
476 1687 515 1715 Ex
531 1687 617 1716 Ponto
629 1687 771 1723 Neptunus
784 1696 815 1715 ac
832 1687 897 1715 Sido
913 1692 1072 1718 nascuntur.

284 1733 394 1761 Sidonis
405 1738 495 1762 autem
508 1742 539 1762 ea
554 1734 675 1762 suavitas
688 1738 715 1762 et
728 1734 860 1769 elegantia
877 1734 951 1761 vocis
961 1738 1029 1766 erat,
1044 1737 1074 1761 ut

285 1780 378 1815 hymni
395 1780 532 1808 modulate
545 1781 660 1808 canendi
678 1784 763 1808 artem
783 1781 910 1815 princeps
926 1779 1071 1808 inveniret.

283 1825 307 1853 A
330 1826 495 1854 Demarunte
526 1826 702 1854 Melicartltus
727 1831 755 1854 et
780 1826 909 1854 Hercules
927 1834 1073 1861 procreat»

286 1877 345 1903 tur,
367 1879 484 1907 moxque
507 1871 599 1900 Caelus
629 1872 662 1900 ad
688 1872 861 1900 Demaruntis
899 1879 959 1900 sese
981 1876 1072 1906 partes

284 1918 450 1953 adiungens;
474 1917 575 1950 Ponto,
590 1926 605 1945 a
621 1925 676 1953 quo
690 1917 836 1951 defecerat,
860 1917 949 1945 denuo
971 1917 1070 1944 bellum

285 1968 384 1992 movet.
397 1964 430 1991 At
450 1963 552 1991 Pontus
578 1963 781 1997 Demaruntem,
796 1964 842 1999 qui
855 1971 953 1999 magno
969 1963 1071 1998 impetu

284 2018 351 2039 suos
365 2011 391 2038 in
402 2010 470 2039 ﬁnes
484 2011 658 2043 incubuerat,
671 2011 697 2037 in
713 2010 803 2045 fugam
813 2010 908 2043 vertit;
922 2009 968 2037 ille
979 2013 1069 2036 autem

284 2055 448 2090 felicisfuga:
460 2056 545 2091 gratia
558 2056 721 2083 sacriﬁcium
729 2055 813 2082 vovit.
826 2055 912 2082 Porro
935 2054 1070 2082 Saturnus

283 2110 355 2129 anno
378 2102 505 2137 occupati
526 2102 600 2137 regni
617 2102 702 2129 altero
715 2109 797 2136 supra
812 2101 979 2129 tricesimum
993 2119 1000 2133 ,
1023 2100 1068 2127 ubi

282 2148 390 2176 C(elum
401 2154 503 2183 patrem
513 2148 709 2175 mediterraneo
719 2147 836 2182 quodam
849 2147 876 2174 iu
889 2147 948 2174 loco
959 2147 1068 2174 structis

282 2190 390 2218 insidiis
410 2196 519 2226 captum
544 2192 570 2218 in
594 2195 753 2225 potestatem
772 2191 931 2224 habuisset,
950 2191 1067 2219 verenda

283 2236 335 2271 ipsi
347 2236 426 2272 juxta
441 2236 528 2264 fontes
542 2236 692 2272 ﬂuviosque
708 2236 890 2265 circumfusos
903 2237 1066 2272 amputavit;

282 2289 337 2316 quo
355 2282 416 2309 loco
430 2281 522 2310 Crelus
538 2283 608 2310 idem
624 2286 717 2317 postea
739 2286 914 2310 consecratus
930 2288 981 2310 est.
997 2282 1066 2309 Tum

282 2335 350 2355 vero
365 2328 522 2363 dispertitus
542 2328 602 2363 ejus
623 2336 655 2356 ac
675 2328 823 2364 dissipatus
839 2328 952 2363 spiritus
966 2333 1024 2361 est,
1041 2335 1068 2356 et

281 2374 393 2409 sanguis
408 2382 423 2402 e
437 2374 548 2402 vulnere
564 2374 685 2402 deﬂuens
699 2375 725 2401 in
741 2374 892 2402 vicinorum
907 2374 1023 2403 fontium
1035 2383 1068 2403 ac

282 2419 425 2447 ﬂuviorum
439 2426 523 2456 aquas
536 2420 686 2448 distillavit.
705 2420 795 2449 Locus
808 2422 957 2449 etiantnum
976 2427 1068 2450 osten-

281 2465 364 2493 ditur.
387 2475 397 2493 ι
415 2465 462 2494 Ha:
486 2471 551 2495 sunt
571 2473 634 2494 eum
657 2465 789 2498 Saturni,
820 2472 877 2494 tum
901 2475 995 2496 eorum
1019 2469 1067 2503 qui

281 2511 392 2539 Saturni
415 2517 494 2539 aetate
514 2512 659 2544 vixerunt.
686 2513 822 2541 decantati
845 2522 860 2541 a
887 2513 989 2542 Graecis
1016 2515 1067 2542 aevi

281 2557 376 2586 laudes
392 2559 518 2593 egregire;
535 2567 605 2594 quos
617 2560 699 2586 etiam
721 2561 846 2594 princeps
859 2566 939 2594 atque
951 2568 1065 2587 aureum

282 2604 423 2631 hominum
437 2604 525 2639 lingua
544 2605 754 2640 discrepantium
771 2613 856 2640 genus
867 2626 873 2638 ,
887 2607 922 2633 ob
936 2606 1065 2641 jactatam

281 2649 355 2676 illam
369 2655 487 2677 veterum
503 2650 669 2684 felicitatem,
687 2659 844 2686 nuncupare
856 2652 952 2679 solent.
968 2651 1065 2679 Verum

282 2699 374 2722 noster
389 2696 434 2723 hic
455 2697 584 2730 scriptor,
594 2697 743 2731 interjcetis
758 2697 937 2732 quibusdam,
951 2698 987 2724 ita
1004 2705 1066 2732 pro-

280 2740 404 2774 sequitur
417 2749 424 2767 :
441 2749 450 2765 ι
470 2739 579 2767 Astarte
591 2748 667 2774 vero,
682 2749 744 2777 qttz
756 2741 873 2768 Maxrma
897 2742 1064 2773 nominatur,

279 2781 385 2818 Jupiter
405 2783 567 2817 Demaroon,
587 2788 614 2811 et
638 2792 685 2812 rex
701 2785 814 2812 deorum
836 2786 965 2817 Adodus,
988 2787 1014 2813 in
1032 2795 1065 2814 ea

282 2833 392 2868 regione
404 2832 521 2860 Saturno
535 2833 720 2861 consentiente
731 2839 890 2868 regnarunt.
899 2835 1007 2862 Astarte
1018 2843 1063 2863 ca-

283 2879 329 2913 piti
346 2886 414 2911 suo.
433 2884 560 2914 tanquam
585 2878 690 2914 insigne
707 2880 799 2915 regni,
814 2881 885 2907 tauri
909 2885 990 2915 caput
1015 2881 1064 2908 im-

280 2926 388 2961 posuit;
401 2933 517 2961 cumque
527 2929 660 2953 terrarum
673 2924 764 2952 orbem
777 2930 949 2961 peragraret,
961 2927 1062 2962 lapsam

1125 1001 1191 1036 ὰγίᾳ
1201 1002 1275 1037 νήσῳ
1288 1001 1435 1037 ἀφιέρωσε.
1452 1001 1508 1036 Τὴν
1517 1001 1545 1027 δὲ
1565 1001 1715 1038 Ἀστάρτην
1726 1001 1845 1034 Φοίνικες
1857 1003 1907 1037 τὴν

1132 1047 1289 1082 ’Δφροδίτην
1302 1045 1370 1074 εἶναι
1398 1047 1515 1081 λέγουσι.
1538 1047 1591 1074 Καὶ
1611 1048 1625 1074 ό
1639 1047 1741 1083 Κρόνος
1753 1047 1782 1074 δὲ
1795 1047 1908 1084 περιϊὼν

1124 1093 1172 1129 τὴν
1187 1092 1358 1128 οἰκουμένην,
1386 1093 1485 1129 Ἀθηνᾷ
1507 1093 1541 1128 τῇ
1567 1086 1664 1120 ὲαντοῖῖ
1685 1093 1800 1129 θυγατρὶ
1817 1093 1907 1121 δίδωσι

1124 1139 1173 1174 τῆς
1195 1138 1319 1174 Ἀττικῆς
1335 1139 1386 1174 τὴν
1411 1138 1559 1174 βασιλείαν.
1584 1138 1687 1174 Λοιμοῦ
1708 1139 1738 1165 δὲ
1761 1139 1905 1175 γενομένου

1125 1185 1171 1211 καὶ
1187 1185 1300 1222 φθορᾶς,
1314 1185 1359 1212 τὸν
1381 1184 1475 1212 ἑαυτοῦ
1492 1187 1620 1220 μονογενῆ
1631 1184 1687 1212 υἱὸν
1707 1185 1809 1220 Κρόνος
1823 1185 1909 1221 Οὖρα.

1124 1230 1162 1266 νῷ
1184 1231 1269 1268 πατρὶ
1293 1232 1448 1267 ὁλοκαρποῖ,
1463 1231 1511 1258 καὶ
1531 1231 1566 1258 τὰ
1590 1231 1678 1258 αἰδοῖα
1701 1231 1906 1267 περιτέμνεται,

1123 1276 1205 1303 ταὺτὸ
1215 1277 1382 1312 ποιῆσαικαὶ
1402 1277 1464 1309 τοὺς
1477 1276 1524 1312 ἂμ*
1537 1276 1611 1312 αὺτῷ
1639 1276 1797 1312 συμμάχους
1821 1285 1906 1303 κατα-

1124 1322 1274 1358 ναγκάσας·
1286 1324 1332 1350 καὶ
1344 1324 1401 1359 μετ’
1412 1324 1443 1350 οὑ
1461 1323 1539 1355 πολὺ,
1557 1323 1649 1359 ἕτερον
1662 1323 1744 1350 αὑτοῦ
1759 1323 1841 1350 παῖδα
1853 1323 1907 1350 ἀπὸ

1130 1370 1208 1402 Ῥέας
1222 1370 1419 1405 ὀνομαζόμενον
1433 1369 1509 1396 Μοὺθ
1529 1369 1697 1396 ἀποθανόντα
1720 1369 1835 1405 ἀφιεροῖ,
1852 1368 1906 1396 Gri-

1124 1423 1203 1442 νατον
1236 1415 1264 1441 δὲ
1294 1415 1388 1442 τοῦτον
1420 1415 1466 1441 καὶ
1495 1414 1638 1442 Πλούτωνα
1667 1415 1788 1447 Φοίνικες
1808 1414 1906 1450 ὄνομά·

1125 1461 1209 1493 ζουσι.
1228 1462 1283 1488 Καὶ
1297 1461 1343 1487 ἐπὶ
1377 1461 1482 1493 τούτοις
1500 1462 1515 1487 ό
1538 1460 1641 1496 Κρόνος
1665 1460 1767 1487 Βύϐλον
1794 1458 1843 1496 μὲν
1856 1460 1906 1496 τὴν

1124 1506 1201 1533 πόλιν
1232 1506 1281 1542 θεᾷ
1318 1506 1462 1538 Βααλτίδι,
1501 1507 1534 1541 τῇ
1577 1507 1625 1533 καὶ
1673 1506 1759 1543 Διώνῃ
1796 1507 1904 1539 δίδωσι,

1124 1553 1244 1589 Βηρυτδν
1287 1553 1315 1579 δὲ
1347 1553 1493 1579 Ποσειδῶνι
1540 1554 1588 1579 καὶ
1632 1553 1771 1589 Καϐήροις
1811 1553 1906 1589 Ἀγρό-

1123 1608 1183 1631 ταις
1197 1606 1228 1625 τε
1239 1600 1287 1626 καὶ
1304 1597 1445 1631 Ἁλιεῦσιν,
1466 1599 1479 1625 ὃ
1496 1600 1542 1626 καὶ
1559 1599 1659 1626 Πόντου
1672 1599 1789 1634 ’λείψανα
1801 1600 1841 1631 είς
1855 1599 1907 1635 τὴν

1087 1625 1108 1653 C
1125 1625 1244 1680 Βηρυτὸν
1265 1625 1511 1680 ἀφιέρωσανίΠρὺ
1534 1644 1561 1671 δὲ
1582 1625 1683 1672 τούτων

1126 1689 1314 1725 μιμησάμενος
1330 1689 1376 1716 τὸν
1397 1689 1529 1725 Οὐρανὸν,
1549 1689 1603 1717 τῶν
1616 1689 1685 1716 θεῶν
1697 1689 1785 1724 ὄψεις,
1801 1689 1905 1725 Κρόνου

1123 1744 1153 1761 τε
1176 1736 1223 1762 καὶ
1243 1735 1377 1770 Δαγῶνος,
1401 1735 1517 1762 καὶτῶν
1550 1736 1650 1762 λοιπῶν
1675 1736 1822 1763 διετύπωσε
1843 1736 1906 1768 τοὺς

1125 1779 1212 1815 ἱεροὺς
1223 1779 1277 1806 τῶν
1294 1779 1432 1815 στοιχείων
1448 1780 1634 1815 χαρακτῆρας.
1651 1780 1795 1815 Ἐπενάησε
1807 1780 1836 1807 δὲ
1857 1780 1906 1807 καὶ

1123 1824 1162 1859 τῷ
1172 1823 1269 1860 Κρόνῳ
1284 1824 1434 1860 παράσημα
1450 1824 1601 1859 βασιλείας,
1615 1825 1728 1861 δμματα
1739 1825 1859 1861 τέσσαρα
1872 1826 1906 1852 ὲκ

1123 1870 1176 1897 τῶν
1199 1870 1371 1906 ἐμπροσθίων
1393 1870 1441 1897 καὶ
1461 1870 1515 1896 τῶν
1535 1871 1664 1898 ὀπισθίων
1687 1870 1792 1906 μερῶν·
1813 1870 1859 1897 δύο
1875 1870 1905 1897 δὲ

1122 1917 1210 1952 ἡσυχῇ
1230 1916 1341 1951 μύοντα·
1362 1917 1410 1942 καὶ
1431 1917 1478 1943 ὲπὶ
1500 1917 1554 1943 τῶν
1571 1916 1655 1953 ὤμων
1673 1917 1758 1954 πτερὰ
1771 1917 1903 1952 τέσσαρα,

1121 1959 1167 1986 δύο
1187 1960 1251 1995 μὲν,
1268 1959 1306 1992 ὡς
1324 1960 1468 1995 ἰπτάμενα,
1485 1960 1530 1987 δύο
1552 1961 1580 1987 δὲ
1603 1961 1641 1992 ὡς
1663 1962 1805 1997 ὑφειμένα.
1821 1962 1858 1988 To
1875 1961 1904 1989 δὲ

1122 2004 1255 2040 σύμϐολον
1268 2003 1313 2041 ἦν,
1329 2005 1421 2041 ἐπειδὴ
1438 2006 1542 2040 Κρόνος
1557 2005 1725 2042 κοιμώμενος
1737 2006 1843 2040 ἔϐλεπε,
1857 2007 1905 2034 καὶ

1121 2050 1278 2086 ἐγρηγορὼς
1298 2051 1436 2086 ἐκοιμᾶτο·
1460 2052 1507 2078 καὶ
1525 2052 1572 2078 ἐπὶ
1591 2051 1645 2079 τῶν
1665 2052 1771 2088 πτερῶν
1792 2053 1902 2088 ὁμοίως,

1120 2097 1159 2123 ὅτι
1177 2097 1380 2132 ἀναπαυόμενος
1399 2098 1505 2130 ἵπτατο,
1520 2099 1568 2125 καὶ
1583 2098 1727 2134 [πτάμενος
1742 2099 1900 2126 ἀνεπαύετο.

1120 2142 1181 2174 Τοῖς
1203 2143 1232 2169 δὲ
1251 2142 1353 2174 λοιποῖς
1374 2142 1459 2175 θεοῖς,
1479 2143 1525 2168 δύο
1547 2143 1655 2178 ἑκάστῳ
1672 2143 1903 2179 πτερώματαὲπὶ

1119 2189 1172 2215 τῶν
1198 2188 1290 2224 ὤμων,
1309 2188 1346 2220 ὠς
1368 2188 1408 2214 ὅτι
1432 2187 1464 2222 δὴ
1487 2187 1647 2215 συνίπταντο
1663 2189 1701 2224 τῷ
1723 2189 1828 2225 Κρόνῳ.
1848 2189 1903 2215 Καὶ

1119 2234 1193 2270 αὐτῷ
1208 2235 1237 2261 δὲ
1253 2234 1332 2261 πάλιν
1349 2235 1395 2261 ἐπὶ
1415 2234 1465 2270 τῆς
1486 2234 1606 2270 κεφαλῆς
1633 2234 1721 2270 πτερὰ
1735 2235 1791 2262 δύο³
1810 2235 1839 2262 ἓν
1855 2235 1902 2261 ἐπὶ

1120 2281 1167 2308 τοῦ
1184 2281 1419 2317 ήγεμονικωτάτου
1439 2280 1501 2313 νοῦ,
1512 2281 1558 2307 καὶ
1570 2281 1599 2307 ἓν
1613 2281 1659 2308 ἐπὶ
1676 2282 1725 2318 τῆς
1740 2282 1899 2316 αἰσθήσεως.

1126 2328 1224 2355 Ἐλθὼν
1238 2328 1266 2354 δὲ
1285 2329 1299 2354 ό
1319 2327 1422 2363 Κρόνος
1439 2328 1479 2358 είς
1500 2326 1586 2353 Νότου
1604 2326 1707 2363 χώραν,
1725 2328 1832 2354 ἃπασαν
1854 2327 1902 2363 τὴν

1118 2375 1254 2409 Αἴγυπτον
1269 2375 1352 2401 ἔδωκε
1374 2373 1428 2409 θεῷ
1445 2372 1570 2409 Τααύτῳ,
1590 2374 1664 2406 ὅπως
1678 2373 1810 2409 βασίλειον
1826 2373 1902 2410 αὺτῷ

1117 2420 1238 2456 γένηται.
1257 2420 1348 2447 Ταῦτα
1360 2419 1398 2450 δὲ.
1412 2419 1488 2455 φησὶ,
1504 2419 1606 2456 πρῶτοι
1623 2420 1730 2447 πάντων
1744 2421 1902 2455 ὑπεμνημά-

1117 2466 1226 2493 τίσαντο
1241 2467 1265 2492 οἱ
1289 2465 1358 2492 ἑπτὰ
1380 2465 1462 2492 Συδὲκ
1481 2465 1575 2497 παῖδες
1595 2465 1734 2501 Κάϐειροι,
1750 2466 1796 2492 καὶ
1807 2465 1901 2499 ὄγδοος

1117 2512 1206 2539 αὐτῶν
1231 2512 1342 2548 ἀδελφὸς
1368 2513 1545 2546 Ἀσκληπιὸς,
1572 2513 1610 2544 ὼς
1633 2512 1723 2543 αὐτοῖς
1749 2510 1902 2538 ἐνετείλατο

1117 2560 1177 2591 θεὸς
1190 2560 1320 2588 Τάαυτος.
1338 2560 1429 2588 Ταῦτα
1446 2561 1533 2588 πάντα
1554 2561 1568 2586 ὀ
1587 2559 1722 2590 Θαϐίωνος
1733 2559 1807 2589 παῖς,
1823 2558 1899 2593 πρῶ-

1117 2614 1161 2638 τος
1176 2606 1231 2632 τῶν
1249 2606 1296 2633 ἀπ’
1310 2606 1406 2638 αἰῶνος
1429 2606 1577 2641 γεγονότων
1593 2604 1723 2630 Φοινίκων
1739 2604 1900 2639 ἱεροφάντης

1116 2651 1321 2687 ἀλληγορήσας,
1343 2653 1400 2683 τοῖς
1423 2660 1453 2678 τε
1477 2652 1600 2686 φυσικοῖς
1623 2650 1668 2676 καὶ
1691 2651 1833 2685 κοσμικοῖς
1847 2650 1900 2677 πά-

1118 2697 1191 2724 θεσιν
1206 2697 1348 2732 ἀναμίξας,
1363 2698 1504 2733 παρέδωκε
1516 2698 1571 2728 τοῖς
1589 2695 1712 2731 ὀργιῶσι.
1725 2697 1771 2722 καὶ
1783 2695 1898 2722 τελετῶν

1118 2744 1282 2779 κατάρχουσι
1301 2744 1463 2779 προφήταις.
1489 2744 1519 2769 υί
1542 2742 1570 2769 δὲ
1590 2742 1634 2768 τὸν
1655 2741 1737 2776 τῦφον
1758 2741 1849 2774 αὔξειν
1865 2743 1898 2768 ἐκ

1117 2790 1215 2821 παντὸς
1227 2789 1405 2820 ἐπινοοῦντες,
1420 2790 1475 2820 τοῖς
1491 2788 1579 2815 αὐτῶν
1593 2787 1721 2824 διαδόχοις
1738 2788 1897 2822 παρέδωκαν

1116 2836 1162 2862 καὶ
1181 2837 1236 2867 τοῖς
1260 2835 1440 2866 ἐπεισάκτοις,
1456 2831 1493 2860 ὦν
1515 2830 1554 2865 εἷς
1573 2831 1606 2864 ἦν
1625 2834 1721 2869 Ἴσιρις
1742 2833 1796 2861 τῶν
1813 2834 1897 2869 τριῶν

1116 2882 1284 2916 γραμμάτων
1304 2880 1426 2916 εὑρετὴς.
1448 2879 1560 2914 ἁδελφὸς
1576 2880 1634 2906 Χνᾶ
1653 2879 1700 2906 τοῦ
1723 2879 1829 2916 πρῶτον
1846 2888 1892 2915 μς-

1115 2926 1324 2962 τονομασθέντος
1338 2926 1468 2957 Φοίνικος.
1493 2935 1500 2950 ι
1522 2923 1577 2952 Εἴθ’
1592 2925 1654 2960 ἑξῆς
1671 2923 1888 2961 αὖθιςοὲπιλιγιι
