2064 3212
137 175 171 203 $5
715 172 875 201 PllEPAﬂ'.
896 173 1021 202 EVANG.
1042 172 1108 203 ειη.
1125 174 1147 202 l-.
1717 174 1755 203 86

137 241 148 259 σ
161 233 193 260 οι
202 232 230 260 at
242 232 387 268 Ἕλληνες,
401 231 502 267 εὐφυΐᾳ
514 232 618 263 πάντας
632 231 871 267 ὑπερϐαλλόμενοι,
886 230 922 257 τὰ

985 232 1007 260 le
1024 232 1096 260 coelo
1119 231 1224 259 stellam
1247 232 1361 267 reperit,
1378 239 1493 268 eamque
1516 231 1542 260 in
1567 231 1640 267 Tyro
1663 234 1759 260 sancta

136 278 186 315 μιν
198 278 422 314 πρῶτα-πλεῖστα
439 277 625 310 ὲξιὸιὼσαντο,
633 277 680 304 καὶ
691 278 747 308 τοῖς
762 276 920 312 προκοσμή-

136 333 200 360 μασι
212 324 267 359 (45)
293 323 427 355 ποικίλως
438 322 670 358 ἐξετραγῴδησαν,
684 323 745 354 ταῖς
759 322 813 348 τῶν
829 321 921 357 μύθων

134 371 253 406 ⁴ἡδοναῖς.
276 369 383 402 θέλγειν
406 368 586 400 ἐπινοοῦντες,
610 367 741 399 παντοίως
761 366 920 393 ἐποίκιλλον.

136 416 234 443 Ἔνθεν
254 415 386 447 Ἡσίοδος,
404 415 432 442 οῖ
456 423 487 441 τε
505 415 630 441 κυκλικοὶ
650 415 844 450 περιηχημένοι
865 414 923 440 θεο-

135 463 228 497 γονίας
243 461 290 488 καὶ
305 461 534 495 Γιγαντομαχίας,
554 461 600 487 καὶ
619 460 818 495 Τιτανομαχίας
842 460 923 486 ἔπλα-

137 516 186 533 σαν
208 507 276 538 ἰδίας
296 506 344 533 καὶ
365 506 486 541 ὲκτομὰς
501 505 566 541 (46),
588 503 628 538 οἷς
649 507 922 542 συμπεριφερόμενοι,

136 552 296 587 ὲξενίκησαν
311 551 360 587 τὴν
376 551 514 588 ἀλήθειαν.
538 552 684 588 Σύντροφοι
697 552 725 578 δὲ
740 553 796 584 τοῖς
813 552 924 578 ἐκείνων

137 598 292 633 πλάσμασιν
315 598 344 624 αἱ
368 598 448 624 ἀκοαὶ
471 597 549 633 ἡμῶν
575 597 732 633 γενόμεναι,
755 598 802 624 καὶ
825 598 924 633 προλη-

138 643 248 678 φθεῐσαι
267 643 375 674 πολλοῖς
390 643 495 674 αἰῶσιν,
512 644 549 674 ὡς
565 643 799 679 παρακαταθήκην
822 643 924 678 φυλάσ-

139 695 248 720 σουσιν,
271 688 307 723 ἢν
332 688 514 723 παρεδέξαντο
538 688 707 723 μυθοποιίαν,
731 688 856 723 καθάπερ
880 689 926 715 καὶ

138 731 289 768 ἀρχόμενος
314 730 400 760 εἷπον.
417 733 498 765 Ἦτις
518 734 712 769 ουνεργηθεῖσα
738 734 834 770 χρόνῳ,
865 734 927 760 δυσ-

138 777 261 813 εξίτηλον
273 778 327 814 τὴν
337 777 454 814 κατοχὴν
464 778 548 814 αὐτῆς
561 780 716 816 εἴργασται.
729 780 809 805 Ὥστε
816 780 864 815 τὴν
879 780 928 815 μὲν

139 823 268 858 ἀλήθειαν
287 824 374 851 δοκεῖν
390 825 481 861 λῆρονε
496 825 526 852 τὸ
547 825 574 852 δὲ
593 826 642 861 τῆς
663 826 827 861 ἀφηγήσεως
840 826 926 858 νόθον,

139 869 282 905 ἀλήθειαν.
298 879 310 896 ι
322 885 355 890 ~—
368 871 461 898 Ταῦτα
479 871 533 898 ἀπὸ
549 871 598 907 τῆς
613 872 847 907 Σαγχουνιάθωνος
859 880 927 907 προ-

972 275 1061 303 insula
1075 275 1256 304 consecravit.
1289 276 1423 304 Caeterum
1439 277 1509 305 hanc
1532 277 1619 312 ipsam
1632 276 1760 304 Astarten

971 320 1115 349 Phoenices
1129 320 1259 349 Venerem
1274 330 1335 350 esse
1357 327 1518 350 memorant.
1537 323 1570 351 At
1588 330 1654 350 vero
1668 322 1763 350 Satur-

973 374 1024 394 nus
1034 386 1043 398 ,
1055 367 1120 394 dum
1139 367 1231 394 orbem
1245 368 1342 395 lustrat
1355 368 1512 395 universum
1523 388 1530 399 ,
1550 368 1677 396 Minervae
1698 368 1761 395 ﬂlize

974 414 1058 441 totius
1081 413 1176 441 Atticae
1199 421 1310 449 regnum
1336 415 1436 447 tradit,
1460 422 1492 442 ac
1510 415 1577 443 dira:
1600 415 1761 450 pestilentiae

974 458 1146 486 inclementia
1180 459 1316 494 exitioque
1353 464 1524 493 commotus,
1550 459 1649 493 illium,
1679 467 1760 494 quem

974 512 1059 531 unum
1074 511 1107 531 ex
1121 504 1240 539 legitima
1256 512 1340 531 uxore
1355 509 1520 540 susceperat,
1536 504 1612 532 Caelo
1636 504 1705 540 patri
1720 509 1762 532 to-

975 555 1036 577 tum
1049 549 1166 577 ﬂammis
1187 554 1379 584 consumptum
1404 550 1539 583 immolat,
1562 554 1618 576 tum
1636 549 1687 577 sibi
1704 549 1762 584 ipse

975 596 1091 624 verenda
1106 596 1272 631 prtescindit,
1286 596 1433 631 saniesque
1445 604 1541 624 omnes
1565 595 1600 623 ad
1618 595 1707 623 simile
1719 594 1761 623 fa-

976 646 1050 669 ctum
1067 648 1117 676 per
1139 641 1192 668 vim
1207 640 1309 677 adigit;
1324 648 1375 668 nec
1391 641 1478 668 multo
1490 645 1561 676 post,
1574 640 1650 668 Muth
1665 640 1761 673 tilium,

977 696 1057 723 quem
1074 695 1107 715 ex
1125 686 1198 715 Rhea
1224 692 1364 723 genuerat,
1388 687 1444 714 vita
1468 687 1593 714 functum
1610 691 1763 720 consecrat,

977 742 1058 769 quem
1084 733 1228 762 Phoenices
1254 734 1335 761 modo
1361 732 1486 765 Mortem,
1516 734 1597 761 modo
1621 733 1763 760 Plutonem

979 781 1123 815 appellant.
1154 779 1256 808 Deinde
1282 779 1419 807 Saturnus
1442 779 1557 815 Byblum
1585 779 1679 806 urbem
1709 779 1765 806 deae

980 826 1112 858 Baaltidi,
1141 833 1202 860 quze
1230 826 1312 852 etiam
1339 825 1424 852 Dione
1446 824 1610 856 vocabatur,
1640 823 1765 858 Neptuno

981 875 1070 898 autem
1097 875 1123 898 et
1145 870 1275 902 (laberis,
1299 870 1433 905 Agricolis
1447 870 1510 898 item
1532 874 1559 897 et
1579 870 1765 897 Piscatoribus

141 903 243 941 κείσθω
258 915 377 950 γραφῆς,
393 903 607 951 ἐρμηνευθείσης
622 903 737 951 μὲν-ἀπὸ
751 916 866 948 Φίλωνος
879 903 926 943 τοῦ

985 916 1034 951 39
1052 916 1179 951 Berytum
1198 915 1271 942 dono
1284 903 1368 947 dedit,
1381 915 1426 942 ubi
1441 915 1519 942 Ponti
1534 915 1666 950 reliquias
1683 914 1765 942 iidem

141 960 267 993 Βυϐλίου,
284 961 494 998 δοκιμασθείσης
510 962 538 988 δὲ
558 963 595 994 ὠς
614 962 721 997 ἀληθῶς
743 962 796 997 [45)
813 963 865 989 ὑπὸ
877 962 927 998 τῆς

142 1004 298 1041 Πορφυρίου
313 1006 360 1033 τού
375 1006 519 1041 φιλοσόφου
541 1008 701 1043 μαρτυρίας.
720 1008 748 1034 '0
768 1008 790 1034 δ’
806 1008 886 1040 αὐτὸς
899 1009 928 1034 ὲν

140 1050 182 1086 τῷ
197 1051 262 1087 περὶ
283 1051 418 1078 Ἰουδαίων
431 1053 625 1089 συγγράμματι
642 1053 681 1079 ἔτι
699 1053 744 1079 καὶ
760 1053 846 1079 ταῦτα
865 1053 928 1089 περὶ

141 1096 190 1124 τοῦ
208 1097 314 1133 Κρόνου
330 1098 441 1134 γράφει·
459 1108 469 1124 ι
492 1099 612 1131 Τάαυτος
625 1119 632 1131 ,
653 1099 682 1125 ὄν
704 1099 846 1134 Αἰγύπτιοι
869 1099 928 1126 om

142 1143 388 1179 προσαγορεύουσι,
404 1145 483 1180 σοφίᾳ
496 1145 640 1179 διενεγκὼν
656 1145 730 1180 παρὰ
747 1146 803 1176 τοῖς
818 1145 928 1178 Φοίνιξι,

142 1189 252 1225 ’πρῶτος
265 1189 299 1216 τὰ
313 1190 383 1217 κατὰ
397 1191 446 1226 τὴν
462 1190 615 1218 θεοσέϐειαν
631 1191 662 1218 ὲκ
682 1192 731 1226 τῆς
744 1191 798 1218 τῶν
812 1191 930 1226 χυδαίων

143 1235 285 1271 ἀπειρίας,
305 1237 346 1268 είς
361 1237 576 1273 ὲπιστημονικὴν
592 1237 736 1272 ἐμπειρίαν
751 1237 881 1270 διέταξεν.
896 1235 930 1272 τῼ

147 1279 216 1314 μετὰ
236 1281 334 1315 γενεὰς
349 1281 495 1314 πλείστας,
523 1281 582 1313 θεὸς
602 1282 816 1317 Σουρμουὸηλὸς,
837 1281 931 1318 Θουρώ

145 1333 175 1350 τε
198 1326 216 1360 ἡ
238 1326 471 1362 μετονομασθεῖσα
496 1326 665 1362 Χούσαρθις,
689 1326 930 1363 ἀκολουθήσαντες,

145 1370 340 1407 κεκρυμμένην
354 1371 399 1398 τοῦ
413 1372 548 1405 Τααύτου,
561 1372 607 1398 καὶ
618 1371 792 1407 ἀλληγορίαις
808 1373 934 1399 ὲπεσκια-

145 1417 249 1453 σμένην
263 1418 315 1454 τὴν
328 1418 465 1452 θεολογίαν
481 1418 626 1453 ὲφώτισαν.
643 1428 655 1444 ι
666 1419 721 1445 Καὶ
739 1419 807 1454 μετὰ
831 1419 933 1455 βραχέα

147 1463 238 1499 φησιν·
263 1473 273 1490 ι
295 1465 376 1497 Ἔθος
397 1463 431 1500 ἦν
454 1466 510 1496 τοῖς
530 1465 653 1497 παλαιοῖς
671 1465 699 1491 ὲν
722 1466 782 1496 ταῖς
804 1465 933 1500 μεγάλαις

147 1511 302 1546 συμφοραῖς
320 1510 375 1537 τῶν
395 1511 534 1542 κινδύνων,
550 1510 610 1537 ἀντὶ
630 1510 680 1545 τῆς
699 1510 807 1537 πάντων
821 1510 932 1545 φθορᾶς,

979 964 1183 989 consecrarunt.
1193 959 1315 988 Taautus
1326 968 1391 988 vero
1403 960 1550 987 Deus-cum
1563 960 1620 994 jam
1631 964 1695 987 ante
1705 959 1768 987 Cae-

979 1007 998 1034 li
1013 1006 1158 1042 imaginem
1175 1006 1334 1040 eﬂinxissct,
1356 1013 1420 1033 mox
1446 1006 1555 1033 Saturni
1578 1005 1661 1033 etiam
1685 1010 1768 1041 atque

980 1051 1097 1087 Dagonis
1114 1055 1329 1086 ceterorumque
1343 1050 1457 1078 deorum
1471 1052 1561 1079 vultus
1571 1070 1579 1083 ,
1593 1058 1703 1085 unaque
1723 1058 1767 1078 sa-

980 1106 1042 1125 cros
1049 1098 1244 1125 elementorum
1256 1097 1427 1124 characteres
1438 1097 1581 1132 expressit.
1604 1095 1675 1129 Quin
1685 1096 1767 1123 etiam

981 1146 1088 1180 insigne
1105 1145 1180 1180 regni
1197 1144 1316 1172 Saturno
1330 1144 1464 1179 ejusmodi
1476 1143 1639 1179 excogitavit
1652 1152 1659 1177 ;
1672 1143 1770 1171 oculos

982 1192 1009 1219 in
1023 1192 1098 1219 vultu
1117 1191 1196 1219 binos
1210 1199 1242 1218 ac
1257 1191 1369 1218 totidem
1386 1190 1413 1217 in
1429 1190 1553 1225 occipite,
1574 1196 1692 1225 quorum
1711 1188 1772 1216 duo.

982 1237 1087 1272 placide
1103 1237 1249 1265 connivere
1265 1244 1296 1263 ac
1314 1236 1417 1264 nictare
1431 1236 1587 1263 viderentur
1601 1244 1608 1262 :
1624 1235 1683 1262 alas
1700 1234 1766 1262 item

982 1283 1098 1318 singulis
1117 1282 1145 1309 in
1159 1282 1280 1309 humeris
1304 1282 1437 1318 geminas,
1461 1289 1476 1309 e
1505 1281 1603 1316 quibus
1628 1280 1769 1316 explicatae

982 1328 1053 1359 dum,
1067 1328 1128 1355 duae
1140 1335 1204 1355 vero
1218 1332 1365 1355 contractae
1378 1334 1410 1354 ac
1421 1326 1546 1354 demissa:
1563 1326 1660 1353 forent.
1681 1326 1769 1361 Atque

983 1375 1124 1401 oculorum
1150 1373 1273 1409 symbolo
1287 1373 1470 1408 signiﬁcatum
1484 1373 1601 1405 volebat,
1620 1373 1769 1400 Saturnum

984 1425 1011 1448 et
1021 1420 1181 1448 dormiendo
1195 1427 1316 1451 cernere,
1325 1424 1351 1446 et
1362 1419 1482 1446 dormire
1495 1419 1648 1455 vigilando;
1665 1418 1768 1446 alarum

985 1471 1075 1494 autem
1103 1465 1229 1494 eumdem
1256 1471 1283 1493 et
1303 1465 1395 1493 volare
1412 1465 1588 1500 quiescendo,
1604 1469 1637 1492 ει·
1653 1463 1770 1492 volando

985 1513 1127 1547 quiescere
1143 1522 1150 1545 ;
1167 1512 1271 1540 caeteris
1286 1519 1351 1539 vero
1367 1511 1420 1539 diis
1446 1505 1502 1538 alas
1521 1511 1547 1537 in
1565 1510 1687 1538 bumeris
1703 1510 1770 1537 duas

146 1556 178 1582 τὸ
194 1556 374 1592 ἠγαπημένον
389 1556 443 1583 τῶν
466 1557 579 1588 τέκνων,
591 1557 654 1588 τοὺς
671 1556 838 1591 κρατοῦντας
853 1556 870 1591 ἢ
888 1556 934 1582 πό-

987 1565 1091 1587 tantum
1105 1559 1238 1591 attribuit,
1254 1559 1353 1593 quippe
1372 1558 1418 1593 qui
1436 1557 1585 1584 Saturnum
1610 1556 1698 1592 ipsum
1722 1564 1771 1583 vo-

145 1601 214 1634 λεως
235 1602 254 1637 ἢ
274 1601 388 1635 ἔθνους,
410 1604 450 1635 είς
470 1603 575 1639 σφαγὴν
598 1602 744 1630 ἐπιδιδόναι
766 1603 862 1638 λύτρον
878 1604 934 1634 τοῖς

144 1649 278 1683 τιμωροῖς
302 1649 423 1685 δαίμοσι.
447 1649 669 1684 Κατεσφάττοντο
696 1649 725 1675 δὲ
753 1649 778 1675 οἱ
804 1648 935 1683 διδόμενοι

147 1693 298 1729 μυστικῶς.
325 1694 429 1731 Κρόνος
452 1694 556 1727 τοίνυν,
581 1694 610 1720 ὃν
632 1694 657 1721 οἱ
679 1694 800 1726 Φοίνικες
829 1693 936 1729 Ἰσραὴλ

145 1739 392 1775 προσαγορεύουσι,
414 1739 562 1775 βασιλεύων
575 1740 624 1775 τῆς
641 1738 742 1775 χώρας,
756 1740 803 1766 καὶ
824 1739 936 1774 ὕστερον

149 1784 218 1821 μετὰ
247 1785 302 1821 τὴν-
322 1785 369 1812 τοῦ
395 1785 452 1821 βίου
476 1785 603 1820 τελευτὴν
626 1786 667 1817 εἰς
690 1785 735 1812 τὸν
760 1784 807 1811 τοῦ
832 1785 937 1819 Κρόνου

154 1830 268 1867 Ἀστέρα
289 1830 480 1867 καθιερωθεὶς,
496 1831 526 1865 ἐξ
550 1831 699 1867 ἐπιχωρίας
716 1831 835 1866 νύμφης,
858 1831 938 1857 Ἄνω-

148 1875 215 1912 ερὲτ
237 1877 400 1912 λεγομένης,
422 1877 479 1904 υίὸν
502 1878 571 1914 ἔχων
589 1879 730 1914 μονογενῆ,
749 1878 778 1904 ὃν
797 1878 840 1905 διὰ
859 1878 939 1904 τοῦτο

155 1922 238 1950 ἰεοὺδ
257 1922 384 1955 ἐκάλουν,
401 1923 449 1950 τοῦ
473 1924 633 1959 μονογενοῦς
654 1924 740 1955 οὓτως
761 1923 802 1950 ἐτι
825 1923 871 1950 καὶ
892 1922 939 1949 νῦν

149 1967 316 2004 καλουμένου
332 1969 408 2005 παρὰ
421 1970 477 2002 τοῖς
491 1961 600 2004 Φοίνιξι,
623 1970 752 1997 κινδύνων
767 1970 799 1996 ἐκ
822 1969 939 2004 πολέμου

152 2014 288 2049 μεγίστων
312 2015 513 2051 κατειληφότων
536 2016 585 2051 τὴν
608 2015 713 2051 χώραν,
742 2014 873 2050 βασιλικῷ
893 2023 941 2041 κο-

152 2060 260 2095 σμήσας
276 2061 397 2096 σχήματι
418 2060 463 2088 τὸν
478 2061 534 2088 υἱὸν
544 2082 551 2093 ,
576 2061 667 2097 βῶμόν
683 2070 712 2087 τε
733 2060 941 2087 κατασκευασά-

152 2114 233 2140 μενος
245 2106 404 2136 κατέθυσεν.
422 2117 432 2133 ι
454 2107 482 2134 '0
501 2107 523 2134 δ’
537 2107 617 2139 αὐτὸς
640 2107 720 2133 πάλιν
741 2106 804 2142 περὶ
816 2105 870 2132 τῶν
883 2106 942 2132 Φοι-

152 2151 237 2178 νίκων
249 2153 388 2188 στοιχείων
400 2153 434 2180 ὲκ
449 2153 503 2180 τῶν
520 2153 754 2189 Σαγχουνιάθωνος
770 2151 940 2189 μεταϐαλὼν,

154 2196 203 2224 θέα
225 2198 305 2225 ὁποῖά
329 2207 396 2235 φησι
417 2199 481 2235 περὶ
501 2199 555 2226 τῶν
575 2199 748 2235 ἐρπυστικῶν
769 2198 817 2225 καὶ
833 2197 942 2225 ἰοϐόλων

986 1605 1068 1633 laudo
1083 1609 1272 1640 sequerentur.
1285 1604 1325 1631 Ad
1342 1603 1464 1638 ejusdem
1478 1603 1589 1631 Saturni
1612 1606 1693 1637 caput
1714 1601 1772 1629 alas

986 1657 1129 1687 propterea
1146 1651 1268 1687 geminas
1284 1649 1397 1683 elIinxit,
1421 1657 1538 1685 quarum
1565 1649 1648 1676 altera
1673 1647 1772 1675 mentis

986 1697 1276 1733 principatum,altera
1291 1696 1427 1724 sentiendi
1443 1696 1497 1723 vim
1514 1696 1656 1723 indicaret.
1673 1694 1772 1722 Satur-

987 1753 1040 1773 nus
1052 1748 1143 1772 autem
1165 1751 1228 1771 eum
1265 1743 1292 1771 in
1322 1743 1461 1770 Mcridiem
1485 1742 1614 1775 venisset,
1637 1741 1772 1768 Taaut‘um

987 1790 1067 1818 deum
1088 1788 1196 1825 Egypti
1218 1789 1352 1816 universae
1365 1796 1454 1823 regem
1478 1788 1588 1816 creavit.
1608 1788 1696 1822 Atque
1717 1787 1777 1814 luce

988 1836 1125 1871 principes
1137 1835 1272 1866 omnium,
1287 1834 1385 1869 inquit,
1399 1834 1490 1861 Cabiri
1504 1840 1605 1869 septem
1621 1832 1699 1859 liberi
1722 1831 1773 1867 Sy-

989 1882 1050 1914 dec,
1064 1890 1126 1909 eum
1143 1881 1302 1916 Aiseulapio
1317 1880 1401 1908 fratre
1414 1884 1520 1912 octavo,
1531 1879 1674 1914 ipsiusmet
1685 1877 1776 1904 Taau-

989 1930 1009 1956 ti
1030 1928 1120 1963 jussu,
1148 1929 1175 1955 in
1195 1927 1406 1955 commentarios
1434 1926 1594 1960 tabulasque
1616 1925 1774 1952 retulerant.

990 1973 1140 2001 Thabionis
1157 1977 1250 2000 autem
1269 1972 1352 2006 ﬁlius,
1369 1972 1475 2007 primus
1488 1971 1559 2006 apud
1579 1969 1722 1997 Phoenices
1742 1976 1776 1995 ex

991 2019 1066 2046 omni
1091 2018 1222 2046 memoria
1239 2024 1381 2046 sacrorum
1402 2018 1545 2052 interpres,
1560 2016 1654 2044 eadem
1676 2015 1777 2049 allego-

990 2065 1040 2093 riis
1064 2065 1231 2100 quibusdam
1259 2064 1417 2097 ementitus,
1429 2071 1491 2091 cum
1507 2070 1596 2090 rerum
1611 2060 1775 2088 naturalium

990 2118 1019 2139 et
1037 2119 1131 2139 eorum
1148 2119 1209 2146 qua;
1221 2111 1324 2146 passim
1354 2110 1407 2137 hoc
1431 2110 1459 2137 in
1488 2109 1591 2136 mundo
1616 2107 1778 2142 contingunt

992 2158 1181 2186 affectionibus
1197 2158 1353 2193 conjuncta.
1368 2155 1508 2192 prophetis
1538 2155 1615 2189 orgia
1638 2153 1778 2181 celebran—

993 2205 1077 2238 tibus,
1091 2209 1118 2232 et
1129 2204 1326 2232 sacrificiorum
1341 2202 1589 2239 mysteriorumque
1611 2200 1780 2236 principibus

154 2242 269 2278 θηρίων,
286 2243 304 2270 ἃ
325 2243 357 2279 δὴ
380 2245 477 2280 χρῆσιν
499 2245 548 2280 μὲν
570 2245 675 2280 ἀγαθὴν
699 2243 854 2279 ανθρώποις
868 2243 934 2269 οὐδε·

993 2251 1113 2279 tradidit.
1123 2250 1174 2283 Qui
1185 2250 1312 2284 deinceps
1334 2249 1443 2276 inanem
1464 2248 1535 2275 hanc
1547 2246 1754 2274 ostentationem
1770 2264 1778 2276 ,

155 2286 221 2320 μίαν
246 2287 384 2321 συντελεῖ,
411 2288 513 2324 φθορὰν
536 2289 565 2315 δὲ
591 2289 637 2316 καὶ
663 2289 752 2325 λύμην
775 2286 816 2320 οἷς
843 2288 876 2315 ἂν
897 2288 942 2314 τὸν

153 2330 273 2367 δυσαλθῆ
297 2333 346 2359 καὶ
364 2332 481 2369 χαλεπὸν
512 2333 550 2360 ίὸν
578 2334 770 2370 ὲγχρίμψειεν,
790 2333 943 2368 ἀπεργάζε-

155 2385 210 2404 ται.
230 2377 334 2413 Γράφει
353 2378 382 2405 δὲ
400 2379 448 2405 καὶ
465 2379 551 2406 ταῦτα
571 2380 640 2415 πρὸς
658 2379 730 2412 λέξιν
755 2376 806 2406 ὦδέ
825 2388 883 2410 πως
901 2379 944 2405 λέ-

155 2429 223 2455 γων·
241 2431 251 2449 ‹
272 2423 328 2459 Τὴν
349 2424 399 2459 μὲν
418 2421 465 2451 οὖν
491 2425 538 2451 τοῦ
557 2425 702 2460 δράκοντος
725 2424 804 2458 φύσιν
825 2424 871 2450 καὶ
890 2423 944 2449 τῶν

155 2468 244 2503 δφεων
260 2470 342 2502 αὐτὸς
358 2468 543 2503 ὲξεθείασεν-ὁ
579 2471 700 2502 Τάαυτος
714 2491 722 2503 ,
750 2471 796 2497 καὶ
817 2471 874 2505 μετ’
895 2470 945 2497 αὑ-

155 2515 202 2542 τὸν
217 2513 296 2547 αὖθις
308 2515 431 2548 Φοίνικές
444 2525 474 2543 τε
503 2517 551 2543 καὶ
566 2517 718 2551 Αἰγύπτιοι.
752 2515 946 2551 ῐΙνευματικώ-

156 2567 237 2586 τατον
251 2559 307 2596 γὰρ
320 2560 350 2587 τὸ
363 2560 433 2593 ζῶον
450 2562 561 2588 πάντων
574 2562 628 2588 τῶν
644 2562 777 2597 ὲρπετῷν,
794 2561 840 2587 καὶ
856 2561 946 2596 πυρῶ-

156 2604 202 2637 δες
219 2605 265 2632 ὕπ’
279 2605 361 2633 αὐτοῦ
378 2607 512 2643 παρεδόθη
528 2609 591 2644 παρ’
607 2605 629 2641 ᾧ
640 2614 653 2628 ι
672 2608 718 2634 καὶ
729 2607 810 2643 τάχος
827 2606 946 2642 ἀνυπέρ-

158 2651 257 2688 ϐλητον
277 2652 322 2681 διὰ
337 2653 385 2680 τοῦ
404 2654 559 2689 πνεύματος
581 2654 738 2690 παρίστησι,
759 2654 847 2688 χωρὶς,
860 2653 947 2680 ποδῶν

194 2704 208 2719 ι
226 2699 269 2725 τσ.
286 2699 311 2727 ὃ.

194 2743 249 2779 (35)
269 2744 324 2781 Καὶ
350 2745 676 2781 τοῖςγπροξοσμήμασι.
699 2745 796 2776 NonL,
813 2743 871 2771 εἶτα
893 2747 947 2776 τοῖς

159 2787 239 2819 supra.
255 2779 347 2819 ,fone
362 2780 473 2819 melius,
487 2779 610 2808 εἶτα’καὶ
632 2782 687 2819 τοῖς
707 2781 946 2819 προσγρσμήμᾳσι,

158 2814 422 2851 ωωψίᾼπῳησμή
427 2824 500 2850 ματα
515 2824 575 2844 esse
587 2816 703 2850 possint,
713 2814 948 2851 praeviusquidam

161 2849 398 2886 orationis'fucus',
417 2849 450 2879 ἐι
470 2852 549 2886 quasi
567 2849 753 2886 sequentibus
768 2849 865 2878 fabulis
881 2859 948 2885 προ-

158 2884 294 2914 οᾶοποιῶν.
479 2884 487 2886 “
606 2884 614 2886 “
684 2896 696 2911 ι

994 2305 1077 2332 quam
1092 2297 1167 2324 omni
1175 2303 1229 2331 ope
1247 2296 1377 2330 omnique
1387 2293 1476 2322 studio
1487 2301 1586 2328 augere
1594 2291 1778 2322 eonatieram',

995 2343 1052 2370 suis
1073 2349 1181 2377 quoque
1205 2340 1410 2369 successoribus
1436 2344 1462 2366 et
1486 2337 1600 2365 initiatis
1632 2337 1777 2370 reliquere.

996 2389 1097 2416 llorum
1123 2396 1195 2416 unus
1221 2387 1296 2415 lsinis
1318 2386 1427 2422 quidam
1450 2384 1511 2418 fuit,
1527 2384 1608 2411 trium
1628 2383 1780 2410 litterarum

996 2436 1131 2468 inventor,
1159 2434 1242 2462 frater
1268 2433 1342 2460 illius
1370 2432 1462 2464 Clinre,
1492 2431 1537 2465 qui
1563 2429 1668 2464 primus
1688 2431 1781 2463 postea

994 2481 1109 2508 Phoenix
1127 2485 1239 2507 vocatus
1258 2484 1309 2506 est.
1329 2489 1337 2504 ι
1353 2478 1457 2511 Quibus
1471 2477 1528 2503 haec
1541 2475 1636 2503 deinde
1646 2474 1757 2509 subjieit
1773 2483 1780 2500 :

1000 2537 1008 2552 ι
1031 2526 1063 2553 At
1080 2534 1145 2553 vero
1161 2525 1259 2557 Grmci,
1277 2524 1401 2552 homines
1418 2530 1472 2558 prta
1483 2520 1722 2556 caeterisgentibus
1733 2527 1784 2554 pow-

997 2571 1036 2598 liti
1054 2571 1201 2598 admodum
1215 2575 1243 2598 et
1257 2569 1389 2605 elegantis
1406 2568 1518 2601 ingenii,
1533 2567 1652 2599 primum
1671 2565 1783 2600 quidem

998 2619 1113 2645 istorum
1128 2625 1258 2652 pleraque
1273 2616 1324 2644 sibi
1335 2621 1463 2650 tanquam
1476 2614 1584 2649 propria
1594 2613 1781 2640 vindicarunt:

998 2667 1044 2695 sed
1061 2675 1122 2694 cum
1140 2674 1221 2693 aures
1236 2670 1317 2700 atque
1339 2665 1445 2692 animos
1469 2663 1621 2690 fabularum
1646 2661 1784 2695 voluptate

1035 2756 1090 2790 (Η)
1116 2755 1200 2787 Ἰδίιις
1217 2754 1264 2780 καὶ
1281 2754 1340 2790 sine.
1363 2752 1451 2779 Malim
1469 2750 1595 2790 καὶ-ἰξίας
1611 2751 1680 2790 iam,
1737 2754 1785 2790 per

1000 2784 1117 2826 ὲκὲομᾶς
1133 2784 1221 2824 partes
1235 2789 1365 2826 quasdam
1381 2796 1419 2826 _n_c
1441 2787 1522 2813 veluti
1538 2786 1622 2812 frusta
1641 2784 1785 2826 intelligat.

1000 2835 1030 2854 ex
1050 2820 1167 2852 tolorillo
1185 2820 1276 2851 rerum
1292 2823 1493 2850 Phoenicim-um
1518 2828 1631 2855 corpore
1645 2820 1796 2852 decerpta».

1036 2861 1092 2896 (45)
1118 2858 1300 2893 'ch;1n0t3c,
1323 2857 1415 2890 Forte,
1429 2856 1606 2892 (bsic/#305;
