2064 3212
307 183 341 212 87
639 183 773 211 EUSEBII
793 180 1029 210 CESARIENSIS
1048 179 1121 207 OPP.
1143 179 1231 208 PARS
1251 180 1282 210 Π.
1302 197 1336 201 -
1355 180 1601 209 APOLOGETICA.
1885 185 1919 212 88

306 241 473 278 permulcere
487 241 596 274 vellent,
614 242 692 269 novis
709 242 803 269 eadem
829 249 861 269 ac
889 240 1083 275 multiplicibus

1135 246 1164 264 τε
1182 239 1228 265 καὶ
1246 239 1354 274 χειρῶν,
1370 239 1386 274 ἢ
1403 239 1482 266 ἄλλου
1497 239 1570 271 τινὸς
1590 240 1644 266 τῶν
1660 240 1767 272 ἔξωθεν,
1785 241 1814 274 ἐξ
1836 238 1873 269 ὧν
1886 243 1920 269 τὰ

303 291 397 323 postea
421 291 637 314 commcntorum
654 287 730 321 quasi
750 291 972 313 ornamentorum
994 293 1086 316 acces-

303 331 426 359 sionibus
449 339 531 366 supra
553 332 664 359 modum
685 336 895 367 exaggerarunt.
919 331 1006 366 Atque
1023 331 1086 358 hinc

305 376 450 410 Hesiodus,
466 385 498 404 ac
509 378 607 412 reliqui
627 377 774 405 circulares
790 383 886 413 poetae,
905 385 1022 411 quorum
1043 377 1085 404 l'a-

302 422 380 450 bellis
404 423 496 450 omnia
521 423 866 458 circumsonant,propria
890 423 941 450 sibi
961 422 1085 458 quaedam

302 468 447 504 Gigantum
462 477 495 497 ac
508 468 635 496 Titanum
650 468 1003 503 certamina,sectionesque
1019 468 1086 497 alias

304 516 470 544 conﬁnxere.
491 514 558 549 Quae
574 523 636 543 cum
654 514 692 541 illi
716 515 818 549 passim
835 518 862 542 et
877 515 978 549 ubique
1000 515 1086 549 jacta—

302 565 373 594 rent,
386 560 528 588 veritatem
546 560 632 595 ipsam
646 559 754 587 tandem
778 564 980 594 oppresserunt.
998 560 1085 587 Aures

301 614 365 634 vero
383 606 438 644 ω
457 611 556 635 nostra:
576 606 632 641 jam
651 606 713 632 inde
727 606 762 636 ab
786 605 901 633 infantia
932 606 1038 632 illorum
1054 604 1085 632 ﬁ-

301 643 437 680 ctionibus
450 656 576 685 assuetae,
590 656 617 679 et
631 652 805 686 opinionibus
823 660 872 686 per
891 652 974 679 multa
987 652 1084 679 saecula

301 697 455 732 propagatis
470 700 619 730 occupatae,
636 703 717 730 quam
732 697 814 726 semel
837 703 964 730 accepere
979 695 1084 722 fabula—

301 750 361 769 rum
377 742 523 775 vanitatem
539 741 652 776 perinde
677 749 709 769 ac
735 741 886 776 depositum
911 741 1031 776 aliquod,
1057 745 1086 768 ut

299 789 390 816 statim
420 788 455 815 ab
474 788 552 817 initio
568 787 635 818 dixi.
649 787 817 817 custodiunt.
841 788 934 821 Itaque
953 788 1025 821 quod
1050 788 1084 815 ab

299 835 358 869 ipso
383 839 503 868 tempore
530 833 602 860 vires
619 840 651 860 ac
667 833 751 862 robur
772 833 915 868 acceperit,
935 833 1085 868 possessio-

298 890 359 915 nem
375 882 411 914 ita
427 882 598 915 conﬁrmavit
607 889 684 909 suam
700 886 729 908 ut
737 889 796 917 eam
808 886 934 909 excutere
946 882 1023 916 longe
1032 881 1085 908 dif-

300 928 449 958 ﬁcillimum
467 928 512 960 sit,
526 927 638 962 jamque
654 928 754 955 veritas
765 915 823 962 ipsa
846 914 1085 963 nugarumiadul-
1102 914 1123 942 Β

299 974 393 1009 terinaa
408 981 473 1001 vero
489 981 520 1001 ac
533 974 634 1009 spuria!
647 975 818 1002 narrationes
828 974 888 1001 loco
899 974 1020 1001 veritatis
1035 974 1083 1001 ba-

299 1021 425 1049 beantur.
447 1029 456 1046 )
471 1035 507 1040 --
522 1020 621 1047 Verum
638 1021 708 1051 satis
722 1021 773 1048 ista
786 1025 877 1053 sunto,
891 1028 950 1055 qua:
963 1028 996 1048 ex
1014 1020 1084 1048 San-

299 1066 492 1094 chuniathonis
518 1065 648 1100 operibus
667 1065 721 1093 huc
741 1073 829 1100 usque
853 1067 1006 1098 retulimus,
1024 1074 1084 1101 quae

298 1119 362 1142 cum
378 1119 394 1139 a
421 1110 534 1139 Philone
555 1111 648 1147 Byblio
669 1120 800 1140 conversa
812 1111 958 1147 Graeceque
979 1112 1084 1141 reddita

297 1161 373 1192 sunt,
386 1162 442 1184 tum
455 1156 598 1193 Porphyrii
611 1158 766 1192 philosophi
781 1158 938 1186 testimonio
953 1163 1082 1193 tanquam

296 1209 361 1236 vera
378 1203 601 1238 comprobantur.
615 1203 749 1241 caeterum
763 1203 834 1230 idem
852 1203 879 1230 in
893 1211 935 1235 eo.
953 1212 1033 1238 quem
1051 1204 1084 1231 de

295 1248 397 1283 Judaais
408 1250 538 1285 scriptum
554 1250 672 1285 reliquit,
684 1250 741 1277 haec
757 1256 887 1285 praeterea
915 1250 950 1277 de
963 1249 1082 1278 Saturno

296 1300 514 1330 commemorat:
528 1304 537 1321 ι
557 1295 679 1324 Taautus
705 1291 765 1329 ille,~
784 1303 864 1330 quem
882 1295 972 1323 Thoth
1005 1296 1084 1331 Egy-

296 1340 345 1376 ptii
359 1345 466 1372 vocant,
489 1348 550 1368 cum
579 1341 682 1377 ingenti
698 1342 769 1376 apud
782 1341 925 1369 Phoenices
945 1342 1084 1376 sapientia:

298 1386 378 1415 laude
399 1386 517 1420 ﬂoreret,
536 1395 596 1422 quae
611 1388 643 1415 ad
659 1388 815 1422 religionem
838 1381 996 1423 cultumque
1018 1388 1084 1416 deo-

296 1439 357 1459 rum
375 1431 558 1466 pertinebant.
572 1433 677 1466 primus
697 1439 731 1460 ex
755 1432 900 1460 humilium
913 1441 946 1461 ac
960 1433 1081 1468 plebeio-

295 1484 357 1505 rum
376 1477 496 1512 capitum
517 1478 661 1506 inscientia
676 1478 825 1512 vindicata,
842 1480 960 1515 eleganti
985 1485 1012 1507 et
1035 1487 1081 1507 ac-

295 1523 470 1557 commodato
487 1525 520 1551 ad
541 1524 662 1553 scientiae
670 1524 744 1560 leges
760 1525 856 1553 ordine
869 1525 1016 1560 disposuit.
1029 1519 1080 1553 Cui

294 1575 357 1601 eum
372 1568 551 1615 Surmubelus
562 1560 639 1604 deus;
649 1575 676 1599 et
689 1569 793 1605 Thura,
807 1579 867 1607 quae
878 1570 1005 1615 deinceps
1017 1580 1079 1599 mu—
1093 1588 1114 1615 ε

295 1618 353 1644 tato
366 1614 476 1645 nomine
490 1614 655 1648 Chusartbis
667 1616 800 1651 appellata
815 1617 952 1652 est,lnngo
967 1614 1077 1644 aetatum

294 1659 440 1688 fntervallo
452 1662 658 1698 successissent,
674 1663 808 1694 occultam
824 1664 910 1698 ipsius
931 1670 958 1691 et
974 1664 1078 1700 allego-

295 1708 399 1737 riarum
415 1709 565 1738 involutam
582 1710 687 1740 umbris
696 1711 859 1746 theologiam
869 1711 1050 1740 illustrarunt.
1067 1722 1076 1738 ι

295 1755 340 1788 Αο
351 1756 431 1788 paulo
444 1761 506 1791 post
520 1767 526 1784 :
545 1767 554 1788 ς
571 1756 638 1791 Hoc,
656 1757 755 1793 inquit,
773 1758 845 1792 apud
859 1763 964 1787 veteres
976 1758 1004 1786 in
1020 1766 1080 1786 mo-

299 1810 331 1829 re
342 1802 460 1837 positum
476 1808 544 1835 erat,
561 1807 590 1831 ut
604 1803 632 1830 in
649 1803 766 1831 summis
789 1803 944 1838 reipublicte
968 1803 1080 1832 calami-

296 1848 409 1881 tatibus,
422 1855 504 1882 penes
526 1856 596 1883 quos
618 1852 666 1876 aut
681 1849 798 1877 civitatis
814 1853 862 1876 aut
886 1850 972 1884 gentis
994 1850 1080 1885 impe-

297 1893 368 1927 rium
388 1897 470 1925 esset,
502 1894 521 1921 ii
542 1894 690 1922 liberorum
714 1894 851 1922 carissimi
875 1894 1008 1927 ultoribus
1026 1894 1081 1922 dat-

297 1939 427 1967 monibus
440 1940 557 1976 jugulati
575 1941 709 1977 sanguine
728 1941 807 1976 quasi
824 1941 922 1976 pretio,
939 1941 1079 1977 publicum

295 1985 408 2013 exitium
426 1990 584 2022 pestemque
609 1987 784 2017 redimerem.
804 1986 857 2021 Qui
877 1995 942 2016 vero
965 1992 1022 2015 tum
1046 1987 1080 2014 ad

296 2031 461 2070 sacriﬁcium
477 2033 690 2067 devovebaiitur,
714 2041 762 2065 eos
777 2033 900 2069 mysticis
916 2033 1080 2070 ouibusdam

296 2078 467 2106 caeremoniis
490 2078 620 2106 adhibitis
643 2078 815 2114 iugulabant.
838 2078 973 2106 Saturnus
988 2079 1079 2114 igitur,

295 2130 377 2157 quem
389 2122 533 2159 Phoenices
547 2123 674 2154 lsraelem
693 2125 845 2157 nominant,
859 2131 995 2160 quemque
1020 2128 1082 2159 post

296 2168 402 2196 obitum
427 2168 456 2196 in
481 2173 585 2197 astrum
599 2169 720 2204 ejusdem
737 2169 857 2197 nominis
874 2175 1080 2203 consecrarunt,

295 2221 358 2241 cum
381 2215 415 2243 iis
440 2214 467 2244 in
493 2215 562 2249 locis
579 2220 716 2251 regnaret,
732 2223 764 2243 ac
781 2214 866 2242 tilium
886 2216 1034 2251 unigenam
1048 2223 1082 2251 ex

1138 285 1217 311 λοιπὰ
1230 285 1286 317 ζῶα
1299 285 1348 317 τὰς
1364 287 1486 321 κινήσεις
1501 287 1633 312 ποιεῖται·
1650 287 1695 315 καὶ
1712 287 1839 315 ποικίλων
1854 297 1920 323 σχη-

1139 332 1228 366 μάτων
1245 331 1345 363 τύπους
1361 332 1495 363 ἀποτελεῖ,
1513 332 1561 358 καὶ
1580 332 1649 359 κατὰ
1665 333 1715 368 τὴν
1734 334 1845 368 πορείαν
1867 335 1921 361 ἑλι-

1137 377 1247 408 κοειδετς
1264 377 1320 411 ἔχει
1335 377 1384 408 τὰς
1401 377 1497 412 ὁρμάς,
1515 377 1557 412 ἐφ’
1574 377 1588 404 ὃ
1613 377 1735 412 βούλεται
1758 379 1855 413 τάχος·
1872 380 1920 406 καὶ

1137 422 1382 457 πολυχρονιώτατον
1393 422 1421 449 δέ
1433 424 1517 455 ἐστιν,
1531 424 1562 451 οὑ
1576 423 1655 459 μόνον
1666 424 1704 459 τῷ
1718 424 1878 460 ἐκδυόμενον
1890 425 1921 452 τὺ

1136 468 1223 503 γῆρας
1235 466 1350 500 νεάζειν,
1363 468 1429 495 ἀλλὰ
1443 468 1489 494 καὶ
1503 468 1615 502 αὔξησιν
1630 469 1800 504 ἐπιδέχεσθαι
1812 468 1921 505 μείζονα

1137 514 1249 548 πέφυκε.
1268 514 1322 541 Καὶ
1334 514 1442 542 ἐπειδὰν
1457 515 1487 541 τὸ
1499 515 1652 551 ὡρισμένον
1667 515 1764 551 μέτρον
1777 515 1919 552 πληρώσῃ,

1137 561 1176 591 εἰς
1190 560 1284 586 ἑαυτὸν
1295 561 1479 593 ἀναλίσκεται,
1495 560 1532 592 ὡς
1545 561 1573 587 ὲν
1585 562 1645 592 ταῖς
1660 562 1745 596 ἱεραῖς
1761 562 1861 596 ὁμοίως
1873 562 1920 589 αὺ-

1136 605 1181 636 τδς
1201 606 1216 631 ὁ
1232 605 1352 636 Τάαυτος
1369 605 1500 639 κατέταξε
1513 607 1639 641 γραφαῖς.
1655 606 1701 636 Διὸ
1722 607 1768 633 καὶ
1788 607 1816 634 ἐν
1839 608 1921 643 ἱεςοῖς

1136 651 1213 678 τοῦτο
1233 652 1263 678 τὸ
1284 652 1351 683 ζῶον
1373 653 1420 685 καὶ
1439 653 1468 679 ὲν
1492 653 1649 688 μυστηρίοις
1670 654 1918 689 συμπαρείληπται.

1137 697 1249 733 Εἴρηται
1268 697 1296 724 δὲ
1311 700 1377 733 ἡμῖν
1393 699 1456 733 περὶ
1472 699 1554 725 αὑτοῦ
1572 700 1601 725 ὲν
1622 701 1677 731 τοῖς
1692 700 1920 736 ἐπιγραφομένοις

1143 743 1282 771 Ἐθωθιῶν
1305 744 1360 780 (46)
1382 745 1574 781 ὑπομνήμασιν
1590 745 1745 772 ἐπιπλεῖον·
1763 747 1791 773 ὲν
1810 744 1850 778 οἷς
1872 755 1921 772 κα-

1137 790 1341 822 τασκευάζεται,
1356 791 1396 817 ὄτι
1410 791 1542 820 ἀθάνατον
1555 791 1598 826 εἴη
1609 811 1616 823 ,
1634 792 1679 818 καὶ
1694 793 1733 824 εἱς
1748 792 1842 818 ἑαυτὸν
1855 793 1921 819 ἀνα-

1137 837 1243 868 λύεται,
1259 837 1352 873 ὦσπερ
1367 837 1525 873 πρόκειται·
1542 838 1572 864 οὐ
1590 837 1643 873 γὰρ
1667 838 1777 873 θνήσκει
1793 839 1849 874 ἰδίῳ
1870 838 1919 865 Θα-

1138 884 1219 919 νάτῳ,
1233 885 1257 910 εἰ
1275 884 1311 918 μὴ
1328 883 1372 919 βίᾳ
1387 884 1440 910 τινὶ
1457 884 1558 919 πληγὲν
1571 884 1650 911 τοῦτο
1664 884 1694 910 τὺ
1709 884 1785 916 ζῶον.
1799 884 1920 916 Φοίνικες

1135 930 1163 956 δὲ
1182 930 1247 957 αὐτὸ
1265 930 1366 963 ἀγαθὸν
1387 930 1502 965 δαίμονα
1521 929 1664 957 καλοῦσιν·
1684 930 1783 965 ὁμοίως
1805 931 1852 957 καὶ
1873 931 1920 956 Αἰ-

1134 975 1242 1008 γύπτιοι
1263 974 1342 1010 Κνὴφ
1362 975 1575 1010 ἐπονομάζουσι·
1600 975 1773 1010 προστιθέασι
1792 975 1820 1002 δὲ
1845 974 1919 1010 αὺτῷ

1137 1021 1244 1056 ἱέρακος
1262 1020 1392 1056 κεφαλὴν,
1408 1021 1455 1048 καὶ
1467 1021 1511 1048 διὰ
1526 1021 1556 1048 τὸ
1573 1022 1722 1057 πρακτικὸν
1737 1022 1784 1048 τυῦ
1798 1022 1917 1057 ἱέρακος.

1134 1067 1188 1094 Καί
1207 1075 1289 1102 φησιν
1303 1068 1317 1093 ό
1338 1068 1448 1103 Ἐπήεις
1464 1068 1629 1103 ἁλληγορῶν,
1646 1069 1661 1094 ὁ
1677 1068 1836 1103 όνομασθεὶς
1852 1069 1917 1103 παρ’

1133 1114 1225 1145 αὐτοῖς
1251 1113 1377 1149 μέγιστος
1394 1114 1568 1150 ἱεροφάντης,
1593 1115 1639 1141 καὶ
1664 1113 1917 1150 ἱερογραμματεύς·

1133 1158 1162 1185 ὃν
1179 1159 1348 1195 μετέφρασεν
1364 1160 1403 1191 εἱς
1419 1159 1515 1187 mssa
1534 1160 1625 1195 φωνὴν
1642 1160 1750 1195 Ἄρειος
1763 1160 1918 1195 Ἡρακλεω-

1132 1202 1242 1237 πολίτης
1254 1201 1323 1228 κατὰ
1333 1200 1406 1235 λέξιν
1416 1201 1501 1233 οὕτως
1510 1210 1516 1216 ·
1535 1211 1544 1226 ‹
1560 1200 1597 1227 Τὸ
1609 1200 1714 1236 πρῶτον
1727 1200 1756 1226 ὃν
1772 1200 1920 1233 θειότατον,

1132 1248 1193 1282 δφις
1205 1248 1279 1274 ἐστὶν
1297 1247 1405 1283 ἱέρακος
1422 1247 1492 1283 ἔχων
1511 1246 1626 1282 μορφὴν,
1644 1246 1713 1280 ἄγαν
1737 1246 1873 1281 ἐπίχαρις,
1891 1246 1920 1277 ὃς

1131 1296 1156 1320 εἰ
1169 1293 1343 1328 ἀναῦλέψειε,
1360 1293 1448 1328 φωτὸς
1468 1293 1498 1319 τὸ
1519 1294 1573 1319 πᾶν
1587 1293 1704 1327 ἐπλήρου
1722 1293 1751 1320 ὲν
1768 1294 1800 1327 τῇ
1816 1300 1920 1327 πρωτοα

1133 1341 1202 1377 γόνῳ
1215 1341 1291 1378 χώρᾳ
1305 1341 1397 1368 αὐτοῦ·
1412 1342 1436 1368 εἰ
1451 1340 1479 1367 δὲ
1490 1340 1655 1376 καμμύσειε,
1670 1340 1763 1369 σκότος
1774 1339 1887 1373 ἐγίνετο.
1908 1348 1918 1364 ι

1134 1388 1271 1423 Ἐμφασιν
1291 1388 1378 1420 διδοὺς
1399 1389 1413 1414 ὁ
1441 1388 1551 1422 Ἑπήεις
1576 1386 1643 1421 (47),
1665 1386 1706 1412 ὅτι
1725 1385 1772 1412 καὶ
1789 1384 1917 1419 διάπυρον

1131 1436 1199 1469 ἐστι,
1217 1436 1261 1462 διὰ
1279 1435 1325 1463 τοῦ
1338 1435 1429 1470 φάναι,
1443 1434 1587 1470 διηύγασε·
1606 1433 1694 1468 φωτδς
1711 1432 1764 1467 γὰρ
1781 1432 1845 1459 ἴδιόν
1860 1432 1918 1458 ἐστι

1131 1481 1162 1508 τὺ
1174 1481 1330 1515 διαυγάσαι.
1349 1480 1428 1515 Παρὰ
1450 1479 1580 1505 Φοινίκων
1599 1478 1627 1504 δὲ
1644 1478 1689 1504 καὶ
1704 1476 1856 1512 Φερεκύδης
1871 1476 1918 1502 λα-

1132 1526 1186 1562 ϐὼν
1209 1527 1257 1558 τὰς
1277 1525 1420 1561 ἀφορμὰς,
1435 1524 1593 1560 ἐθεολόγησε
1612 1523 1737 1558 περὶτοῦ
1759 1523 1823 1557 παρ’
1844 1521 1917 1556 αὐτῷ

1131 1573 1276 1608 λεγομένου
1312 1571 1463 1606 ὐφιωνέως
1487 1570 1559 1602 θεοῦ,
1584 1570 1631 1597 καὶ
1656 1569 1709 1596 τῶν
1742 1567 1917 1603 Ὀφιωνιδῶν,

1132 1619 1195 1654 περὶ
1214 1615 1251 1645 ὧν
1273 1616 1349 1649 αὖθις
1365 1617 1485 1652 λέξομεν.
1505 1617 1565 1643 Ἔτι
1589 1616 1640 1651 μὴν
1662 1616 1686 1641 οἱ
1703 1614 1846 1649 Αἱγύπτιοι
1864 1612 1919 1640 ἀπὺ

1131 1665 1179 1700 τῆς
1193 1664 1276 1699 αὐτῆς
1298 1664 1401 1695 ἑννοίας
1422 1663 1466 1689 τὸν
1482 1662 1582 1697 κόσμον
1608 1662 1767 1697 γράφοντες,
1785 1657 1917 1695 περιφερῆ

1131 1711 1230 1738 κύκλον
1251 1709 1373 1746 ἀεροειδῆ
1397 1710 1443 1736 καὶ
1459 1708 1589 1744 πυρωπὸν
1607 1707 1788 1743 χαράσσουσι,
1809 1706 1855 1731 καὶ
1871 1704 1919 1739 μέ-

1133 1767 1178 1785 σον
1191 1756 1336 1791 τεταμένον
1350 1755 1411 1791 ὅφιν
1434 1755 1646 1790 ἰερακόμορφον·
1673 1754 1719 1780 καὶ
1740 1753 1795 1779 ἐστι
1815 1752 1845 1778 τὺ
1864 1752 1917 1777 πᾶν

1133 1803 1235 1839 σχῆμα,
1250 1803 1288 1833 ὡς
1301 1802 1333 1828 τὸ
1347 1801 1410 1837 παρ’
1428 1802 1491 1836 ἡμῖν
1511 1800 1585 1836 Θῆτα
1595 1809 1601 1815 ·
1619 1800 1666 1826 τὸν
1688 1798 1736 1834 μὲν
1750 1797 1858 1828 κύκλον,
1873 1797 1919 1823 κό-

1133 1858 1200 1885 σμον
1219 1849 1375 1884 μηνύοντες,
1388 1848 1433 1873 τὸν
1454 1847 1481 1874 δὲ
1500 1847 1581 1882 μέσον
1601 1845 1663 1880 ὅφιν
1679 1843 1835 1871 συνεκτικὸν
1856 1842 1918 1869 τοῠο

1132 1905 1187 1927 τον,
1205 1894 1305 1929 ἀγαθὸν
1324 1894 1439 1929 δαίμονα
1461 1892 1646 1927 σημαίνοντες,
1669 1890 1723 1917 Καὶ
1739 1889 1919 1924 Ζωροάστρης

1132 1941 1160 1967 δὲ
1175 1942 1189 1967 ὸ
1204 1940 1298 1974 Μάγος
1313 1941 1340 1965 ὲν
1355 1940 1387 1974 τῇ
1403 1939 1462 1974 ἱερᾷ
1477 1938 1619 1972 συναγωγῇ
1631 1935 1684 1962 τῶν
1696 1933 1837 1971 Περσικῶν
1851 1941 1918 1969 φησι

1133 1986 1202 2018 κατὰ
1217 1985 1303 2018 λέξιν·
1322 1995 1332 2011 ι
1363 1985 1391 2011 Ὁ
1412 1984 1440 2010 δὲ
1457 1983 1517 2015 θεός
1532 1984 1590 2009 ἐστι
1610 1981 1731 2017 κεφαλὴν
1752 1980 1821 2016 ἔχων
1841 1980 1917 2015 ἱέρα-

1133 2042 1189 2066 κος.
1205 2030 1287 2064 Οὗτός
1303 2032 1398 2059 ἐστινό
1411 2031 1518 2067 πρῶτος
1531 2030 1677 2065 ἄφθαρτος,
1692 2028 1786 2059 ἀΐδιος,
1801 2027 1919 2061 ἀγέννη-

1133 2089 1187 2111 τος,
1215 2078 1330 2114 ἀμερὴς,
1355 2077 1555 2112 ἀνομοιότατος,
1579 2075 1685 2110 ἡνίοχος
1707 2073 1805 2111 παντὸς
1823 2072 1916 2104 καλοῦ,

1134 2124 1343 2160 ἀδωροδόκητος,
1360 2122 1468 2156 ἀγαθῶν
1479 2119 1663 2155 άγαθὼτατος,
1679 2118 1816 2154 φρονίμων
1831 2117 1919 2153 φρονί-

1136 2171 1267 2207 μώτατος.
1283 2170 1361 2196 Ἔστι
1376 2169 1404 2196 δὲ
1426 2168 1473 2196 καὶ
1496 2166 1586 2202 πατὴρ
1602 2166 1729 2200 εὐνομίας
1753 2166 1799 2191 καὶ
1818 2165 1919 2192 δικαιο-

1135 2219 1226 2253 σύνης,
1245 2215 1445 2246 αὐτοδίδακτος,
1462 2213 1588 2248 φυσικὸς,
1606 2212 1653 2238 καὶ
1676 2211 1787 2243 τέλειος,
1811 2211 1858 2237 καὶ
1875 2219 1919 2237 σο-

296 2260 417 2295 nympha
429 2261 547 2295 quadam
564 2260 701 2295 indigena,
716 2268 798 2296 quam
821 2260 986 2288 Anobretem
1000 2269 1081 2290 voca-

1134 2263 1193 2298 φὸς,
1208 2261 1255 2288 καὶ
1273 2259 1346 2296 ἱεροῦ
1362 2258 1475 2294 φυσικοῦ
1494 2257 1572 2293 μόνος
1587 2256 1711 2292 εὑρετής.
1732 2266 1740 2281 ι
1758 2255 1798 2282 Τὰ
1811 2256 1832 2282 δ’
1848 2254 1918 2282 αὐτὰ

294 2306 371 2340 bant,
385 2306 560 2341 suscepisset,
578 2314 696 2341 eumque
712 2313 854 2341 propterea
880 2307 991 2334 nomine
1015 2306 1080 2335 υἱοῦ-

296 2352 357 2380 dem
372 2353 548 2388 appellatum,
562 2352 635 2387 quod
647 2359 677 2384 ea
690 2359 744 2380 vox
759 2347 829 2387 apud
853 2351 997 2379 thnices
1018 2352 1079 2379 uni-

296 2406 393 2434 genam
409 2399 558 2426 etiamnum
574 2397 728 2434 signiﬁcet:
749 2406 867 2433 cumque
888 2398 1080 2431 gravissimum

295 2443 357 2471 belli
373 2443 522 2478 periculum
539 2443 693 2471 universam
711 2442 737 2470 in
754 2443 890 2477 regionem
901 2435 1079 2475 incubuisset,

297 2489 374 2516 illum
395 2489 484 2523 ipsum
498 2488 574 2524 regio
593 2488 667 2516 cultu
683 2492 810 2515 ornatum
825 2488 857 2516 ad
873 2495 949 2514 aram
966 2487 1000 2514 ab
1020 2495 1081 2515 sese

296 2534 372 2570 prius
383 2539 501 2562 erectam
517 2538 544 2561 et.
558 2535 720 2562 instructam
734 2533 894 2561 immolavit.
913 2543 922 2560 ι
941 2533 1002 2560 Jam
1017 2541 1082 2561 vero

296 2580 452 2612 considera,
481 2581 635 2616 cujusmodi
652 2588 685 2608 ea
698 2581 763 2612 sint,
775 2588 836 2615 quat
848 2580 919 2607 idem
935 2580 992 2615 ipse
1003 2580 1081 2608 Philo

296 2633 327 2653 ex
343 2625 592 2655 Sanchuniathonis
601 2635 683 2662 opere
706 2627 739 2654 de
757 2626 917 2667 Pbmnicum
939 2626 1081 2662 elementis

1133 2308 1180 2336 καὶ
1205 2306 1336 2340 Ὀστάνης
1353 2305 1419 2340 φησὶ
1438 2304 1502 2340 περὶ
1519 2302 1602 2329 αὑτοῦ
1619 2304 1646 2329 ἐν
1665 2304 1696 2337 τῇ
1713 2301 1919 2337 ἐπιγραφομένῃ

1140 2353 1332 2386 ὐκτατεύχῳ.
1356 2351 1458 2383 Πάντες
1480 2350 1508 2377 δὲ
1531 2349 1579 2381 τὰς
1599 2349 1726 2385 ἀφορμὰς
1751 2349 1813 2383 παρ’
1835 2346 1917 2374 αὑτοῦ

1133 2399 1275 2429 λαϐόντες,
1300 2396 1522 2431 ἐφυσιολόγησαν,
1537 2394 1631 2428 ὥσπερ
1649 2395 1801 2430 πρόκειται·
1819 2393 1866 2419 καὶ
1877 2391 1919 2418 -τὰ

1135 2445 1183 2480 μὲν
1196 2444 1292 2479 πρῶτα
1313 2443 1432 2476 στοιχεῖα.
1448 2442 1481 2468 τὰ
1502 2440 1545 2467 διὰ
1560 2440 1611 2466 τῶν
1623 2440 1719 2474 ὄφεων,
1734 2439 1812 2470 ναοὺς
1832 2446 1917 2464 κατα-

1135 2489 1342 2524 σκευασάμενοι,
1359 2489 1388 2514 ἐν
1403 2488 1493 2519 αὐτοῖς
1508 2487 1674 2523 άφιέρωσαν,
1693 2485 1739 2511 καὶ
1756 2484 1859 2515 τούτοις
1874 2484 1920 2510 θυ-

1136 2536 1195 2566 σίας
1210 2535 1256 2563 καὶ
1270 2533 1365 2569 ἑορτὰς
1380 2533 1523 2560 ἐπετέλουν
1535 2532 1581 2558 καὶ
1595 2531 1682 2566 ὄργια,
1699 2529 1774 2560 Θεοὺς
1790 2529 1852 2560 τοὺς
1869 2538 1919 2564 με-

1134 2581 1245 2615 γίστους
1258 2579 1412 2615 νομίζοντες
1426 2579 1472 2605 καὶ
1488 2576 1623 2617 ἁρχηγοῐις
1637 2575 1690 2601 τῶν
1702 2574 1779 2601 ὅλων.
1794 2574 1919 2601 Τοσαῦτα

1135 2627 1182 2656 καὶ
1198 2626 1232 2653 τὰ
1247 2626 1310 2658 περὶ
1324 2625 1378 2651 τῶν
1395 2625 1492 2659 δφεων.

296 2673 464 2707 conscripto,
496 2672 598 2701 Graecis
624 2680 752 2708 expressa
774 2672 874 2706 verbis,
900 2672 934 2699 de
948 2672 1089 2708 reptilibus
1125 2672 1289 2710 quibusdam
1312 2678 1345 2698 ac
1377 2677 1512 2698 venenum
1539 2667 1724 2704 jaculantibus
1755 2666 1919 2695 animalibus

296 2724 509 2752 commemorat;
525 2726 586 2753 quaa
607 2727 668 2747 cum
690 2719 791 2747 nullam
806 2718 963 2747 hominibus
983 2719 1126 2747 utilitatem
1153 2718 1277 2749 afferant,
1297 2721 1355 2745 tum
1365 2721 1468 2752 pestem
1487 2715 1521 2742 iis
1544 2719 1625 2749 atque
1645 2712 1783 2740 interitum
1813 2715 1918 2744 creant.

344 2799 390 2836 ιο)
416 2798 565 2836 Ἑθωθιῶνἷ
581 2798 695 2826 Fortean
709 2797 885 2836 Chronico,ut
898 2796 1035 2836 derivetur
1048 2797 1082 2825 ab

300 2832 413 2865 Hcl‘réo
426 2839 478 2867 τιν,
493 2834 565 2869 quod
589 2839 632 2862 est
656 2838 767 2869 tempus,
782 2833 862 2869 cujus
874 2832 985 2869 iplural.
997 2832 1078 2869 etiam

299 2871 392 2899 femin.
416 2864 560 2900 cst-nitu.
585 2869 618 2896 At
636 2868 662 2895 in
682 2864 764 2896 um;
783 2864 835 2902 leti.
851 2864 963 2902 ὴθίκῶν,
978 2875 1039 2903 quae
1054 2867 1078 2894 si

299 2913 360 2935 ven
386 2906 465 2937 lectio
483 2910 533 2939 est,
552 2904 585 2932 de
601 2904 678 2932 vario
694 2911 726 2931 ac
739 2903 880 2935 multiplici
898 2903 1076 2929 animantium

1136 2795 1247 2836 ingenio
1261 2795 1391 2857 scalptum
1407 2801 1476 2830 opus
1490 2792 1557 2819 illud
1572 2790 1664 2826 fuerit,
1681 2790 1759 2827 cujus
1773 2790 1817 2819 hic
1831 2789 1918 2826 speci-

1136 2838 1194 2857 men
1212 2831 1285 2857 aliou
1339 2837 1366 2857 In
1384 2833 1518 2857 umente.

1133 2838 1194 2858 men
1212 2831 1322 2865 aliquod
1339 2831 1366 2857 in
1384 2833 1518 2863 Serpente.

1168 2866 1224 2902 (l7)
1250 2864 1375 2899 Ἐπήεις.
1398 2863 1616 2895 Μοηι.,Ἔπειος.
