2064 3212
175 152 218 180 89
762 152 922 184 PRIEPAK.
942 154 958 182 ε

1010 153 1072 183 .NG.
1091 152 1156 182 LIB.
1178 154 1199 181 l.
1761 153 1798 181 50

172 208 205 236 in
217 217 288 244 quos
312 213 411 237 tetrum
437 209 503 238 illud
521 217 603 238 suum
630 213 659 238 et
686 209 796 237 exitiale
823 218 957 238 venenum
978 210 1158 239 excusserint.
1193 209 1239 238 Sic
1257 209 1340 246 igitur
1371 209 1405 238 ad
1432 209 1543 238 verbum
1567 209 1612 237 ille
1628 216 1657 237 ει
1678 208 1799 237 Taautus

173 256 288 290 quidem
324 256 455 286 draconis
489 257 711 292 serpentiumque
741 262 847 285 naturae
870 257 1040 284 divinitatem
1077 257 1195 292 aliquam
1232 256 1381 289 tribuebat.
1419 264 1501 292 quam
1541 256 1601 292 ejus
1642 255 1798 291 opinionem

170 299 225 339 ﬁ]
244 301 387 330 Phcenices
417 307 445 330 et
473 302 592 338 Egyptii
617 306 710 338 postea
741 303 964 338 comprobarunt.
982 302 1127 330 Enimvero
1154 309 1240 337 genus
1255 301 1307 329 hoc
1322 301 1470 330 animantis
1485 309 1541 337 pra:
1563 301 1668 329 cunctis
1695 300 1799 336 reptili-

169 347 240 380 bus,
251 347 278 375 vi
290 353 317 375 et
332 347 411 383 copia
419 349 531 383 spiritus
545 349 683 377 abundare
706 348 794 385 docet,
821 349 935 385 ejusque
963 344 1088 378 naturam
1113 349 1219 385 igneam
1244 356 1316 382 esse,
1331 348 1404 383 quod
1423 348 1504 376 etiam
1517 347 1798 384 proptereacelerita-

168 399 242 427 tem,
262 395 362 430 inquit,
377 403 433 430 prte
446 404 475 424 se
490 397 541 424 fert
555 398 630 424 omni
646 397 804 432 exceptione
820 398 961 432 majorem,
987 404 1048 424 cum
1067 404 1153 431 neque
1178 397 1293 431 pedum,
1322 404 1408 430 neque
1428 403 1569 428 manuum,
1585 402 1672 430 neque
1689 395 1800 422 alterius

168 441 338 476 cujusquam
350 443 493 470 exterioris
512 443 624 471 membri
642 443 837 472 adminiculum
862 444 968 477 habeat,
1000 443 1150 478 cujusmodi
1168 447 1241 475 sunt,
1256 443 1354 478 quibus
1378 442 1412 469 ad
1433 447 1534 470 motum
1551 443 1661 477 reliqua
1673 442 1799 469 animan-

167 491 212 514 tes
233 487 274 513 uti
298 487 397 516 solent.
415 487 547 516 Praeterea
566 489 656 518 varias
689 498 721 518 ac
752 491 914 525 multiplices
942 491 1066 525 corporis
1091 490 1193 517 formas
1224 490 1351 523 ostendit,
1369 497 1401 517 ac
1420 490 1538 518 sinuosis
1567 490 1697 516 intortum
1717 488 1799 523 spiris

168 536 233 560 sese
247 540 331 567 quam
346 534 455 562 libuerit
466 536 578 564 incitato
590 537 677 565 vibrat
693 538 809 572 impetu.~
837 538 975 565 Diuturnae
1002 538 1148 564 admodum
1178 538 1239 564 vita:
1256 540 1307 568 est,
1335 545 1382 564 nec
1396 538 1484 565 solum
1499 542 1580 564 exuto
1594 536 1669 563 senio
1683 535 1799 570 juvene»

167 579 235 609 scit,
254 586 352 607 verum
373 581 454 608 etiam
472 583 576 616 majora
599 584 722 618 corporis
737 584 819 611 simul
841 588 868 611 et
892 583 989 610 virium
1015 582 1113 617 aceipit
1140 582 1317 614 incrementa,
1343 583 1428 610 donec
1446 582 1553 610 tandem
1581 581 1703 609 confecto
1724 584 1798 608 certo

166 623 295 657 quodam
313 632 447 653 annorum
479 627 615 655 curriculo
640 628 665 655 in
696 629 815 663 seipsum
846 629 943 656 iterum
969 627 1146 660 dissolvatur,
1176 629 1403 663 quemadmodum
1434 629 1460 656 in
1483 629 1569 656 sacris
1593 628 1674 655 etiam
1697 626 1798 654 tabulis

165 669 242 697 idem
259 669 382 700 Taautus
398 673 528 706 scriptum
553 674 671 708 reliquit.
694 674 721 701 id
746 674 818 709 quod
836 674 862 700 in
887 682 968 701 causa
994 673 1055 706 fuit,
1081 681 1129 701 cur
1151 673 1202 700 hoc
1229 673 1406 700 animantium
1431 680 1515 707 genus
1538 674 1565 700 in
1595 672 1679 700 sacris
1699 672 1799 707 pariter

166 719 255 749 atque
281 718 421 751 mysteriis
437 718 558 746 adhiberi
578 720 687 747 soleret.
712 720 750 747 De
778 721 830 748 hoc
844 725 933 747 autem
961 721 987 747 in
1014 720 1229 754 commentariis,
1253 728 1322 755 quos
1346 719 1470 746 Etlwthia
1494 720 1692 754 inscripsimus,
1712 717 1799 752 pluri.

165 760 221 787 bus
236 769 253 787 a
271 763 352 789 nobis
377 763 545 799 disputatum
562 770 613 798 est,
637 766 681 793 ubi
708 767 795 801 ipsum
820 767 972 793 immortale
995 773 1066 797 esse,
1087 770 1114 793 et
1136 767 1162 793 in
1192 774 1251 794 sese
1276 767 1375 800 denuo,
1394 766 1620 801 quemadmodum
1644 770 1705 792 ante
1723 764 1797 791 dicc-

166 805 246 835 banl.
269 808 366 837 resolvi
381 809 636 839 dentonstravimus.
662 812 717 839 Nec
730 813 801 839 enim
827 813 981 847 hujusmodi
1002 812 1113 844 animal,
1144 813 1197 839 nisi
1226 814 1252 840 vi
1278 814 1395 848 quadam
1428 820 1587 848 percussum
1613 818 1673 838 ante
1704 811 1796 843 fuerit,

166 857 262 880 morte
279 856 396 888 naturali
423 856 616 893 exstinguitur.
649 861 738 894 Atque
762 859 826 886 illud
853 859 961 894 quidem
983 858 1128 886 Pltmnices
1145 859 1246 887 bonum
1267 860 1429 892 daemonem,
1452 858 1570 894 Egyptii
1581 865 1644 885 vero
1656 857 1795 892 Cnepltum

168 899 302 929 similiter
322 909 523 938 nuncuparunt.
545 905 687 940 eidemque
703 911 783 941 caput
797 906 934 941 accipitris
959 907 994 934 ob
1011 906 1175 942 pmcipuam
1191 907 1337 942 quamdam
1348 906 1430 941 hujus
1445 906 1562 933 volucris
1574 903 1669 940 agendi
1684 903 1738 930 vim
1751 904 1799 931 ad-

168 948 314 977 diderunt.
331 949 402 983 Quin
416 951 498 979 etiam
517 951 596 986 Epeis
612 952 665 985 ille,
682 953 727 988 qui
749 960 873 981 summus
890 953 924 980 alt
949 952 982 980 iis
1002 961 1142 982 sacrorum
1166 953 1298 987 interpres
1315 957 1342 980 et
1356 952 1445 980 scriba
1464 951 1636 983 nominatur,
1664 957 1797 986 quemque

168 993 253 1021 Arius
270 994 502 1033 Heracleopolites
518 997 611 1025 Grteca
626 999 718 1034 lingua
735 999 860 1032 donavit,
877 999 917 1027 sic
928 999 962 1027 ad
976 1000 1088 1027 verbum
1097 1000 1240 1035 allegorice
1261 1007 1317 1027 rem
1328 999 1406 1027 istam
1414 997 1554 1031 exposuit:
1566 1007 1575 1022 ‹
1588 997 1664 1025 Unus
1675 997 1797 1024 omnium

167 1040 293 1068 maxime
311 1041 420 1071 divinus
432 1048 491 1071 erat
519 1052 630 1079 serpens
643 1045 696 1078 ille,
721 1046 768 1079 qui
789 1046 926 1080 accipitris
946 1047 1062 1074 formam
1091 1055 1146 1082 prae
1165 1054 1194 1074 se
1210 1046 1320 1079 ferebat,
1346 1045 1471 1080 idemque
1499 1048 1610 1079 aspectu
1629 1043 1798 1079 jucundissi—

169 1093 234 1114 mus
247 1096 254 1113 :
266 1087 370 1125 quippe
382 1089 465 1123 enim,
478 1090 522 1118 ubi
537 1091 630 1119 oculos
648 1092 809 1126 aperuisset,
836 1092 964 1120 continuo
978 1093 1144 1128 primigenia:
1154 1101 1209 1120 suae
1218 1093 1335 1128 regionis
1360 1093 1419 1119 loca
1437 1091 1527 1119 omnia
1542 1092 1602 1119 luce
1624 1090 1775 1126 complebat
1788 1101 1795 1118 :

169 1133 214 1160 sin
230 1138 325 1161 autem
344 1136 517 1170 conniveret,
540 1138 613 1166 illico
635 1139 753 1167 tenebrae
769 1140 959 1169 succedebant.
973 1141 1030 1168 tAc
1039 1145 1144 1169 natura:
1156 1141 1265 1176 quidem
1296 1141 1404 1176 igneum
1428 1140 1503 1168 illum
1525 1147 1586 1167 esse
1601 1138 1626 1166 vi
1644 1140 1702 1173 ipsa
1722 1139 1798 1166 verbi

169 1177 333 1213 διηύγασεν,
350 1180 375 1207 id
391 1186 432 1210 est
444 1182 607 1217 itlustrabat,
626 1183 704 1219 Epeis
722 1185 864 1213 manifeste
893 1185 958 1213 decl:

1010 1185 1039 1212 rit
1069 1195 1075 1213 :
1097 1185 1164 1213 lucis
1198 1186 1281 1217 enim,
1299 1186 1329 1212 τὸ
1342 1185 1496 1220 διαυγάσειι,
1526 1184 1578 1212 hoc
1596 1189 1637 1211 est
1651 1185 1797 1219 illustrare,

170 1225 319 1260 proprium
339 1230 393 1256 est.
413 1227 582 1265 Pherecydes
603 1236 704 1263 autem,
723 1231 867 1259 occasione
880 1239 913 1259 ex
926 1231 1099 1259 Phoenicibus
1115 1236 1239 1267 arrepta,
1265 1232 1442 1267 theologicam
1459 1231 1491 1258 de
1519 1230 1564 1258 illo
1587 1231 1698 1258 numine
1725 1231 1797 1266 quod

171 1269 328 1306 Opinionem
352 1272 410 1308 ipse
423 1280 572 1310 nuncupat,
594 1277 682 1311 deque
693 1276 853 1311 Opltionidis
874 1278 991 1305 instituit
1010 1277 1239 1312 disputationem;
1255 1286 1305 1305 nos
1323 1282 1412 1305 autem
1428 1278 1461 1305 de
1475 1278 1529 1306 illis
1541 1277 1643 1312 aliquid
1655 1277 1735 1304 etiam
1750 1284 1801 1312 po-

171 1320 230 1344 stea
243 1317 437 1353 subjiciemus.
449 1320 584 1349 Cmterum
595 1321 713 1358 Egyptii
725 1323 855 1350 muttdum
866 1323 960 1350 eodem
979 1322 1093 1350 consilio
1112 1322 1297 1359 depingentes,
1320 1323 1466 1350 rotundum
1497 1322 1628 1350 circulum
1654 1321 1727 1348 aerio
1751 1329 1798 1348 co-

170 1366 228 1395 loro
249 1367 427 1402 flammisque
455 1375 580 1403 sparsum
608 1370 774 1404 exprimunt,
806 1370 885 1405 cujus
909 1368 936 1398 in
956 1371 1044 1398 medio
1066 1379 1176 1406 serpens
1197 1375 1322 1399 extentus
1336 1371 1473 1405 accipitris
1486 1369 1572 1397 forma
1585 1369 1744 1397 collocatur.
1759 1369 1798 1396 Ac

166 1410 342 1445 totaquidem
360 1410 444 1446 ﬁgura
463 1413 558 1441 Graeco
573 1414 658 1443 Theta
679 1417 825 1451 persimilis
852 1423 903 1452 est,
932 1419 970 1446 ita
996 1419 1135 1452 nimirum,
1157 1424 1186 1446 ut
1206 1419 1308 1446 circulo
1329 1419 1459 1446 mundum
1485 1419 1640 1450 exhibeant,
1673 1421 1798 1448 serpente

170 1461 261 1485 autem
275 1457 370 1485 medio
386 1458 461 1486 illum
473 1460 599 1496 utrinque
609 1460 663 1496 42
685 1462 874 1498 oonjungente,
901 1464 1001 1491 bonum
1020 1465 1169 1491 daemonem
1187 1464 1348 1499 signiﬁcent.
1363 1464 1397 1490 At
1411 1471 1476 1490 vero
1489 1462 1646 1490 Zoroastres
1661 1461 1755 1497 Magos
1770 1463 1796 1489 in

170 1509 253 1554 sacro
280 1503 455 1554 Persicorum
478 1506 581 1534 rituum
607 1509 819 1542 commentario,
849 1510 907 1538 hac
937 1512 1046 1539 totidem
1078 1511 1167 1539 verbis
1189 1511 1289 1538 habet:
1311 1520 1319 1535 ι
1339 1510 1408 1538 Deus
1420 1514 1509 1538 autem
1535 1513 1577 1537 est
1595 1509 1731 1543 accipitris
1749 1516 1796 1536 ca-

171 1550 235 1584 pite,
264 1550 397 1586 princeps
424 1552 660 1589 omnium,expers
680 1554 817 1588 interitus,
838 1557 1029 1592 sempiternus,
1060 1558 1118 1585 sine
1138 1562 1216 1590 ortu,
1244 1557 1303 1585 sine
1332 1557 1473 1592 partibus,
1507 1556 1624 1583 maxime
1646 1555 1796 1584 dissimilis.

170 1595 260 1622 omnis
290 1595 356 1623 boni
378 1597 542 1632 moderator,
569 1599 770 1635 integerrimus,
796 1602 928 1630 bonorum
959 1603 1088 1638 optimus,
1112 1602 1285 1637 prudentium
1300 1602 1539 1637 prudentissimus.
1561 1600 1650 1636 legum
1663 1600 1798 1635 aequitatis

170 1647 202 1667 ac
225 1640 343 1677 jnstitiat
360 1648 469 1676 parens,
487 1650 516 1670 se
537 1647 643 1671 tantum
670 1650 833 1680 praeceptore
857 1647 963 1679 doctus,
994 1647 1134 1679 naturalis,
1155 1647 1300 1681 perfectus,
1320 1647 1439 1681 sapiens,
1468 1651 1494 1673 et
1519 1653 1605 1674 sacrae
1624 1645 1665 1673 vis
1679 1640 1797 1681 physica:

172 1693 240 1713 unus
268 1686 407 1716 inventor.
426 1696 435 1713 ι
462 1687 560 1715 Eadem
585 1689 697 1724 insuper
721 1691 833 1719 Ostanes
860 1692 893 1719 de
911 1692 956 1718 illo
976 1692 1058 1719 tradit
1088 1693 1115 1718 in
1136 1700 1168 1719 eo
1185 1691 1258 1727 quod
1289 1691 1476 1719 Octateuchum
1507 1691 1657 1727 inscripsit,
1679 1690 1796 1718 volumi—

170 1739 213 1760 ne.
233 1731 346 1768 Reliqui
363 1739 453 1761 autem
468 1741 572 1767 omnes,
590 1735 738 1769 principem
762 1736 836 1765 illum
858 1739 954 1770 secuti,
980 1738 1013 1765 de
1036 1746 1126 1765 rerutn
1147 1742 1256 1772 natura,
1279 1738 1507 1774 quemadmodum
1532 1743 1595 1766 ante
1619 1739 1723 1765 dictum
1744 1741 1796 1770 est,

171 1779 356 1815 philosophati
376 1785 452 1814 sunt;
479 1789 511 1808 ac
546 1782 642 1816 primis
661 1783 801 1811 elementis
819 1793 851 1813 ac
871 1787 1037 1820 serpentium
1071 1787 1166 1820 forma,
1185 1789 1212 1815 in
1232 1788 1339 1822 templis
1365 1794 1425 1821 qua:
1452 1790 1661 1813 conSlI‘uxel'alll
1683 1785 1796 1813 δοιειιιηί

171 1825 223 1853 ritu
243 1826 392 1858 dedicatis,
419 1835 480 1854 cum
505 1827 649 1860 sacriﬁcia,
676 1833 732 1856 tum
756 1830 838 1857 festos
860 1838 968 1865 quoque
993 1832 1061 1866 dies,
1084 1837 1110 1860 et
1136 1834 1209 1868 orgia
1237 1833 1417 1865 celebrarunt,
1434 1832 1505 1867 quod
1524 1832 1584 1858 illos
1607 1832 1719 1858 deorum
1737 1838 1796 1858 ma—

172 1872 260 1900 ximos
279 1880 350 1906 esse,
365 1881 510 1908 rerumque
524 1874 646 1901 omnium
662 1876 796 1911 principes
811 1884 843 1904 ac
853 1877 1036 1908 moderatores
1047 1884 1183 1914 putarent.
1200 1880 1299 1908 Verum
1318 1880 1375 1906 haec
1384 1879 1417 1906 de
1431 1879 1601 1913 serpentibus
1618 1878 1700 1906 modo
1715 1878 1793 1905 satis.

211 1930 295 1957 Ἀλλὰ
315 1930 369 1966 γὰρ
387 1930 421 1957 τὰ
436 1931 484 1966 μὲν
505 1931 553 1966 τῆς
571 1932 699 1959 Φοινίκων
716 1932 853 1968 Θεολογίας
865 1935 958 1962 τοῦτον

173 1978 294 2018 πριέχει
319 1977 366 2004 τὸν
395 1978 504 2013 τρόπον.
536 1978 586 2005 Ἦν
611 1979 814 2016 ἀμεταστρεπτὶ
838 1981 957 2016 φεύγειν,

174 2024 283 2060 καὶτῆς
299 2024 356 2052 τῶν
376 2024 497 2051 παλαιῶν
515 2026 725 2062 φρενοϐλαϐείας
741 2027 790 2062 τὴν
814 2027 885 2054 ἴασιν
911 2037 960 2063 με·

173 2069 326 2102 ταδιώκειν,
348 2070 363 2097 ὁ
378 2071 509 2107 σωτήριος
527 2072 730 2106 εὐαγγελίζεται
745 2072 830 2107 λόγος.
852 2074 914 2100 Ὅτι
933 2075 961 2101 δὲ

176 2115 212 2152 μὴ
230 2115 312 2152 μῦθοι
328 2115 424 2148 ταῦτα,
447 2117 494 2143 καὶ
509 2117 627 2153 ποιητῶν
647 2118 845 2154 ἀναπλάσματα
864 2120 961 2146 λανθά-

174 2162 270 2189 νουσάν
285 2171 348 2189 τινα
368 2163 397 2189 ἐν
420 2163 556 2196 ὑπονοίαις
574 2164 668 2199 ἔχοντα
687 2165 803 2200 θεωρίαν
816 2167 957 2201 τυγχάνει·

176 2207 263 2243 σοφῶν
278 2208 308 2235 δὲ
325 2208 372 2235 καὶ
389 2209 522 2241 παλαιῶν,
533 2210 571 2242 ὡς
586 2210 619 2237 ἂν
632 2211 716 2238 αὐτοὶ.
726 2213 812 2246 φαῖεν,
827 2212 959 2247 θεολόγων

174 2252 282 2288 ἀληθεῖς
299 2255 457 2291 μαρτυρίαι,
471 2255 505 2282 τὰ
520 2256 567 2282 καὶ
583 2256 702 2292 ποιητῶν
716 2258 841 2284 ἁπάντων
859 2259 904 2285 καὶ
917 2259 959 2286 λο-

176 2300 320 2335 γογράφων
346 2301 519 2337 πρεσϐύτερα
542 2303 727 2338 περιέχουσαι,
757 2303 788 2330 τό
809 2313 839 2330 τε
865 2305 958 2333 πιστὸν

176 2345 227 2372 τῶν
238 2346 327 2381 λόγων
346 2347 514 2383 ἐπαγόμεναι
530 2348 583 2375 ἀπὸ
595 2349 643 2384 τῆς
663 2349 745 2376 εἰσέτι
762 2350 840 2385 δεῦρο
853 2347 884 2377 ἓν
899 2353 958 2383 ταῖς

177 2390 244 2418 κατὰ
260 2393 388 2429 Φοινίκην
395 2394 489 2421 πόλεσι
504 2403 532 2421 τε
550 2395 596 2421 καὶ
611 2394 717 2430 κώμαις
731 2396 884 2432 κρατούσης
903 2398 958 2423 τῶν

179 2435 244 2463 θεῶν
268 2438 452 2475 προσηγορίας
476 2449 506 2467 τε
535 2441 581 2467 καὶ
606 2442 736 2477 ἱστορίας,
764 2443 818 2470 τῶν
840 2452 870 2469 τε
893 2445 957 2479 παρ’

179 2482 298 2517 ἑκάστοις
318 2485 534 2522 ἐπιτελουμένων
554 2488 720 2524 μυστηρίων,
741 2489 819 2524 δῆλον
840 2489 872 2516 ἂν
894 2489 936 2525 εἴη
949 2498 955 2505 ·

179 2527 215 2561 ὣς
232 2530 328 2566 μηκέτι
346 2531 446 2558 τούτων
464 2532 563 2569 χρῆναι
583 2534 686 2569 βιαίους
701 2536 849 2570 ἀνιχνεύειν
865 2545 957 2570 φυσιο-

179 2572 282 2610 λογίας,
301 2577 375 2613 σαφῆ
388 2577 433 2605 τὸν
455 2578 485 2611 ἐξ
506 2579 609 2607 ἑαυτῶν
629 2580 737 2616 ἔλεγχον
754 2581 958 2617 ἐπιφερομένων

168 2620 231 2654 stin!
245 2624 423 2659 πραγμάτιον.
438 2625 554 2661 Τοιαύτη
571 2626 620 2662 μὲν
634 2625 680 2654 οὖν
697 2629 712 2663 ἡ
727 2628 855 2654 Φοινίκων
871 2627 959 2654 θεολο-

180 2666 234 2701 γία.
253 2669 321 2706 Ὥρα
342 2669 370 2697 δὲ
394 2671 559 2706 μεταϐάντας
586 2673 633 2700 καὶ
654 2673 702 2709 τὴν
726 2674 879 2709 Αἰγυπτίων
898 2675 958 2701 ὲπι-

182 2711 324 2751 Θεωρῆσαι.

1044 1936 1203 1971 [Iujusmodi
1224 1945 1287 1973 ergo
1303 1941 1345 1965 est
1360 1937 1517 1964 Phoenicum
1534 1936 1695 1971 theologica,
1713 1944 1795 1972 quam

1009 1985 1039 2009 ut
1054 1982 1186 2010 irretortis
1197 1983 1282 2009 oculis
1296 1982 1442 2017 fugiamus,
1457 1989 1487 2008 ac
1502 1981 1654 2016 priscorum
1671 1981 1791 2008 vesania:

1011 2028 1172 2055 medicinam
1189 2036 1391 2063 persequamur,
1407 2027 1534 2054 salutaris
1549 2027 1685 2063 Evangelii
1697 2027 1797 2054 doctri-

1011 2082 1045 2101 na
1063 2073 1193 2108 prmcipit.
1211 2072 1277 2099 Nam
1296 2073 1367 2107 quod
1385 2072 1435 2100 ista
1450 2072 1542 2099 omnia
1556 2079 1604 2098 nec
1617 2071 1714 2100 fabula:
1731 2071 1795 2103 sint,

1012 2127 1061 2147 nec
1072 2123 1225 2147 commenta
1238 2123 1389 2154 poetarum,
1401 2126 1461 2153 quae
1471 2118 1597 2145 latentem
1611 2117 1702 2144 nescio
1714 2125 1796 2152 quam

1012 2165 1038 2192 in
1054 2165 1157 2192 intimis
1176 2165 1301 2192 sensibus
1312 2164 1566 2199 contemplationem
1579 2163 1718 2190 involvant
1731 2173 1737 2190 :
1749 2163 1795 2191 sed

1011 2211 1101 2246 potius
1118 2218 1183 2238 vera
1203 2210 1366 2245 sapientium
1384 2217 1415 2236 ac
1430 2214 1559 2241 veterum,
1575 2213 1604 2236 ut
1624 2209 1674 2244 ipsi
1686 2209 1795 2244 quidem

1011 2258 1155 2292 appellant,
1166 2257 1353 2291 theologorum
1366 2255 1532 2287 testimonia,
1544 2263 1604 2290 qum
1615 2263 1657 2282 res
1669 2255 1796 2282 omnibus

1010 2308 1036 2331 et
1050 2305 1136 2339 poetis
1144 2307 1170 2330 et
1181 2302 1334 2330 fabularum
1348 2302 1528 2337 scriptoribus
1540 2301 1708 2336 antiquiores
1718 2308 1795 2328 com-

1010 2349 1170 2383 plectantur,
1185 2347 1318 2383 fidemque
1326 2351 1466 2375 arcessant
1479 2354 1540 2374 cum
1553 2354 1585 2373 ex
1600 2346 1644 2373 illa
1654 2346 1723 2380 ipsa,
1734 2353 1795 2380 qua:

1010 2395 1037 2421 in
1053 2393 1213 2421 Phcenicutn
1229 2394 1342 2420 urbibus
1367 2400 1400 2420 ac
1414 2392 1489 2428 pagis
1505 2392 1654 2424 etiamnum
1676 2391 1795 2418 celebra-

1012 2443 1065 2471 tur,
1079 2439 1190 2466 deorutn
1203 2438 1383 2473 appellatione
1400 2442 1481 2472 atque
1500 2436 1623 2468 historia,
1640 2440 1696 2463 tum
1711 2443 1744 2464 ex
1762 2436 1795 2463 iis

1010 2478 1074 2519 quae
1099 2484 1168 2519 apud
1194 2483 1315 2518 singulos
1340 2486 1520 2518 peraguntur,
1547 2480 1682 2516 mysteriis
1707 2480 1796 2515 quivis

1010 2531 1115 2565 opinor.
1127 2530 1267 2565 intelligit:
1278 2529 1344 2557 nihil
1359 2534 1387 2556 ut
1396 2528 1452 2563 jam
1467 2535 1578 2555 necesse
1591 2527 1625 2554 sit
1636 2532 1744 2555 coactas
1754 2535 1796 2553 rc-

1010 2584 1070 2602 rum
1084 2576 1196 2603 istarum
1211 2575 1336 2611 physicas
1350 2574 1543 2608 explicationes
1553 2573 1794 2607 perscrutari,cutn

1009 2622 1169 2650 certissimis
1177 2629 1238 2656 quae
1246 2626 1342 2656 sponte
1348 2628 1379 2647 ac
1387 2628 1433 2654 per
1440 2628 1469 2646 se
1475 2619 1547 2654 ipsas
1554 2619 1605 2646 illae
1612 2619 1794 2653 suppeditant,

1008 2667 1175 2703 argumentis
1184 2666 1344 2701 indiciisque
1355 2669 1505 2693 teneantur.
1516 2664 1577 2692 Haec
1584 2672 1648 2698 ergo
1654 2665 1685 2691 de
1691 2664 1796 2691 Phaeni-

1008 2722 1071 2742 cum
1086 2714 1220 2749 theologia
1232 2713 1305 2741 dicta
1316 2717 1405 2741 sunto.
1421 2711 1481 2739 1am
1493 2712 1565 2740 enim
1585 2715 1692 2746 tempus
1705 2715 1747 2738 est
1767 2715 1795 2738 ttt

1011 2761 1043 2788 ad
1060 2760 1249 2797 Egyptiorum
1264 2767 1341 2788 sacra
1356 2759 1561 2794 doctrinamque
1577 2762 1756 2786 transeamus.
