2064 3212
164 161 198 189 93
754 164 913 193 PRAEPAR.
934 165 1059 194 EVANG.
1081 165 1145 194 LIB.
1167 165 1199 194 ll.
1746 166 1780 194 δι

162 220 189 246 αἱ
210 219 406 256 παρατεθεῖσαι
425 220 481 248 τῶν
505 221 655 258 είρημένων
672 221 781 259 ἐδήλουν
795 224 897 259 φωναὶ,
912 223 949 256 ὡς

1000 231 1030 252 ac
1041 225 1199 260 religionem
1216 223 1382 259 pertinentes
1396 222 1519 253 omnium
1534 219 1614 260 primi
1629 224 1778 260 collegere,

163 265 257 302 μηκέτι
275 267 376 302 χρῆναι
397 266 501 294 τούτων
527 266 631 302 βιαίους
651 269 800 304 ἀνιχνεύειν
822 270 946 304 φυσιολο-

159 312 230 347 γίας,
248 312 322 348 σαφῆ
335 312 381 340 τὸν
393 313 424 346 ἑξ
438 313 541 340 ἑαυτῶν
558 313 667 349 ἔλεγχον
677 315 882 351 ἐπιφερομένων
893 315 948 342 τῶν

161 359 342 394 πραγμάτων.
368 359 487 395 Τοιαύτη
515 360 564 395 μὲν
584 359 630 387 οὖν
641 361 658 396 ἡ
676 360 730 388 τῶν
742 362 871 389 Φοινίκων
887 361 947 388 θεο-

159 405 247 439 λογία.
263 405 333 441 Ὦρα
352 405 380 431 δὲ
404 405 583 440 μεταδάντας,
599 406 644 433 καί¹
669 406 704 433 τὰ
721 407 876 441 Αἰγυπτίων
888 408 948 434 ἐπι-

159 450 309 485 θεωρῆσαι,
327 450 368 482 εἰς
381 450 412 477 τὸ
429 451 595 486 κατανοῆσαι
609 451 656 477 καὶ⁸
672 451 786 479 συνιδεῖν
797 452 948 488 ἐξητασμέ-

158 504 220 527 νως,
235 496 260 522 εἰ
288 495 326 531 μὴ
347 496 497 532 κεκριμένη
514 496 560 523 καὶ
575 496 686 531 εὔλογος
703 497 867 533 συνέστηκεν
883 498 947 533 ἡμῖν

158 540 221 575 ἠὲξ
245 540 337 567 αὐτῶν
365 541 549 578 ἀναχώρησις,
569 542 624 569 οὐδ’
649 543 747 575 ἄλλως,
770 543 787 579 ἢ
804 543 848 570 διὰ
864 543 947 579 μόνης

159 585 209 620 τῆς
224 585 415 622 Εὑαγγελικῆς
439 587 610 620 ἀποδείξεως,
629 588 767 624 πρώτιστα
780 589 890 616 πάντων
899 589 948 616 αὐ-

157 631 213 661 τοῖς
225 630 396 663 Αἰγυπτίοις,
416 628 475 658 εἷτα
493 632 522 658 δὲ
542 633 590 659 καὶ
611 634 667 665 τοῖς
681 633 714 660 τά
730 635 777 661 [sa
802 633 946 669 φρονοῦσιν

157 675 249 706 αὐτοῖς
260 676 473 712 κατωρθωμένη.
490 678 584 704 Πᾶσαν
598 678 647 714 μὲν
667 676 713 706 οὖν
728 678 777 714 τὴν
801 679 947 713 Αἰγυπτια-

157 720 208 755 κὴν
221 721 344 757 ἱστορίαν
352 722 392 753 εἰς
406 721 506 754 πλάτος
517 723 568 758 τῆς
584 723 716 759 Ἑλλήνων
731 724 875 760 μετείληφε
892 733 947 758 φω-

157 765 216 800 νῆς.
228 765 302 797 ἰδίως
315 774 345 792 τε
360 766 394 792 τὰ
407 766 472 802 περὶ
489 767 538 802 τῆς
550 768 610 795 κατ’
626 769 725 800 αὐτοὺς
739 767 875 802 θεολογίας
885 768 946 794 Μα-

155 810 243 842 νεθῶς
255 812 273 837 ό
288 810 435 845 Αἰγύπτιος
459 811 487 838 ἐν
499 820 528 838 τε
566 810 685 846 ἔγραψεν
695 811 770 847 Sept?
777 813 884 846 βίϐλῳ,
899 813 947 841 καὶ

157 858 187 883 ἐν
201 857 307 892 ἑτέροις
326 856 408 883 αὐτοῦ
429 857 639 893 συγγράμμασι.
653 857 726 893 Πλὴν
737 857 805 885 ἀλλὰ
822 859 870 885 καὶ
888 859 946 885 Διό-

156 904 243 939 δωρος
257 902 397 939 ὸπρόσθεν
409 903 476 938 ἡμῖν
490 903 695 939 μνημονευθεὶς,
710 905 742 930 ὲκ
755 904 884 931 πλειόνων
898 904 947 936 τὰς
962 897 983 924 Β

159 949 280 985 ἱστορίας
295 948 506 984 ἀναλεξάμενος,
523 949 570 976 καὶ
584 949 622 981 ὡς
639 949 680 975 ἔνι
699 949 814 984 μάλιστα
830 949 865 975 τὰ
881 950 947 984 παρ’

157 995 282 1026 ἑκάστοις
294 994 401 1022 ἔθνεσιν
422 994 635 1030 ἀπηκρισωκὼς,
649 995 783 1030 ἐπιφανὴς
805 994 883 1031 ἀνὴρ.
901 995 947 1021 καὶ

156 1041 235 1074 δόξαν
251 1041 282 1068 οὗ
299 1041 401 1077 μικρὰν
417 1040 541 1073 παιδείας
557 1041 632 1077 παρὰ
650 1042 717 1068 πᾶσι
730 1043 786 1073 τοῖς
799 1041 947 1076 φιλολόγοις

157 1086 343 1121 κτησάμενος·
358 1087 405 1114 καὶ
418 1086 450 1122 δὴ
466 1086 512 1114 καὶ
529 1087 618 1114 πᾶσαν
632 1086 681 1122 τὴν
698 1087 815 1114 παλαιὰν
827 1095 946 1122 συναγα-

155 1130 215 1165 γὼν
229 1132 359 1167 ἱστορίαν,
374 1133 494 1168 συνάψας
516 1141 546 1158 τε
561 1133 595 1159 τὰ
617 1132 712 1167 πρῶτα
723 1134 781 1164 τοῖς
797 1132 860 1167 ἑξῆς
876 1133 947 1168 πρά-

155 1185 257 1213 γμασι,
284 1178 334 1214 τὴν
349 1179 489 1215 καταρχὴν
503 1179 552 1214 τῆς
567 1179 632 1215 ὅλης
650 1179 797 1214 ἐποιήσατο
814 1187 946 1214 πραγμα·

156 1223 232 1256 τείας
258 1224 314 1250 ἀπὸ
338 1224 391 1259 τῆς
413 1225 473 1251 κατ’
488 1225 651 1259 Αἰγυπτίους
671 1224 828 1259 θεολογίαςο
849 1224 896 1259 ἀφ’
912 1222 947 1260 ἧς

157 1267 279 1304 ἡγοῦμαι
295 1271 419 1304 κρεῖττον
429 1268 498 1296 εἶναι
523 1269 686 1305 ποιήσασθαι
707 1269 756 1305 τὴν
766 1268 820 1295 τῶν
836 1277 948 1304 προκει-

160 1314 250 1349 μένων
265 1314 428 1351 παράθεσιν,
449 1315 487 1347 ὡς
506 1316 540 1342 ἂν
560 1315 660 1352 μᾶλλον
675 1315 758 1351 οὔσης
772 1315 948 1350 γνωριμωτέ-

158 1368 208 1391 ρας
218 1361 274 1392 τοῖς
287 1361 399 1395 Ἕλλησι
415 1361 466 1396 τῆς
485 1361 579 1389 τούτου
601 1361 721 1397 γραφῆς.
738 1361 851 1396 Ἱστορεί
864 1361 886 1387 δ’
901 1358 947 1388 οὖν

156 1405 243 1432 ταῦτα
254 1406 324 1442 πρὸς
336 1406 419 1439 λέξιν.

1002 270 1069 298 nihil
1085 270 1194 305 penitus
1207 269 1249 297 vel
1264 269 1299 297 ad
1315 277 1421 298 morum
1439 270 1668 304 informationem,
1681 272 1723 298 vel
1739 271 1780 298 al-

999 315 1133 351 legoricos
1145 314 1298 343 fabularum
1310 323 1408 344 sensus
1420 317 1530 351 referre,
1543 316 1591 346 sed
1611 317 1640 344 in
1656 316 1728 344 nuda
1749 324 1781 344 ac

997 361 1115 395 simplici
1126 361 1291 389 narrationis
1301 362 1389 397 ipsius
1402 362 1517 391 historia
1528 367 1685 391 constanter
1700 363 1782 389 haere-

998 414 1027 434 re
1046 407 1177 435 voluisse.
1198 406 1256 435 lloc
1282 408 1418 443 ipsissima
1443 417 1549 442 eorum,
1565 415 1635 444 quos
1659 407 1781 435 laudavi-

997 459 1069 485 mus,
1081 452 1202 478 omninm
1216 452 1299 480 verba
1310 453 1459 485 declarant,
1472 453 1540 480 nihil
1555 458 1585 480 ut
1596 453 1651 488 iam
1669 459 1782 480 necesse

997 496 1042 529 sit,
1054 500 1164 524 coactas
1178 503 1269 523 rerum
1295 497 1408 524 istarum
1435 497 1562 533 physicas
1586 496 1781 532 explicationes

996 543 1135 578 indagare,
1147 549 1210 569 eum
1230 543 1401 576 certissimis,
1423 551 1484 578 qum
1505 547 1604 578 sponte
1627 551 1660 571 ac
1681 550 1729 578 per
1751 551 1782 570 se

997 587 1070 622 ipsas
1088 587 1141 615 illa
1156 588 1340 623 suppeditant,
1361 589 1530 625 argumentis
1548 589 1710 624 indieiisqne
1742 593 1781 616 te-

996 638 1122 661 neantur.
1149 633 1211 661 Haec
1231 635 1313 669 igitur
1328 635 1362 662 de
1373 634 1533 662 Phoenicum
1553 635 1689 670 theologia
1709 635 1781 663 dicta

995 683 1086 707 sunto.
1100 679 1160 707 Jam
1174 687 1238 707 vero
1255 684 1363 715 tempus
1378 685 1431 713 est,
1441 685 1471 708 ut
1483 680 1517 708 ad
1535 679 1724 716 Egyptiorum
1737 688 1781 708 sa-

995 732 1040 753 cra
1055 724 1262 760 doctrinamque
1287 730 1470 759 transeamus,
1490 726 1705 760 nt'mrspeetnm
1721 733 1782 753 om-

995 778 1044 799 nes
1060 775 1085 798 et
1106 771 1276 806 exploratum
1293 771 1422 804 habeant,
1444 778 1508 798 num
1531 771 1634 806 absque
1659 771 1781 807 diligenti

995 824 1027 844 ac
1051 820 1158 843 matura
1185 816 1380 844 deliberatione
1398 816 1432 842 ab
1454 815 1488 843 iis
1517 823 1627 851 quoque
1641 816 1781 844 disceden-

994 864 1059 890 dum
1072 862 1152 890 nobis
1165 869 1226 890 esse
1241 862 1427 894 statuerimus,
1453 867 1632 897 nostrumque
1648 863 1700 891 hoc
1714 866 1781 890 con-

998 906 1088 934 silinm
1111 913 1167 933 non
1188 906 1299 934 aliunde
1318 914 1400 942 quam
1420 914 1454 934 ex
1485 907 1600 942 ipsamet
1623 904 1782 940 Evangelica

1000 951 1225 979 demonstratione
1246 951 1340 987 petitis
1355 951 1520 984 rationibus,
1533 950 1653 986 primum
1672 948 1782 984 quidem

1000 995 1146 1032 Egyptiis,
1161 1001 1219 1024 tum
1231 997 1345 1032 reliquis
1359 996 1489 1031 deinceps
1501 996 1642 1029 omnibus,
1657 995 1706 1030 qui
1718 1002 1782 1023 cum

999 1042 1034 1070 iis
1046 1042 1220 1077 opinionibus
1240 1047 1319 1070 erant
1337 1041 1533 1077 sententiisque
1553 1041 1704 1076 conjuncti,
1718 1047 1784 1076 pro-

999 1086 1091 1114 batum
1112 1086 1201 1114 fauste
1223 1094 1255 1115 ac
1279 1086 1396 1114 feliciter
1420 1085 1552 1114 evenerit.
1575 1085 1613 1112 Ac
1638 1084 1784 1112 Manethus

999 1132 1110 1167 quidem
1119 1132 1263 1168 Egi/ptius
1275 1132 1418 1160 historiam
1431 1131 1539 1158 illorum
1549 1131 1705 1158 universam
1714 1130 1786 1158 Gra-

1000 1178 1040 1206 cis
1053 1178 1152 1206 litteris
1168 1178 1228 1206 fuse
1242 1178 1389 1205 admodum
1403 1177 1560 1212 explicavit,
1574 1176 1723 1212 praesertim
1736 1183 1783 1204 ve-

999 1231 1031 1251 ro
1044 1231 1106 1259 quae
1123 1224 1156 1251 ad
1175 1224 1296 1258 ipsorum
1311 1223 1474 1258 theologiam
1487 1222 1740 1258 pertinebant,cum
1755 1221 1783 1248 in

998 1269 1083 1298 Sacro
1097 1271 1236 1304 volumine,
1248 1273 1305 1296 tum
1319 1269 1380 1297 aliis
1390 1269 1554 1304 quibusdam
1571 1268 1700 1303 operibus
1713 1274 1787 1295 com-

1000 1315 1156 1351 prehendit.
1171 1314 1223 1343 Sed
1236 1316 1365 1350 quoniatn
1386 1315 1531 1347 Diodorus,
1556 1315 1581 1343 is
1601 1321 1680 1350 Quem
1703 1317 1783 1340 antea

1000 1361 1286 1393 commemoravimus,
1298 1361 1344 1396 qui
1358 1361 1480 1388 diversas
1489 1368 1521 1388 ex
1537 1359 1661 1395 pluribus
1678 1358 1786 1394 collegit

1001 1406 1142 1439 historias,
1160 1406 1385 1442 singularumque
1411 1407 1494 1439 ritus,
1515 1413 1599 1441 quam
1633 1404 1786 1433 accuratis—

157 1449 226 1479 sime
242 1451 302 1479 ﬁeri
321 1452 418 1485 p‘otuﬂ,
446 1453 604 1488 complexus
632 1457 685 1486 est,
704 1452 747 1480 vir
777 1459 844 1481 sane
863 1452 1045 1484 clarissimus,
1081 1453 1293 1488 opinionemque
1323 1454 1454 1482 doctrina:
1484 1461 1538 1481 non
1564 1453 1690 1488 exiguam
1716 1451 1787 1486 apud

157 1504 256 1525 omnes
271 1498 408 1533 politioris
425 1499 583 1527 litteraturae
602 1500 740 1527 studiosos
761 1504 941 1531 consecutus,
961 1499 1001 1527 sic
1016 1503 1101 1527 totam
1125 1500 1152 1527 in
1170 1508 1255 1528 unum
1281 1501 1363 1528 veluti
1382 1507 1482 1536 corpus
1503 1504 1624 1528 veterum
1642 1497 1785 1526 historiam

158 1543 260 1579 coegit,
285 1546 427 1580 sequentia
450 1553 511 1573 cum
532 1546 671 1580 prioribus
686 1549 747 1581 apte
776 1550 954 1580 connectens,
975 1549 1006 1573 ut
1029 1546 1063 1573 ab
1099 1546 1143 1574 illa
1170 1545 1361 1582 Egyptiorum
1395 1545 1530 1581 theologia
1550 1545 1640 1581 operis
1667 1542 1786 1571 universi

158 1590 323 1625 principium
343 1591 476 1618 duxerit:
502 1598 591 1627 opera:
613 1591 730 1627 pretium
756 1599 800 1620 me
822 1592 956 1620 facturum
988 1593 1114 1627 arbitror,
1138 1593 1161 1621 sl
1188 1600 1222 1620 ex
1244 1593 1349 1626 eadem,
1373 1600 1435 1628 quae
1460 1600 1475 1620 a
1508 1591 1675 1628 propositam
1703 1589 1785 1619 nobis

158 1636 372 1671 disputationem
388 1635 501 1670 faciunt,
514 1637 673 1673 deprompta
687 1637 716 1664 in
745 1637 866 1665 omnium
890 1638 978 1667 oculis
1007 1647 1040 1667 ac
1055 1640 1116 1667 luce
1128 1639 1305 1673 constituam,
1326 1639 1399 1674 quod
1411 1637 1498 1667 Graeci
1530 1637 1653 1665 homines
1686 1636 1786 1672 sapius

161 1684 190 1712 in
203 1683 288 1719 huius
298 1683 420 1712 auctoris
432 1683 549 1711 lectione
566 1689 719 1712 versentur.
736 1683 799 1712 Haec
810 1685 891 1720 igitur
908 1685 941 1713 ad
961 1686 1073 1714 verbum
1086 1686 1131 1714 ille
1141 1689 1349 1714 commemorat.

423 1775 620 1802 ΚΕΦΛΛΑῘΟΝ
649 1775 690 1803 A’.

168 1855 305 1890 Ἐπιτομὴ
329 1854 382 1890 τῆς
405 1855 572 1889 Αἰγυπτίων
587 1855 753 1890 θεολογίας,
776 1856 824 1882 καὶ
849 1857 889 1890 ὼς
904 1858 948 1890 εὶς

366 1891 516 1925 ’Έλληνας
529 1891 740 1925 μετεκομίσθη.

201 1980 210 1996 ι
226 1969 295 1997 Φασὶ
308 1969 364 2005 (48)
378 1970 467 1996 τοίνυν
489 1969 632 2004 Αἰγύπτιοι
653 1971 724 1997 κατὰ
742 1970 791 2006 τὴν
812 1970 842 2004 se
863 1971 950 2008 ἀρχῆς

168 2019 217 2045 τῶν
232 2017 301 2045 ὅλων
313 2017 430 2051 γένεσιν,
445 2016 569 2053 πρώτους
580 2017 643 2048 τοὺς
655 2016 702 2043 ἀνθ
708 2015 814 2052 ρώπους
825 2016 950 2051 γενέσθαι

165 2062 235 2089 κατά
248 2062 298 2098 τὴν
312 2062 459 2097 Δίγυπτον,
474 2062 518 2089 διά
527 2071 556 2089 τε
567 2062 616 2097 τὴν
627 2062 774 2097 εὐκρασίαν
787 2062 836 2097 τῆς
848 2061 950 2097 χώρας,

164 2108 211 2134 καὶ
226 2108 270 2135 διὰ
290 2107 340 2143 τὴν
357 2108 438 2143 φύσιν
458 2107 505 2134 τοῦ
525 2107 631 2134 Νείλου.
648 2107 748 2134 Τοῦτον
765 2108 818 2143 γὰρ
835 2108 950 2142 πολύγο-

164 2163 208 2181 νον
224 2155 299 2186 ὂντα⁷
323 2155 369 2181 καὶ
391 2154 441 2186 τάς
461 2154 564 2190 τροφὰς
587 2155 731 2189 αὐτοφυεῖς
755 2154 951 2190 παρεχόμενον,

165 2199 266 2236 ῥαδίως
287 2199 430 2235 ἐκτρέφειν
450 2199 485 2226 τὰ
501 2199 711 2235 ζωογονηθέντα.
732 2198 801 2231 Τοὺς
817 2199 846 2226 δὲ
863 2199 951 2231 θεοὺς,

164 2245 324 2282 ἀνθρώπους
338 2246 387 2281 μὲν
401 2245 520 2282 ὑπάρξαι
538 2246 661 2282 θνητοὺς,
679 2246 723 2273 διὰ
737 2246 765 2272 δὲ
783 2245 890 2272 σύνεσιν
907 2245 953 2272 καὶ

165 2292 254 2327 κοινὴν
275 2292 426 2328 ἀνθρώπων
444 2292 612 2328 εὐεργεσίαν,
630 2294 720 2327 τυχεῖν
739 2292 789 2328 τῆς
805 2292 962 2325 ἀθανασίας·

164 2335 201 2365 ὦν
214 2338 303 2370 ἐνίους
315 2338 362 2365 καὶ
379 2338 496 2373 βασιλεῖς
509 2339 644 2372 γενέσθαι.
659 2339 953 2374 Μεθερμηνευομένους

163 2383 191 2409 δὲ
204 2384 314 2416 αὐτοὺς,
331 2384 408 2416 τινὰς
425 2384 474 2420 μὲν
490 2385 650 2420 ὁμωνύμους
663 2385 795 2420 ὑπάρχειν
805 2386 861 2416 τοῖς
873 2384 953 2420 οὐρα-

165 2430 240 2462 νίοις,
257 2430 333 2461 τινὰς
350 2431 379 2457 δὲ
401 2431 468 2457 [δίαν
484 2431 630 2466 ἐσχηκέναι
649 2430 846 2466 προσηγορίαν,
859 2430 953 2456 Ἥλιόν

164 2484 204 2507 τε,
216 2476 262 2502 καὶ
275 2477 389 2511 Κρόνον,
404 2477 449 2503 καὶ
469 2477 557 2509 Ῥέαν,
571 2477 611 2504 ἔτι
625 2477 652 2504 δὲ
664 2477 710 2504 καὶ
724 2477 773 2503 Δία
785 2477 830 2503 τὸν
846 2476 899 2503 ὑπό
911 2485 951 2502 τι-

164 2530 215 2548 νων
241 2523 377 2557 Ἄμμωνα
398 2522 677 2558 προσαγορευόμενον,
701 2523 769 2558 πρὸς
786 2523 815 2549 δὲ
837 2523 951 2554 τούτοις,

165 2568 255 2603 Ἦραν
276 2569 323 2595 καὶ
349 2569 511 2603 Ἥφαιστον,
539 2569 579 2595 ἔτι
600 2567 631 2596 δὲ
651 2569 768 2600 Ἑστίαν,
793 2569 838 2595 καὶ
859 2568 951 2595 τελευ-

164 2615 239 2640 ταῖον
262 2614 375 2649 Ἑρμῆν.
402 2615 457 2641 Καὶ
478 2615 585 2649 πρῶτον
609 2615 658 2650 μὲν
677 2614 770 2641 Ἥλιον
793 2614 951 2649 βασιλεῦσαι

164 2659 216 2686 τῶν
230 2661 291 2686 κατ’
310 2660 456 2694 Αἴγυπτον,
472 2661 616 2696 ὁμώνυμον
632 2661 696 2688 ὂντα
712 2661 750 2697 τῷ
763 2661 822 2688 κατ’
839 2661 952 2697 οὐρανὸν

164 2706 265 2742 ἄστρῳ.
285 2707 370 2734 Ἔνιοι
381 2707 409 2733 δὲ
423 2707 478 2733 τῶν
490 2707 585 2743 ἱερέων
601 2708 668 2742 φασὶ
684 2706 789 2743 πρῶτον
802 2706 951 2741 ’Ἥφαιστον

164 2751 332 2787 βασιλεῦσαι,
347 2753 431 2788 πυρὸς
443 2753 556 2789 εὑρετὴν
569 2752 721 2788 γενόμενον.
739 2751 817 2779 Μετὰ
828 2752 856 2778 δὲ
867 2750 952 2779 ταῦτα

1277 1777 1331 1814 45
1348 1775 1464 1805 CAPUT
1488 1775 1509 1804 ι.

1003 1854 1149 1890 Tlteoloyite
1169 1855 1356 1894 Egyptiorum
1373 1855 1482 1894 epitame
1495 1873 1503 1887 ,
1524 1858 1548 1894 et
1569 1852 1789 1894 quemadmodum

1212 1889 1247 1916 ad
1262 1889 1366 1917 Cnecos
1382 1889 1442 1916 inde
1457 1889 1604 1916 transierit.

1038 1980 1047 1996 ι
1068 1970 1174 2004 Aiunt,
1203 1970 1313 2005 inquit,
1339 1969 1459 2005 [Egyptii
1487 1969 1538 1997 sub
1563 1970 1682 2004 primum
1706 1969 1788 2004 hujus

1001 2016 1188 2044 universitatis
1209 2020 1300 2043 ortum
1317 2036 1325 2049 ,
1344 2015 1447 2050 primos
1462 2015 1543 2043 etiam
1555 2015 1681 2043 homines
1697 2015 1725 2042 in
1740 2014 1790 2043 ΔΞ-

1002 2067 1084 2098 gypto
1119 2067 1277 2098 procreatos
1304 2061 1411 2094 fuisse,
1441 2061 1539 2096 partim
1563 2061 1599 2088 ob
1623 2061 1789 2096 singularem

1003 2108 1148 2143 quamdam
1158 2108 1241 2135 totius
1256 2107 1376 2143 regionis
1391 2107 1625 2142 temperationem,
1641 2106 1740 2141 partim
1755 2107 1790 2134 ob

1003 2155 1090 2191 ipsius
1107 2155 1160 2182 Nili
1176 2159 1323 2182 naturam:
1341 2154 1417 2182 illum
1442 2154 1514 2182 enim
1529 2175 1537 2188 ,
1562 2153 1634 2189 quod
1659 2153 1791 2181 fecundus

1006 2201 1152 2229 admodum
1169 2201 1205 2228 sit
1228 2208 1260 2228 ac
1287 2200 1365 2228 cibos
1383 2200 1453 2228 ultro
1476 2204 1626 2235 sponteque
1648 2203 1791 2227 nascentes

1006 2247 1141 2283 praebeat,
1157 2247 1236 2274 facile
1251 2247 1357 2283 genitas
1377 2247 1529 2274 anitnantes
1552 2246 1634 2274 alere.
1650 2245 1710 2274 Jam
1726 2253 1791 2272 vero
1825 2278 1827 2281 ι

1004 2293 1071 2321 deos
1087 2293 1172 2328 ipsos,
1186 2301 1247 2321 cum
1264 2292 1388 2321 homines
1399 2300 1506 2328 quoque
1521 2291 1650 2319 mortales
1664 2291 1790 2323 fuissent,

1004 2343 1095 2365 tamen
1110 2342 1221 2373 propter
1247 2338 1407 2372 sapientiam
1420 2357 1428 2370 ,
1444 2341 1472 2365 et
1495 2336 1649 2364 communia
1666 2336 1790 2370 quaedam

1005 2385 1032 2411 in
1046 2384 1186 2411 hominum
1203 2391 1288 2418 genus
1309 2384 1423 2417 merita,
1444 2383 1675 2410 immortalitatem
1691 2389 1789 2409 conse-

1004 2434 1082 2457 cutos
1097 2437 1157 2457 esse
1171 2450 1178 2462 ,
1194 2437 1311 2464 quorum
1330 2429 1411 2457 etiam
1428 2428 1511 2463 aliqui
1524 2428 1550 2455 in
1566 2427 1682 2463 Egypto
1694 2435 1792 2462 regna-

1004 2475 1102 2502 rerint.
1118 2474 1218 2502 Eorum
1232 2474 1310 2508 alios,
1323 2475 1346 2502 si
1363 2475 1534 2509 interpretari
1549 2474 1650 2506 lubeat,
1667 2473 1787 2508 ejusdem

1005 2529 1068 2550 cum
1080 2521 1216 2549 caelitibus
1227 2521 1346 2549 nominis
1360 2521 1455 2553 fuisse,
1467 2521 1535 2548 alios
1547 2520 1684 2556 propriam
1695 2515 1791 2555 quam-

1005 2568 1067 2595 dam
1084 2568 1290 2603 appellationem
1307 2568 1358 2595 sibi
1374 2568 1544 2595 vindicasse:
1564 2571 1645 2602 atque
1660 2566 1731 2594 inter
1743 2574 1791 2594 eos

1006 2614 1107 2647 Solem,
1117 2614 1277 2646 Saturnum,
1287 2616 1381 2649 Opem,
1391 2614 1535 2649 ipsumque
1546 2618 1674 2649 praeterea
1685 2612 1790 2647 Jovem,

1004 2660 1051 2695 qui
1072 2660 1188 2687 Ammon
1214 2667 1228 2686 a
1253 2658 1415 2694 quibusdam
1443 2662 1638 2693 nuncupatur:
1655 2656 1789 2686 Iunonem

1005 2706 1068 2733 item
1098 2710 1180 2740 atque
1207 2704 1380 2737 Vulcanum,
1410 2703 1542 2737 Vestam,
1568 2709 1790 2738 postremumque

1006 2751 1180 2779 Mercurium.
1197 2751 1235 2777 Ac
1258 2750 1348 2777 Solem
1371 2750 1481 2786 quidem
1494 2769 1502 2783 ,
1518 2747 1628 2778 cceleste
1643 2749 1718 2777 sidus
1741 2756 1791 2776 no-

197 2864 253 2898 (68)
275 2863 362 2891 Mel.
384 2863 493 2893 Diodori
520 2865 597 2893 locus
615 2867 668 2898 est,
683 2863 728 2892 sed
755 2863 833 2899 plane
856 2863 949 2899 ωντόμ

1010 2869 1042 2890 ex
1057 2861 1105 2890 lib.
1120 2868 1128 2889 ι
1141 2859 1306 2897 descriptus,
1324 2867 1353 2897 p.
1368 2860 1396 2895 9,
1414 2859 1433 2888 Ι.
1447 2859 1550 2895 6,,ιιιιε
1563 2859 1609 2887 lin.
