2064 3212
593 137 728 166 EUSEBII
741 136 988 170 -C1£SAR|ENSIS
1004 137 1079 165 OPP.
1101 137 1191 167 PARS
1207 137 1240 166 ll.
1258 146 1292 157 —'
1306 136 1553 171 APOLOGETICA,

1839 139 1874 167 96

260 199 334 225 mine
356 195 518 223 referentem
533 216 540 229 ,
565 195 674 231 Ευριὶ
692 203 804 230 regnum
829 195 976 230 principem
1002 200 1041 222 te-

1093 195 1197 231 Κρόνον
1211 195 1303 237 ἄρξαι,
1319 197 1366 223 καὶ
1375 197 1501 231 γήμαντα
1517 196 1566 231 τὴν
1578 196 1694 230 ἀδελφὴν
1712 196 1799 228 Ῥέαν,
1814 206 1874 232 γεν-

260 243 352 270 nuisse
362 262 370 275 ,
384 249 541 277 quanquam
555 249 571 269 e
584 242 771 269 sacerdotibus
792 240 915 267 nonnulli
932 240 1042 274 volunt,

262 288 413 316 Vulcanum
434 287 511 315 illum
537 287 608 323 ignis
624 282 793 314 inventorem
817 286 935 321 primum
953 294 1042 322 regem

260 334 458 364 numerandum
475 340 555 367 esse,
582 332 626 360 cui
643 331 777 360 Saturnus
799 332 826 359 in
841 332 955 367 imperio
978 339 1043 360 suc-

260 380 388 410 cesserit,
403 385 491 414 exque
506 378 562 414 Ope
586 386 695 411 sorore,
712 386 794 414 quam
812 378 840 406 in
857 386 969 406 uxorem
987 379 1043 414 ipse

258 425 383 458 duxerat,
396 424 439 451 vel
453 424 544 452 Osirin
560 428 587 451 et
601 423 655 452 lsin
664 443 672 456 ,
685 429 715 451 ut
730 424 854 455 scribunt
869 425 969 460 aliqui,
981 425 1023 452 vel
1033 445 1041 458 ,

260 474 289 498 ut
303 470 395 505 plures
410 474 555 503 asserunt,
570 469 664 498 Jovem
678 469 867 505 Iunonemque
881 471 1041 506 susceperit,

258 518 305 552 qui
332 516 389 544 orbi
414 516 588 551 postmodum
618 516 746 544 universo
779 521 888 551 propter
914 517 1042 549 eximiam

258 563 386 589 virtutem
410 562 588 597 imperarint:
605 562 671 591 deos
690 568 780 590 autem
801 563 922 598 quinque
940 571 1042 598 genue-

260 606 325 639 rint,
349 605 450 638 Osirin,
476 606 541 640 Isin,
558 607 728 643 Typhonem,
743 607 894 642 Apollinem
909 615 940 635 ac
957 607 1043 640 Vene-

258 660 326 679 rem.
344 651 377 679 Ει
401 653 493 681 OSirin
508 653 617 688 quidem
641 653 777 682 Bacchum
802 661 881 686 esse,
898 654 954 689 Isin
977 662 1042 684 vero

258 697 384 725 Cererem
399 707 406 731 ;
423 706 505 733 quam
523 706 584 726 cum
602 698 647 727 ille
672 707 764 727 secum
781 700 954 729 matrimonio
978 708 1043 727 con-

258 743 406 778 iunxisset,
421 752 590 780 regnumque
606 746 788 779 capessisset,
801 753 864 774 cum
880 746 994 781 plurima
1009 747 1042 774 ab

258 790 353 818 eodem
362 790 491 817 beneticia
504 791 531 817 in
544 791 737 826 rempublicam
750 797 842 820 essent
858 793 967 826 collata,
985 798 1041 820 tum

259 836 354 862 urbem
370 835 396 862 in
414 835 550 864 Thebaide
563 841 672 870 centum
690 838 850 866 instructam
867 839 964 873 portis,
977 839 1042 866 aedi-

1095 243 1174 277 νῆσαι
1197 243 1268 269 κατά
1296 243 1345 277 μέν
1368 251 1456 274 τινας.
1477 243 1523 269 τὸν
1542 243 1646 276 Ὄσιριν
1667 242 1714 269 καὶ
1727 243 1776 279 τὴν
1792 241 1872 270 Ἶσιν-

1093 288 1163 315 κατὰ
1179 288 1207 314 δὲ
1221 289 1282 320 τοὺς
1293 288 1410 320 πλείους,
1422 289 1471 316 Δία
1482 297 1511 315 τε
1527 289 1574 315 καὶ
1589 289 1686 322 Ἦραν,
1701 289 1748 320 οὓς
1765 289 1799 316 δι’
1810 290 1875 325 ἀρε-

1092 333 1140 369 τὴν
1153 333 1308 368 βασιλεῦσαι
1317 333 1364 361 τοῦ
1376 334 1530 368 σύμπαντος
1541 333 1652 369 κόσμου.
1673 334 1720 360 Ἐκ
1733 334 1761 362 δὲ
1773 334 1875 362 τούτων

1092 379 1216 413 γενέσθαι
1239 379 1318 406 πέντε
1341 379 1428 411 θεοὺς,
1456 380 1572 415 Ὄσιριν,
1593 380 1641 406 καὶ
1662 377 1742 413 Ἶσιν,
1761 380 1808 407 καὶ
1821 381 1872 406 Τυ-

1093 425 1179 459 φῶνα,
1205 425 1358 456 Ἀπόλλωνά
1379 434 1425 459 τε,
1447 426 1494 452 καὶ
1515 426 1682 461 Ἀφροδίτην.
1697 426 1751 452 Καὶ
1765 426 1810 452 τὸν
1826 427 1875 461 μὲν

1094 471 1199 506 Ὄσιριν
1213 468 1282 498 εἶναι
1298 471 1343 497 τὸν
1360 470 1495 497 Διόνυσον⁸
1510 470 1559 506 τὴν
1574 471 1603 497 δὲ
1618 471 1697 503 Ἶσιν,
1715 471 1765 506 τὴν
1780 472 1875 506 Δήμηε

1091 524 1168 550 τραν.
1182 515 1288 551 Ταύτην
1304 516 1332 542 δὲ
1346 516 1470 551 γήμαντα
1483 516 1527 542 τὸν
1542 517 1658 551 Ὄσιριν,
1672 517 1719 543 καὶ
1734 516 1783 552 τὴν
1798 517 1876 552 βασι-

1092 559 1165 587 λείαν
1181 561 1379 596 διαδεξάμενον,
1403 560 1488 587 πολλά
1506 561 1608 598 πρᾶξαι
1628 561 1701 597 πρὸς
1715 561 1875 598 εὐεργεσίαν

1091 606 1138 633 τοῦ
1153 607 1252 637 κοινοῦ.
1267 607 1356 633 κτίσαι
1366 615 1396 633 τε
1410 606 1485 634 πόλιν
1501 608 1529 633 ὲν
1543 608 1576 642 τῇ
1593 606 1704 642 Θηὸαϊδι
1719 608 1876 643 ἑκατόμπυ-

1091 652 1146 684 λον,
1164 652 1197 687 ἣν
1208 661 1284 684 τινας
1297 653 1344 688 μὲν
1357 653 1417 684 Διὸς
1431 653 1518 686 πόλιν,
1535 653 1624 684 ένίους
1638 652 1666 679 δὲ
1679 653 1772 688 Θήϐας
1789 662 1876 689 προσ-

1091 698 1186 724 ειπεῖν.
1206 697 1373 733 Ἰδρύσασθαι
1386 698 1414 724 δὲ
1432 698 1479 724 καὶ
1497 698 1569 733 ίερὸν
1586 697 1639 724 τῶν
1649 698 1760 732 γονέων,
1776 699 1835 731 Διός
1846 708 1876 726 τε

1090 744 1137 770 καὶ
1154 743 1250 779 Ἤρας·
1267 744 1314 770 καὶ
1329 743 1383 770 τῶν
1393 743 1480 770 ἀλλων
1492 743 1521 770 δὲ
1533 743 1602 770 Θεῶν
1616 743 1695 775 ναούς
1704 752 1733 770 τε
1746 745 1874 780 χρυσοῦς,

1090 783 1127 813 ὧν
1144 787 1250 822 ἑκάστῳ
1267 788 1348 823 τιμὰς
1368 787 1530 823 ἀπονεῖμαι,
1554 788 1599 815 καὶ
1622 789 1790 824 καταστῆσαι
1813 790 1877 821 τοὺς

1091 833 1302 869 ἐπιμελομένους
1310 833 1401 869 ἱερεῖςι
1414 833 1569 870 Εὐρετὴνδὲ
1579 833 1704 868 γενέσθαι
1712 834 1757 861 τὸν
1769 833 1876 871 Ὄσιριν

258 881 367 908 ticatam
380 901 387 914 ,
402 889 461 916 quae
476 882 510 909 ab
524 882 585 909 aliis
598 883 694 911 civitas
710 883 799 917 Jovis,
815 885 849 912 ab
869 885 930 912 aliis
945 884 1041 912 Thebae

1092 878 1142 913 τῆς
1157 878 1290 913 ἀμπέλου,
1311 878 1418 913 πρῶτόν
1448 887 1478 905 τε
1501 879 1572 915 ψιλῷ
1594 880 1757 916 χρήσασθαι,
1774 881 1822 908 καὶ
1834 881 1875 908 δι-

259 927 425 954 nominetur.
453 927 513 955 Jovi
541 933 670 963 praeterea
701 929 857 966 Junonique
885 931 1042 965 parentibus

259 979 365 999 sacram
391 972 476 1000 aedem
490 994 497 1006 ,
513 973 631 1009 itemque
643 975 696 1002 diis
716 976 820 1004 caeteris
844 984 926 1004 aurea
945 977 1042 1012 templa

257 1019 374 1046 excitata
386 1038 393 1051 ,
409 1019 509 1054 quibus
530 1020 645 1056 singulis
661 1029 723 1049 cum
738 1026 829 1050 certos
842 1023 975 1058 quosdam
992 1024 1042 1051 ho-

259 1072 350 1097 nores,
366 1070 424 1092 tum
445 1066 527 1093 etiam
541 1066 569 1093 in
584 1074 652 1102 quos
667 1074 763 1094 eorum
784 1075 848 1096 cura
865 1069 1040 1101 incumberet,

259 1111 412 1138 sacerdotes
425 1112 589 1139 attribuerit.
608 1112 693 1140 Porro
707 1114 833 1142 eumdem
848 1113 940 1142 Osirin
960 1115 1040 1143 vitem

259 1155 397 1184 invenisse
410 1158 531 1189 tradunt,
550 1158 723 1193 primumque
738 1159 802 1187 vino
818 1167 898 1187 usum
912 1167 989 1192 esse,
1010 1168 1043 1188 ae

258 1201 378 1235 reliquos
394 1208 488 1230 omnes
501 1203 615 1238 papulas
631 1204 821 1239 agriculturam
836 1205 970 1234 docuisse.
987 1206 1043 1242 46

257 1245 336 1281 Apud
361 1254 424 1274 eum
450 1253 541 1275 autem
566 1257 674 1277 summo
702 1251 728 1277 in
755 1251 857 1279 honore
880 1251 1041 1279 Mercurium

258 1291 354 1326 fuisse,
367 1293 438 1327 quod
452 1293 479 1320 in
490 1295 676 1329 excogitandis
688 1296 721 1323 iis
730 1304 791 1331 quae
804 1297 887 1329 vitam
900 1298 1041 1325 hominum

256 1337 354 1371 juvare
370 1343 497 1373 possent,
516 1340 618 1376 ingenii
639 1342 778 1369 solertiam
794 1343 948 1371 ostenderet
963 1344 1043 1378 plane

259 1384 424 1418 singularem
437 1394 443 1412 :
463 1386 563 1421 quippe
583 1387 630 1422 qui
645 1388 749 1416 litteras
763 1388 895 1417 invenerit
905 1409 913 1422 ,
927 1389 1041 1418 deorum

259 1429 393 1457 sacriﬁcia
416 1431 466 1458 rite
491 1431 649 1464 instituerit,
668 1433 733 1469 lyrae
755 1438 866 1461 cantum
890 1436 1040 1469 repererit,

257 1474 420 1510 Graecosque
436 1477 560 1505 homines
575 1478 624 1514 τὴν
641 1479 787 1515 ἑρμηνείαν
799 1501 806 1513 ,
822 1481 873 1508 hoc
895 1486 936 1509 est
950 1482 1042 1509 elocu-

257 1519 372 1553 tionem,
386 1521 527 1556 docuerit;
542 1531 624 1558 quam
638 1525 672 1551 ob
684 1532 795 1552 causam
816 1526 935 1562 Ἑρμῆς,
951 1527 978 1555 id
1001 1532 1043 1555 est

257 1564 409 1595 Mercurius
423 1587 431 1599 ,
449 1567 484 1595 ab
509 1568 604 1596 iisdem
628 1569 711 1598 fuerit
735 1571 901 1605 appellatus;
927 1572 1042 1608 denique

258 1611 337 1638 olive
349 1611 470 1646 plantam
484 1613 626 1642 invenerit.
640 1614 700 1643 Jam
715 1624 791 1649 vero,
804 1625 866 1644 cum
880 1618 971 1645 orbem
988 1624 1043 1646 ter-

258 1665 351 1685 rarum
376 1657 462 1687 Osiris
484 1666 650 1695 peragraret,
679 1661 825 1690 Phoenicia:
841 1664 948 1698 quidem
965 1665 1042 1692 Busi-

258 1703 311 1730 rim
326 1725 333 1737 ,
361 1703 507 1740 Ethiopiae
531 1711 622 1734 autem
640 1714 672 1735 ac
692 1707 783 1744 Libym
804 1709 927 1738 Antaeum
952 1711 986 1737 ab
1009 1719 1042 1739 eo

257 1748 415 1784 praefectum
440 1758 522 1785 esse;
545 1756 573 1781 at
594 1751 669 1779 illum
695 1754 894 1788 expeditionem
919 1755 1042 1791 Apolline

257 1793 342 1822 fratre
357 1794 431 1823 socio
447 1790 609 1832 suscepisse,
621 1806 637 1827 a
649 1806 703 1833 quo
714 1803 847 1834 repertam
863 1790 968 1828 laurum
982 1809 1043 1830 esse

257 1839 357 1868 ferunt.
381 1840 471 1869 Osirin
500 1848 629 1878 praterea
652 1845 722 1873 duos
738 1845 840 1874 liberos
862 1847 1042 1882 expeditionis

257 1892 315 1913 suae
339 1886 453 1914 comites
469 1886 597 1916 habuisse
610 1910 618 1925 ,
636 1890 744 1918 Anubin
757 1911 765 1923 ,
791 1896 818 1920 et
843 1891 1016 1921 Macedonem
1032 1902 1040 1927 ;

258 1931 346 1967 iisque
362 1932 461 1961 Panem
480 1934 655 1971 adjunxisse,
671 1944 753 1972 quem
768 1938 904 1974 praecipua
924 1940 1040 1974 quadam

256 1976 376 2013 Egyptii
388 1981 564 2008 veneratione
580 1988 790 2017 prosequantur,
806 1984 883 2019 cujus
897 1985 978 2012 etiam
992 1993 1041 2013 no-

256 2022 330 2050 mine
354 2023 443 2052 Panos
461 2025 555 2053 urbem
575 2026 743 2055 aediﬁcarim.
763 2028 831 2056 Dum
857 2034 946 2057 autem
968 2031 1040 2058 circa

255 2067 419 2104 Taphosirin
444 2076 599 2099 versaretur
612 2091 619 2103 ,
645 2072 777 2101 adductos
793 2074 828 2102 ad
842 2082 904 2103 eum
929 2074 1040 2111 Satyros

255 2112 356 2143 fuisse:
373 2116 501 2150 quodque
516 2117 649 2148 suavitate
662 2123 759 2146 cantus
773 2119 799 2146 in
815 2120 910 2154 primis
922 2121 1040 2148 delecta-

255 2163 347 2193 retur,
370 2154 538 2187 musicorum
561 2161 595 2190 ab
612 2170 645 2189 eo
663 2163 865 2191 multitudinem
889 2165 1040 2193 circumdu-

255 2209 327 2232 ctam
340 2224 348 2237 ,
363 2213 480 2240 quorum
500 2215 516 2234 e
540 2215 656 2236 numero
679 2217 775 2236 novem
797 2217 906 2245 quoque
921 2212 1039 2246 virgines
1054 2226 1077 2254 υ

255 2249 370 2277 canendi
402 2251 574 2285 peritissimze
602 2261 653 2281 nec
674 2254 764 2282 minus
799 2255 915 2283 aliarum
948 2264 1039 2284 rerum

254 2295 376 2323 doctrina
391 2296 485 2330 perita:
514 2297 631 2331 fuerint,
652 2307 718 2334 quas
734 2299 820 2328 Graeci
839 2300 931 2331 Musas
948 2304 1040 2338 appel-

255 2341 332 2375 lent,
357 2342 458 2378 quibus
483 2343 576 2379 Apollo
600 2349 736 2379 praeesset.
761 2345 847 2374 Porro
863 2355 925 2375 cum
948 2349 1038 2376 nullus

255 2387 371 2422 populus
396 2387 507 2421 Osirin,
528 2394 639 2425 propter
656 2396 766 2427 accepta
790 2392 825 2420 ab
842 2401 875 2420 eo
898 2394 1030 2422 beneﬁcia

255 2440 308 2460 non
334 2434 412 2468 quasi
438 2434 519 2463 deum
545 2437 696 2472 exciperet,
723 2438 840 2472 plurima
866 2440 909 2468 sui
935 2441 1037 2475 passim

255 2479 382 2507 eumdem
397 2481 563 2509 monimenta
577 2481 731 2518 reliquisse,
749 2484 883 2520 urbesque
900 2494 953 2513 non
968 2494 1037 2521 pau-

256 2531 303 2551 cas
319 2523 347 2551 in
365 2523 440 2552 India
457 2527 611 2555 condidisse
625 2537 630 2555 :
649 2528 716 2557 alias
728 2529 792 2556 item
806 2529 879 2557 circa
893 2530 1038 2566 Phrygiam

256 2569 358 2597 obiisse
372 2571 512 2605 nationes,
530 2580 562 2601 ac
575 2581 624 2609 per
639 2573 842 2610 Hellespontum
860 2576 887 2604 in
903 2575 1038 2612 Europam

256 2614 417 2650 trajecisse;
434 2618 501 2652 quin
517 2619 600 2647 etiam
623 2628 656 2648 ex
675 2621 737 2649 (iliis
753 2621 926 2650 Macedonem
949 2623 1038 2651 Mace-

257 2659 345 2687 doniae
359 2667 450 2696 regem
464 2670 581 2698 creasse,
597 2663 764 2701 Triptolemo
779 2675 843 2696 vero
862 2669 1038 2696 colendorum

258 2704 352 2732 Attica:
363 2705 480 2741 regionis
492 2715 620 2743 agrorum
631 2718 723 2739 curam
735 2713 956 2748 provinciamque
966 2721 1040 2740 tuan-

294 2791 305 2803 ¹
327 2785 369 2811 ῑσ.
382 2785 453 2821 οἴνῳ.

1055 1553 1076 1583 C

1092 923 1168 956 δάξαι
1184 924 1246 956 τοὺς
1267 924 1362 956 ἄλλους
1386 924 1545 960 ἀνθρώπους
1560 925 1610 961 τὴν
1627 926 1771 961 γεωργίαν.
1789 927 1877 961 Τιμᾶ-

1093 969 1153 996 σθαι
1169 969 1198 996 δὲ
1212 971 1257 996 ὑπ’
1273 970 1354 997 αὑτοῦ
1369 970 1485 1006 μάλιστα
1500 970 1610 997 πάντων
1625 972 1670 998 τὸν
1692 972 1804 1008 Ἑρμῆν,
1819 973 1877 999 δια-

1092 1015 1166 1051 φόρῳ
1183 1015 1261 1050 φύσει
1273 1016 1502 1052 κεχορηγημένον,
1520 1017 1587 1052 πρὸς
1602 1017 1722 1044 ἐπίνοιαν
1735 1018 1788 1044 τῶν
1799 1017 1877 1044 δυνα-

1093 1061 1179 1096 μένων
1191 1061 1328 1097 ὠφελῆσαι
1339 1062 1384 1088 τὸν
1400 1061 1488 1089 κοινὸν
1505 1062 1571 1097 βίον.
1583 1063 1705 1099 Εὑρετήν
1720 1071 1750 1089 τε
1763 1063 1817 1098 γὰρ
1828 1065 1877 1090 αὺ-

1090 1106 1136 1138 τὸν
1151 1106 1275 1141 γενέσθαι
1290 1107 1346 1134 τῶν
1360 1108 1540 1143 γραμμάτων,
1557 1109 1604 1137 καὶ
1621 1109 1713 1140 θυσίας
1730 1109 1798 1135 θεῶν
1817 1109 1877 1136 δια·-

1090 1151 1232 1184 τάξασθαι,
1243 1152 1328 1188 λύραν
1337 1162 1367 1180 τε
1384 1154 1484 1189 εὑρεῖν,
1501 1153 1547 1180 καὶ
1558 1154 1619 1186 τοὺς
1629 1154 1761 1189 ’Έλληνας
1773 1153 1878 1186 διδάξαι

1091 1196 1139 1233 τὴν
1156 1198 1219 1233 περὶ¹
1235 1198 1336 1226 τούτων
1351 1198 1498 1234 ἑρμηνείαν
1512 1199 1558 1232 ἀφ’
1571 1195 1656 1234 οὗπερ
1669 1199 1749 1226 αὑτὸν
1773 1199 1877 1234 Ἑρμῆν

1091 1243 1282 1279 ὀνομασθῆναι,
1298 1244 1391 1271 τοῦτον
1406 1245 1434 1272 δὲ
1451 1246 1498 1272 καὶ
1513 1246 1562 1281 τῆς
1578 1245 1670 1276 ἐλαίας
1687 1246 1717 1271 τὸ
1732 1246 1815 1280 φυτὸν
1827 1246 1876 1271 εὑ-

1093 1291 1159 1325 ρεῖν.
1178 1290 1230 1317 Τὸν
1246 1290 1275 1317 δὲ
1299 1292 1405 1327 Ὄσιριν
1421 1292 1566 1319 ἐπελθόντα
1583 1293 1672 1319 πᾶσαν
1687 1292 1736 1327 τὴν
1751 1292 1877 1326 οἰκουμέ-

1091 1345 1151 1372 νην,
1166 1336 1212 1362 ὲπὶ
1230 1337 1278 1372 μὲν
1293 1337 1419 1372 Φοινίκης
1430 1338 1599 1372 καταστῆσαι
1618 1337 1753 1373 Βούσιριν,
1767 1336 1836 1363 κατὰ
1847 1337 1876 1364 δὲ

1091 1382 1139 1417 τὴν
1155 1382 1296 1410 Αἰθιοπίαν
1313 1384 1359 1410 καὶ
1380 1383 1493 1419 Λιϐύην,
1517 1384 1647 1410 Ἀνταῖον.
1663 1383 1749 1409 Αὑτὸν
1769 1383 1797 1409 δὲ
1816 1383 1877 1409 ὲπι-

1092 1428 1254 1464 στρατεῦσαι
1280 1429 1348 1465 μετὰ
1371 1429 1416 1464 τοῦ
1438 1429 1550 1464 ἀδελφοῦ
1575 1429 1621 1456 τοῦ
1650 1428 1826 1461 Ἀπόλλωνος,
1846 1429 1876 1456 ὃν

1092 1481 1173 1509 φασιν
1191 1474 1304 1509 εὑρετὴν
1317 1474 1363 1501 τοῦ
1384 1474 1466 1509 φυτοῦ
1485 1475 1534 1510 τῆς
1552 1474 1654 1509 δάφνης
1668 1474 1805 1508 γενέσθαι.
1825 1474 1877 1500 Συ-

1093 1519 1254 1554 στρατεῦσαι
1269 1520 1298 1547 δὲ
1312 1520 1351 1556 τῷ
1372 1520 1483 1556 Ὀσίριδι
1501 1521 1563 1552 τοὺς
1580 1520 1627 1547 δύο
1647 1520 1733 1552 υἱοὺς,
1751 1519 1877 1546 Ἄνουϐίν

1092 1573 1122 1591 τε
1138 1565 1184 1591 καὶ
1203 1565 1357 1597 Μακεδόνα,
1370 1565 1537 1602 παραλαϐεῖν
1555 1566 1611 1601 (49)
1631 1574 1660 1592 τε
1678 1566 1724 1592 καὶ
1739 1565 1784 1592 τὸν
1800 1565 1877 1592 Πᾶνα

1091 1610 1272 1646 διαφερόντως
1286 1611 1331 1637 ὑπ’
1347 1611 1504 1646 Αἰγυπτίων
1521 1611 1684 1647 τιμώμενον,
1697 1608 1727 1638 οὗ
1744 1611 1790 1638 καὶ
1804 1610 1878 1638 ἑπώ-

1092 1665 1175 1692 νυμον
1188 1654 1257 1685 εἶναι
1271 1657 1320 1693 τὴν
1337 1657 1424 1690 Πανὸς
1438 1658 1525 1685 πόλιν.
1541 1659 1614 1685 Ὄντι
1631 1657 1659 1684 δὲ
1672 1657 1711 1693 τῷ
1728 1657 1796 1684 Πανὶ
1813 1658 1877 1692 περὶ

1092 1703 1141 1738 τὴν
1155 1703 1312 1738 Ταφόσιριν,
1326 1703 1442 1738 ἀχθῆναι
1456 1705 1485 1730 τὸ
1499 1704 1552 1730 τῶν
1566 1704 1691 1740 Σατύρων
1704 1705 1790 1738 γένος.
1801 1702 1878 1729 Φιλό-

1094 1757 1190 1783 μουσον
1199 1752 1226 1779 δὲ
1239 1752 1312 1788 ὂντα,
1325 1750 1466 1786 περιάγειν
1479 1750 1580 1785 πλῆθος
1594 1750 1777 1786 μουσουργῶν·
1791 1751 1819 1776 ὲν
1836 1747 1876 1781 οἷς

1092 1795 1140 1821 καὶ
1176 1795 1329 1831 παρθένους
1351 1796 1430 1823 ἐννέα
1452 1796 1602 1832 δυναμένας
1624 1796 1707 1832 ᾄδειν,
1729 1796 1775 1822 καὶ
1793 1795 1877 1822 τᾶλλα

1092 1840 1310 1876 πεπαιδευμένας
1332 1840 1382 1872 τὰς
1401 1841 1477 1876 παρὰ
1493 1843 1549 1873 τοῖς
1566 1841 1693 1877 Ἓλλησιν
1709 1840 1877 1876 ὀνομαζομέ-

1091 1893 1140 1917 νας
1156 1886 1276 1919 Μούσας,
1293 1883 1330 1913 ὧν
1341 1887 1466 1922 ἡγεῖσθαι
1482 1888 1527 1914 τὸν
1546 1888 1708 1922 ¹Απόλλωνα.
1729 1887 1831 1919 Παντὸς
1848 1887 1877 1913 δὲ

1091 1931 1183 1963 ἔθνους
1198 1932 1236 1964 ὡς
1252 1932 1311 1964 θεὸν
1330 1933 1530 1969 ἀποδεχομένου
1552 1934 1598 1961 τὸν
1622 1934 1738 1969 Ὄσιριν,
1762 1933 1807 1960 διὰ
1827 1933 1878 1964 τὰς

1090 1977 1259 2013 εὐεργεσίας,
1280 1979 1417 2014 πανταχοῦ
1442 1981 1560 2015 μνημεῖα
1583 1979 1679 2008 ἑαυτοῦ
1705 1979 1876 2012 καταλιπεῖν,

1091 2023 1183 2052 κτίσαι
1196 2022 1224 2049 δὲ
1238 2024 1285 2050 καὶ
1300 2023 1390 2056 πόλεις
1401 2024 1451 2051 οὐκ
1461 2025 1553 2059 ὀλίγας
1569 2026 1598 2051 ὲν
1617 2025 1716 2053 Ἰνδοῖς.
1739 2024 1877 2052 Ἐπελθεῑν

1089 2068 1117 2095 δὲ
1134 2069 1180 2095 καὶ
1200 2069 1234 2096 τὰ
1255 2069 1322 2096 ἄλλα
1337 2069 1372 2097 τὰ
1391 2070 1461 2097 κατὰ
1474 2071 1523 2107 τὴν
1539 2071 1657 2108 Φρυγίαν
1674 2070 1748 2106 ἔθνη,
1764 2071 1811 2097 xat
1827 2079 1877 2097 πε-

1092 2114 1240 2150 ραιωθῆναι
1256 2115 1327 2142 κατὰ
1342 2115 1386 2142 τὸν
1406 2115 1598 2152 Ἑλλήσποντον
1614 2116 1654 2146 εἰς
1669 2115 1813 2152 Εὐρώπην·
1828 2116 1876 2143 καὶ

1090 2161 1232 2187 Μακεδόνα
1253 2162 1302 2196 μὲν
1320 2161 1366 2188 τὸν
1386 2161 1442 2188 υίὺν
1459 2159 1599 2187 ἀπολιπεῖν
1617 2161 1783 2193 Μακεδονίας
1799 2161 1875 2196 βασι-

1090 2205 1148 2239 λέα,
1164 2206 1341 2242 Τριπτολέμῳ
1354 2206 1382 2232 δὲ
1394 2205 1537 2242 ἐπιτρέψαι
1551 2206 1599 2237 τὰς
1607 2206 1678 2233 κατά
1689 2206 1737 2242 τὴν
1750 2207 1882 2241 Ἀττικὴν,

1090 2252 1235 2288 γεωργίας-
1261 2253 1307 2279 καὶ
1326 2252 1394 2288 μετά
1411 2252 1499 2279 ταῦτα
1515 2252 1546 2285 ἐξ
1565 2252 1716 2288 ἀνθρώπων
1738 2254 1777 2284 είς
1798 2252 1875 2284 θεοὺς

1093 2297 1271 2334 μεταστάντα,
1290 2298 1380 2332 τυχεῖν
1401 2297 1454 2323 ὑπὸ
1476 2297 1572 2329 Ἴσιδος
1595 2299 1641 2324 καὶ
1668 2297 1767 2334 Ἐρμοῦ
1795 2297 1875 2333 ἱερῶν

1091 2343 1137 2370 καὶ
1152 2342 1205 2369 τῶν
1221 2342 1307 2369 ἄλλων
1327 2336 1383 2368 ¹τῶν
1399 2344 1619 2377 ἐπιφανεστάτων
1641 2345 1669 2370 ἓν
1687 2343 1757 2375 θεοῖς
1775 2343 1873 2378 τιμῶν.

1091 2388 1189 2415 Τούτου
1202 2385 1239 2415 ’δὲ
1263 2389 1310 2416 καὶ
1329 2389 1439 2420 τελετὰς
1461 2389 1626 2422 καταδεῖξαι,
1648 2390 1692 2415 m‘:
1712 2388 1794 2415 πολλά
1811 2389 1876 2423 περὶΙ

1090 2435 1171 2461 αὑτοῦ
1186 2434 1323 2470 μυστικῶς
1334 2435 1540 2470 εἰσηγήσασθαι.
1559 2435 1745 2471 Ἀναιρεθῆναι
1756 2435 1784 2462 δὲ
1796 2435 1875 2461 αὑτὸν

1092 2480 1143 2507 ὑπὸ
1160 2479 1288 2514 Τυφῶνος
1305 2480 1354 2507 τοῦ
1370 2480 1496 2516 ἀδελφοῦ,
1516 2481 1633 2516 πονηροῦ
1647 2481 1693 2507 καὶ
1704 2480 1817 2512 ἀσεϐοῦς
1829 2480 1874 2506 ὃν-

1092 2537 1146 2560 τος·
1161 2527 1189 2554 ὃν
1203 2527 1326 2554 διελόντα
1338 2527 1368 2554 τὸ
1383 2528 1462 2563 σῶμα
1477 2527 1524 2555 τοῦ
1541 2526 1712 2561 φονευθέντος
1726 2528 1764 2558 είς
1783 2526 1812 2559 ἕξ
1829 2528 1876 2554 καὶ

1092 2574 1176 2600 εἴκοσι
1199 2573 1280 2610 μέρη,
1306 2573 1397 2600 δοῦναι
1421 2574 1475 2601 τῶν
1500 2572 1742 2607 συνεπιτιθεμένων
1767 2573 1875 2608 ἑκάστῳ

1095 2617 1202 2653 μερίδα,
1221 2617 1380 2653 βουλόμενον
1402 2617 1508 2648 ᾶπαντα
1536 2618 1678 2652 μετασχεῖν
1695 2617 1742 2644 τοῦ
1761 2618 1872 2652 μύσους.

1093 2663 1146 2700 Τὴν
1158 2664 1186 2690 δὲ
1196 2662 1265 2690 Ἶσιν
1275 2663 1389 2700 ἀδελφὴν
1405 2661 1485 2690 οὖσαν
1506 2662 1636 2697 Ὀσίριδος
1645 2663 1692 2689 καὶ⁸
1701 2665 1817 2697 γυναῖκα
1830 2672 1876 2698 με·

1092 2709 1193 2736 τελθεῖν
1204 2709 1249 2735 τὸν
1260 2709 1349 2743 φόνον,
1362 2707 1608 2742 συναγωνιζομένου
1622 2706 1669 2733 τοῦ
1684 2707 1776 2739 παιδὸς
1790 2709 1875 2743 αὐτῆς

291 2853 348 2894 (69)
367 2855 563 2891 ιιαρανιαὸξῖν.
584 2855 630 2886 Sic
647 2857 719 2886 enim
733 2857 856 2895 Diodor.,
871 2859 943 2896 quod
958 2858 1037 2895 longe

1091 2858 1157 2886 ctius
1171 2865 1254 2894 quam
1273 2857 1442 2890 χαταλαὸεῐν,
1459 2856 1530 2893 quod
1543 2856 1570 2884 in
1587 2856 1639 2884 alia
1653 2856 1780 2885 editione.
