2064 3212
148 179 184 207 97

738 174 897 203 ΡΒΕΡΑΙΙ.
914 173 1038 203 EVANG.
1059 174 1123 202 LIB.
1142 174 1174 202 ll.

1727 175 1763 205 98

150 237 239 272 Ὥρου.
260 234 416 261 Δνελοῦσαν
425 234 453 261 δὲ
461 234 506 261 τὸν
512 233 629 269 ’Τυφῶνά
638 234 685 261 καὶ
693 234 755 266 τοὺς
763 233 931 270 συμπράξαν-

982 232 1085 267 desse;
1111 233 1274 270 tandemque
1300 233 1385 261 rebus
1415 233 1579 263 subductam
1611 234 1737 262 humanis
1753 255 1762 269 ,

147 291 206 315 τας,
228 281 303 317 παρὰ
318 281 371 317 τὴν
384 280 433 308 νῦν
454 281 573 308 ’Δντιίου
589 280 757 316 καλουμένην
769 280 864 316 κώμην
881 279 929 315 βα-

149 327 267 355 σιλεῦσαι
280 327 332 363 τῆς
346 326 494 362 Αίγύπτου.
510 326 650 364 Εΰροῦσαν
662 327 691 354 δὲ
705 327 792 354 πάντα
807 327 842 354 τὰ
858 327 929 364 μέρη

146 372 192 399 τοῦ
219 372 356 407 σώματος,
391 372 461 408 πλὴν
494 372 547 399 τῶν
577 371 684 399 αἰδοίων
709 373 756 399 τοῦ
788 373 927 408 Ὀσίριδος,

148 419 255 454 ἑκάστῳ
273 418 352 455 μέρει
370 418 535 454 ⁴περιπλάσαι
549 418 673 453 λέγουσιν
689 419 773 454 αὐτὴν
788 420 870 446 τύπον
884 420 929 446 ἁν-

148 463 310 500 θρωποειδῆ,
335 463 526 500 παραπλήσιον
555 463 666 498 Ὀσίριδι
691 464 721 490 τὸ
749 464 873 499 μέγεθος,
900 465 929 498 ἐξ

146 510 302 545 ἀρωμάτων
318 510 366 536 καὶ
388 509 485 545 κηροῦ,
508 509 554 536 καὶ
571 510 737 545 παραδοῦναι
756 512 811 542 τοῖς
828 511 928 546 ἱερεῦσι

146 555 206 582 καθ’
222 556 288 592 ὂλης
310 556 363 591 τῆς
383 556 520 590 Δίγὺπτου
536 558 628 591 τιμᾷν,
648 556 812 592 καθιερῶσαι
833 558 860 584 δὲ
883 559 929 585 καὶ

145 601 199 627 τῶν
215 602 280 637 παρ’
297 601 388 633 αὐτοῖς
403 602 552 636 γινομένων
569 602 644 634 ζώων
669 602 698 629 ἒν
715 604 804 629 ὁποῖον
820 602 852 629 ἂν
870 603 929 638 βου-

145 645 274 681 ληθῶσιν.
293 647 364 679 Τοὺς
379 646 408 673 δὲ
433 645 549 684 ταύρους
569 649 632 680 τοὺς
659 649 757 684 ἱεροὺς,
776 649 822 675 καὶ
838 650 882 676 τόν
898 658 927 676 τε

147 691 349 727 ὀνομαζόμενον
374 693 467 724 ’Δπιν,
491 694 537 720 καὶ
560 694 606 720 τὸν
625 694 726 721 Μνεῦιν
751 695 862 731 Ὀσίριδι
879 704 928 722 κα-

146 736 320 774 θιερωθῆναι,
348 738 395 764 καὶ
417 738 528 772 τούτους
555 739 679 766 σέϐεσθαι
701 741 823 776 καθάπερ
841 740 927 773 θεοὺς,

145 784 222 818 κοινῇ
246 783 455 820 καταδειχθῆναι
475 786 558 812 πᾶσιν
579 785 747 820 Αἰγυπτίοις.
765 787 856 813 Ταῦτα
875 787 928 822 γὰρ

145 829 203 859 τοῖς
216 828 328 864 εὑροῦσι
344 829 389 856 τὸν
404 830 451 856 τοῦ
470 830 542 857 σίτου
560 832 665 867 καρπὸν
683 833 845 868 συνεργῆσαι
863 834 928 868 πρὸς

146 872 192 899 τὸν
205 874 317 909 σπόρον,
344 874 389 901 καὶ
406 875 455 907 τὰς
474 877 567 908 κοινὰς
587 877 732 912 γεωργίας.
766 878 876 913 Ὀμόσαι
900 879 927 905 δὲ

145 918 194 953 τὴν
217 917 299 952 Ἶσιν,
327 921 440 956 μηδενὸς
459 922 554 958 ἀνδρὸς
572 922 611 948 ἔτι
629 923 774 950 συνουσίαν
792 922 926 957 δέξαὲθαι,
943 914 964 941 Β

148 965 321 998 μεταστᾶσαν
334 965 362 992 δέ
379 966 425 992 καὶ
438 967 522 1002 αὐτὴν
536 968 565 1001 ἐξ
580 968 739 1003 ἀνθρώπων,
757 972 846 1005 τυχεῖν
860 971 929 997 ἀθα-

146 1009 233 1035 νάτων
258 1009 357 1045 τιμῶν,
378 1011 426 1038 καὶ
446 1013 563 1047 ταφῆναι
587 1014 657 1040 κατὰ
680 1014 727 1049 τὴν
746 1015 865 1050 Μέμφιν.
890 1016 929 1043 Τὰ

148 1054 198 1088 μὲν
224 1053 272 1081 οὖν
294 1055 473 1092 ἀνευρεθέντα
494 1058 541 1085 τοῦ
576 1058 707 1094 Ὀσίριδος
733 1060 812 1095 μέρη,
841 1062 930 1097 ταφῆς

146 1099 293 1136 ἀξιωθῆναί
307 1110 372 1135 φασι
389 1103 434 1129 τὸν
451 1104 593 1139 εἰρημένον
616 1105 726 1140 τρόπον,
744 1106 774 1131 τὸ
788 1106 815 1132 δὲ
833 1106 929 1133 αἰδοῖον

147 1147 201 1174 ὑπὸ
215 1147 263 1182 μὲν
277 1148 406 1183 Τυφῶνος
421 1150 461 1182 είς
474 1150 519 1177 τὸν
539 1151 658 1186 ποταμὸν
671 1152 781 1187 ῥιφῆναι
796 1152 929 1186 λέγουσιν,

147 1193 200 1219 ΰπὺ
215 1192 244 1219 δὲ
260 1194 311 1229 τῆς
328 1195 427 1226 Ἴσιδος
440 1195 515 1222 οὐδὲν
530 1193 609 1231 ἦττον
621 1197 675 1223 τῶν
687 1197 772 1224 ἄλλων
784 1197 929 1233 ἀξιωθῆναι

147 1238 233 1272 τιμῶν
249 1239 370 1266 ισοθέων.
386 1235 436 1267 Ἐν
458 1249 486 1267 τε
498 1241 552 1276 γὰρ
562 1243 619 1273 τοῖς
630 1243 712 1277 ἱεροῖς
728 1243 835 1269 εἴδωλον
847 1243 928 1270 αὑτοῦ

148 1285 400 1317 κατασκευάσασαν,
417 1287 498 1321 τιμὰς
514 1287 667 1320 καταδεῖξαι
685 1288 731 1314 καὶ
746 1288 866 1320 τελετὰς,
884 1289 930 1315 καὶ

147 1329 196 1362 τὰς
217 1329 313 1361 θυσίας
327 1330 377 1361 τὰς
397 1330 437 1365 τῷ
459 1331 510 1366 θεῷ
532 1332 617 1367 τούτῳ
641 1333 783 1368 γινομένας
806 1333 930 1368 ἐντίμους

148 1374 273 1410 ποιῆσαι.
290 1374 337 1400 Διὸ
352 1376 473 1407 καὶτοὺς
492 1377 624 1413 ’Έλληνας
639 1378 668 1410 ἐξ
681 1379 817 1412 Αἰγύπτου
836 1388 930 1415 παρειι-

146 1419 267 1455 ληφότας
285 1420 320 1447 τὰ
342 1421 407 1456 περὶ
428 1422 491 1453 τοὺς
507 1423 683 1459 ὀργιασμοὺς,
707 1426 816 1456 καὶτὰς
840 1427 929 1452 Διονυ-

147 1464 244 1497 σιακὰς
267 1465 376 1501 ἑορτὰς,
397 1467 480 1501 τιμᾷν
496 1466 575 1493 τοῦτο
596 1467 628 1494 τὸ
650 1468 743 1503 μόριον
758 1470 786 1495 ἐν
803 1470 858 1500 τοῖς
878 1478 928 1505 μυ-

147 1511 279 1547 στηρίοις,
302 1512 351 1539 καὶ
364 1513 424 1543 ταῖς
449 1512 495 1539 τοῦ
512 1512 574 1540 θεοῦ
591 1514 684 1540 τούτου
701 1515 820 1547 τελεταῖς
834 1524 863 1542 τε
883 1517 929 1543 καὶ

148 1556 263 1589 θυσίαις,
277 1556 459 1593 ὀνομάζοντας
472 1558 537 1585 αὐτὸ
553 1559 662 1593 φαλλόν.
680 1560 749 1592 Τοὺς
762 1561 789 1587 δὲ
803 1561 928 1595 λέγοντας

148 1603 176 1628 ὲν
187 1602 291 1638 Θήϐαις
303 1591 363 1635 ταῖς
377 1603 536 1636 Βοιωτικαῖς
550 1591 688 1639 γεγονέναι
703 1591 748 1633 τὸν
761 1607 820 1633 θεὸν
836 1591 867 1634 ἐκ
879 1591 927 1633 Σεζ
942 1591 962 1620 c

149 1649 233 1684 μέλης
245 1649 294 1676 καὶ
305 1650 376 1682 Διὸς,
396 1650 554 1685 σχεδιάζειν.
573 1652 672 1687 Ὀρφέα
682 1652 735 1688 γὰρ
746 1654 785 1684 είς
794 1654 929 1687 Αἴγυπτον

150 1695 338 1730 μεταὸαλόντα
353 1697 400 1723 καὶ
422 1698 590 1732 μετασχόντα
604 1699 652 1733 τῆς
670 1698 790 1734 τελετῆς,
814 1700 860 1726 καὶ
876 1700 929 1726 τῶν

148 1740 331 1768 Διονυσιακῶν
355 1743 508 1778 μυστηρίων
533 1743 705 1778 μεταλαϐεῖν,
726 1746 782 1775 τοῖς
804 1753 833 1770 τε
858 1745 929 1771 Καδ-

151 1788 235 1822 μείοις
251 1788 329 1822 φίλον
340 1789 407 1815 ὄντα
418 1789 464 1816 καὶ
478 1790 658 1825 τετιμημένον
674 1791 718 1816 ὑπ’
734 1791 833 1822 αὐτῶν,
849 1799 930 1825 μετα-

150 1833 242 1860 θεῖναί
254 1833 302 1860 τοῦ
321 1834 384 1862 θεοῦ
402 1834 452 1871 τὴν
470 1835 587 1870 γένεσιν,
611 1836 724 1868 ἐκείνοις
742 1837 928 1872 χαριζόμενον.

150 1879 218 1912 Τοὺς
231 1880 261 1906 δὲ
281 1880 389 1915 ὄχλους,
406 1880 440 1907 τὰ
459 1881 507 1917 μὲν
522 1881 566 1908 διὰ
586 1881 636 1917 τὴν
655 1883 775 1916 ἄγνοιαν,
797 1883 831 1909 τὰ
844 1882 871 1908 δὲ
887 1882 930 1909 διὰ

151 1926 179 1952 τὸ
194 1925 336 1961 βούλεσθαι
348 1927 394 1954 τὸν
409 1927 469 1954 θεὸν
484 1927 601 1963 Ἕλληνα
617 1928 804 1963 ὀνομάζεσθαι,
822 1928 931 1963 προσδέ-

151 1970 247 2004 ξασθαι
276 1972 420 2008 προσηνῶς
448 1973 497 2004 τὰς
521 1973 632 2005 τελετὰς
655 1975 701 2000 καὶ
727 1974 761 2000 τὰ
786 1975 929 2009 μυστήρια.

155 2019 295 2055 ’Δφορμὰς
312 2019 341 2046 δὲ
359 2020 434 2055 ἐχειν
454 2020 500 2047 τὸν
519 2021 619 2056 Ὀρφέα
636 2021 704 2056 πρὸς
718 2021 767 2056 τὴν
788 2021 931 2056 μετάθεσιν

150 2066 199 2099 τῆς
215 2065 263 2091 τοῦ
284 2065 345 2092 θεοῦ
358 2065 490 2099 γενέσεως
507 2067 554 2092 καὶ
569 2067 689 2102 τελετῆς,
707 2065 842 2097 τοιαύτας.
860 2066 931 2092 Κάδ-

152 2118 202 2146 μον
217 2111 252 2137 tu
264 2111 360 2146 Θηόὦν
379 2111 443 2138 ὄντα
454 2111 622 2146 Αἰγυπτίων,
639 2112 766 2147 γεννῆσαι
781 2112 828 2138 σὺν
844 2111 932 2142 ἄλλοις

150 2156 256 2188 τέκνοις
291 2156 339 2184 καλ
374 2157 504 2192 Σεμέλην,
534 2157 636 2193 ταύτην
662 2158 691 2184 δὲ
716 2158 767 2184 ὑπὸ
792 2158 838 2184 τοῦ
872 2157 931 2188 Διός

151 2210 215 2228 ποτε
234 2201 290 2237 (50)
313 2202 471 2237 φθαρεῖσαν,
495 2203 592 2237 ἔγκυον
611 2203 747 2237 γενέσθαι,
776 2203 822 2229 καὶ
844 2204 932 2229 τεκεῖν

982 280 1092 315 templa,
1110 287 1143 308 ac
1159 285 1271 308 caeteros
1292 280 1339 315 qui
1361 279 1414 308 dlis
1438 280 1518 308 tribui
1540 280 1628 308 solent
1645 280 1763 309 honores

982 325 1097 353 eximios
1119 325 1155 353 ab
1164 326 1235 354 Iside
1260 334 1293 355 ac
1317 325 1451 353 Mercurio
1485 330 1660 354 consecutum
1683 334 1760 360 esse;

982 370 1029 405 qui
1054 371 1113 405 ejus
1136 379 1189 398 non
1207 371 1288 398 modo
1305 372 1435 399 sacriﬁcia
1451 372 1650 407 religionesque
1664 373 1763 399 docue-

982 418 1037 444 rint
1052 438 1058 449 ,
1078 418 1124 445 sed
1141 418 1221 445 etiam
1237 419 1364 453 pleraque
1379 419 1515 453 mysteriis
1533 419 1653 446 involuta
1676 419 1762 453 ipsius

983 464 1009 489 in
1024 464 1138 498 gratiam
1153 463 1338 498 excogitarint.
1351 464 1483 490 C-zctcrum
1499 471 1512 490 a
1527 463 1656 499 Typhone
1668 464 1761 497 fratre,

983 509 1092 537 homine
1117 510 1301 536 conscelerate
1329 515 1355 537 et
1382 510 1464 544 impio
1489 509 1658 537 interfectum
1685 510 1761 537 illum

983 553 1067 581 fuisse
1091 553 1219 587 tradunt;
1241 554 1287 588 qui
1313 562 1373 581 cum
1396 555 1454 589 ejus
1474 555 1588 581 cadaver
1611 555 1638 582 in
1664 563 1711 583 sex
1735 560 1763 583 et

984 600 1077 634 viginti
1095 603 1183 634 partes
1215 600 1389 632 concidisset,
1410 608 1456 627 eas
1472 601 1498 626 in
1516 600 1628 628 sicarios
1651 600 1761 628 totidem

982 645 1116 679 caedisque
1139 645 1264 671 fraternae
1284 645 1373 672 socios
1398 645 1539 677 diviserit,
1568 645 1639 680 quod
1667 655 1762 674 omnes

984 692 1094 718 immani
1111 691 1217 725 piaculo
1236 691 1381 718 obstrictus
1395 698 1455 718 esse
1469 692 1556 718 vellet.
1577 691 1629 719 lsin
1651 697 1739 720 autem
1753 713 1761 726 ,

981 739 1051 772 quod
1077 738 1193 766 Osiridis
1215 743 1242 765 et
1266 745 1343 765 soror
1358 742 1383 764 et
1409 745 1479 763 uxor
1502 742 1589 771 esset,
1611 746 1720 772 operam
1736 740 1761 767 ei

981 791 1058 811 suam
1076 789 1191 811 navante
1206 783 1260 811 Oro
1281 783 1336 810 lilio
1349 804 1356 816 ,
1378 783 1551 817 parricidium
1573 784 1655 810 ultam
1681 792 1740 812 esse
1753 805 1760 817 ,

981 838 1097 864 cumque
1111 830 1267 865 Typhonem
1278 838 1309 857 ac
1321 830 1439 864 reliquos
1454 830 1563 856 sceleris
1575 830 1760 863 administros,

980 876 1033 912 47
1048 876 1118 903 circa
1133 884 1195 903 eum
1209 896 1216 908 ,
1231 876 1278 910 qui
1300 884 1372 903 nunc
1386 876 1471 903 Δηιαξί
1487 882 1571 911 pagus
1587 877 1742 904 nominatur
1752 897 1761 910 ,

978 922 1142 955 sustulisset,
1159 922 1207 949 toti
1224 922 1340 957 (Egypto
1357 922 1517 956 imperasse.
1534 922 1680 955 Praeterea,
1698 930 1760 950 eum

977 969 1069 996 omnia
1086 969 1208 1004 corporis
1222 968 1293 995 illius
1308 968 1429 995 membra
1442 971 1537 1002 praeter
1556 967 1672 995 verenda
1684 975 1760 1003 repe-

976 1014 1056 1040 risset
1070 1034 1076 1045 .
1094 1017 1186 1047 partes
1203 1013 1323 1048 singulas
1335 1033 1341 1045 ,
1361 1013 1387 1039 in
1412 1012 1532 1048 singulas
1555 1013 1618 1041 item
1641 1015 1761 1042 hominis

977 1059 1094 1094 clligies,
1118 1065 1179 1093 qua:
1199 1059 1290 1086 Osirin
1317 1059 1502 1093 magnitudine
1527 1060 1700 1093 referebant,
1726 1068 1759 1087 ex

977 1105 1144 1132 aromatibus
1168 1107 1283 1139 ceraque
1307 1104 1439 1132 conﬂatus
1463 1105 1627 1139 inclusisse,
1659 1112 1760 1141 easque

978 1150 1162 1177 sacerdotibus
1174 1155 1228 1178 tota
1256 1151 1357 1185 passim
1381 1151 1497 1186 [Egypto
1521 1151 1647 1178 colendas
1675 1152 1760 1180 tradi-

978 1194 1050 1222 disse
1064 1216 1071 1227 ,
1095 1196 1134 1223 sic
1157 1200 1187 1223 ut
1200 1203 1232 1223 ex
1256 1196 1300 1228 iis,
1316 1204 1375 1231 qua:
1391 1196 1460 1230 apud
1486 1195 1546 1224 illos
1562 1203 1737 1225 nascerentur
1750 1219 1758 1231 ,

979 1240 1177 1271 animantibus,
1199 1241 1379 1275 quodcunque
1398 1242 1486 1268 visum
1506 1246 1594 1275 esset,
1616 1248 1760 1270 consecra-

979 1290 1057 1319 rent;
1079 1290 1173 1313 tauros
1189 1291 1289 1319 autem,
1308 1287 1354 1321 qui
1375 1287 1445 1313 sacri
1468 1287 1611 1320 dicuntur,
1636 1295 1761 1323 quosque

978 1332 1047 1366 Apin
1069 1340 1100 1359 ac
1123 1331 1229 1359 Mnevin
1255 1333 1305 1367 ipsi
1320 1337 1434 1365 vocant,
1451 1333 1589 1360 dedicatos
1604 1333 1638 1360 ab
1661 1333 1759 1361 iisdem

979 1377 1074 1404 fuisse.
1092 1379 1184 1413 Itaque
1196 1398 1203 1410 ,
1222 1383 1250 1405 ut
1263 1379 1396 1413 ejusmodi
1411 1379 1561 1407 animantes
1585 1380 1684 1408 divinis
1707 1381 1760 1408 bo-

979 1424 1090 1451 noribus
1106 1432 1200 1452 omnes
1219 1424 1338 1460 Egyptii
1356 1429 1556 1455 venerarentnr.
1576 1427 1675 1461 ubique
1691 1434 1759 1454 con-

980 1470 1104 1496 stitutum
1116 1490 1124 1503 ,
1140 1471 1239 1505 quippe
1253 1479 1323 1505 quos
1346 1471 1441 1505 primis
1465 1471 1592 1498 frumenti
1611 1472 1760 1499 inventori—

980 1516 1047 1547 bus.
1066 1520 1120 1542 tam
1147 1517 1179 1543 ad
1203 1524 1294 1543 semen
1313 1522 1389 1544 terra:
1412 1518 1654 1551 committendum,
1677 1525 1759 1552 quam

980 1561 1014 1588 ob
1033 1566 1144 1588 caeteros
1166 1562 1338 1596 agriculturae
1353 1563 1458 1590 labores
1472 1583 1478 1595 ,
1496 1567 1558 1590 ante
1578 1570 1672 1590 omnes
1695 1563 1759 1590 usui

980 1605 1063 1634 fuisse
1085 1611 1231 1634 constaret.
1253 1606 1338 1634 Porro
1362 1606 1482 1634 eamde'm
1510 1607 1562 1634 lsin
1581 1607 1758 1642 jurejurando

979 1652 1155 1679 confirmasse
1168 1652 1261 1684 aiunt,
1274 1653 1376 1680 nullius
1389 1661 1449 1681 sese
1469 1653 1518 1680 viri
1534 1653 1758 1681 consuetudinem

980 1697 1007 1723 in
1035 1701 1174 1731 posterum
1207 1698 1412 1730 admissuram;
1440 1698 1548 1732 vitaque
1575 1698 1665 1725 functa
1695 1705 1759 1725 cum

980 1746 1060 1773 esset,
1079 1743 1248 1771 immortales
1271 1744 1351 1770 etiam
1375 1743 1492 1771 honores
1515 1749 1686 1771 consecutam
1701 1764 1709 1777 ,
1727 1750 1760 1772 ac

980 1788 1050 1815 circa
1076 1788 1211 1823 Memphin
1244 1790 1376 1824 sepultam
1405 1790 1499 1817 fuisse.
1525 1789 1585 1816 Jam
1603 1797 1667 1817 vero
1697 1797 1758 1816 cum

981 1838 1085 1867 reperta
1108 1833 1221 1861 Osiridis
1243 1835 1363 1861 membra
1377 1854 1384 1865 ,
1403 1842 1464 1861 eum
1481 1835 1507 1860 in
1528 1834 1637 1861 modum
1677 1842 1759 1868 quem

981 1877 1060 1910 paulo
1075 1882 1137 1904 ante
1158 1879 1431 1905 commemoravimus
1445 1899 1451 1911 ,
1467 1879 1611 1913 sepultura:
1633 1879 1760 1906 mandata

979 1928 1072 1950 essunt
1085 1932 1091 1955 ;
1110 1928 1165 1950 tum
1189 1924 1274 1958 ipsius
1298 1925 1414 1951 verenda
1427 1944 1434 1958 ,
1450 1932 1510 1959 quae
1525 1932 1539 1951 a
1554 1924 1683 1960 Typhone
1697 1932 1760 1959 pro-

979 1969 1048 2003 jecta
1076 1971 1101 1996 in
1119 1970 1229 1996 lluvium
1255 1975 1350 2002 erant,
1365 1970 1462 1997 Isidem
1486 1971 1662 1998 nihilominus
1677 1978 1759 2005 quam

981 2020 1075 2043 ctetera
1093 2016 1183 2042 divino
1206 2016 1278 2042 cultu
1294 2020 1466 2051 prosecutam
1482 2023 1541 2043 esse
1566 2015 1665 2043 ferunt.
1691 2015 1760 2043 Nam

980 2066 1007 2089 et
1021 2062 1128 2088 illorum
1141 2062 1168 2088 in
1182 2062 1289 2096 templis
1306 2062 1482 2089 simulacrum
1494 2062 1623 2095 erexisse,
1637 2061 1760 2096 ritusque

981 2115 1013 2134 ac
1028 2107 1212 2140 eteremonias,
1226 2115 1287 2134 cum
1304 2107 1429 2141 legitimis
1446 2114 1477 2134 ac
1495 2106 1660 2134 solemnibus
1677 2107 1759 2141 hujus

981 2154 1024 2181 dei
1041 2153 1181 2180 sacriﬁciis
1197 2161 1302 2180 summa
1317 2162 1376 2180 cum
1393 2153 1523 2188 religione
1539 2153 1697 2180 celebranda
1712 2161 1759 2181 cu-

983 2204 1066 2224 rasse.
1083 2196 1262 2230 Quamobrem
1288 2198 1361 2232 ipsos
1383 2205 1490 2232 quoque
1506 2198 1632 2230 Graecos,
1653 2198 1699 2234 qui
1726 2198 1760 2226 ab

151 2246 222 2274 ἑπτὰ
252 2247 344 2282 μηνῶν
366 2247 521 2274 διελθόντων
556 2248 665 2283 βρέφος,
681 2246 736 2274 οἷόν
751 2257 803 2283 περ
824 2249 848 2275 οἳ
870 2250 929 2274 κατ’

984 2242 1116 2278 Egyptiis
1138 2244 1245 2278 orgiaca
1267 2251 1344 2271 sacra
1361 2251 1421 2270 cum
1445 2244 1542 2271 Bacchi
1557 2243 1632 2272 festis
1651 2252 1762 2279 accepe-

151 2293 288 2327 Δῖγυπτον
305 2294 363 2320 ’τὸν
381 2294 486 2329 Ι’ωσιριν
508 2296 647 2329 γεγονέναι
669 2295 816 2330 νομίζουσι.
839 2295 889 2321 Τὸν
902 2296 930 2321 δὲ

151 2339 273 2374 Κάδμον,
298 2339 459 2374 τελευτῆσαν
479 2340 510 2366 τὸ
527 2341 627 2376 βρέφος
642 2341 790 2377 χρυσῶσαι,
816 2342 862 2367 καὶ
883 2341 932 2374 τὰς

152 2384 326 2420 καθηκούσας
339 2385 413 2421 αὐτῷ
428 2386 591 2422 ποιήσασθαι
606 2387 712 2419 θυσίας,
728 2387 828 2422 ἀνάψαι
841 2388 869 2414 δὲ
885 2389 932 2415 καὶ

151 2430 200 2466 τὴν
210 2431 317 2465 γένεσιν
331 2432 372 2463 είς
384 2432 442 2464 Δία,
456 2437 619 2468 σεμνύνοντα
631 2433 676 2459 τὸν
693 2434 808 2468 Ὄσιριν,
822 2434 869 2460 καὶ
883 2433 932 2467 τῆς

152 2475 300 2512 φθαρείσης
311 2477 360 2512 τὴν
372 2477 497 2514 διαϐολὴν
513 2480 722 2516 ἀφαιρούμενον.
736 2479 781 2506 Διὸ
796 2480 843 2506 καὶ
859 2478 933 2514 παρὰ

151 2522 208 2553 τοίς
222 2521 350 2557 Ἕλλησιν
363 2523 506 2558 ἐκδοθῆναι
523 2524 612 2558 λόγον,
631 2525 669 2557 ὡς
688 2526 703 2560 ή
721 2525 831 2560 Κάδμου
851 2524 933 2558 θυγά-

151 2572 205 2600 τηρ
219 2566 324 2602 Σεμέλη
344 2567 455 2594 τέτοκεν
475 2569 506 2594 ἐκ
520 2569 579 2601 Διὸς
602 2570 717 2605 Ὄσιριν.
737 2570 850 2596 Ἔπειτα
865 2577 933 2604 παρ-

151 2611 282 2639 ελθήντων
299 2612 355 2641 τῶν
376 2613 569 2650 μυθογράφων,
591 2616 728 2651 ἐμπλῆσαι
755 2616 785 2641 τὸ
808 2615 931 2650 θέατρον,

152 2657 199 2684 καὶ
210 2659 267 2690 τοίς
284 2659 482 2694 ἐπιγινομένοις
500 2661 612 2696 ἰσχυρὰν
630 2661 719 2687 πίστιν
736 2661 783 2687 καὶ
797 2660 931 2695 ἀμετάθε-

151 2709 196 2730 τον
211 2704 380 2738 ἐγγενέσθαι.
397 2705 517 2732 Καθόλου
533 2706 560 2732 δέ
575 2715 639 2741 φασι
652 2707 714 2738 τοὺς
730 2706 862 2748 ’Έλληνας
879 2705 934 2738 egi—

151 2748 291 2781 διάξεσθαι
307 2750 370 2782 τοὺς
395 2751 623 2785 ἐπιφανεστάτους
646 2750 800 2785 Αἰγυπτίων
843 2750 933 2786 ’ἕρωάς

151 2802 182 2822 τε
197 2796 244 2824 καὶ
257 2796 344 2828 θεοὺς.
362 2797 419 2824 Καὶ
434 2797 488 2832 γὰρ
505 2794 640 2833 Ἠρακλέα
653 2797 682 2823 τὸ
695 2797 772 2830 γένος
785 2796 933 2830 Αἰγύπτιον

187 2854 244 2890 (ω)
260 2853 329 2882 Ὑπὸ
341 2854 397 2883 τοῦ
411 2855 477 2887 Διός
487 2861 566 2882 ποτε.
587 2855 709 2885 Diodor.,
723 2854 774 2890 ὑπό
783 2854 870 2890 του-δή
884 2862 932 2879 πο-

153 2888 197 2923 τε,
206 2888 286 2926 longe
301 2890 411 2922 melius,
428 2890 490 2925 quia
504 2891 585 2925 paulo
601 2894 661 2924 post
677 2889 809 2924 signiﬁcat
826 2888 930 2921 Jovem,

983 2289 1056 2320 rint,
1082 2289 1232 2315 membrum
1255 2290 1320 2316 illud
1345 2294 1399 2316 tam
1425 2290 1451 2316 in
1469 2289 1604 2325 mysteriis
1629 2297 1709 2324 quam
1733 2290 1761 2316 in

984 2335 1061 2361 istius
1082 2335 1201 2363 numinis
1215 2335 1412 2362 initiationibus
1427 2341 1507 2370 atque
1524 2335 1664 2363 sacriﬁciis
1677 2335 1760 2369 phalli

983 2381 1091 2407 nomine
1102 2380 1223 2408 venerari
1237 2381 1331 2408 solitos
1347 2388 1416 2408 esse.
1430 2380 1583 2414 Enimvero,
1600 2381 1646 2415 qui
1661 2380 1760 2407 Thebis

982 2426 1094 2454 Boeotia:
1110 2427 1188 2454 deum
1206 2428 1281 2454 illum
1296 2435 1328 2454 ex
1343 2426 1407 2454 Jove
1422 2435 1454 2454 ac
1471 2426 1575 2454 Semele
1591 2432 1682 2453 natum
1699 2433 1761 2454 esse

982 2472 1084 2505 dicant,
1100 2472 1126 2500 id
1144 2477 1244 2500 temere
1255 2480 1287 2500 ac
1308 2473 1401 2500 leviter
1427 2472 1543 2499 etl'utire.
1563 2471 1666 2506 Quippe
1678 2492 1686 2504 ,
1710 2471 1762 2499 Oro

982 2519 1081 2553 pheum
1097 2519 1180 2551 enim,
1195 2526 1257 2546 cum
1272 2519 1299 2545 in
1315 2518 1459 2553 A'Igyplum
1475 2518 1696 2552 commigrasset,
1711 2517 1760 2544 iis-

982 2572 1034 2597 que
1048 2564 1132 2591 sacris
1145 2564 1266 2591 initiatus
1284 2564 1310 2590 in
1326 2565 1446 2598 ipsorum
1467 2570 1575 2598 quoque
1591 2562 1687 2590 Bacchi
1700 2571 1760 2598 my-

983 2610 1127 2636 steriorum
1144 2615 1246 2644 partem
1264 2618 1295 2637 ac
1310 2610 1464 2636 societatem
1493 2609 1628 2641 venisset,
1652 2614 1761 2643 propter

982 2664 1053 2688 eam,
1072 2664 1131 2690 qua:
1154 2656 1204 2683 sibi
1221 2663 1282 2683 cum
1299 2655 1425 2684 Cadmeis
1439 2655 1622 2682 intercedebat
1634 2675 1642 2687 ,
1664 2655 1761 2682 amici-

983 2702 1046 2729 tiam
1059 2722 1066 2734 ,
1081 2709 1204 2736 quosque
1221 2702 1254 2729 ab
1267 2702 1319 2728 illis
1335 2701 1452 2728 [tonores
1467 2704 1607 2735 acceperat
1619 2720 1626 2732 ,
1641 2700 1762 2728 numinis

983 2748 1055 2775 illius
1071 2752 1160 2774 ortum
1182 2747 1209 2774 in
1222 2748 1342 2781 ipsorum
1358 2748 1470 2782 gratiam
1488 2746 1678 2779 transtulisse;
1695 2747 1761 2773 mul-

983 2793 1124 2822 titudinem
1144 2798 1245 2825 autem,
1263 2793 1359 2828 partim
1374 2794 1543 2828 ignoratione
1555 2792 1686 2826 veritatis,
1700 2799 1762 2827 paro

983 2851 1010 2878 in
1033 2851 1077 2878 illa
1093 2850 1149 2877 veri
1164 2850 1250 2884 patris
1260 2850 1440 2885 ignoratione,
1457 2859 1472 2877 a
1487 2850 1589 2878 Cadmo
1602 2849 1699 2877 Bacchi
1714 2856 1761 2885 pa-

984 2891 1086 2912 γεωμιιί
1103 2886 1265 2913 celebratum
1279 2892 1348 2913 esse.
