2064 3212
282 153 318 179 99
506 146 512 151 ’
616 146 750 174 ΕυὸΕΒΙΙ
766 142 1007 172 CESARIENSIS
1023 142 1076 169 OPI

1129 140 1208 168 ’ARS
1223 139 1255 167 ll.
1275 154 1310 161 -
1321 137 1569 167 APOLOGETICA.

1855 136 1908 164 l00

284 210 335 236 tim
347 206 421 243 quod
438 206 511 233 hunc
528 204 610 233 deum
627 211 726 239 genere
739 202 862 230 Graecum
878 200 972 228 haberi
988 200 1070 228 vehe-

1129 199 1194 231 lvra,
1216 199 1249 226 δι’
1274 198 1383 234 ἀνδρίαν
1405 197 1527 224 ἐπελθεῖν
1548 196 1647 231 πολλὴν
1664 194 1712 230 τῆς
1735 194 1910 230 οἰκουμένης,

284 258 391 281 menter
412 255 535 287 optaret,
557 250 679 285 ejusdem
693 256 755 276 cum
770 247 895 275 initiandi
909 247 997 280 ritus,
1011 251 1068 273 tum

284 298 368 326 etiam
383 296 514 333 mysteria
526 294 647 322 studiose
663 301 694 320 ac
707 292 822 320 libenter
838 291 983 319 admodum
1010 297 1071 318 esse

285 344 467 379 complexam.
484 342 617 369 Caeterum
638 339 765 374 Orpheo,
791 337 973 365 transferendi
994 340 1071 364 ortus

284 389 430 421 numinis,
454 386 588 422 ejusmodi
616 392 697 412 ansas
728 388 756 411 et
786 383 945 411 occasiones
975 381 1069 410 fuisse.

285 435 418 462 Cadmum
432 433 556 460 videlicet
574 430 674 458 Thebis
689 429 822 464 Egyptiis
838 428 995 462 oriundum,
1008 435 1071 455 cum

285 480 341 517 48
356 479 417 507 aliis
431 479 534 513 aliquot
550 477 643 504 liberis
657 475 789 503 Semelem
805 482 914 510 quoque
929 474 1070 509 genuisse,

287 527 357 552 hanc
380 531 444 552 vero
467 531 482 550 a
505 523 596 551 nescio
612 529 667 556 quo
682 521 751 549 forte
770 519 994 556 constupratam},
1010 524 1072 555 post

286 576 387 605 septem
405 577 420 596 a
437 573 568 603 conceptu
585 575 693 595 menses
717 566 847 594 infantem
870 566 1016 601 peperisse,
1035 566 1070 598 ei,

287 622 369 650 quem
388 615 458 649 apud
475 622 504 641 se
524 617 618 640 natum
640 611 760 647 Egyptii
777 612 946 646 praedicant,
971 610 1072 637 Osiridi

287 661 470 696 persimilem;
487 659 622 686 Cadmum
636 665 700 686 vero
713 657 828 685 infantis
843 656 943 684 mortui
958 657 1073 684 cadaver

287 715 356 734 auro
376 705 576 738 convestiisse,
605 704 685 738 eique
713 703 848 731 solemnes
877 702 1072 730 sacriﬁciorum

288 754 357 780 ritus
380 752 530 780 instituisse
543 771 550 784 ,
566 758 598 778 ac
621 750 731 778 demum
753 749 839 785 ipsius
858 749 1073 785 procreationem

288 798 348 827 Jovi
367 799 540 834 assignasse,
557 798 610 825 hoc
623 798 717 832 utique
733 796 848 824 consilio
860 816 867 829 ,
883 800 913 823 ut
933 803 996 823 cum
1013 795 1073 823 Osi-

289 846 341 874 ridi
356 846 526 881 majestalem
542 844 709 877 conciliaret,
725 847 783 871 tum
797 843 884 878 ipsam
897 850 1006 877 quoque
1019 850 1076 869 ma-

1122 244 1317 278 ὲξοικειοῦσθαι
1327 245 1356 271 δὲ
1368 244 1449 272 αὑτὸν
1461 244 1525 275 τοὺς
1537 242 1680 277 Ἕλληνας,
1692 241 1739 268 καὶ
1752 242 1804 276 μὴν
1816 241 1911 275 ἕτερον

1123 291 1186 318 ὅντα
1202 291 1249 318 τοῦ
1266 290 1296 323 ἐξ
1319 290 1472 326 Ἀλκμήνης
1487 290 1553 325 παρ’
1570 288 1697 324 Ἕλλησιν
1711 287 1824 324 ὕστερόν
1842 296 1909 314 ποτε

1123 337 1280 372 γενομένου.
1300 336 1368 363 Φασὶ
1384 337 1411 363 δὲ
1427 335 1535 362 καὶτὸν
1556 335 1663 370 Περσέα
1684 333 1812 368 γενέσθαι
1833 335 1908 361 κατὰ

1123 383 1172 418 τὴν
1185 383 1335 417 Αἴγυπτον,
1354 382 1403 409 καὶ
1419 382 1469 417 τῆς
1489 381 1586 412 Ἴσιδος
1600 381 1650 416 τὴν
1667 379 1772 414 γένεσιν
1787 379 1839 406 ὑπὸ
1854 379 1910 406 τῶν

1130 429 1262 464 Ἐλλήνων
1276 430 1316 460 είς
1350 431 1439 463 Αργος
1459 426 1669 463 μεταφέρεσθαι,
1689 425 1910 461 μυθολογούντων

1125 474 1208 510 αὐτὴν
1224 472 1294 501 εἶναι
1316 473 1368 505 Ἰὼ,
1389 474 1439 509 τὴν
1455 474 1495 505 είς
1513 473 1573 508 βοὸς
1585 471 1670 498 τύπον
1688 472 1911 508 μεταμορφωθεῖ-

1126 529 1185 553 σαν,
1200 520 1247 556 τὴν
1261 520 1344 555 αὐτὴν
1355 520 1464 551 δὲ,τοὺς
1478 520 1526 555 μὲν
1540 517 1624 550 ἾσινἸ
1634 517 1696 549 τοὺς
1708 517 1737 544 δὲ
1752 519 1911 554 Δήμητραν,

1125 568 1187 599 τοὺς
1199 567 1228 593 δὲ
1246 566 1429 602 Θεσμοφόρον,
1446 566 1542 598 ἄλλους
1556 565 1585 592 δὲ
1598 565 1726 600 Σελήνην,
1744 565 1791 591 καὶ
1811 565 1912 596 ἄλλους

1128 613 1215 648 Ἦραν
1228 612 1356 648 νομίζειν.
1375 611 1427 638 Τὸν
1442 612 1470 638 δὲ
1491 612 1608 646 Ὄσιριν,
1625 611 1687 642 τοὺς
1708 610 1755 646 μὲν
1776 611 1911 646 Σάραπιν,

1125 668 1187 691 τους
1207 659 1234 685 δὲ
1252 659 1385 690 Διόνυσον,
1401 658 1464 690 τοὺς
1479 657 1507 684 δὲ
1526 656 1681 689 Πλούτωνα,
1703 657 1766 688 τοὺς
1785 656 1815 683 δὲ
1839 657 1911 692 Ἀμ-

1128 714 1214 741 μωνα,
1229 705 1291 736 τοὺς
1306 704 1334 730 δὲ
1354 704 1413 736 Δία,
1437 704 1546 738 ἐτέρους
1560 702 1589 729 δὲ
1612 703 1689 729 Πᾶνα
1711 702 1841 738 νομίζειν.
1860 702 1913 728 Εὖ-

1127 750 1208 786 ρετὴν
1222 750 1250 776 δὲ
1261 749 1445 784 γενέσθαιτὴν
1461 746 1532 775 Ἶσίν
1549 756 1614 783 φασι
1629 748 1781 784 φαρμάκων
1795 747 1911 780 πολλῶν,

1127 796 1173 822 καὶ
1193 795 1316 831 ἰατρικῆς
1333 794 1497 829 ἐπιστήμης·
1515 793 1604 829 εὑρεῖν
1618 793 1646 820 δὲ
1662 794 1708 820 καὶ
1728 793 1758 820 τὺ
1779 794 1829 828 τῆς
1841 793 1912 820 ἀθα-

1127 842 1222 873 νασίας
1247 842 1401 877 φάρμακον,
1423 840 1457 867 δι’
1479 836 1510 866 οὗ
1532 840 1578 867 τὸν
1598 840 1655 867 υἱὸν
1676 840 1758 875 Ὦρον
1782 839 1835 867 ὑπὸ
1857 839 1913 866 τῶν

290 896 359 919 trem
375 899 390 918 a
407 891 495 926 stupri
510 890 594 918 oblati
609 889 722 916 infamia
739 889 875 916 liberaret.
894 888 973 915 Hunc
994 888 1076 924 igitur

1129 888 1247 915 Τιτάνων
1265 886 1501 918 ἐπιϐουλευθέντα,
1520 887 1567 913 καὶ
1580 887 1675 922 νεκρὸν
1690 886 1836 922 εὑρεθέντα
1850 886 1912 913 καθ’

291 936 319 964 in
339 935 451 963 modum
468 942 591 970 sparsam
610 935 683 962 illam
697 935 769 969 apud
791 934 900 962 Grtecos
916 934 950 961 de
970 933 1076 961 Osiride

289 981 391 1010 famam
406 988 480 1014 esse,
500 981 573 1016 quod
588 988 649 1008 eum
665 987 697 1008 ex
717 979 785 1008 Jove
798 979 902 1008 Semele
915 979 1008 1006 Cadmi
1023 979 1076 1005 tilia

290 1028 477 1062 suscepisset;
492 1035 545 1062 qua
563 1027 716 1054 fabularum
733 1027 879 1062 scriptores
892 1026 985 1053 omnia
1001 1030 1076 1060 post—

290 1074 400 1102 modum
412 1074 517 1101 theatra
528 1073 733 1108 compleverint,
749 1080 837 1107 eoque
856 1071 963 1099 tandem
977 1070 1076 1098 factum

290 1125 351 1146 esse
363 1139 370 1151 ,
385 1122 416 1146 ut
436 1122 566 1146 constans
582 1118 642 1153 ejus
657 1122 683 1145 et
699 1118 862 1145 inconcussa
877 1117 943 1144 ﬁdes
957 1121 1077 1151 postero-

291 1170 352 1190 rum
376 1162 514 1190 mentibus
537 1161 675 1189 insideret.
703 1160 775 1194 Quin
799 1161 880 1188 etiam
902 1159 1009 1187 Graecos
1023 1179 1031 1192 ,
1049 1163 1078 1186 ut

291 1209 374 1236 verbo
390 1208 490 1240 dicam,
507 1207 699 1235 celeberrimos
711 1214 835 1242 quosque
849 1206 926 1234 aiunt
939 1205 1078 1241 Egyptio-

291 1262 352 1281 rum
369 1254 467 1281 heroas
483 1258 565 1289 atque
586 1253 653 1281 deos
668 1253 720 1281 sibi
735 1257 863 1289 tanquam
878 1253 1004 1288 preprios
1016 1253 1078 1279 vin-

292 1301 408 1328 dicasse.
435 1299 503 1327 Nam
527 1299 669 1328 Herculem
690 1299 793 1333 etiam,
818 1298 961 1335 Egyptius
981 1305 1078 1334 genere

293 1354 355 1374 cum
372 1350 462 1378 esset,
480 1353 512 1373 ac
535 1345 666 1380 singulari
684 1345 842 1373 fortitudine
855 1345 985 1380 praeditus
997 1364 1003 1376 ,
1018 1352 1077 1371 ma-

293 1400 374 1428 gnam
403 1392 477 1419 orbis
507 1395 642 1419 terrarum
672 1396 777 1426 partem
802 1391 922 1424 obiisse;
953 1390 1077 1418 eumdem

292 1440 383 1463 tamen
406 1436 485 1471 quasi
499 1436 622 1464 Graecum
641 1444 656 1463 a
674 1435 776 1464 Graecis
793 1436 934 1473 praedicari
948 1457 955 1470 ,
971 1435 1077 1463 tametsi

293 1482 372 1517 longe
387 1482 422 1509 ab
447 1482 531 1510 altero
547 1482 665 1517 quodam
687 1481 801 1509 Hercule
824 1481 961 1508 diversum
974 1500 981 1513 ,
997 1488 1077 1516 quem

293 1528 322 1556 in
347 1527 451 1555 Graecia
470 1528 563 1555 multis
578 1532 640 1563 post
655 1527 762 1555 saeculis
787 1526 917 1554 Alcmena
932 1525 1076 1562 pepererit.

292 1572 403 1600 Addunt
416 1572 544 1600 Perseum
561 1580 669 1607 quoque
682 1572 770 1600 lucem
786 1572 813 1599 in
827 1571 945 1607 Egypto
961 1571 1077 1606 primum

294 1618 453 1653 aspexisse,
470 1622 498 1645 et
521 1617 665 1652 ipsiusmet
687 1617 766 1645 Isidis
782 1617 914 1651 originem
938 1624 953 1644 a
978 1616 1078 1644 Grtecis

295 1663 452 1692 hominibus
466 1663 626 1690 translatam
635 1663 722 1696 Argos
734 1662 826 1694 fuisse.
840 1663 886 1698 qui
898 1663 967 1690 hanc
981 1663 1078 1698 ipsam,

294 1710 323 1739 lo
337 1711 414 1738 bovis
426 1711 453 1737 in
475 1710 589 1744 ﬁguram
605 1709 751 1744 aliquando
767 1714 900 1737 mutatam
924 1717 984 1737 esse
1003 1709 1080 1736 fabu-

295 1757 385 1785 lentur
398 1765 405 1789 ;
421 1763 482 1784 cum
496 1756 618 1783 eamdem
633 1759 723 1782 tamen
739 1755 791 1783 Isin
805 1755 862 1787 alii,
878 1755 924 1782 alii
941 1755 1079 1786 Cererem.

296 1801 537 1836 Thesmophorou,
553 1801 604 1828 hoc
627 1806 669 1828 est
691 1801 827 1836 legiferam
841 1822 847 1834 ,
870 1801 939 1834 alii,
958 1802 1079 1829 nonnulli

297 1847 402 1875 Lunam
413 1867 420 1880 ,
434 1848 481 1875 alii
495 1848 612 1882 denique
625 1846 760 1874 Junonem
775 1855 835 1875 esse
851 1848 1005 1882 opinentur.
1019 1847 1080 1875 Osi-

296 1895 340 1922 rin
352 1899 442 1923 autem
457 1903 472 1922 a
483 1889 646 1930 quibusdam
663 1894 789 1930 Sarapin,
804 1894 939 1923 Bacchum
954 1896 988 1923 ab
1000 1896 1061 1923 aliis
1071 1916 1079 1930 ,

297 1948 313 1967 a
339 1941 477 1968 nonnullis
502 1939 666 1974 Plutonem,
691 1940 726 1968 ab
750 1941 812 1969 aliis
831 1941 1012 1976 Ammonem,
1039 1942 1081 1970 vel

297 1986 389 2014 Jovem
401 2006 409 2019 ,
421 1987 464 2014 vel
480 1986 552 2014 Pana
570 1987 730 2015 existimari.
749 1987 810 2015 Jam
825 1987 859 2015 ab
876 1987 945 2015 Iside
963 1988 1081 2016 remedia

297 2034 427 2069 pleraque
443 2034 586 2069 ipsamque
599 2033 667 2061 adeo
685 2034 826 2062 medicinae
842 2040 928 2062 artem
944 2035 1081 2062 inventam

297 2087 357 2106 esse
371 2079 496 2113 tradunt,
511 2088 543 2107 ac
557 2080 639 2107 simul
653 2080 866 2108 immortalitatis
881 2081 1057 2116 pharmacum
1071 2090 1079 2114 ;

297 2125 377 2160 cujus
402 2125 446 2152 illa
462 2124 489 2152 vi
512 2124 598 2152 Orum
624 2125 708 2152 lilium
726 2133 807 2160 quem
832 2125 958 2153 Titanum
976 2126 1081 2154 insidiis

297 2174 441 2205 exceptum
455 2190 462 2204 ,
487 2178 519 2198 ac
543 2175 680 2198 mortuum
699 2171 726 2198 in
748 2172 827 2206 aquis
851 2177 987 2206 repertum
1000 2192 1008 2206 ,
1026 2180 1081 2199 non

1128 933 1234 966 ὓδατος,
1248 933 1284 969 μὴ
1303 934 1382 968 μόνον
1396 927 1544 968 ἀναστῆσαι
1556 933 1653 960 δοῦσαν
1666 933 1714 969 τὴν
1730 933 1829 969 ψυχὴν,
1842 933 1912 960 ἀλλὰ

1121 980 1173 1013 ,καὶ
1185 980 1233 1014 τῆς
1251 979 1398 1011 ἀθανασίας
1412 979 1524 1014 ποιῆσαι
1539 978 1710 1014 μεταλαϐεῖν.
1725 979 1776 1006 Τὸν
1786 979 1815 1005 δὲ
1827 976 1912 1014 Ὦρον

1128 1025 1240 1052 ὕστατον
1265 1025 1328 1052 ὄντα
1343 1025 1398 1052 τῶν
1421 1025 1501 1057 θεῶν,
1511 1022 1675 1060 ’βασιλεῦσαι
1691 1025 1740 1061 τῆς
1763 1024 1911 1059 Αἰγύπτου,

1127 1071 1404 1108 Μεθερμηνευόμενον
1421 1071 1448 1098 δέ
1474 1080 1555 1106 φασιν
1570 1071 1648 1098 αὑτὸν
1662 1069 1731 1098 εἶναι
1744 1070 1789 1097 τὸν
1816 1070 1913 1096 Ἀπόλ-

1127 1117 1209 1149 λωνα,
1228 1118 1277 1153 τήν
1288 1127 1317 1144 τε
1332 1117 1456 1154 ίατρικὴν
1470 1118 1516 1144 καὶ
1530 1118 1662 1153 μαντικὴν
1679 1117 1731 1144 ὑπὸ
1744 1117 1793 1152 τῆς
1810 1116 1914 1152 μητρὸς

1129 1164 1226 1196 Ἴσιδος
1237 1164 1404 1200 διδαχθέντα,
1417 1164 1461 1191 διὰ
1476 1164 1529 1190 τῶν
1544 1163 1684 1200 χρησμῶν,
1699 1164 1746 1190 καὶ
1760 1162 1915 1199 Θεραπειῶν

1128 1211 1290 1246 εὐεργετεῖν.
1313 1211 1503 1246 Συμφωνείται
1531 1210 1559 1236 δὲ
1585 1209 1660 1245 παρὰ
1683 1210 1738 1240 τοῖς
1763 1208 1914 1239 πλείστοις,

1127 1256 1168 1283 ὃτι
1186 1257 1241 1288 τοῖς
1262 1257 1325 1292 περὶ
1342 1256 1387 1282 τὸν
1408 1256 1457 1282 Δία
1478 1256 1525 1282 καὶ
1547 1256 1592 1282 τὸν
1611 1255 1716 1290 Ὄσιριν
1740 1253 1822 1285 θεοῖς,
1843 1252 1916 1280 κατὰ

1128 1304 1177 1339 τὴν
1197 1303 1293 1335 Ἴσιδος
1314 1303 1422 1339 ἠλικίαν
1435 1302 1626 1338 μεγαλόσωμοί
1641 1310 1712 1333 τινες
1727 1301 1856 1335 Γίγαντες
1868 1300 1917 1326 ἐπὶ

1128 1349 1157 1375 τὺ
1181 1349 1332 1385 τερατῶδες
1355 1349 1547 1385 κοσμούμενοι,
1575 1348 1691 1383 πόλεμον
1715 1348 1837 1383 ῆγειραν.
1862 1346 1918 1373 Νο-

1132 1394 1276 1430 μοθετῆσαι
1305 1395 1333 1421 δὲ
1366 1395 1427 1427 τοὺς
1456 1394 1619 1429 Αἰγυπτίους
1651 1394 1750 1428 γαμεῖν
1783 1391 1912 1426 ἀδελφὰς,

1128 1440 1171 1467 διὰ
1187 1441 1216 1467 τὸ
1230 1441 1279 1477 τὴν
1292 1438 1361 1467 Ἶσιν
1378 1439 1416 1476 τῷ
1439 1439 1551 1477 Ὀσίριδι
1568 1438 1673 1474 ἀδελφῷ
1694 1439 1751 1465 ὖντι
1768 1438 1853 1473 αὐτῆς
1867 1446 1919 1472 γα-

1131 1487 1259 1522 μηθῆναι.
1287 1496 1295 1512 ι
1324 1487 1378 1513 Καὶ
1398 1486 1483 1513 ταῦτα
1498 1487 1545 1521 μὲν
1559 1486 1623 1522 περὶ
1643 1484 1745 1511 τούτων
1767 1481 1915 1520 ἱστοροῦσι.

1129 1533 1197 1568 Περὶ
1211 1532 1238 1559 δὲ
1251 1532 1303 1559 τῶν
1316 1532 1511 1568 ἀφιερωμένων
1526 1530 1601 1564 ζώων
1621 1530 1676 1566 (51)
1691 1530 1752 1557 κατ’
1768 1529 1917 1564 Αἴγυπτον,

1129 1579 1245 1610 τοιοῦτός
1268 1587 1310 1610 τις
1330 1579 1395 1614 παρ’
1418 1578 1510 1609 αὐτοῖς
1529 1577 1638 1612 κατέχει
1660 1576 1748 1610 λόγος,
1771 1576 1847 1607 Τινὲς
1868 1576 1918 1611 μέν

1130 1633 1194 1659 φασι
1211 1625 1272 1656 τοὺς
1287 1624 1318 1657 ἐξ
1328 1625 1415 1660 ἀρχῆς
1434 1625 1597 1659 γενομένους
1610 1624 1697 1655 Θεοὺς,
1717 1622 1823 1657 ὀλίγους
1837 1622 1918 1654 liv-ra;

1130 1670 1176 1696 xui.
1193 1669 1420 1704 κατισχυομένους
1439 1669 1491 1696 ὑπὸ
1506 1669 1552 1696 τοῦ
1574 1668 1691 1705 πλήθους
1710 1668 1756 1695 καὶ
1789 1668 1838 1703 τῆς
1854 1667 1920 1694 ἀσε-

1130 1718 1205 1749 6είας
1218 1717 1271 1744 τῶν
1279 1716 1401 1752 γηγενῶν
1415 1716 1577 1752 ἀνθρώπων,
1588 1714 1754 1751 ὁμοιωθῆναί
1768 1723 1838 1741 τισιν
1853 1714 1919 1741 ἀλό-

1130 1773 1188 1798 γοις
1204 1763 1293 1796 ζώοις,
1310 1765 1356 1790 καὶ
1370 1762 1456 1794 οὕτως
1468 1763 1618 1798 διαφυγεῖν·
1639 1762 1732 1788 ἔπειτα
1754 1760 1833 1796 χάριν
1849 1761 1919 1787 ἀπο-

1130 1809 1248 1841 διδόντας
1260 1809 1309 1845 τῆς
1323 1808 1468 1844 σωτηρίας,
1483 1808 1634 1844 ἀφιερῶσαι
1647 1807 1695 1839 τὰς
1714 1807 1808 1841 φύσεις
1828 1805 1920 1832 αὐτῶν

1129 1856 1183 1883 τῶν
1198 1855 1284 1888 ζώων,
1300 1853 1341 1887 οἷς
1354 1854 1579 1890 ἀφωμοιώθησαν.
1603 1855 1634 1881 Οἱ
1654 1853 1682 1880 δέ
1701 1861 1790 1888 φασιν,
1809 1852 1839 1878 ὲν
1859 1853 1920 1883 ταῖς

1131 1902 1198 1938 πρὸς
1221 1902 1283 1934 τοὺς
1306 1901 1450 1936 πολεμίους
1479 1900 1635 1936 συμϐολαῖς,
1662 1899 1920 1929 κατασκευάσαντας

1131 1948 1237 1980 είκόνας
1249 1947 1303 1974 τῶν
1319 1946 1405 1979 ζώων,
1418 1946 1435 1973 ἃ
1450 1947 1496 1973 νῦν
1513 1946 1621 1982 τιμῶσι,
1639 1947 1730 1980 φορεῖν
1741 1943 1842 1974 ταύτας
1856 1943 1920 1974 τοὺς

1131 1994 1266 2030 ἡγεμόνας
1280 1994 1326 2021 ἐπὶ
1343 1993 1393 2029 τῆς
1414 1993 1544 2028 κεφαλῆς,
1560 1993 1606 2019 καὶ
1621 1991 1699 2018 τοῦτο
1713 1989 1857 2026 γνώρισμα
1870 1989 1920 2024 τῆς

1131 2039 1219 2075 ἀρχῆς
1235 2038 1317 2074 ἔχειν’
1331 2038 1360 2065 ἐν
1377 2038 1406 2065 δὲ
1419 2040 1480 2070 ταῖς
1493 2037 1563 2065 κατὰ
1576 2036 1630 2063 τῶν
1650 2034 1754 2070 ἐχθρῶν
1769 2034 1867 2066 νίκαις,
1881 2033 1919 2064 ὼς

1132 2085 1164 2112 ἂν
1189 2085 1263 2112 αἴτια
1282 2084 1316 2111 τὰ
1335 2084 1393 2117 ζῶα
1408 2084 1550 2119 γενόμενα,
1566 2080 1602 2110 ὧν
1619 2081 1668 2113 τὰς
1689 2081 1796 2112 εἰκόνας
1812 2080 1919 2116 ἔφερον,

1131 2130 1296 2158 ἀποθεῶσαι.
1319 2130 1425 2165 Ἒτεροι
1449 2129 1477 2155 δὲ
1494 2129 1589 2164 τρίτην
1613 2127 1702 2154 αἰτίαν
1728 2127 1849 2162 φέρουσι,
1870 2125 1921 2161 τῆς

1132 2177 1224 2213 χρείας
1254 2176 1333 2203 ἕνεκα
1361 2175 1413 2202 τῶν
1450 2174 1526 2207 ζώων
1561 2173 1710 2208 φάσκοντες
1748 2171 1817 2200 αὐτὰ
1846 2180 1920 2198 τετιη

299 2220 405 2243 tantum
421 2216 447 2243 in
462 2217 550 2244 lucem
565 2217 669 2244 reddito
683 2217 774 2244 animo
786 2217 930 2250 revocarit,
943 2218 989 2245 sed
999 2219 1076 2245 etiam

1136 2222 1246 2258 μῆσθαι.
1265 2221 1320 2257 Τὴν
1345 2221 1393 2256 μὲν
1418 2221 1471 2256 γὰρ
1495 2220 1604 2256 θήλειαν
1635 2219 1697 2255 βοῦν
1713 2239 1720 2251 ,
1746 2219 1847 2246 τίκτειν
1873 2217 1921 2244 καὶ

299 2262 503 2290 immortalitate
518 2262 635 2289 donarit.
649 2262 735 2290 Porro
751 2263 824 2290 hunc
839 2263 935 2295 Orum,
955 2264 1002 2298 qui
1017 2263 1077 2291 deo-

299 2316 359 2336 rum
376 2307 540 2336 novissimus
553 2312 611 2341 est,
630 2308 657 2335 in
672 2308 788 2344 Egypto
803 2317 932 2345 regnasse
943 2329 951 2342 ,
966 2310 1079 2344 ejusque

298 2362 408 2387 nomen,
427 2355 600 2390 interpretari
616 2355 639 2383 si
655 2355 730 2389 velis,
744 2356 894 2390 Apollinem
911 2356 1078 2391 signiﬁcare;

299 2401 345 2434 qui
362 2401 433 2435 quod
449 2401 485 2428 ab
499 2400 567 2428 Iside
590 2405 701 2436 parente
722 2401 847 2429 medendi
870 2409 902 2429 ac
916 2402 1080 2431 vaticinandi

299 2450 385 2473 artem
408 2447 557 2479 didicisset,
579 2447 691 2475 edendis
716 2448 835 2476 oraculis
855 2449 1013 2484 morbisque
1035 2458 1082 2477 sa-

300 2493 399 2520 nandis
422 2495 524 2528 optime
543 2494 576 2522 de
590 2494 733 2522 hominum
754 2502 852 2529 genere
872 2500 1018 2523 mereatur.
1035 2496 1083 2523 Est

299 2544 391 2566 autem
409 2539 466 2567 haec
478 2540 632 2568 communis
645 2541 824 2576 plurimorum
834 2538 1005 2569 'existimatio
1015 2562 1023 2574 ,
1037 2542 1082 2570 Gi—

300 2588 397 2619 gantas
414 2585 545 2618 quosdam
562 2585 674 2612 immani
696 2590 826 2621 vastaque
848 2586 917 2613 mole
938 2587 1060 2621 corporis
1073 2607 1080 2618 ,

301 2638 334 2657 ac
351 2631 506 2666 prodigiose
525 2632 642 2666 quodam
657 2633 806 2660 instructos
822 2638 951 2667 apparatu
962 2652 970 2666 ,
987 2631 1080 2660 Jovem

302 2676 458 2711 Osirimque
481 2677 556 2709 deos,
580 2679 658 2706 Isidis
683 2679 851 2714 temporibus
881 2679 951 2706 bello
973 2679 1081 2706 lacessi-

301 2722 385 2751 vissc.
399 2722 438 2749 Ex
451 2730 484 2750 eo
504 2723 620 2759 denique
639 2725 724 2760 legem
746 2726 819 2752 illam
842 2724 1031 2761 Egyptiorum
1048 2725 1081 2751 de

302 2768 476 2796 matrimonio
490 2777 552 2797 cum
564 2771 704 2799 sororibus
718 2771 837 2799 ineundo
850 2771 963 2799 ﬂuxisse
976 2771 1079 2804 volunt,

1134 2268 1226 2304 ἀροῦν.
1256 2267 1296 2294 Τὰ
1320 2267 1349 2294 δὲ
1380 2267 1504 2303 πρόϐατα
1531 2266 1632 2292 τίκτειν
1661 2266 1709 2293 καὶ
1727 2264 1830 2300 σκέπην
1849 2271 1922 2298 παρ-

1132 2315 1214 2350 έχειν,
1232 2315 1279 2341 καὶ
1292 2315 1341 2349 τὴν
1364 2314 1407 2340 διὰ
1420 2313 1466 2340 τοῦ
1483 2314 1617 2347 γάλακτος
1638 2313 1684 2339 καὶ
1697 2312 1744 2339 τοῦ
1761 2310 1841 2346 τυροῦ
1857 2319 1922 2347 τροα

1133 2361 1196 2395 φήν.
1215 2359 1265 2386 Τὸν
1289 2359 1317 2386 δὲ
1337 2359 1405 2386 κύνα
1427 2359 1601 2395 συνθηρεύειν
1616 2358 1776 2394 ἀνθρώποις,
1800 2356 1846 2383 καὶ
1870 2365 1921 2391 φυ-

1133 2405 1259 2432 λακτικὸν
1274 2403 1352 2432 εἶναι.
1368 2405 1467 2441 Διόπερ
1482 2405 1527 2431 τὺν
1539 2404 1600 2431 θεὸν
1619 2405 1663 2431 τὸν
1679 2405 1743 2438 παρ’
1761 2403 1852 2434 αὺτοῖς
1872 2410 1922 2428 κα-

1132 2451 1262 2486 λούμενον
1281 2451 1415 2483 Ἄνουϐιν,
1438 2451 1517 2483 κυνὸς
1540 2452 1610 2486 ἐχειν
1629 2450 1757 2485 κεφαλήν·
1779 2447 1921 2484 ἐμφαίνον-

1133 2506 1188 2529 τες,
1205 2497 1247 2523 ὅτι
1266 2497 1466 2532 σωματοφύλαξ
1486 2496 1519 2533 ἦν
1534 2497 1587 2524 τῶν
1604 2497 1667 2531 περὶ
1679 2496 1724 2522 τὸν
1744 2495 1850 2530 Ὄσιριν
1873 2494 1920 2520 καὶ

1131 2543 1180 2579 τὴν
1206 2540 1286 2570 Ἶσιν.
1312 2544 1398 2570 Ἔνιοι
1423 2543 1450 2569 δέ
1474 2551 1550 2578 φασι,
1569 2543 1618 2578 τῆς
1634 2541 1730 2571 Ἴσιδος
1751 2539 1920 2576 προηγουμέ-

1132 2597 1180 2624 νης
1195 2589 1257 2620 τοὺς
1275 2589 1366 2622 κύνας,
1383 2590 1444 2616 καθ’
1460 2589 1489 2616 ὃν
1513 2589 1607 2624 καιρὸν
1630 2587 1718 2623 ὲζὴτει
1736 2586 1781 2613 τὸν
1803 2587 1920 2622 Ὄσιριν,

1133 2636 1167 2662 τά
1183 2635 1310 2671 τε,θηρία
1331 2636 1377 2662 καὶ
1398 2637 1461 2667 τοὺς
1485 2634 1663 2665 ἀπαντῶντας
1691 2632 1842 2668 ἀπείργειν.
1867 2631 1922 2657 Καὶ

1133 2681 1178 2707 τὸν
1196 2681 1244 2716 μὲν
1259 2681 1383 2717 αζλουρον
1400 2682 1467 2717 πρὸς
1485 2681 1533 2712 τὰς
1556 2679 1671 2710 ἀσπίδας
1693 2678 1801 2705 εὔθετον
1829 2677 1920 2712 ὑπάρ-

1133 2736 1191 2762 χειν
1206 2728 1253 2753 καὶ
1278 2728 1311 2754 τὰ
1327 2728 1394 2756 ἄλλα
1409 2727 1509 2754 δακετὰ
1525 2727 1578 2753 τῶν
1594 2726 1723 2761 ἑρπετῶν,
1737 2726 1782 2752 τὸν
1795 2724 1822 2752 δὲ
1835 2723 1922 2760 ίχνεύ-

1135 2781 1213 2808 μονα,
1228 2774 1262 2800 τὰ
1283 2774 1337 2801 τῶν
1359 2773 1536 2810 κροκοδείλων
1551 2772 1592 2799 dmi
1614 2771 1775 2807 συπρίῦειν,
1800 2771 1921 2807 ἀναιρεῖν

337 2826 393 2861 (51)
419 2827 631 2888 Ἀξιερωμένων
653 2827 739 2860 ζώων.
762 2829 908 2865 Sequentia
936 2830 970 2859 de
995 2829 1076 2856 anim:

337 2872 339 2885 >
366 2869 383 2888 l.
402 2870 427 2888 ι).
462 2863 479 2888 ι
494 2866 520 2888 el.
535 2872 590 2888 seu.

1130 2837 1175 2858 um
1200 2832 1270 2867 apud
1300 2831 1444 2868 Egyptios
1465 2830 1680 2863 consecratione,
1700 2829 1831 2857 Diodorus
1860 2829 1920 2857 fuse

302 2861 339 2890 lib
366 2869 383 2894 I,
401 2870 427 2897 p.
446 2861 479 2890 74
492 2861 520 2890 et
533 2861 590 2899 ξος.
