2064 3212
149 171 197 200 ιοι

728 169 885 200 ΡΒΕΡΛΒ.
907 169 1037 212 EYANG.
1058 169 1123 199 LIB.
1143 170 1175 199 11.

148 240 179 260 τι
192 232 238 260 καὶ
252 232 315 265 τοὺς
335 233 526 268 κροκοδείλους
543 231 620 269 πηλῷ
634 231 803 268 κυλιόμενον,
818 232 865 259 καὶ
881 232 927 259 ἐπι

988 230 1044 268 49
1064 231 1137 266 quod
1151 231 1239 260 Osiris
1251 231 1355 267 primus
1366 232 1599 262 Isidem'sororem
1613 234 1641 261 in
1659 242 1772 264 uxorem

149 279 416 315 πηδῶντακεχῂνοσι
438 281 493 311 τοῖς
510 279 635 315 πόμασι,
657 279 824 314 διαφαγόντα
839 287 869 305 τε
887 279 938 305 αὑ-

149 325 204 351 τῶν
222 324 257 352 τὰ
275 325 351 358 two;
363 326 416 361 τῆς
445 325 566 358 κοιλίας,
583 326 698 361 νεκροὺς
720 324 935 361 ἀπεργάζεσθαι.

148 370 208 398 Τῶν
231 370 262 398 δὲ
281 371 396 407 ὀρνέων,
417 371 467 407 τὴν
489 371 538 407 μὲν
562 371 616 398 τειν
639 371 779 407 χρησίμην
805 370 938 406 ὑπάρχειν

147 417 217 453 πρός
226 426 259 444 τε
269 418 332 449 τοὺς
345 417 424 452 δφεις
433 417 482 445 καὶ
494 417 543 449 τὰς
557 417 671 453 ἀκρίδας
682 418 729 444 καὶ
744 417 793 450 τὰς
812 418 935 453 κάμπας·

145 463 191 491 τὸν
205 463 235 491 δὲ
262 464 372 500 ἱέρακα,
392 464 462 500 πρὸς
480 464 545 496 τοὺς
565 464 713 500 σκορπίους
728 464 775 491 καὶ
789 464 935 499 κεράστας,

145 511 193 538 καλ
207 510 243 538 τὰ
260 510 348 546 μικρὰ
362 512 417 538 τῶν
431 511 551 538 δακετῶν
567 511 678 546 θηρίων,
699 511 744 537 καὶ
760 510 803 536 διὰ
820 510 849 537 τὺ
867 519 937 546 συμ-

147 556 294 584 ϐάλλεσθαι
310 558 371 588 ταῖς
389 557 539 592 μαντείαις·
556 558 600 584 τὸν
612 557 634 584 δ’
649 557 791 585 (memordi
809 556 839 582 τὸ
860 557 937 591 βασι-

147 601 220 628 λικὸν
234 600 316 633 εἶναι·
332 602 378 629 τὸν
391 602 419 629 δὲ
433 603 533 638 τράγον
550 602 630 636 φασὶν
647 601 857 632 ἀποτεθεῶσθαι,
887 610 936 628 κα-

147 647 235 683 θάπερ
251 648 299 675 καὶ
312 649 370 680 τοῖς
386 648 498 683 Ἕλλησι
512 648 557 674 τὸν
581 647 713 683 Πρίαπον,
729 647 772 673 διὰ
797 647 826 673 τὸ
842 656 937 683 γεννη-

145 694 218 720 τικὸν
237 694 342 730 μόριον·
360 694 392 722 τὸ
413 694 462 730 μὲν
478 694 531 729 γὰρ
547 693 614 726 ζῶον
632 691 700 719 εἶναι
715 693 794 719 τοῦτο
812 701 936 727 κατωφε-

146 739 276 774 ρέστατον
293 739 362 776 πρὸς
374 739 427 772 τὰς
451 739 603 770 συνουσίας,
616 739 646 765 τὸ
661 739 689 765 δὲ
713 739 805 774 μόριον
819 739 864 765 τοῦ
881 739 935 765 σώ-

148 793 243 819 ματος,
261 785 292 811 τὸ
304 785 355 820 τῆς
368 785 502 820 γενέσεως
516 786 611 816 αἴτιον,
628 785 758 820 τιμᾶσθαι
782 786 935 821 προσηκόν-

143 838 208 861 τως,
226 830 266 862 ὡς
279 831 313 857 ἂν
332 831 452 867 ἀρχηγὸν
467 831 496 858 ὃν
511 831 562 866 τῆς
579 831 631 858 τῶν
647 831 724 863 ζώων
741 832 857 866 φύσεως.
879 833 936 859 Κα-

144 876 220 903 θόλου
232 877 262 903 δὲ
279 876 310 903 τὸ
323 877 433 908 αἰδοῖον,
454 877 483 903 οὐ
499 877 556 904 κατ’
577 878 740 912 Αἰγυπτίους
761 879 849 913 μόνον,
867 879 934 906 άλλά

143 923 191 949 καὶ
205 922 262 949 τῶν
275 923 362 950 ἄλλων
377 923 428 949 οὐκ
448 923 770 960 ὀλίγους,καθιερωκέναι
789 925 859 951 κατά
882 925 931 957 τὰς

143 968 265 1001 τελετάς,
280 968 319 1000 ὡς
332 969 417 995 αἴτιον
433 968 482 1004 τῆς
498 969 552 995 τῶν
568 969 643 1001 ζώων
656 970 796 1004 γενέσεως.
818 970 886 1003 Tot}:
900 980 930 997 τε

145 1015 228 1050 ἱερεῖς
248 1014 313 1046 τοὺς
334 1015 539 1050 παραλαϐόντας
560 1016 608 1047 τὰς
623 1016 757 1052 πατρικὰς
783 1018 931 1053 ἱερωσύνας

145 1061 204 1087 κατ’
215 1059 363 1094 Αἴγυπτον,
374 1060 460 1096 τούτῳ
474 1061 511 1096 τῷ
521 1054 576 1097 θεῷ
595 1061 729 1097 μυεῖσθαι·
746 1062 863 1094 καὶτοὺς
876 1063 931 1090 Ili-

143 1113 193 1137 νες
211 1105 252 1137 δὲ,
269 1105 317 1132 καὶ
342 1107 406 1138 τοὺς
428 1106 565 1142 Σατύρους
586 1106 666 1141 φασὶν
685 1107 764 1133 ἕνεκα
780 1107 829 1142 τῆς
846 1108 931 1143 αὐτῆς

142 1151 234 1183 αίτίας
247 1151 378 1187 τιμᾶσθαι
398 1152 473 1188 παρὰ
495 1151 656 1188 ἀνθρώποις.
673 1152 717 1178 Διὸ
732 1153 778 1179 καὶ
796 1153 845 1184 τὰς
859 1153 930 1180 είκό-

142 1206 193 1230 νας
212 1197 302 1225 αὐτῶν
315 1198 470 1226 ἀνατιθέναι
489 1199 551 1230 τοὺς
565 1198 705 1230 πλείστους
723 1200 752 1225 ὲν
771 1200 826 1231 τοῖς
849 1200 930 1236 ἱεροῖς

143 1244 324 1279 ἐντεταμένας
337 1265 344 1276 ,
367 1245 413 1271 καὶ
434 1246 468 1280 τῇ
485 1244 531 1271 τοῦ
551 1244 652 1280 τράγου
680 1245 758 1279 φύσει
787 1245 931 1281 παραπλη-

143 1289 216 1321 σίως·
231 1289 262 1316 τὸ
275 1289 330 1326 γὰρ
342 1290 410 1322 ζῶον
424 1290 503 1318 τοῦτο
517 1290 709 1327 παραδίδοσθαι
724 1291 791 1326 πρὸς
804 1291 854 1322 τὰς
870 1300 930 1318 συν-

141 1336 235 1368 ουσίας
251 1336 385 1373 ὑπάρχειν
407 1338 590 1373 ἐνεργότατον.
609 1338 677 1370 Τοὺς
696 1338 724 1364 δὲ
736 1338 851 1374 ταύρους
867 1339 929 1370 τοὺς

143 1384 243 1421 ἱεροὺς,
249 1385 297 1412 τὸν
308 1384 389 1412 Ἆπιν
399 1385 446 1412 καὶ
461 1386 506 1412 τὸν
522 1387 623 1413 Μνεῦιν
637 1386 766 1422 τιμᾶσθαι
783 1386 929 1421 παραπλη-

142 1431 206 1462 σίως
220 1431 278 1463 τοῖς
288 1430 370 1463 θεοῖς,
388 1431 445 1467 ἅμα
463 1432 512 1467 μὲν
525 1431 568 1459 διὰ
593 1432 641 1468 τὴν
663 1432 808 1468 γεωργίαν,
822 1432 879 1467 ἃμα
901 1432 929 1458 δὲ

140 1476 187 1503 καὶ
205 1476 250 1503 διὰ
271 1476 303 1504 τδ
325 1476 375 1512 τὴν
399 1477 507 1513 εὕρεσιν
528 1478 582 1504 τῶν
598 1478 710 1514 καρπῶν
730 1478 820 1508 αὐτοῖς
836 1477 928 1503 ἀνατι-

141 1521 225 1548 θέναι.
239 1522 310 1554 Τοὺς
328 1523 357 1549 δὲ
379 1522 476 1555 λύκους
498 1523 638 1558 τιμᾶσθαι,
658 1523 700 1549 διὰ
718 1523 766 1559 τὴν
781 1523 848 1559 πρὸς
866 1524 928 1554 τοῦς

141 1568 224 1602 κύνας
238 1569 288 1605 τῆς
306 1569 412 1604 φύσεως
440 1569 594 1604 ὁμοιότητα,
617 1569 664 1596 καὶ
680 1570 741 1595 ἐπεὶ
763 1569 793 1595 τὸ
814 1568 926 1595 παλαιόν

140 1623 215 1650 φασι,
234 1615 284 1650 τῆς
302 1615 398 1646 Ἴσιδος
420 1614 489 1650 μετὰ
507 1614 554 1641 τοῦ
569 1614 663 1646 παιδὸς
679 1615 760 1650 Ὤρου
781 1614 929 1650 μελλούσης

137 1659 345 1695 διαγωνίζεσθαι
372 1660 439 1696 πρὸς
463 1660 588 1694 Τυφῶνα,
615 1659 813 1695 παραγενέσθαι
834 1659 929 1695 βοηθὸν

138 1705 167 1739 ἐξ
261 1705 308 1732 τῦν
325 1706 432 1742 Ὄσιριν
448 1706 486 1741 τῷ
505 1705 592 1741 τέκνῳ
608 1706 654 1732 καὶ
668 1707 700 1740 τῇ
716 1706 835 1739 γυναικὶ,
852 1705 939 1740 λύκῳη

137 1751 188 1786 τὴν
199 1751 262 1787 ὄψιν
280 1751 456 1787 ὁμοιωθέντα.
483 1752 591 1787 Ἐτεροι
604 1751 631 1777 δὲ
651 1751 777 1785 λέγουσιν
797 1750 928 1789 Αἰθίοπας

139 1794 357 1830 στρατεύσαντας
371 1796 416 1823 ἐπὶ
436 1796 485 1832 τὴν
505 1796 652 1831 Αἴγυπτον,
674 1796 726 1822 ὑπὸ
748 1795 865 1831 πλήθους
881 1795 928 1822 λύ-

138 1849 192 1867 κων
210 1840 368 1877 διωχθῆναι·
388 1842 429 1869 διὸ
452 1842 499 1869 καὶ
520 1842 704 1877 Λυκοπολίτην
727 1841 858 1877 κληθῆναι
878 1841 928 1877 τὴν

138 1886 238 1922 χώραν.
254 1887 308 1913 Τὸν
322 1887 350 1914 δὲ
365 1887 532 1924 κροκόδειλον
548 1887 674 1914 σέϐεσθαί
697 1896 772 1922 φασι,
788 1887 832 1914 διὰ
845 1887 874 1913 τὸ
890 1888 927 1922 μὴ

136 1932 237 1968 τολμᾷν
250 1932 425 1969 διανήχεσθαι
440 1933 485 1960 τὸν
506 1934 601 1960 Νεῖλον
621 1935 684 1966 τοὺς
701 1933 755 1960 ἀπὸ
775 1934 824 1969 τῆς
849 1934 928 1969 ’Δρα-

137 1977 198 2010 6ίας
218 1980 267 2006 καὶ
287 1979 391 2015 Λιϐύης
418 1979 528 2016 λῃστὰς,
557 1981 611 2007 τῶν
636 1980 814 2016 κροκοδείλων
835 1979 925 2014 χάριν.

136 2024 202 2051 Φασὶ
217 2024 247 2051 δέ
264 2032 326 2051 τινα
347 2025 402 2051 τῶν
425 2025 488 2061 παρ’
509 2026 599 2057 αὐτοῖς
617 2025 747 2061 βασιλέων
763 2025 926 2058 διωκόμενον

139 2070 191 2096 ὑπὸ
201 2069 256 2097 τῶν
276 2070 348 2097 ἰδίων
370 2070 468 2103 κυνῶν,
493 2073 659 2106 καταφυγεῖν
685 2072 723 2103 είς
747 2071 795 2106 τὴν
818 2070 925 2106 λίμνην,

138 2115 234 2142 ἔπειτα
249 2115 302 2142 ὑπὸ
312 2116 482 2151 κροκοδείλου
497 2116 685 2153 ἀναληφθέντα
701 2116 869 2151 παραδόξως,
887 2117 926 2146 είς

137 2159 167 2187 τὺ
183 2159 272 2196 πέραν
283 2161 474 2196 ἀπενεχθῆναι.
494 2162 587 2193 Αίτίας
600 2161 628 2188 δὲ
644 2161 690 2188 καὶ
706 2160 788 2192 ἄλλας
804 2161 870 2195 φασί
889 2168 926 2187 τι·

137 2214 180 2238 νες
191 2207 244 2242 τῆς
259 2207 314 2234 τῶν
334 2207 439 2241 ἀλόγων
454 2206 529 2240 ζώων
546 2207 638 2243 τιμῆς.
663 2206 715 2233 Τοῦ
733 2207 786 2241 γὰρ
807 2206 925 2242 πλήθους

988 278 1148 314 accepisset.
1168 287 1178 305 ι
1193 278 1282 314 Atque
1303 278 1457 313 hujusmodi
1474 284 1547 313 sunt,
1561 288 1622 315 qua:
1636 280 1670 309 de
1684 280 1771 308 homi-

989 323 1070 351 nibus
1093 323 1121 350 in
1148 323 1216 351 deos
1239 324 1406 352 consecratis
1433 323 1622 360 (Egyptiorum
1653 325 1772 354 historia

987 368 1176 403 prodiderunt.
1191 368 1251 396 Jam
1271 376 1336 396 vero
1350 369 1384 397 de
1398 369 1555 398 animalium
1568 372 1772 400 consecratione

988 413 1047 441 haec
1062 414 1097 442 ab
1117 414 1214 442 iisdem
1238 414 1294 442 fere
1312 414 1383 442 tradi
1405 416 1504 444 solent.
1524 416 1692 450 Quibusdam
1708 426 1771 446 sane

987 458 1085 493 placet,
1096 459 1142 494 qui
1154 459 1189 487 ab
1201 459 1281 486 initio
1290 459 1328 486 dii
1344 458 1455 498 fuerint,
1470 467 1533 488 cum
1544 461 1580 489 ob
1595 462 1772 498 paucitatem,

987 504 1128 532 hominum
1152 509 1322 532 terrenorum
1347 496 1446 540 pariim
1475 507 1649 536 multitudine
1673 496 1771 544 partim

987 550 1124 585 impietate
1143 552 1378 586 opprimerentur,
1405 561 1454 580 eos
1479 554 1638 582 animalium
1666 557 1771 585 ratione

985 598 1135 624 carentium
1152 597 1240 624 forma
1262 602 1347 625 tectos
1367 599 1516 632 periculurn
1538 600 1699 634 declinasse,
1723 611 1768 630 co-

986 650 1101 677 rumque
1127 648 1250 674 naturas,
1278 651 1394 678 quorum
1423 646 1539 672 mutuati
1567 647 1772 676 similitudinem

985 689 1103 721 fuerant,
1126 694 1154 716 ut
1171 690 1288 724 aliquam
1308 690 1343 716 oh
1358 696 1475 725 accepta:
1497 692 1593 720 salutis
1611 694 1772 722 beneficium

985 737 1099 770 gratiam
1123 736 1264 767 referrent,
1288 744 1471 765 consecrasse.
1495 739 1546 766 Alii
1566 747 1630 767 vero
1655 741 1694 769 sic
1714 742 1774 768 exi-

985 782 1108 814 stimant,
1139 782 1211 816 quod
1238 783 1265 809 in
1293 784 1488 813 certaminibus
1510 786 1652 813 adversum
1680 787 1773 816 hostes

985 827 1070 860 initis,
1092 836 1186 855 earum
1210 829 1400 861 animantium,
1422 838 1491 865 quas
1517 831 1567 866 ipsi
1598 840 1670 860 nunc
1692 841 1773 861 veneri

985 878 1090 906 rantur,
1106 879 1164 900 arte
1177 874 1330 901 elaboratas
1352 875 1494 911 imagines,
1517 878 1632 905 summis
1659 878 1685 905 in
1702 880 1773 914 capi-

949 908 969 936 Β
985 918 1057 945 tibus
1081 919 1217 947 exercitus
1239 919 1323 946 duces
1344 927 1376 947 ac
1402 920 1549 956 principes,
1570 922 1609 949 sic
1640 908 1769 958 tanquam

984 962 1088 997 imperii
1101 964 1298 991 monimentum
1313 965 1420 999 aliquod
1434 970 1460 994 et
1480 966 1596 1001 insigne,
1608 973 1770 1002 gt-stasscnt,

982 1009 1067 1043 partis
1089 1010 1262 1044 postmodum
1285 1010 1420 1045 victoriis,
1439 1012 1499 1039 illas
1517 1012 1550 1040 ab
1568 1013 1675 1046 iisdem,
1690 1017 1769 1048 quasi

982 1053 1122 1081 victoriam
1142 1055 1319 1089 peperissent,
1335 1055 1446 1083 deorum
1466 1056 1492 1083 in
1505 1064 1648 1084 numerum
1671 1058 1770 1086 relatas

981 1098 1076 1126 fuisse.
1094 1099 1236 1127 Postremo
1256 1105 1330 1133 sunt,
1347 1102 1392 1136 qui
1410 1102 1518 1129 tertiam
1531 1103 1621 1131 cttltus
1634 1104 1768 1138 ejusmodi

981 1152 1091 1172 causam
1111 1145 1259 1179 proferant,
1284 1147 1428 1174 utilitatem
1454 1155 1525 1181 eam,
1552 1156 1634 1183 quam
1657 1157 1691 1177 ex
1715 1151 1768 1179 hoc

981 1190 1161 1218 animantium
1193 1199 1290 1226 genere
1315 1194 1493 1227 perciperent.
1524 1194 1646 1230 Quippe,
1671 1196 1766 1223 bovem

980 1237 1051 1263 enim
1064 1236 1193 1264 feminam
1208 1246 1262 1264 non
1278 1245 1372 1272 parere
1393 1239 1485 1271 modo,
1500 1239 1546 1267 sed
1566 1240 1648 1268 etiam
1672 1248 1767 1276 arare;

981 1283 1015 1309 ab
1033 1282 1130 1310 ovibus
1143 1288 1233 1310 autem
1252 1284 1332 1316 fctus,
1349 1289 1447 1317 vestes,
1472 1285 1559 1319 lactis,
1577 1286 1706 1322 caseique
1719 1287 1769 1315 ali-

980 1334 1101 1356 mentum
1115 1330 1298 1364 suppeditari;
1318 1338 1411 1358 canem
1434 1332 1494 1359 usui
1508 1340 1570 1360 cum
1589 1334 1623 1361 ad
1645 1335 1768 1362 venatio-

981 1381 1055 1406 nem,
1068 1378 1124 1401 tum
1143 1374 1175 1400 ad
1198 1375 1349 1401 custodiam
1369 1375 1526 1404 hominibus
1541 1385 1620 1410 esse;
1633 1386 1716 1413 quam
1731 1380 1768 1406 ob

980 1426 1101 1452 causam,
1117 1419 1196 1446 deum
1218 1420 1302 1452 illum,
1319 1427 1399 1455 quem
1415 1422 1533 1449 Anubim
1548 1424 1700 1457 nominant,
1719 1432 1766 1452 ca-

980 1465 1045 1491 nino
1058 1473 1117 1492 esse
1133 1465 1230 1500 capite,
1258 1470 1286 1493 ut
1306 1474 1367 1493 eum
1390 1466 1505 1495 Osiridis
1531 1473 1558 1495 et
1578 1468 1655 1497 lsidis
1669 1475 1767 1505 prato-

980 1512 1085 1538 rianum
1107 1511 1193 1539 fuisse
1218 1513 1332 1540 militem
1353 1514 1515 1548 significent,
1537 1523 1693 1550 quanquam
1711 1525 1765 1544 non

978 1556 1087 1590 desunt,
1103 1557 1147 1592 qui
1164 1558 1256 1590 velint,
1269 1558 1364 1586 Isidem
1378 1567 1433 1595 quo
1445 1565 1565 1596 tempore
1577 1561 1669 1590 Osirin
1692 1572 1766 1598 qua:-

979 1607 1060 1636 reret,
1076 1608 1225 1637 przeeuntes
1240 1611 1332 1631 secum
1356 1606 1466 1633 duxisse
1483 1614 1575 1640 canes,
1588 1609 1633 1642 qui
1651 1608 1723 1636 feras
1738 1615 1766 1637 et

978 1649 1088 1676 obvium
1111 1657 1246 1685 quemque
1264 1656 1476 1679 summoverent.
1497 1651 1582 1679 Porro
1604 1653 1681 1681 felem
1700 1656 1762 1689 qui-

977 1694 1038 1721 dem
1054 1695 1198 1723 adversum
1215 1696 1326 1730 aspidas
1339 1697 1511 1732 reliquosque
1536 1704 1687 1733 serpentes,
1715 1702 1762 1736 qui

978 1748 1071 1767 morsu
1088 1748 1222 1768 venenum
1235 1741 1389 1773 infundunt,
1403 1743 1542 1776 perutilem
1554 1751 1630 1772 esse:
1649 1745 1763 1773 ichneu-

978 1794 1085 1813 monem
1101 1791 1190 1814 autem
1205 1794 1258 1814 non
1281 1788 1361 1814 modo
1379 1788 1579 1817 crocodilorum
1598 1798 1647 1817 Ova
1672 1796 1764 1818 conte-

978 1840 1046 1865 rere,
1060 1831 1107 1859 scd
1128 1832 1210 1860 etiam
1230 1833 1380 1860 crocodilos
1395 1833 1470 1868 ipsos
1487 1835 1669 1870 exstinguere,
1690 1838 1764 1871 quod

978 1878 1004 1905 in
1023 1885 1102 1905 caeno
1114 1883 1176 1905 ante
1191 1879 1338 1911 volutatus,
1362 1879 1497 1907 inhiantia
1512 1881 1632 1915 ipsorum
1657 1890 1703 1909 ora
1720 1883 1762 1909 i.n-

977 1923 1058 1956 siliat,
1075 1931 1188 1959 quaeque
1211 1928 1304 1951 ventre
1325 1925 1498 1952 continentur
1518 1926 1643 1954 intestina
1670 1935 1763 1956 corro-

977 1971 1032 1997 dat.
1049 1969 1087 1997 Ex
1105 1971 1200 1998 avibus
1217 1971 1310 2004 etiam,
1337 1972 1482 2006 plurimum
1510 1972 1565 2000 ibin
1590 1979 1684 2001 contra
1702 1983 1761 2003 ser-

976 2020 1081 2051 pentes,
1099 2016 1216 2043 locustas
1228 2021 1255 2043 et
1266 2024 1361 2044 erucas
1379 2017 1439 2052 opis
1458 2017 1606 2052 auxiliique
1619 2019 1759 2052 conferre;

976 2069 1026 2088 nec
1040 2062 1130 2088 minus
1151 2061 1306 2096 accipitrem
1322 2066 1416 2089 contra
1429 2062 1585 2096 scorpiones
1598 2071 1630 2090 ac
1642 2069 1762 2101 cerastas

976 2108 1166 2142 minorumque
1184 2107 1331 2135 bestiarum
1344 2108 1450 2143 vulgus,
1465 2116 1527 2143 quae
1545 2116 1638 2136 morsu
1657 2114 1759 2144 pestem

974 2158 1002 2182 ot
1015 2154 1152 2181 interitum
1169 2153 1294 2186 afferunt,
1311 2162 1372 2181 cum
1391 2154 1478 2182 eidem
1493 2158 1622 2189 praeterea
1645 2157 1761 2184 multum

976 2201 1002 2227 in
1020 2200 1142 2234 auguriis
1163 2200 1430 2236 divinationibusque
1453 2201 1606 2233 tribuatur;
1641 2202 1760 2236 aquilam

136 2251 166 2278 τὺ
181 2251 297 2279 παλαιὸν
310 2253 494 2288 ἀφισταμένου
509 2252 563 2279 τῶν
581 2253 722 2288 βασιλέων,
739 2253 785 2279 καὶ
804 2260 924 2287 συμφρο-

978 2247 1101 2280 denique,
1115 2245 1187 2280 quod
1199 2246 1301 2280 regium
1325 2246 1426 2281 aliquid
1442 2254 1497 2281 prae
1509 2254 1538 2273 se
1551 2246 1630 2279 ferat,
1645 2254 1760 2274 venera-

137 2299 245 2331 νοῦντος
256 2299 296 2330 είς
316 2299 346 2326 τὸ
363 2299 460 2335 μηκέτι
481 2299 678 2334 βασιλεύεσθαι,
701 2298 840 2333 ὲπινήσαί
863 2306 923 2324 τινα

135 2343 250 2379 διάφορα
275 2342 434 2378 σεϐάσματα
454 2343 543 2375 αὐτοῖς
564 2343 618 2369 τῶν
647 2342 721 2374 ζώων
755 2342 921 2377 παρασχεῖν,

135 2390 209 2422 ὅπως
231 2389 355 2417 ἑκάστων
373 2389 403 2416 1b
423 2389 473 2425 μὲν
496 2390 560 2424 παρ’
586 2389 679 2420 αὐτοῖς
700 2388 854 2424 τιμώμενον
880 2397 923 2414 σε-

136 2435 281 2471 6ομένων,”ι
291 2435 339 2462 τοῦ
356 2436 384 2462 δὲ
400 2435 475 2472 παρὰ
487 2437 543 2467 τοῖς
556 2435 646 2467 ἄλλοις
668 2434 854 2470 ἀφιερωμὲνου
871 2443 921 2461 κα-

134 2482 349 2518 ταφρονούντων,
370 2482 503 2518 μηδέποτε
519 2481 664 2516 ὁμονοῆσαι
679 2481 809 2507 δύνωνται
823 2480 922 2512 πάντες

134 2529 159 2555 οι
172 2529 233 2555 κατ’
249 2529 395 2563 Αἴγυπτον.
417 2528 500 2555 Ὅταν
515 2528 543 2554 δὲ
560 2527 681 2562 ἀποθάνῃ
704 2536 730 2553 τι
744 2526 797 2552 τῶν
812 2526 922 2562 εἰρημέ-

134 2584 187 2603 νων
198 2573 286 2608 ζώων,
309 2575 406 2602 σινδόνι
421 2574 599 2610 καλύψαντες,
617 2575 663 2601 καὶ
685 2575 743 2610 μετ’
756 2573 877 2609 οἰμωγῆς
888 2573 921 2599 τὰ

232 2619 482 2656 καταπληξάμενοι,
502 2621 530 2646 ὲν
549 2621 634 2656 ἱεραῖς
651 2619 746 2655 θήκαις
764 2619 920 2645 θάπτουσιν.

136 2667 184 2699 ὀς
198 2667 221 2694 δ’
233 2666 266 2694 ἄν
281 2675 309 2693 τι
324 2666 426 2692 τούτων
445 2666 498 2692 τῶν
521 2665 597 2697 ζώων
615 2665 683 2692 ἑκὼν
699 2664 852 2701 διαφθείρῃ,
874 2664 920 2690 θα-

133 2714 202 2750 vino:
229 2713 410 2750 περιπίπτει.
433 2712 502 2749 πλὴν
526 2714 573 2740 ὲάν
600 2713 722 2747 αἴλουρον
749 2712 765 2746 ἢ
795 2711 843 2746 τὴν
869 2711 920 2737 ῐόιν

131 2761 291 2797 dmum.
305 2759 398 2786 Ταῦτα
424 2760 477 2795 γὰρ
505 2760 550 2786 ὲάν
579 2768 607 2785 τε
634 2758 714 2789 ἑκὼν,
731 2757 777 2784 ὲάν
801 2766 829 2784 τε
847 2758 920 2784 ἄκων

130 2806 278 2842 ἀποκτείνῃ
302 2814 356 2837 τις,
382 2806 496 2837 πάντως,
516 2806 622 2840 θανάτῳ
653 2804 822 2840 περιπίπτει.
841 2803 920 2830 Ἀλλὰ

130 2852 192 2888 μὴν,
208 2853 257 2879 καὶ
274 2851 338 2878 καθ’
355 2852 389 2887 ἢν
402 2852 489 2878 οἰκίαν
505 2851 603 2887 εὑρεθῇ
622 2850 694 2877 κύων
711 2849 918 2885 τετελευτηκὼς,

127 2896 261 2935 ξυρῶνται
287 2898 389 2931 πάντες
405 2898 463 2926 ὅλον
479 2898 508 2925 τὸ
526 2898 613 2934 σῶμα,
639 2897 685 2924 καὶ
702 2895 838 2923 ποιοῦνται
857 2896 918 2924 πέν-

975 2292 1041 2318 ιίοηί
1062 2299 1132 2319 esse.
1155 2291 1227 2324 Jam,
1253 2291 1358 2318 hircum
1382 2292 1470 2326 ipsum
1495 2299 1603 2326 quoque
1629 2297 1759 2327 tanquam

972 2338 1052 2364 deum
1073 2338 1107 2364 ab
1133 2337 1187 2365 illis
1208 2337 1330 2364 habitum
1359 2337 1453 2368 fuisse,
1470 2337 1647 2364 nihilominus
1677 2345 1759 2372 quain

972 2383 1099 2418 Priapum
1116 2391 1131 2410 a
1146 2383 1258 2415 Graecis,
1274 2383 1308 2410 ob
1320 2383 1471 2410 membrum
1491 2382 1614 2417 corporis
1629 2382 1661 2408 ad
1680 2390 1759 2416 gene-

973 2430 1105 2457 rationem
1119 2435 1320 2465 comparatum;
1336 2430 1435 2464 quippe
1446 2429 1496 2456 hoc
1512 2429 1658 2455 animantis
1672 2436 1758 2462 genus

973 2476 999 2503 in
1011 2475 1139 2503 Venerem
1153 2483 1270 2511 pronum
1286 2475 1432 2503 admodum
1456 2482 1517 2502 esse
1538 2479 1620 2509 atque
1642 2481 1759 2508 propen-

972 2530 1031 2549 sum
1048 2531 1055 2550 :
1071 2522 1124 2557 50
1138 2522 1211 2548 illam
1229 2529 1293 2548 vero
1307 2526 1410 2556 partem
1426 2519 1558 2554 corporis,
1578 2519 1622 2546 cui
1645 2519 1757 2546 debetur

972 2569 1129 2603 generatio,
1158 2568 1232 2603 quod
1256 2567 1429 2602 potissimum
1463 2566 1623 2593 animalium
1654 2571 1757 2593 naturae

972 2614 1136 2649 principium
1156 2614 1203 2646 sit,
1223 2621 1277 2640 non
1297 2613 1355 2640 sine
1371 2612 1476 2639 ratione
1492 2611 1554 2639 coli.
1574 2611 1606 2638 Et
1619 2619 1684 2638 sane
1694 2618 1758 2646 par-

972 2665 1024 2687 tem
1047 2660 1139 2690 istam,
1166 2660 1188 2686 si
1213 2659 1240 2686 in
1260 2659 1416 2685 universum
1443 2657 1516 2692 loqui
1535 2657 1631 2692 placet,
1651 2665 1704 2684 non
1722 2657 1757 2685 ab

971 2704 1105 2740 Egyptiis
1125 2705 1215 2737 modo,
1234 2704 1280 2731 sed
1302 2703 1336 2731 ab
1349 2704 1409 2731 aliis
1429 2704 1509 2730 ctiam
1524 2703 1658 2738 plerisque
1668 2710 1756 2738 genu-

971 2754 1021 2779 bus
1041 2752 1067 2778 in
1090 2759 1230 2779 sacrorum
1249 2750 1342 2782 initiis,
1362 2755 1455 2785 utpote
1474 2757 1584 2777 causam
1603 2749 1755 2784 generatio-

970 2799 1013 2825 nis
1029 2798 1209 2825 ‘animantium
1227 2805 1286 2824 esse
1317 2801 1514 2829 consecratam,
1536 2797 1665 2830 ipsosque
1686 2796 1755 2823 adeo

971 2845 1135 2875 sacerdotes.
1161 2843 1206 2877 qui
1237 2843 1354 2877 patrium
1383 2843 1410 2869 in
1436 2841 1550 2877 Egypto
1571 2840 1752 2869 sacerdotium

970 2892 1142 2920 hereditario
1168 2890 1246 2926 quasi
1271 2889 1332 2925 jure
1356 2890 1502 2924 accipiant,
1531 2888 1651 2915 numinis
1672 2887 1753 2921 hujus
