2064 3212
308 181 359 208 105

639 173 682 201 ιιι]
688 171 774 200 SEBll
791 169 1032 199 CIESSRIENSIS
1051 170 1082 197 Ol

1144 169 1234 198 rans
1252 171 1284 197 ιι.
1303 186 1337 191 -
1348 165 1598 200 APOLOCETICA.

1869 173 1924 202 1οι

306 233 441 270 mysteriis
460 232 573 260 initiari.
589 232 659 266 Quin
679 231 760 258 etiam
781 235 808 258 et
825 230 913 257 Panas
930 234 957 258 et
978 230 1082 266 Satyros

1138 229 1193 262 θος,
1221 229 1272 257 κᾶν
1297 227 1377 262 οἶνος,
1405 231 1421 266 ἢ
1446 232 1528 264 οἶτος,
1550 232 1567 268 ἦ
1592 240 1618 259 τι
1639 232 1692 259 τῶν
1715 231 1780 268 πρὸς
1799 232 1845 259 τὸν
1863 232 1922 267 βίον

306 280 382 308 aiunt
389 279 510 307 eamdem
519 279 554 306 ob
560 285 669 306 causam
684 277 883 304 venerationem
893 278 927 304 ab
936 277 1091 304 hominibus

305 329 466 352 consecutos
481 331 552 356 esse,
561 331 676 358 quorum
689 322 835 350 simulacra
845 322 977 358 plerique.
991 330 1090 357 magna

305 377 368 398 cum
381 370 518 397 hircorum
538 373 633 397 natura
650 368 838 401 similitudine,
854 369 880 395 in
895 369 1003 403 templis
1018 370 1089 396 arri-

305 417 394 451 gentia
409 415 569 448 dedicarint,
585 415 658 449 quod
676 414 807 441 nimirum
824 414 876 441 hoc
898 414 998 442 animal
1018 415 1089 442 sala-

305 461 444 488 cissimum
459 461 598 488 habeatur.
621 459 720 487 Sacros
747 465 841 488 tauros
854 460 923 495 Apin
935 467 967 488 ac
978 460 1087 488 Mnevin

305 507 376 541 quod
393 506 498 538 attinet,
514 505 620 532 divinos
636 505 703 540 ipsis
719 505 838 533 honores
851 506 973 539 concedi,
988 506 1086 541 partim

304 553 375 587 quod
388 552 497 579 arandae
513 555 592 578 terrae
606 550 735 583 serviant,
751 550 849 586 partim
871 551 944 586 quod
962 551 995 579 iis
1015 551 1089 586 ipsa-

304 607 363 625 rum
375 605 482 632 quoque
498 596 605 631 frugum
627 596 747 622 inventio
760 596 901 623 tribuatur.
919 595 1010 630 Lupos
1023 604 1087 624 vero

304 643 429 670 similiter
441 642 504 674 coli,
518 648 572 668 non
587 640 668 667 modo
684 644 794 675 propter
806 648 877 671 eam,
890 648 971 675 quant
987 641 1087 668 habent

302 696 365 715 cum
387 688 501 715 canibus
527 690 631 713 natura:
658 686 827 719 aﬂinitatem,
851 685 898 714 sed
916 687 998 714 etiam
1013 687 1086 722 quod

1138 276 1292 310 ἀναγκαίων
1307 276 1375 312 τύχῃ
1388 278 1510 312 κείμενον
1531 278 1561 305 ὲν
1583 277 1621 313 τῷ
1641 278 1716 313 οἴκῳ,
1733 278 1782 305 οὐκ
1797 278 1837 305 ἔτι
1853 285 1922 314 χρη-

1139 322 1236 349 σασθαι
1260 322 1351 354 αὐτοῖς
1373 323 1555 358 ὑπομείνειαν.
1574 323 1708 359 Τρέφουσι
1730 323 1759 350 δὲ
1774 323 1820 350 τὸν
1838 325 1922 351 ’Δπιν

1136 369 1166 394 ἐν
1181 368 1302 402 Μέμφει,
1319 367 1367 393 καὶ
1382 367 1426 394 τὸν
1443 368 1544 395 Μνεῦιν
1559 369 1588 394 ἐν
1605 368 1694 394 Ἡλίου
1708 368 1783 394 πόλει
1795 376 1802 383 “
1815 369 1862 394 καὶ
1873 368 1920 396 τὸν

1135 413 1235 448 τράγον
1258 414 1287 439 ὲν
1312 412 1412 448 Μένδῃ,
1430 413 1477 440 καὶ
1491 414 1536 440 τὸν
1552 413 1719 450 κροκόδειλον
1735 415 1764 440 ὲν
1782 415 1815 449 τῇ
1831 415 1922 450 Μύρι-

1135 459 1179 491 δος
1194 459 1286 494 λίμνῃ,
1299 459 1345 485 καὶ
1364 459 1398 486 τὰ
1421 459 1501 486 λοιπὰ
1517 459 1598 496 θηρία
1612 461 1641 486 ὲν
1658 461 1738 496 ἱεροῖς
1755 460 1919 496 περιϐόλοις,

1135 503 1274 539 σεμίδαλιν
1295 503 1503 540 προσφέροντες,
1517 502 1662 540 ἢ·χόνδρον
1683 505 1791 540 ἕψοντες
1817 507 1846 532 ἐν
1868 506 1920 540 γά-

1135 549 1223 581 λακτι,
1233 549 1281 576 καὶ
1294 549 1425 585 πέμματα
1441 550 1596 577 παντοδαπὰ
1612 551 1700 586 μέλιτι
1718 550 1858 586 φύροντες,
1870 553 1918 579 καὶ

1134 595 1203 630 κρέα
1215 595 1319 630 χήνεια,
1337 595 1370 622 τὰ
1396 595 1446 630 μὲν
1469 596 1589 631 ἕψοντες,
1603 596 1637 623 τὰ
1648 596 1675 623 δὲ
1692 596 1836 629 ὀπτῶντες.
1854 598 1918 629 Τοῖς

1134 641 1163 667 δὲ
1179 640 1338 676 ὠμοφάγοις
1352 641 1436 668 πολλὰ
1452 641 1504 668 τῶν
1526 642 1627 678 ὀρνέων
1645 642 1855 678 παραϐάλλουσι,
1870 644 1918 670 καὶ

1134 686 1241 722 θηλείας
1256 687 1361 722 ἑκάστῳ
1378 687 1430 713 τῶν
1447 687 1523 720 ζώων
1539 688 1588 720 τὰς
1605 688 1790 725 εὐειδεστάτας
1807 689 1918 724 συντρέ-

302 733 378 766 olim,
396 732 533 766 inquiunt,
558 730 628 757 Iside
648 737 709 757 cum
731 729 786 757 Oro
802 730 858 757 lilio
876 730 1008 758 adversus
1032 729 1082 766 Ty-

1131 741 1237 767 φουσιν,
1254 732 1287 764 ἃς
1311 733 1475 765 παλλακίδας
1501 734 1843 770 προσαγορεύουσιν.“οταν
1859 735 1886 762 δὲ
1903 738 1918 763 ὁ

302 779 419 814 phonem
434 778 604 810 dimicatura,
623 777 678 804 lilio
701 776 782 804 simul
801 779 829 802 et
847 775 926 803 uxori
947 777 1084 811 suppetias

302 826 337 852 ab
351 825 445 852 inieris
460 824 595 851 excitatus
611 828 639 853 et
657 823 713 857 lupi
731 822 817 849 forma
835 827 922 850 tectus
935 821 1022 850 Osiris
1041 827 1084 850 tu-

1134 779 1216 811 ’Δπις
1241 779 1403 815 τελευτήσας
1429 781 1500 815 ταφῇ
1529 779 1760 815 μεγαλοπρεπῶς,
1789 780 1917 816 ζητοῦσιν

1131 824 1224 860 ἕτερον
1247 825 1354 860 ὅμοιον·
1373 825 1438 852 ὅταν
1459 825 1488 851 δὲ
1510 825 1620 860 εὑρεθῇ,
1634 826 1668 852 τὰ
1685 826 1733 861 μὲν
1756 826 1844 862 πλήθη
1868 826 1915 854 τοῦ

301 871 387 899 lisset.
411 870 570 904 Quanquam
593 869 639 897 alii
664 869 776 896 tradunt
796 868 950 904 Ethiopes.
969 876 1032 896 cum
1054 869 1082 896 in

1131 869 1207 902 δέους
1228 870 1389 898 ἀπολύονται
1405 870 1452 897 καὶ
1468 870 1515 896 τοῦ
1532 870 1645 902 πένθους
1656 879 1662 885 ·
1679 871 1774 905 ἄγεται
1791 871 1820 898 δι
1835 873 1850 898 ό
1867 872 1917 908 μό-

302 916 447 952 Egyptum
472 915 678 947 incubuissent,
706 922 722 942 a
748 915 874 949 luporum
910 914 1082 943 multitudine

1132 923 1194 951 σχος
1217 915 1325 951 πρῶτον
1349 917 1389 948 είς
1413 917 1510 943 Νείλου
1535 916 1620 943 πόλιν,
1636 916 1690 943 Καὶ
1710 916 1770 943 τότε
1793 906 1873 952 μόνον
1888 918 1917 944 αἱ

307 962 426 997 pessime
438 965 549 989 vexatos
563 966 590 988 et
604 961 631 988 in
647 960 737 996 fugam
750 965 826 987 actos
846 960 941 994 fixisse,
964 959 990 987 id
1009 960 1084 995 quod

300 1009 382 1036 etiam
405 1008 430 1034 in
460 1014 542 1035 causa
567 1007 659 1039 fuerit,
682 1015 731 1034 cur
752 1014 784 1034 ea
807 1006 881 1041 regio
893 1006 1083 1041 Lycopolitana

301 1055 443 1081 diceretur.
469 1053 673 1080 ()rocodilorum
701 1052 903 1080 venerationem
932 1052 1084 1078 institutam

299 1107 371 1132 esse,
388 1099 460 1134 quod
477 1106 570 1126 eorum
593 1103 667 1126 metu
688 1098 795 1125 Arabia:
809 1097 952 1133 Libyaeque
965 1097 1084 1125 latrones

299 1144 390 1172 Nilum
405 1144 589 1172 transmittere
602 1151 656 1171 non
677 1143 793 1170 audeant
806 1151 814 1170 :
836 1147 863 1170 et
877 1150 961 1170 unum
975 1143 1083 1176 quidem

300 1191 358 1218 suis
372 1197 388 1218 e
401 1190 520 1226 regibus,
542 1194 571 1216 ut
586 1196 684 1216 canum
709 1195 823 1216 suorum
840 1189 970 1223 impetum
985 1195 1018 1216 ac
1037 1195 1083 1215 ra-

299 1237 371 1264 biem
385 1235 524 1270 eﬂ'ugcret,
540 1242 602 1262 cum
616 1235 643 1261 in
654 1234 779 1269 paludem
794 1233 973 1269 confugisset,
992 1241 1008 1261 a
1022 1240 1084 1261 cro-

299 1282 389 1311 codilo
403 1283 522 1317 quodam
539 1286 638 1316 printer
651 1280 881 1316 exspectationem
894 1279 990 1307 leniter
1000 1287 1082 1307 exce-

299 1334 387 1364 ptum,
411 1333 494 1363 atque
523 1328 550 1355 iu
584 1327 739 1354 ulteriorem
776 1327 863 1361 ripam
900 1330 1082 1353 transvectum

299 1374 394 1402 fuisse.
419 1373 467 1401 llis
484 1374 551 1401 alias
565 1381 674 1409 quoque
695 1374 837 1400 brutorum
852 1371 1011 1399 animalium
1024 1371 1081 1399 culo

299 1424 343 1448 tus
361 1422 480 1447 rationes
504 1419 643 1454 adjiciunt.
668 1417 814 1446 Enimvero
827 1437 834 1450 ,
853 1424 916 1445 cum
935 1425 950 1445 ο
973 1417 1082 1453 regibus

298 1466 362 1493 olim
375 1465 521 1493 multitudo
535 1465 688 1499 defecisset,
705 1465 816 1500 jamque
835 1464 869 1491 de
885 1463 1004 1491 tollendo
1021 1462 1082 1490 l‘un-

298 1511 372 1539 ditus
389 1511 464 1546 regio
477 1511 620 1538 dominatu
641 1509 843 1545 conspiratione
855 1508 926 1536 facta
940 1508 1080 1544 cogitaret,

298 1558 325 1585 id
341 1557 375 1584 ab
389 1557 480 1592 aliquo
492 1557 607 1584 solerter
620 1556 771 1589 inventum,
798 1556 837 1583 uti
864 1555 953 1582 varios
970 1554 1023 1582 illis
1048 1562 1081 1582 ac

297 1604 484 1638 discrepantes
496 1602 672 1629 colendorum
681 1601 861 1628 animantium
872 1600 941 1628 ritus
952 1600 1080 1633 traderet,

298 1653 328 1676 ut
341 1656 403 1676 cum
419 1648 534 1683 singulis
552 1655 618 1675 suos
634 1647 736 1682 quique
754 1646 906 1674 animantes
918 1651 946 1674 et
958 1646 1081 1682 religiose

298 1695 428 1726 colerent,
449 1699 475 1722 et
494 1699 667 1721 consecratos
685 1694 719 1720 ab
734 1694 794 1721 aliis
809 1693 991 1728 repudiarent.
1012 1700 1081 1720 nun-

297 1748 379 1776 quam
401 1740 535 1768 universae
558 1740 640 1767 totius
660 1739 767 1776 ,Ευριί
786 1739 952 1774 praefectura;
973 1739 999 1766 iu
1018 1746 1079 1766 mu-

299 1789 372 1812 tuam
384 1784 559 1812 consiliorum
572 1785 793 1819 voluntatumque
805 1784 960 1812 societatem
973 1789 1001 1811 et
1016 1792 1080 1812 con-

296 1830 464 1866 junctionem
474 1831 566 1857 venire
579 1835 702 1865 possent.
713 1829 785 1863 Jam,
795 1830 840 1857 ubi
852 1830 1010 1857 animalium
1018 1831 1081 1857 isto-

298 1885 358 1904 rum
367 1877 475 1912 aliquod
483 1877 643 1904 exstinctum
651 1881 700 1909 est,
714 1877 800 1910 ipsum
813 1876 894 1903 linteo
902 1881 1023 1911 opertum
1035 1885 1080 1904 sa-

298 1923 388 1951 crisin
399 1920 484 1950 thecis
493 1930 555 1950 cum
565 1922 664 1958 ingenti
675 1923 749 1950 luctu
761 1923 924 1957 planctuque
934 1923 1079 1957 sepeliunt.

298 1968 349 2004 δι
367 1967 444 2002 Quod
463 1968 487 1995 si
499 1967 560 2003 quis
585 1975 680 1995 eorum
692 1967 838 2003 quodpiam
850 1974 946 2003 sponte
962 1969 1079 2004 dataque

299 2020 382 2048 opera
401 2013 540 2045 occiderit,
554 2017 642 2041 morte
652 2013 807 2040 damnatur.
825 2012 915 2041 Felem
928 2018 1019 2041 autem
1034 2014 1077 2041 vel

297 2059 354 2088 ibin
373 2060 498 2095 quisquis
526 2059 584 2087 sive
607 2060 735 2094 prudens,
749 2060 806 2087 sive
829 2060 984 2094 imprudens
1006 2067 1079 2095 pere-

298 2107 389 2138 merit,
405 2106 477 2134 circa
494 2106 602 2133 veniam
617 2112 725 2132 omnem
734 2105 831 2140 capitis
846 2105 1076 2140 suppliciumluit.

297 2152 440 2184 Praeterea,
454 2159 625 2186 quacumque
638 2151 666 2178 in
685 2151 766 2179 domo
781 2151 931 2179 exstinctus
947 2153 1022 2180 canis
1037 2160 1079 2180 re-

297 2202 392 2233 pertus
421 2197 511 2229 fuerit,
538 2204 638 2231 corpus
652 2201 738 2224 totum
755 2197 789 2224 ad
819 2202 908 2224 cutem
924 2205 1010 2233 usque
1035 2206 1078 2226 ra-

298 2243 392 2271 dentes
408 2243 435 2270 in
449 2243 523 2270 luctu
542 2247 686 2270 versantur
699 2242 832 2275 universi,
859 2249 890 2269 ac
908 2242 971 2270 licet
983 2243 1076 2270 vinum
1096 2256 1117 2284 υ

298 2293 345 2316 aut
360 2288 535 2321 frumentum,
550 2294 597 2316 aut
615 2288 715 2323 aliquid
723 2288 797 2315 aliud
811 2289 969 2316 necessaria:
977 2289 1077 2316 victum

297 2342 413 2363 annona
423 2331 572 2369 repositum
591 2335 618 2361 in
638 2334 741 2361 aedibus
765 2333 818 2362 illis
834 2333 924 2366 fuerit,
939 2341 973 2362 eo
987 2339 1078 2362 tamen

298 2380 349 2407 sibi
366 2387 445 2407 nemo
461 2386 572 2414 prorsus
586 2379 624 2405 uti
643 2378 682 2406 fas
695 2378 722 2405 in
737 2383 874 2413 posterum
888 2386 949 2406 esse
964 2379 1080 2407 arbitra-

299 2430 352 2453 tur.
363 2425 496 2453 Caeterum
509 2424 626 2460 Memphi
638 2425 746 2459 quidem
764 2425 844 2460 Apin,
857 2424 963 2452 Mneviu
987 2431 1077 2454 autent

299 2473 325 2500 in
340 2472 411 2500 Solis
421 2472 530 2500 civitate
546 2472 638 2504 alunt;
655 2470 758 2498 Menda:
781 2471 899 2504 hircum,
912 2472 1077 2499 crocodilum

298 2519 326 2546 in
353 2518 463 2554 Myridis
489 2518 596 2553 palude,
624 2522 738 2545 ceteras
768 2517 869 2544 bestias
892 2517 920 2544 in
937 2525 1077 2545 sacrorum

298 2563 478 2599 quorumdam
491 2567 628 2597 scptorum
643 2563 757 2594 ambitu,
774 2562 874 2597 quibus
885 2562 1013 2595 similam,
1031 2566 1078 2589 aut

298 2607 398 2635 elixum
415 2607 484 2634 lacte.
493 2607 645 2634 cliondrum
667 2615 698 2634 ac
711 2607 848 2641 placentas
867 2606 956 2634 omnis
971 2607 1077 2642 generis

298 2661 360 2681 cum
376 2653 511 2681 anserinis
526 2654 652 2681 carnibus
669 2654 765 2688 partim
783 2653 873 2685 elixis,
895 2653 992 2688 partim
1007 2654 1078 2681 assis

299 2699 442 2734 objiciunt.
473 2698 508 2726 lis
532 2704 633 2732 autem,
650 2707 711 2734 quae
733 2699 816 2726 cruda
832 2703 989 2731 vescuntur,
1014 2706 1078 2726 aves

298 2745 447 2772 obtrudunt
461 2752 542 2780 quam
554 2745 686 2779 plurimas
700 2744 868 2779 feminasque
882 2744 1078 2778 pulcherrimas

300 2797 362 2817 cum
379 2790 493 2825 singulis
509 2790 628 2818 maribus
638 2789 789 2821 enutriunt,
812 2796 881 2824 quas
903 2789 1014 2824 pollices
1028 2795 1079 2815 no-

1132 962 1258 995 γυναῖκες
1270 961 1351 988 αὑτὸν
1364 961 1446 997 ὁρῶσι
1463 961 1533 988 κατὰ
1549 961 1692 996 πρόσωπον
1705 962 1856 997 ἱστάμεναι,
1868 962 1917 990 καὶ

1131 1006 1297 1034 δεικνύουσιν
1309 1007 1511 1043 ἀνασυράμεναι
1526 1007 1561 1034 τὰ
1581 1006 1683 1033 ἑαυτῶν
1701 1008 1846 1043 γεννητικὰ
1867 1009 1918 1044 μό-

1133 1061 1189 1089 ρια.
1211 1053 1262 1080 Τὸν
1285 1053 1313 1079 δὲ
1340 1053 1432 1088 ἕτερον
1458 1053 1553 1089 χρόνον
1579 1053 1696 1086 ἄπαντα,
1724 1054 1916 1090 κεκωλυμένον

1133 1099 1205 1125 ἐστὶν
1226 1099 1265 1131 είς
1284 1098 1346 1133 ὄψιν
1362 1099 1447 1131 αὐτὰς
1463 1098 1590 1135 ἔρχεσθαι
1606 1098 1693 1135 τούτῳ
1708 1099 1746 1136 τῷ
1766 1099 1830 1135 θεῷ.
1847 1100 1917 1128 Φασὶ

1131 1147 1160 1174 δὲ
1176 1147 1225 1183 τὴν
1239 1147 1286 1174 τοῦ
1310 1147 1440 1183 Ὀσίριδος
1459 1147 1547 1183 ψυχὴν
1566 1148 1605 1180 εἰς
1617 1147 1711 1174 τοῦτον
1726 1148 1794 1182 μετὰ
1808 1148 1858 1184 τὴν
1871 1157 1916 1174 τε-

1131 1194 1226 1230 λευτὴν
1244 1193 1419 1229 μεταστῆναι.
1438 1193 1554 1230 Τοιαύτη
1567 1193 1614 1221 καὶ
1630 1193 1813 1229 ήΔίγυτι-τίων
1828 1194 1916 1229 ἀσχή-

1133 1249 1191 1276 μων
1207 1239 1320 1275 ἀθεότης
1338 1240 1436 1275 μᾶλλον
1453 1239 1469 1275 ἢ
1485 1240 1616 1274 θεολογία,
1633 1241 1701 1275 πρὸς
1712 1241 1745 1277 ἢν
1762 1240 1810 1266 καὶ
1824 1239 1855 1266 τὸ
1871 1241 1916 1266 ὲν-

1132 1285 1255 1313 ίστασθαι
1264 1283 1441 1321 αἱσχρόν.⁷ι1ς
1452 1285 1499 1312 καὶ
1506 1285 1617 1318 εἰκότως
1628 1286 1845 1317 καταπτύσαντες
1854 1286 1917 1312 ἀνε-

1130 1331 1305 1366 χωρήσαμεν,
1322 1330 1454 1367 λύτρωσιν
1476 1331 1521 1357 καὶ
1538 1330 1692 1367 ἐλευθερίαν
1708 1332 1761 1359 τῶν
1777 1331 1914 1359 τοσούτων

1130 1376 1222 1403 κακῶν
1236 1376 1383 1412 οὐδετέρως
1399 1376 1554 1412 εὑράμενοι,
1572 1376 1588 1412 ἢ
1605 1376 1648 1404 διὰ
1665 1377 1748 1413 μόνης
1762 1377 1810 1412 τῆς
1827 1385 1916 1414 σωτη-

1132 1422 1189 1458 ρίου
1200 1423 1248 1449 καὶ
1260 1423 1440 1458 εύαγγελικῆς
1454 1422 1636 1455 διδασκαλίας,
1650 1423 1699 1458 τῆς
1723 1423 1771 1455 τὰς
1795 1422 1915 1454 διανοίας

1129 1468 1240 1502 τυφλοῖς
1260 1468 1309 1503 τὴν
1325 1468 1469 1503 ἀνάϐλεψιν
1492 1469 1748 1505 εύαγγελισαμένης.
1763 1469 1870 1496 Τούτων
1885 1469 1915 1496 δὲ

1130 1513 1220 1540 αὐτῶν
1238 1512 1287 1545 τὰς
1309 1514 1472 1549 σεμνοτέρας
1495 1513 1526 1549 δὴ
1549 1513 1662 1550 θεωρίας
1678 1522 1706 1540 τε
1730 1514 1777 1541 καὶ
1792 1514 1915 1548 φυσιολο-

1131 1559 1202 1593 γίας,
1214 1559 1310 1595 μικρδν
1324 1559 1435 1595 ὕστερον
1449 1560 1661 1595 ἐπισκεψόμεθα,
1673 1560 1741 1587 ἐπὰν
1753 1561 1799 1588 καὶ
1810 1561 1842 1588 τὰ
1855 1560 1915 1587 Ἐλ-

1133 1603 1228 1639 ληνικὰ
1241 1603 1419 1639 διαλάϐωμεν.
1436 1604 1513 1631 Οὕτω
1529 1604 1594 1640 δῆτα
1610 1605 1711 1640 ἀναμὶξ
1727 1605 1913 1640 Αἰγυπτιακῆς

1132 1648 1199 1683 όμοῦ
1216 1649 1263 1675 καὶ⁹
1281 1649 1436 1684 Φοινικικῆς
1452 1649 1656 1686 συνδραμούσης
1681 1649 1851 1685 μυθολογίας,
1868 1658 1914 1676 κε-

1133 1694 1268 1729 κράτηκεν
1282 1694 1393 1726 εἰκότως
1409 1694 1484 1730 παρὰ
1504 1696 1559 1727 τοῖς
1578 1695 1711 1728 πλείστοις
1729 1695 1783 1722 τῶν
1796 1694 1879 1722 ἐθνῶν
1895 1696 1912 1730 ἡ

1131 1740 1179 1775 τῆς
1194 1741 1310 1772 παλαιᾶς
1321 1741 1423 1776 πλάνης
1434 1740 1636 1776 δεισιδαιμονία.
1647 1741 1726 1768 Ἀλλὰ
1737 1741 1790 1777 γὰρ
1803 1741 1912 1768 λεκτέον

1131 1787 1178 1813 καὶ
1194 1786 1228 1813 τά
1244 1786 1387 1822 Ἑλλήνων.
1405 1786 1444 1814 Τὰ
1461 1786 1510 1822 μὲν
1535 1786 1566 1822 δὴ
1590 1786 1676 1822 σεμνὰ
1693 1787 1743 1822 τῆς
1758 1786 1913 1822 Δίγυπτίων

1132 1833 1301 1868 μυθολογίας,
1316 1833 1361 1860 τὸν
1383 1832 1546 1868 προτεθέντα
1570 1833 1728 1869 περιείληφε
1753 1833 1864 1869 τρόπον,
1878 1832 1914 1858 τΞι

1129 1879 1159 1905 δὲ
1178 1878 1329 1913 Ἑλληνικά,
1342 1878 1382 1905 ὃτι
1405 1878 1506 1905 τούτων
1530 1879 1620 1905 αὐτῶν
1640 1878 1840 1913 άποσπάσματα
1863 1877 1913 1904 καὶ

1131 1925 1349 1960 παρακούσματα
1372 1925 1511 1961 τυγχάνει,
1525 1926 1683 1962 προείρηται
1707 1926 1755 1962 μὲν
1771 1924 1911 1956 πολλάκις,

1131 1970 1176 1996 καὶ
1201 1970 1244 1997 διὰ
1261 1970 1311 2005 τῆς
1329 1970 1383 1997 τῶν
1405 1971 1588 2006 προτεθέντων
1605 1970 1783 2006 συγγραφέων
1796 1969 1912 2004 διαγνώ-

1131 2025 1208 2048 σεως.
1223 2016 1260 2043 Οὐ
1279 2016 1332 2052 μὴν
1344 2016 1411 2043 ἀλλὰ
1423 2016 1470 2043 καὶ
1486 2015 1516 2048 ἐξ
1527 2016 1610 2052 αὐτῆς
1625 2015 1676 2051 τῆς
1689 2015 1844 2051 Ἑλληνικῆς
1854 2014 1912 2042 θεο-

1129 2060 1221 2097 λογίας
1244 2061 1341 2096 γένοιτ¹
1358 2061 1391 2089 ἂν
1417 2062 1537 2098 ἔκδηλον,
1554 2061 1729 2096 ἐπαγομένων
1747 2062 1777 2087 ὲν
1797 2063 1855 2093 ταῖς
1870 2062 1910 2088 οἰδ

1130 2109 1217 2140 κείαις
1231 2109 1295 2144 περὶ
1308 2108 1375 2135 θεῶν
1385 2109 1556 2144 ἀναγραφαῖς
1571 2106 1673 2134 οἴκοθεν
1692 2106 1741 2142 μὲν
1757 2107 1842 2138 οὐδὲν,
1852 2108 1911 2139 ταῖς
1948 2112 1951 2114 “

1129 2155 1157 2181 δὲ
1181 2154 1235 2182 τῶν
1256 2153 1354 2186 ἔξωθεν
1371 2153 1587 2190 περιπιπτόντων
1604 2151 1785 2188 μυθολογίαις.
1803 2152 1910 2184 Ξοάνοις

1129 2209 1158 2227 τε
1179 2201 1234 2236 γὰρ
1257 2201 1312 2232 τοῖς
1337 2200 1544 2236 παραπλησίοις,
1558 2200 1605 2226 καὶ
1622 2200 1780 2235 μυστηρίοις
1790 2201 1846 2231 τοῖς
1862 2200 1912 2225 αὖ-

1129 2248 1185 2278 τοῖς
1196 2246 1399 2272 ἀποδείκνυνται
1413 2245 1610 2281 συγχρώμενοι,
1622 2245 1659 2277 ὡς
1668 2245 1755 2272 ἔνεστι
1772 2245 1911 2281 μαθεῖνρκ

1130 2292 1179 2326 τῆς
1196 2292 1260 2326 περὶ
1274 2290 1375 2318 τούτων
1393 2291 1525 2326 ἱστορίας,
1539 2291 1572 2326 ἢν
1585 2292 1599 2318 ό
1618 2289 1666 2322 τὰς
1684 2290 1854 2326 βιϐλιοθήκας
1866 2290 1911 2317 ἐπὶ

1130 2337 1226 2364 ταύτὸν
1240 2333 1306 2372 ὸμοῧ
1322 2336 1489 2371 συναγαγὼν,
1500 2334 1530 2364 οὗ
1541 2337 1588 2363 καὶ
1599 2336 1714 2372 πρόσθεν
1724 2336 1910 2372 ἐμνημόνευσα

1131 2384 1201 2410 κατὰ
1223 2383 1253 2409 τὺ
1268 2383 1359 2419 τρίτον
1376 2382 1423 2410 καὶ
1437 2383 1566 2420 τέταρτον
1581 2383 1629 2418 τῆς
1649 2382 1812 2418 δηλωθείσης
1827 2382 1910 2409 αὑτοῦ

1132 2428 1320 2464 πραγματείας
1336 2429 1446 2464 ίστορεῖ,
1459 2428 1508 2464 τὴν
1533 2429 1583 2464 τῆς
1606 2428 1725 2464 ιστορίας
1755 2427 1840 2464 ἀρχὴν
1857 2429 1910 2455 ἀπὸ

1130 2473 1183 2499 τῶν
1191 2473 1236 2500 τοῦ
1245 2473 1356 2508 Κάδμου
1369 2473 1472 2509 χρόνων
1487 2473 1677 2508 πεποιημένος.
1688 2472 1737 2500 Τὸν
1749 2473 1777 2499 δὲ
1790 2473 1908 2509 Κάδμον,

1132 2518 1201 2554 μετὰ
1217 2519 1334 2546 Μωῡσέα
1356 2519 1480 2553 γενέσθαι
1503 2519 1530 2546 αἱ
1553 2519 1674 2555 ἀκριϐεῖς
1695 2518 1748 2545 τῶν
1765 2527 1910 2554 χρονογρα-

1130 2565 1198 2600 φιῶν
1218 2565 1369 2601 παριστῶσι
1390 2565 1518 2601 διαδοχαὶ,
1533 2565 1570 2597 ὡς
1586 2564 1656 2591 κατὰ
1671 2564 1764 2601 καιρὸν
1780 2565 1909 2598 ἐπιδείξο-

1131 2620 1191 2645 μεν,
1209 2611 1279 2637 ὧστε
1306 2612 1353 2638 καὶ
1377 2611 1431 2638 τῶν
1448 2609 1610 2646 Ἑλληνικῶν
1623 2610 1690 2636 θεῶν
1703 2609 1908 2636 ἀποδείκνυσθαι

1128 2655 1174 2683 τὸν
1186 2657 1304 2684 Μωῦσέα
1321 2658 1475 2692 προτερεῖνσ
1487 2657 1511 2682 εί
1524 2655 1556 2690 δὴ
1570 2655 1622 2690 πρὸ
1635 2654 1745 2689 Κάδμου
1760 2653 1809 2690 μὲν
1822 2652 1908 2686 οὗτος,

1129 2703 1152 2728 οι
1169 2702 1197 2728 δὲ
1214 2702 1269 2728 θεοὶ
1285 2702 1410 2738 νεώτεροι
1435 2701 1484 2736 τῆς
1509 2700 1619 2736 Κάδμου
1640 2700 1782 2734 γεγονότες
1803 2700 1909 2735 ἡλικίας

1129 2746 1432 2780 ὰναφαίνονται.¹Ακουε
1444 2746 1467 2772 δ’
1477 2744 1522 2772 οὖν
1536 2745 1590 2771 τῶν
1603 2745 1648 2772 τοῦ
1663 2745 1840 2781 συγγραφέως
1854 2753 1910 2781 φω-

1130 2798 1193 2817 νων.

295 2830 401 2858 minare
419 2832 517 2859 solent.
537 2834 572 2858 At
592 2838 656 2858 vero
675 2831 725 2866 Αρὶ
744 2832 884 2867 magniﬁce
903 2836 964 2866 post
983 2836 1097 2859 mortem
1117 2831 1286 2867 consepulto,
1306 2831 1420 2858 alterum
1439 2830 1464 2858 ei
1483 2830 1647 2865 persimilem
1668 2836 1806 2864 quarunt;
1827 2839 1916 2866 eoque

295 2883 418 2914 reperto,
447 2885 519 2907 metu
547 2879 663 2914 populus
688 2880 833 2908 universus
861 2879 989 2915 luctuque
1014 2880 1153 2908 liberatur.
1176 2879 1281 2907 Vitulus
1311 2884 1400 2906 autem
1430 2878 1547 2912 primum
1568 2878 1594 2904 in
1614 2876 1665 2906 Nili
1684 2878 1817 2906 civitatem
1837 2879 1915 2906 duci-
