2064 3212
212 148 259 176 105
804 148 965 176 ΡῐίέΕΡΑῐί.

1034 148 1112 176 ANG.
1129 148 1194 176 LIB.
1215 150 1247 177 11.
1792 151 1843 181 106

209 211 259 234 tur,
271 213 303 231 ac
329 210 386 231 tum
404 205 517 240 quidem
542 206 608 233 solis
636 207 797 234 mulieribus
816 215 878 234 eum
909 207 999 234 videre
1023 208 1095 238 licet.
1110 216 1172 243 qure
1186 215 1276 236 coram
1298 208 1424 235 sistentcs
1444 216 1504 236 sese
1522 209 1642 237 reductis
1661 210 1783 238 vestibus
1794 211 1843 239 ho-

210 257 299 280 :estas
320 252 372 286 ipsi
390 257 486 286 partes
508 254 665 284 ostendunt.
687 261 719 280 ac
750 254 876 288 deinceps
901 255 936 281 ab
963 255 1037 281 omni
1060 263 1174 290 prorsus
1199 255 1320 288 ejusdem
1351 252 1472 282 numinis
1509 261 1619 291 aspectu
1649 257 1841 284 excluduntur.

207 299 294 333 Hujus
308 305 399 326 autem
414 300 442 327 in
455 308 557 334 corpus
570 300 690 328 Osiridis
713 302 766 328 vita
798 301 883 328 functi
907 303 1028 329 animum
1056 303 1263 338 transmigrasse
1279 303 1364 330 aiunt.
1394 302 1455 330 Haec
1470 303 1514 330 illa
1532 308 1573 331 est
1595 302 1786 338 Egyptiorum
1797 303 1840 330 di-

205 346 327 372 vinitatis
355 347 448 373 omnis
474 347 572 380 ejectio
598 347 699 381 potius,
724 355 809 381 quam
823 347 968 382 theologia,
988 356 1020 375 eo
1050 356 1137 383 usque
1154 348 1263 376 infamis
1277 354 1350 376 certe
1362 349 1483 384 quidem,
1496 354 1525 376 ut
1538 350 1578 376 vel
1594 357 1655 377 eam
1670 349 1840 383 argumentis

203 399 361 427 oppugnare
381 397 458 427 turpe
488 393 618 420 videatur.
648 393 723 421 llanc
739 402 789 421 nos
811 394 872 428 jure
900 402 966 421 sane
989 403 1022 422 ac
1052 395 1150 422 merito
1179 395 1357 430 respuendum
1382 396 1461 423 nobis
1486 395 1737 430 repudiandamque
1761 400 1840 430 puta-

204 443 306 471 vimus,
340 443 388 476 qui
423 446 513 468 tamen
549 450 601 468 non
629 442 680 469 alia
706 446 843 469 tantorum
875 442 1012 469 malorum
1030 443 1220 477 scelerumque
1243 443 1424 478 tyrannidem,
1452 451 1534 478 quam
1563 443 1692 472 salutaris
1709 442 1790 470 unius
1815 447 1841 470 et

203 488 366 522 evangeliea:
394 488 526 515 doctrina:
556 489 582 514 vi
610 489 793 519 exeussimus,
823 496 884 522 quae
909 493 1002 515 meme
1017 489 1164 524 animoque
1194 489 1274 516 caecis
1291 490 1398 517 videndi
1416 489 1574 517 facultatem
1599 489 1714 516 feliciter
1728 497 1840 516 annun-

202 533 262 560 tiat.
279 534 358 567 Quod
376 538 511 569 superest,
539 534 599 562 illas
615 542 723 569 quoque
742 542 831 561 rerum
856 534 1021 561 naturalium
1039 535 1169 567 rationes,
1191 543 1307 569 quarum
1330 535 1514 563 honestiorem
1548 535 1630 570 paulo
1663 535 1781 570 speciem
1796 535 1838 562 in-

201 581 291 609 fandis
313 581 673 616 religionibusobtendunt.
698 581 873 617 postmodum
893 582 1098 616 expendemus.
1125 581 1148 609 si
1170 587 1260 609 tamen
1287 581 1364 616 prius
1385 582 1418 609 de
1437 581 1592 609 Graecorum
1616 581 1698 608 etiam
1734 581 1834 608 rituum

201 627 396 662 superstitione
434 627 675 661 disputaverimus.
714 626 880 658 Enimvero,
917 634 979 654 cum
1011 634 1095 654 unum
1118 626 1228 662 aliquod
1247 627 1328 654 veluti
1355 634 1456 662 corpus
1484 627 1557 654 hunc
1576 627 1605 654 in
1632 627 1743 653 modum
1756 627 1838 654 exsti-

200 674 289 705 tisset,
312 682 345 701 ex
375 675 504 709 permista
524 674 725 702 Phreniciarum
746 674 990 710 Egyptiarumque
1007 674 1168 702 fabellarum
1196 676 1326 703 varietate
1354 675 1512 707 conﬂatum,
1535 675 1634 702 mirum
1657 682 1723 701 sane
1745 674 1832 702 rideri

200 727 255 746 non
284 720 373 751 debet,
403 721 425 748 si
455 721 556 748 erroris
579 722 682 756 antiqui
711 721 869 756 superstitio
897 722 992 758 perdiu
1010 722 1093 750 fuerit
1117 723 1187 758 apud
1205 727 1297 758 gentes
1326 723 1469 758 plerasque
1492 722 1641 749 dominata.
1670 722 1716 749 Sic
1736 722 1828 757 igitur,

200 767 338 799 quomodo
356 772 417 794 ante
445 768 570 800 narravi,
600 768 706 802 egregia
730 776 790 796 sese
819 769 1007 805 Egyptiorum
1038 773 1192 797 commenta
1218 769 1369 804 fabulaeque
1396 769 1556 795 habuerunt.
1576 768 1628 803 52
1650 768 1726 796 Nunc
1748 774 1778 797 ut
1793 770 1828 797 de

200 813 302 841 Graecis
333 813 435 849 aliquid
462 813 596 845 dicamus,
627 815 693 842 ordo
710 816 851 850 'postulat.
875 815 909 842 Et
934 823 1093 850 quanquam
1122 816 1189 844 istas
1208 815 1282 842 aliud
1303 823 1364 843 esse
1390 815 1457 842 nihil
1479 823 1561 850 quam
1587 815 1736 849 fragmenta
1759 824 1834 850 quae-

200 861 273 892 dam,
295 861 471 896 invectasque
497 869 636 897 perperam
665 867 691 889 et
721 863 809 890 alieno
843 870 924 890 sensu
958 866 1079 890 Veterum
1106 863 1212 890 illarum
1242 862 1496 897 interpretationes,
1516 862 1632 896 ipsumet
1656 862 1712 896 jam
1733 862 1832 896 saepius

200 905 372 934 laudatorum
400 908 563 942 scriptorum
587 909 748 936 auctoritate
769 909 928 944 iudicioque
946 909 1136 941 ostendimus;
1160 909 1185 935 id
1207 909 1294 943 ipsum
1319 913 1408 935 tamen
1434 908 1566 942 producta
1592 908 1617 934 in
1643 909 1729 935 lucem
1758 907 1832 936 Grae-

201 962 296 983 corum
313 956 455 983 hominum
467 955 602 990 theologia
616 955 717 982 clarius
729 956 869 990 apparebit
890 965 896 982 :
919 957 1019 991 quippe
1033 956 1079 990 qui
1096 955 1123 982 in
1150 956 1207 983 suis
1234 956 1287 982 illis
1310 955 1343 982 de
1357 955 1483 983 universo
1498 954 1612 982 deorum
1631 962 1729 989 genere
1756 963 1832 983 com-

200 1002 351 1034 mentariis,
373 1002 513 1037 proprium
530 1001 766 1037 domesticumque
780 1002 921 1037 proferant
941 1003 1019 1035 nihil,
1044 1003 1090 1029 sed
1117 1002 1143 1028 in
1169 1007 1324 1029 exterorum
1356 1001 1481 1037 ﬁgmenta
1506 1002 1667 1036 populorum
1699 1002 1830 1034 incidant~

203 1050 359 1084 partimque
386 1050 541 1077 simulacris
567 1050 678 1077 omnino
708 1050 866 1083 similibus,
893 1051 989 1086 partim
1018 1051 1113 1078 iisdem
1141 1057 1248 1085 quoque
1271 1050 1410 1084 mysteriis
1437 1049 1476 1076 uti
1503 1049 1716 1083 convincuntur;
1734 1057 1829 1085 quem-

200 1095 344 1122 admodum
373 1103 406 1122 ex
419 1095 576 1122 earumdem
610 1095 721 1122 historia
736 1096 826 1130 quivis
852 1096 960 1123 auferre
977 1101 1075 1130 potest,
1093 1105 1174 1132 quam
1193 1096 1303 1131 ipsemet
1324 1095 1456 1123 Diodorus
1471 1096 1550 1130 cujus
1576 1104 1630 1123 non
1658 1097 1741 1123 semel
1767 1103 1830 1124 ante

200 1141 310 1169 memini
342 1142 421 1169 tertio
451 1145 602 1176 quartaque
628 1142 766 1169 volumine
796 1142 870 1170 citati
899 1143 998 1178 operis,
1026 1151 1081 1177 quo
1099 1143 1189 1170 varias
1209 1151 1293 1170 unum
1320 1144 1346 1170 in
1374 1150 1473 1177 corpus
1500 1143 1681 1171 Bibliothecas
1708 1144 1827 1180 collegit,

198 1187 259 1216 fuse
284 1187 469 1223 prosequitur,
483 1195 542 1214 eam
570 1195 584 1214 a
602 1186 695 1213 Cadmi
719 1191 798 1214 aetate
815 1188 983 1222 auspicatus.
1000 1187 1077 1215 llunc
1094 1196 1157 1215 vero
1174 1187 1306 1215 Cadmum
1330 1192 1390 1222 post
1410 1187 1518 1223 Moysen
1543 1193 1635 1215 natum
1656 1197 1727 1222 esse,
1743 1198 1828 1218 accu—

198 1239 258 1262 rata
291 1240 443 1269 temporum
477 1233 548 1261 serie
579 1241 611 1260 ac
639 1235 813 1262 successione
843 1234 987 1262 manifeste
1023 1235 1233 1270 comprobatur,
1264 1240 1294 1261 ut
1321 1242 1370 1262 suo
1397 1235 1457 1262 loco
1490 1235 1673 1264 ostendemus.
1702 1236 1740 1264 Ex
1773 1246 1827 1273 quo

198 1281 322 1317 proinde,
343 1280 500 1308 Graecorum
526 1279 684 1308 numinibus
707 1281 888 1315 antiquiorem
914 1281 997 1308 fuisse
1024 1281 1146 1316 Moysen,
1178 1285 1252 1308 certa
1286 1281 1390 1308 ratione
1415 1281 1576 1313 conficitur,
1602 1289 1663 1308 cum
1692 1283 1715 1310 is
1749 1289 1828 1313 :etate

198 1328 329 1354 Cadmum
348 1326 534 1357 antecesserit.
555 1332 616 1361 post
640 1334 721 1362 quem
746 1326 903 1354 Graecorum
917 1328 983 1354 deos
998 1327 1023 1354 in
1037 1327 1122 1355 lucem
1132 1328 1219 1355 editos
1237 1327 1323 1354 fuisse
1333 1331 1449 1354 constat.
1474 1326 1526 1354 Sed
1547 1327 1680 1361 ipsissima
1705 1329 1826 1363 ejusdem

196 1373 318 1400 auctoris
331 1373 412 1400 verba
430 1372 487 1407 jam
504 1373 578 1399 audi.

460 1432 657 1459 ΚΕΦΑΛΔῘΟΝ
681 1432 717 1458 Β’.

201 1477 339 1513 Ἐπιτομὴ
350 1477 409 1504 τῶν
418 1479 485 1512 παρ’
499 1479 625 1512 Ἕλλησι
642 1479 709 1512 περί
726 1487 756 1505 τε
770 1477 854 1510 θεῶν,
866 1478 915 1506 καὶ
929 1478 987 1505 τῶν

319 1513 386 1547 παρ’
401 1513 500 1546 αὐτοῖς
517 1513 621 1547 ἡρώων
634 1514 857 1548 μυθευομένων.

1347 1429 1460 1457 CAPUT
1482 1430 1514 1457 ll.

1039 1478 1272 1514 Eorumepitoma,
1299 1487 1357 1514 qum
1383 1479 1415 1505 de
1430 1477 1581 1505 ercorum
1595 1477 1646 1504 diis
1660 1483 1684 1504 et
1703 1478 1823 1506 heroibus

1252 1514 1371 1550 fabulose
1397 1514 1510 1547 conﬁcta
1539 1517 1609 1539 sunt.

231 1558 286 1594 (52)
295 1559 416 1595 Κάδμον,
433 1560 478 1586 τὸν
493 1559 648 1594 Ἀγήνορος.
661 1561 741 1594 φασὶν
755 1561 786 1586 ἐκ
794 1560 920 1595 Φοινίκης
931 1560 978 1587 ὑπέ

1072 1561 1205 1589 Cadmum
1228 1560 1360 1595 Agenoris
1376 1559 1461 1586 tilium
1487 1563 1651 1590 memorant,
1664 1566 1696 1585 ex
1711 1557 1822 1586 Phaeni-

193 1605 242 1631 τοῦ
267 1604 398 1639 βασιλέως
431 1605 617 1640 ἀποσταλῆναι
646 1605 714 1642 πρὸς
743 1605 907 1642 ἀναζήτησιν
933 1607 983 1642 τῆς

195 1649 340 1685 Εὐρώπης,
356 1651 389 1686 ἢν
412 1651 464 1677 ὑπὸ
490 1651 549 1682 Διὸς
568 1651 733 1686 ἅρπαγῆναι.
752 1651 797 1686 Μὴ
814 1651 927 1687 εὑρόντα
944 1652 981 1683 δὲ,

194 1697 234 1726 είς
247 1696 378 1722 Βοιωτίαν
393 1695 479 1722 ἐλθεῖν
492 1696 585 1723 κτίσαι
599 1705 629 1723 τε
648 1696 697 1728 τὰς
714 1696 806 1724 αὐτόθι
817 1697 917 1733 Θήϐας,
931 1699 982 1733 γή-

196 1751 283 1778 μαντα
306 1742 335 1769 δὲ
361 1743 508 1778 Ἀρμονίαν
533 1743 583 1779 τὴν
606 1744 775 1779 Ἀφροδίτης,
798 1744 926 1779 γεννῆσαι
954 1744 982 1777 ἐξ

195 1788 279 1824 αὐτῆς
291 1788 412 1824 Σεμέλην
425 1789 471 1815 καὶ
484 1788 532 1820 τὰς
544 1788 646 1824 ταύτης
657 1788 782 1824 ἀδελφάς.
790 1789 828 1824 Τῇ
841 1789 868 1815 δὲ
879 1789 983 1826 Σεμέλῃ

195 1833 239 1859 τὸν
251 1834 299 1860 Δία
312 1835 427 1869 μιγέντα
441 1835 650 1870 παρακληθῆναι
664 1834 712 1865 τὰς
728 1835 878 1867 ἐπιπλοκὰς
887 1836 981 1870 ὁμοίας

193 1881 259 1916 αὐτῇ
279 1880 443 1916 ποιήσασθαι
459 1883 518 1913 ταῖς
527 1881 594 1918 πρὸς
606 1881 654 1917 τὴν
663 1881 761 1917 Ίιρειν.
771 1881 944 1913 Ἐπελοόντος
954 1882 981 1908 δὲ

192 1927 275 1953 αὐτοῦ
292 1927 452 1963 θεοπρεπῶς
473 1927 541 1963 μετὰ
564 1926 682 1963 βροντῶν
699 1927 746 1954 καὶ
759 1927 916 1963 ἀστραπῶν,
932 1927 981 1953 οὐκ

193 1974 313 2007 ἐνεγκεῖν
327 1973 376 2008 τὴν
394 1973 514 2008 Σεμέλην
528 1973 666 2008 ἐγκύμονα
675 1972 730 2007 (55)
747 1970 828 1999 οὖσαν
844 1972 980 2008 ἐκτρῶσαι

191 2019 222 2044 τὸ
242 2018 361 2054 βρέφος,
387 2019 439 2045 ὑπὸ
465 2019 494 2045 δὲ
518 2019 565 2046 τοῦ
590 2018 674 2054 πυρὸς
701 2017 785 2053 αὐτὴν
808 2018 977 2053 τελευτῆσαι.

193 2065 243 2091 Τδν
255 2065 283 2092 δὲ
293 2065 342 2091 Δία
356 2065 472 2092 λαθόντα
483 2065 512 2090 τὸ
525 2065 638 2096 παιδίον,
650 2064 819 2100 παραδοῦναι
830 2064 867 2100 τῷ
881 2065 977 2100 Ἐρμῇ·

193 2111 332 2146 ἐκπέμψαι
349 2119 378 2138 τε
394 2112 433 2143 εἰς
452 2111 481 2138 τὸ
510 2113 538 2138 ὲν
555 2113 586 2147 τῇ
615 2111 692 2148 Νύσῃ
714 2110 828 2146 ἄντρον,
854 2111 978 2145 κείμενον

192 2156 294 2190 μεταξὺ
309 2156 436 2192 Φοινίκης
456 2165 484 2183 τε
498 2157 545 2183 καὶ
567 2156 672 2183 Νείλου.
694 2156 771 2183 Οὖτω
793 2156 821 2183 δὲ
843 2156 978 2192 τραφέντα

190 2202 235 2228 τὸν
251 2202 376 2229 Διόνυσον
399 2202 452 2228 ὑπὸ
472 2202 525 2228 τῶν
548 2202 687 2238 Νυμςῶν,
709 2201 822 2237 εὑρετὴν
836 2201 883 2228 τοῦ
907 2201 977 2228 οἴνου

1034 1607 1076 1634 cia
1090 1607 1169 1642 jussu
1198 1607 1278 1641 regis.
1311 1604 1424 1639 Europa:
1450 1610 1531 1638 quam
1561 1602 1664 1637 Jupiter
1696 1608 1824 1638 rapuerat

1035 1652 1187 1688 quaerendie
1215 1651 1301 1687 gratia
1330 1649 1481 1686 profectum
1496 1657 1556 1677 esse
1572 1659 1577 1675 :
1595 1649 1665 1676 hanc
1675 1656 1738 1676 vero
1749 1650 1820 1683 quod

1034 1699 1152 1735 reperire
1161 1707 1214 1725 non
1223 1698 1363 1733 potuisset,
1382 1697 1408 1723 in
1423 1696 1555 1723 Boeotiam
1574 1696 1690 1726 venisse,
1707 1703 1822 1730 quaeque

1034 1746 1070 1773 ibi
1103 1746 1161 1773 sita:
1185 1750 1248 1772 sunt
1262 1743 1370 1770 Thebas
1387 1742 1554 1772 condidisse.
1571 1749 1602 1769 ac
1620 1741 1743 1769 Semelen
1757 1750 1818 1769 cum

1033 1790 1155 1825 ejusdem
1173 1789 1313 1817 sororibus
1325 1796 1357 1814 ex
1373 1787 1520 1815 Harmonia
1537 1786 1648 1814 Veneris
1661 1787 1725 1817 tilia.
1737 1795 1819 1822 quam

1033 1843 1146 1863 uxorem
1173 1835 1299 1866 duxerat,
1318 1834 1481 1868 suscepisse.
1508 1833 1541 1860 At
1557 1841 1619 1860 cum
1647 1840 1661 1860 a
1678 1832 1754 1866 Jove,
1771 1833 1818 1868 qui

1034 1889 1126 1909 secum
1144 1888 1200 1907 rem
1213 1880 1356 1910 habuerat,
1369 1877 1543 1906 vehementer
1560 1877 1666 1905 Semele
1685 1878 1817 1911 petiisset,

1032 1927 1071 1954 uti
1085 1926 1144 1961 ejus
1171 1926 1198 1952 in
1218 1930 1357 1959 posterum
1387 1923 1594 1953 consuetudine.
1611 1931 1663 1957 qua
1680 1922 1815 1951 lunonem

1031 1971 1219 2001 conveniebat.
1238 1970 1291 1997 frui
1305 1969 1357 1997 sibi
1380 1969 1483 2002 liceret,
1498 1976 1559 1996 eum
1582 1969 1723 2003 majestate
1738 1970 1817 2004 plane

1031 2018 1122 2045 divina
1140 2023 1201 2044 cum
1226 2016 1327 2043 tonitru
1351 2022 1383 2042 ac
1407 2014 1558 2049 fulguribus
1571 2015 1730 2046 accessisse,
1749 2021 1817 2049 quo-

1031 2071 1091 2090 rum
1107 2062 1150 2089 illa
1167 2062 1220 2088 vim
1240 2069 1301 2088 eum
1318 2060 1452 2087 sustinere
1462 2066 1517 2086 non
1529 2063 1721 2093 posset,quem
1738 2064 1816 2086 utero

1032 2107 1115 2135 fetum
1144 2107 1267 2143 gestabat
1298 2106 1449 2133 abortivum
1484 2104 1622 2136 eﬂudisse,
1650 2104 1814 2140 ﬂammaque

1030 2152 1334 2188 cmlesticonllagrasse.
1362 2151 1414 2186 53
1441 2149 1545 2185 Jupiter
1559 2154 1661 2183 autem,
1678 2150 1813 2185 inquiunt.

1029 2205 1170 2234 exceptum
1201 2198 1332 2225 infantem
1364 2197 1498 2224 Mercurio
1521 2196 1640 2227 tradidit,
1672 2204 1686 2223 a
1711 2197 1814 2230 quoin

191 2248 326 2280 γενέσθαι,
340 2249 386 2275 καὶ
401 2249 450 2284 τὴν
463 2249 574 2282 φυτείαν
592 2247 694 2279 διδάξαι
710 2247 760 2282 τῆς
777 2247 900 2282 ἀμπέλου
917 2246 978 2279 τοὺς

1032 2246 1167 2282 quoddam
1181 2244 1259 2280 Nysa!
1273 2248 1381 2271 antrum
1396 2243 1564 2270 Phtnniciam
1579 2243 1648 2269 inter
1670 2241 1811 2277 Nilumqm

190 2293 360 2329 ἀνθρώπους.
380 2294 476 2330 Εὑρεῖν
494 2294 522 2320 δὲ
540 2294 585 2321 καὶ
606 2293 635 2320 τὺ
651 2294 682 2319 ὲκ
699 2294 748 2328 τῆς
772 2292 868 2328 κριθῆς
890 2300 977 2318 ,κατα-

192 2340 389 2375 σκευαζόμενον
406 2340 481 2376 πόμα
492 2361 499 2371 ,
522 2340 552 2366 τὸ
568 2339 730 2375 καλούμενον
748 2339 841 2371 ζύθον’
864 2339 976 2376 περιφέ-

193 2394 249 2420 ρειν
268 2386 298 2413 δὲ
314 2385 492 2421 στρατόπεδον
504 2406 511 2417 ,
528 2386 558 2413 οὐ
591 2386 670 2421 μόνον
693 2385 798 2421 ἀνδρῶν
811 2405 818 2417 ,
839 2385 906 2412 ἀλλὰ
931 2385 978 2412 καὶ

191 2431 337 2464 γυναικῶν,
352 2431 399 2457 καὶ
415 2431 477 2463 τοὺς
495 2431 601 2463 ἀδίκους
614 2431 661 2458 καὶ
675 2431 783 2463 ἀσεϐεῖς
799 2430 853 2458 τῶν
870 2430 976 2467 ἀνθρώ-

191 2484 248 2503 πων
264 2476 399 2509 κολάζειν,
414 2477 578 2512 στρατεῦσαι
588 2477 616 2503 δὲ
626 2478 666 2508 εἰς
683 2476 731 2512 τὴν
750 2476 863 2512 Ἰνδικὴν
878 2478 977 2512 τριετεῖ

190 2523 286 2558 χρόνῳ.
311 2522 449 2549 Ἐντεῦθεν
469 2524 531 2555 τοὺς
543 2522 675 2559 ’Έλληνας
701 2522 855 2554 καταδεῖξαι
868 2530 977 2559 τριετη-

193 2569 271 2604 ρικὰς
287 2568 382 2601 θυσίας
404 2569 533 2604 Διονύσῳ,
551 2569 597 2595 καὶ
620 2570 665 2596 τὸν
682 2569 742 2596 Θεὸν
767 2568 886 2604 νομίζειν
906 2568 976 2596 κατὰ

190 2613 236 2639 τὸν
245 2614 340 2650 χρόνον
352 2614 445 2641 τοῦτον
461 2614 593 2641 ποιεῖσθαι
607 2614 656 2646 τὰς
669 2614 744 2650 παρὰ
754 2615 809 2646 τοῖς
823 2613 975 2650 ἀνθρώποις

191 2658 366 2692 ἐπιφανείας·
385 2658 472 2685 σέϐειν
484 2667 513 2685 τε
530 2659 610 2686 αὑτὸν
627 2659 728 2691 πάντας
744 2658 913 2695 ἀνθρώπους,
932 2659 975 2686 διὰ

227 2748 284 2782 (5‘2)
305 2748 394 2776 Locus
409 2749 478 2776 alius
492 2753 535 2777 est
545 2748 665 2779 Diodori.
677 2756 710 2776 ex
725 2749 771 2776 lib.
790 2756 825 2782 ιν,
837 2756 864 2784 p.
879 2748 932 2775 210
943 2747 973 2781 Β,

191 2788 219 2809 at
235 2784 350 2810 subinde
357 2784 530 2811 decurtatus.
671 2809 677 2817 ,

226 2818 282 2854 (55)
302 2819 436 2854 Σεμέλην
451 2819 610 2854 ἐγκύμονα.
632 2818 695 2853 Leg.
713 2819 829 2850 videtur,
849 2818 974 2854 Σεμέλην

191 2853 238 2889 καὶ
253 2853 399 2889 ἐγκύμονα.
420 2854 496 2888 Apud
513 2853 632 2884 Diodor..
647 2854 764 2888 plenius,
781 2854 830 2888 τὴν
845 2853 872 2880 δὲ
887 2853 972 2888 Σεμέ-

191 2887 240 2922 inv
255 2887 350 2922 ἔγκυον
365 2887 456 2919 οὖσαν,
477 2890 522 2915 καί
541 2889 572 2915 τὸ
594 2887 708 2924 μέγεθος
722 2889 771 2924 τῆς
788 2887 972 2924 περιστάσεως

328 2937 461 2968 ΡΑι-ιιοι.
483 2937 540 2967 Gn.
559 2936 645 2969 XXI.

1030 2289 1136 2317 delatus
1145 2294 1195 2316 est.
1212 2288 1261 2315 Hic
1276 2296 1340 2323 ergo
1353 2287 1477 2315 Bacchus
1490 2287 1670 2322 nympharum
1683 2287 1772 2314 studio
1788 2291 1814 2313 et

1029 2342 1111 2369 opera
1137 2334 1279 2366 educatus,
1308 2333 1362 2360 viui
1396 2341 1447 2360 usu
1475 2336 1594 2367 reperto,
1621 2331 1706 2358 vineae
1731 2331 1813 2358 simul

1028 2381 1181 2416 plantandze
1198 2379 1330 2407 rationem
1351 2379 1476 2406 homines
1505 2379 1607 2410 docuit,
1620 2383 1754 2412 potusque
1766 2385 1812 2412 ge-

1027 2435 1091 2459 nus,
1116 2428 1189 2462 quod
1211 2435 1244 2454 ex
1263 2426 1367 2453 hordeo
1390 2424 1543 2456 coniicitur,
1567 2424 1742 2460 zythumque,
1761 2423 1813 2451 hoc

1027 2477 1069 2500 est
1085 2472 1227 2504 cerevisia,
1252 2472 1418 2502 nominatur,
1447 2470 1558 2497 invenit.
1576 2469 1646 2510 Idem
1661 2470 1812 2496 exercitum

1027 2526 1059 2545 ex
1091 2518 1156 2546 viris
1177 2518 1391 2553 mulieribusque
1419 2516 1566 2544 conflatum
1592 2516 1812 2546 circumducens,

1028 2572 1124 2599 poenas
1144 2572 1158 2590 a
1186 2563 1350 2592 facinorosis
1361 2567 1388 2590 et
1403 2562 1493 2598 impiis
1510 2561 1651 2596 expetivit.
1668 2560 1745 2594 Quod
1762 2567 1813 2588 au-

1028 2615 1080 2638 tem
1096 2611 1119 2637 is
1133 2610 1281 2637 triennium
1299 2609 1326 2636 in
1353 2609 1444 2636 indica
1468 2608 1639 2644 expeditione
1663 2607 1811 2642 posuisset,

1027 2657 1112 2684 Graeci
1143 2657 1275 2684 trieterica
1293 2663 1372 2684 sacra
1393 2655 1452 2690 ejus
1467 2655 1494 2682 in
1512 2655 1640 2682 honorem
1658 2654 1811 2685 instituere,

1025 2749 1075 2775 οὐκ
1090 2747 1250 2781 ἐνέγκασαν,
1266 2746 1296 2773 τὸ
1312 2746 1361 2780 μὲν
1378 2745 1477 2781 βρέφος
1490 2744 1634 2780 ἐκτρῶσαι,
1652 2743 1705 2781 ὐπᾷ
1720 2742 1748 2770 δὲ
1764 2741 1812 2770 ’δοῦ

1026 2783 1111 2818 πυρὸς
1123 2778 1208 2818 αυτὴν
1218 2778 1385 2818 τελευτῆσαιζ
1397 2778 1513 2818 Eadem,
1529 2778 1575 2818 sed
1591 2787 1652 2818 cum
1669 2778 1757 2818 aliqua
1770 2782 1811 2818 ta-

1026 2812 1088 2845 me'n
1102 2812 1249 2848 'varieiate,
1267 2812 1358 2848 lib.'u,
1374 2824 1402 2851 p.
1416 2815 1466 2843 198
1480 2817 1512 2848 A,
1530 2815 1576 2843 ubi
1588 2814 1704 2842 Juuonis
1715 2812 1813 2841 fraudo

1026 2858 1112 2881 totum
1129 2852 1153 2880 id
1171 2852 1271 2880 fat-tum
1288 2859 1347 2879 esse
1364 2852 1466 2879 scribit.

1691 2930 1710 2960 δ
