2064 3212
257 182 306 209 Ml

583 180 716 208 EL'SEBll
733 180 976 209 CzESARlENSlS
993 180 1067 208 OPP.
1088 180 1178 209 PARS
1192 181 1223 209 ll.
1240 197 1276 202 —
1291 183 1541 212 APOLOGETICA.

1825 183 1877 211 ΗΞ

255 243 396 270 ﬂorentem
414 242 522 269 occidit.
539 243 671 269 Caeterum
682 263 689 274 ,
709 242 845 276 peculiare
856 249 888 269 ac
906 242 1042 277 singulare

1094 242 1140 270 τοῦ
1156 241 1326 278 Μελεάγρου.
1340 243 1437 271 Λαϐὼν
1462 243 1490 270 δὲ
1517 242 1687 277 αἰχμάλωτον
1702 243 1750 277 τὴν
1768 242 1877 274 Φυλέως

254 288 393 323 quidpiam
408 287 490 322 hujus
506 287 532 314 in
550 288 671 315 numinis
693 288 880 322 prorreatione
895 288 1041 322 contigisse

256 338 384 361 narrant:
405 333 515 368 quippe,
530 333 624 360 Jovem
639 333 724 365 enim,
741 338 770 360 ut
787 341 848 360 cum
862 331 948 360 Niobe
969 332 1041 360 Pho-

256 380 329 407 ronei
346 380 399 407 lilia
428 380 584 407 mortalium
607 380 731 406 omnium
753 380 896 407 mulierum
909 379 1040 414 principe,

255 427 293 453 ita
305 434 366 454 cum
379 426 508 453 Alcmena
518 425 641 453 Herculis
651 431 762 460 parente
771 425 895 453 omnium
905 429 1041 460 postrema

256 479 312 499 rem
331 471 469 503 habuisse,
493 476 520 498 ct
548 471 574 497 in
595 479 638 504 ea,
653 479 735 506 quam
754 475 816 506 post
840 470 944 497 Nioben
966 470 1041 508 deci-

250 525 328 545 mam
351 522 455 544 sextam
483 517 667 552 generationis
678 517 774 545 ordine
788 521 943 548 numerant,
961 515 1041 543 ﬁnem

255 571 316 590 cum
335 554 495 590 mortalibus
522 562 714 597 congrediendi
744 562 853 589 fecisse.
868 561 965 593 Porro,
979 568 1040 588 cum

254 615 270 635 θ
285 608 341 635 suis
356 608 410 634 illis
420 607 639 642 expeditionibus
662 608 749 635 victor
763 607 892 635 Hercules
907 607 1041 640 rediisset,

253 653 389 687 Hegaram
403 661 527 686 uxorem,
552 654 588 680 ob
599 653 726 679 acerbam
743 653 903 681 liberorum.
918 660 987 687 quos
999 653 1042 679 illa

254 699 306 726 sibi
324 703 466 734 pepererat
484 699 679 730 calamitatem,
705 699 880 726 matrimonio
894 707 956 726 cum
971 699 1043 726 Iolao

254 752 352 780 nepote
367 745 528 780 conjunxit:
546 746 604 780 ipse
618 753 684 772 vero
704 752 766 772 cum
784 745 931 780 expetitum
947 747 980 773 ad
992 753 1043 772 nu-

254 791 325 826 ptias
338 791 411 819 lolen
425 791 460 818 ab
469 790 572 826 Euryto
585 796 662 826 patre
679 799 733 818 non
747 791 915 826 impetraret,
933 791 961 818 in
974 799 1044 819 mor-

253 836 434 871 bumincidit,
447 846 502 873 quo
519 837 555 865 ita
568 837 677 865 demum
688 845 717 865 se
731 837 874 864 liberatum
886 837 918 864 iri
932 845 964 865 ex
981 846 1044 865 ora-

257 885 319 912 culo
331 885 466 920 intelligit,
492 885 515 912 si
533 885 609 920 prius
628 892 688 912 sese
708 883 900 912 venumdatum
920 885 1044 912 voluntao

256 931 304 959 riae
317 931 440 959 servituti
468 931 645 965 manciparct.
671 930 756 965 Igitur
767 931 794 958 in
811 930 955 967 Phrygiam
971 933 1044 958 navi-

256 978 364 1012 gatione
383 982 520 1012 suscepta,
538 977 572 1004 ab
587 985 643 1005 uno
657 977 777 1012 quodam
788 985 820 1005 ex
835 978 931 1005 amicis
947 978 1043 1005 vendi-

255 1031 312 1056 tus,
338 1022 488 1058 Omphalen
512 1031 620 1056 eorum,
647 1023 694 1058 qui
719 1028 774 1050 tum
799 1024 910 1059 quidem
928 1024 1044 1052 Matones

255 1069 434 1102 vocabantur,
455 1077 529 1097 nunc
559 1077 623 1096 vero
651 1068 789 1104 Lydorum
816 1077 915 1097 nomen
931 1070 1042 1103 habent,

255 1115 376 1150 reginam
389 1115 527 1142 dominam
553 1115 667 1142 sortitus
693 1119 754 1142 est:
772 1122 806 1142 ac
829 1115 947 1150 primum
963 1115 1044 1142 servi-

256 1163 322 1189 tutis
338 1169 394 1189 θυῖε
407 1167 528 1196 tempere
536 1160 621 1188 ﬁlium
636 1168 670 1188 ex
689 1161 788 1188 ancilla
803 1161 919 1196 quadam
941 1161 1043 1196 genuit.

257 1206 368 1234 nomine
390 1206 624 1239 Cleolaum;mox
653 1206 698 1233 ubi
723 1205 873 1242 Omphalen
898 1207 985 1238 ipsam
1016 1208 1044 1235 in

256 1251 311 1288 56
329 1251 470 1286 coniugem
486 1251 619 1283 duxisset,
648 1251 749 1279 liberos
763 1259 796 1279 ex
811 1260 842 1279 ea
859 1260 967 1288 quoque
982 1261 1044 1281 sus-

255 1297 336 1331 cepit.
368 1296 431 1324 lnde
452 1297 566 1332 repetita
582 1297 709 1329 Arcadia,
728 1303 905 1333 posteaquam
917 1298 963 1326 Lri
976 1300 1046 1333 regis

256 1342 350 1372 ﬁliam.
369 1350 383 1369 a
401 1349 455 1377 quo
467 1346 598 1377 exceptus
610 1342 730 1377 hospitio
751 1341 850 1376 fuerat,
874 1344 1045 1371 clandestino

255 1388 400 1416 concubitu
412 1388 551 1423 gravidam
566 1387 712 1421 etTecisset,
726 1389 856 1416 continuo
874 1390 962 1416 rediit.
977 1390 1044 1417 Tum

253 1433 389 1461 exstincto
416 1433 472 1468 jam
506 1433 641 1469 Meleagro
665 1433 822 1469 Dejaniram
850 1433 933 1462 (Εηοί
962 1435 1045 1462 ﬁliam

256 1487 367 1506 uxorem
381 1479 466 1512 ducit,
485 1479 611 1514 idemque
625 1480 798 1514 postmodum
813 1488 875 1507 cum
889 1479 982 1515 Phylci
995 1488 1047 1507 cu-

253 1525 362 1560 jusdam
387 1525 453 1558 lilia,
481 1533 563 1559 quam
580 1525 651 1552 bello
679 1530 798 1561 ceperat,
814 1526 998 1560 congreditur,
1012 1533 1045 1552 ex

253 1578 339 1605 caque
369 1570 556 1605 Tlepolemum
585 1574 707 1605 generat.
747 1571 816 1598 Cum
851 1576 942 1598 autem
973 1572 1043 1606 apud

254 1616 377 1643 (Encum
393 1617 539 1651 aliquando
567 1621 698 1649 caenaret,
725 1625 799 1649 cum,
815 1617 861 1651 qui
875 1624 976 1644 mensze
991 1617 1044 1643 mi-

257 1663 400 1693 nistrabat,
435 1661 507 1697 quod
534 1662 626 1689 nescio
652 1662 717 1698 quid
746 1663 898 1689 ministerio
919 1663 1045 1691 obeundo

257 1713 404 1743 peccasset,
428 1715 518 1742 pugno
546 1716 707 1742 percussum
738 1709 884 1736 interemit.
901 1708 1044 1742 Praeterea,

256 1763 317 1782 enm
330 1755 424 1782 itinere
436 1760 564 1789 suscepto
575 1754 608 1781 ad
620 1754 740 1781 Evenum
755 1754 865 1782 [luvium
874 1755 1044 1788 accessisset,

254 1799 371 1827 Nessum
392 1800 427 1827 ibi
456 1804 617 1827 centaurum
633 1799 756 1831 oll'endit,
782 1799 828 1834 qui
842 1800 960 1827 viatores
978 1808 1046 1827 mer-

255 1845 321 1872 cede
342 1845 486 1879 trajiceret.
501 1844 551 1872 llic
583 1849 736 1872 transvecta
765 1845 883 1880 primum
907 1845 1044 1881 Dejanira,

256 1891 378 1918 mulieris
395 1897 487 1917 amore
500 1895 596 1924 captus
607 1891 643 1917 ob
665 1891 826 1926 elegantiora
842 1890 938 1919 formae
952 1892 1046 1926 singu-

255 1937 350 1968 larem,
366 1936 453 1971 ipsam
467 1936 491 1963 vi
508 1936 662 1970 opprimere
678 1936 844 1969 conabatur;
863 1937 908 1964 sed
919 1945 981 1964 cum
1000 1937 1045 1964 illa

255 1982 343 2008 virum
360 1988 455 2015 magna
470 1988 537 2008 voce
552 1980 726 2015 appellasset,
747 1979 877 2008 llercules
885 1985 1044 2008 centaurum

255 2027 364 2061 quidem
380 2027 478 2061 sagitta
486 2026 619 2058 conlisit;
637 2024 740 2053 Nessus
767 2030 856 2052 autem
877 2026 903 2052 in
916 2025 1044 2061 ﬂagranti

255 2073 400 2100 concubitu
417 2073 452 2100 ob
468 2072 587 2099 vulneris
598 2072 772 2099 acerbitatem
786 2072 866 2099 morti
880 2072 936 2106 jam
953 2072 1045 2106 proxi-

255 2126 326 2150 mus,
346 2117 476 2152 philtrqu
503 2117 637 2152 llejanira:
664 2125 724 2144 sese
740 2117 868 2144 daturum
891 2118 1043 2152 pollicetur,

254 2172 310 2198 quo
321 2164 342 2191 si
362 2165 398 2190 uti
413 2164 487 2196 velit,
501 2163 613 2190 omnino
635 2164 757 2198 perticiat
777 2168 804 2190 ut
824 2172 856 2190 ne
870 2164 981 2191 alterius
995 2173 1045 2191 un-

255 2217 336 2244 quam
360 2209 490 2236 llcrculcs
507 2209 630 2236 mulieris
655 2210 795 2236 amoribus
810 2209 944 2244 capiatur.
964 2209 1044 2237 Jubct

1092 288 1238 324 θυγατέρα,
1254 288 1373 324 ἐπεμίγη
1388 289 1467 324 αὐτῇ,
1480 290 1526 315 καὶ
1547 288 1678 315 ἐτέκνωσε
1693 287 1876 323 Τληπόλεμον.

1091 334 1210 359 Δειπνῶν
1224 334 1252 360 δὲ
1272 335 1394 369 παροινεί
1418 334 1486 367 (55),
1509 334 1554 360 τὸν
1579 332 1752 360 διακονοῦντα
1779 332 1878 368 περίτι

1091 378 1314 415 διαμαρτήσαντα
1331 379 1449 414 κονδύλῳ
1464 379 1585 411 πατάξας
1613 380 1780 406 ἀπέκτεινεν.
1802 379 1878 405 Ἐπεὶ

1091 425 1120 451 δὲ
1135 426 1316 461 πορευόμενος
1331 424 1395 461 ἦ).οε
1412 425 1479 462 πρὸς
1501 426 1546 452 τὸν
1562 425 1664 461 Εὔηνον
1686 425 1816 460 ποταμὸν,
1828 434 1879 452 κα-

1092 470 1258 505 ταλαμϐάνει
1272 471 1375 498 Νέσσον
1390 471 1436 498 τὸν
1458 471 1622 507 Κένταυρον,
1649 470 1744 506 μισθοῦ
1757 470 1880 497 διαϐιϐά-

1093 515 1173 548 ζοντα
1186 517 1231 542 τὸν
1245 517 1376 552 ποταμόν.
1404 514 1488 548 Οὗτος
1512 517 1540 543 δὲ
1566 517 1698 552 πρότερον
1719 517 1878 549 διαὸιὸἀσας

1093 562 1141 596 τὴν
1155 562 1326 598 Δηῖάνειραν,
1349 563 1397 589 καὶ
1409 563 1452 589 διὰ
1471 563 1502 588 τὸ
1525 563 1621 594 κάλλος
1632 561 1757 598 ἐρασθεὶς
1781 563 1876 599 αὐτῆς,

1093 608 1269 643 ἐπεχείρησεν
1282 608 1366 643 αὐτὴν
1384 608 1538 643 βιάσασθαι.
1561 608 1764 644 Ἐπιὸοωμένης
1784 609 1813 636 δὲ
1835 609 1881 636 αὐ-

1093 653 1142 687 τῆς
1155 654 1201 679 τὸν
1218 653 1310 689 ἄνδρα,
1325 654 1339 679 ὁ
1361 655 1410 689 μὲν
1437 654 1574 690 Ἡρακλῆς
1598 654 1721 687 ἐτόξευσε
1738 655 1783 681 τὸν
1810 656 1882 682 Κέν-

1093 707 1201 735 ταυρον·
1217 699 1273 726 ὁδὲ
1299 700 1403 731 Νέσσος
1430 699 1531 735 μεταξὺ
1561 700 1734 734 μισγόμενος,
1767 701 1813 727 καὶ
1836 700 1882 728 διὰ

1094 745 1144 781 τὴν
1153 745 1268 781 ὀξύτητα
1281 745 1330 781 τῆς
1340 746 1443 782 πληγῆς
1457 746 1536 777 εὐθὺς
1550 746 1738 781 ἀποθνήσκων,
1747 746 1830 782 ἔφησε
1846 748 1880 782 τῇ

1093 792 1239 827 Δηϊανείρα
1250 790 1346 818 δώσειν
1362 791 1481 827 φίλτρον,
1500 792 1573 823 ὅπως
1590 791 1708 826 μηδεμιᾷ
1718 792 1770 818 τῶν
1786 792 1876 819 ἄλλων

1094 837 1229 870 γυναικῶν
1249 837 1385 872 Ἡρακλῆς
1401 837 1502 872 θελήσῃ
1533 836 1689 872 πλησιάσαι.
1705 837 1878 873 Παρεκελεύ-

1097 890 1161 908 σατο
1175 880 1231 913 οὖν,
1253 882 1371 909 λαϐοῦσα
1388 881 1454 918 (55³)
1470 883 1515 909 τὸν
1528 883 1556 916 ἐξ
1568 882 1649 909 αὑτοῦ
1659 883 1775 910 πεσόντα
1791 883 1881 917 γόνον,

1094 928 1140 955 καὶ
1154 927 1240 963 τούτῳ
1267 927 1457 963 προσμίξασαν
1474 928 1561 955 ἔλαιον
1588 929 1635 955 καὶ
1648 929 1679 954 τὸ
1693 929 1746 955 ἀπο
1758 929 1807 963 τῆς
1820 929 1882 955 ἀκί-

1093 973 1137 1004 δος
1155 974 1372 1008 ἁποσταζὸμενον
1381 971 1459 1009 αἷμα,
1473 975 1564 1010 χρίσαι
1577 975 1729 1010 τὸνχιτῶνα
1745 975 1790 1001 τοῦ
1799 975 1882 1010 Ἡρα-

1095 1018 1198 1050 κλέους.
1216 1019 1300 1045 Τοῦτο
1319 1019 1347 1046 δὲ
1360 1021 1495 1054 ποιήσασα
1522 1021 1677 1057 Δηϊάνειρα,
1695 1023 1803 1056 κατεῖχε
1818 1021 1882 1056 παρ’

1095 1064 1178 1099 ἑαυτῇ
1191 1064 1221 1090 τὸ
1235 1064 1390 1100 φάρμακον.
1404 1066 1488 1092 Πάλιν
1503 1066 1530 1092 δὲ
1558 1068 1572 1093 ὁ
1601 1066 1740 1102 Ἡρακλῆς
1753 1067 1802 1101 τὴν
1815 1067 1884 1092 Φύλ-

1095 1109 1189 1141 λαντος
1203 1109 1341 1146 θυγατέρα
1362 1110 1452 1138 λαϐὼν
1474 1112 1656 1147 αἰχμάλωτον,
1669 1113 1715 1139 καὶ
1731 1113 1820 1147 μιγεὶς
1833 1112 1883 1138 αὺ-

1095 1157 1138 1191 τῇ,
1156 1156 1212 1182 υἱὸν
1227 1156 1360 1192 Ἀντίοχον
1375 1157 1511 1192 ἐγέννησε.
1522 1158 1577 1185 Καὶ
1591 1159 1670 1185 πάλιν
1693 1159 1885 1194 Ἀστυάνειραν

1095 1201 1143 1236 τὴν
1164 1202 1306 1237 Ἀρμενίου
1326 1202 1372 1229 τοῦ
1387 1202 1519 1238 βασιλέως
1531 1203 1667 1239 θυγατέρα
1683 1203 1772 1230 λαὸὼν
1784 1204 1885 1239 αἰχμά-

1096 1248 1189 1280 λωτον,
1202 1248 1249 1274 καὶ¹
1265 1248 1355 1283 μιγεὶς
1381 1249 1459 1285 αὐτῇ,
1487 1250 1648 1285 Κτήσιππον
1661 1251 1718 1276 υἱὸν
1744 1249 1884 1284 ἐγέννησε.

1095 1293 1196 1325 Θέσπις
1210 1293 1238 1319 δὲ
1252 1294 1266 1319 ὁ
1283 1294 1422 1328 Ἀθηναῖος
1440 1295 1503 1326 παῖς
1522 1295 1682 1331 Ἐρεχθέως,
1696 1296 1727 1321 ἐκ
1747 1295 1885 1330 δια’ῥόρων

1094 1339 1231 1373 γυναικῶν
1243 1339 1394 1375 Θυγατέρας
1410 1339 1518 1375 ἀριθμῷ
1535 1341 1702 1376 πεντήκοντα
1716 1341 1884 1376 πεποιηκὼς,

1097 1386 1346 1422 φιλοτιμησάμενος
1357 1395 1386 1413 τε
1399 1386 1482 1418 αὑτὰς
1494 1386 1524 1418 ἐξ
1536 1386 1700 1421 Ἡρακλέους
1711 1387 1808 1418 παῖδας
1816 1387 1882 1422 κτή-

1097 1433 1204 1465 σασθαι,
1222 1433 1340 1465 καλέσας
1356 1434 1402 1460 ὲπί
1415 1442 1475 1460 τινα
1495 1434 1589 1460 θυσίαν
1612 1433 1656 1460 τὸν
1681 1433 1885 1468 Ἠρακλέα,καὶ

1095 1479 1228 1515 λαμπρῶς
1240 1479 1320 1506 αὐτὸν
1330 1479 1467 1511 ἑστιάσας,
1477 1480 1546 1506 κατὰ
1560 1479 1624 1514 μίαν
1638 1479 1712 1515 αὐτῷ
1731 1480 1785 1506 τῶν
1801 1479 1885 1513 θυγα*

1096 1525 1182 1561 τέρων
1198 1525 1365 1552 ἀπέστειλεν.
1385 1525 1414 1551 Ὁ
1431 1524 1459 1551 δὲ
1472 1526 1500 1551 ὲν
1512 1525 1560 1560 μιᾷ
1584 1525 1662 1552 νυκτὶ
1686 1525 1819 1560 διὲεθειρε
1834 1525 1884 1558 τὰς

1097 1572 1196 1603 πάσας,
1210 1571 1258 1597 καὶ
1273 1571 1377 1605 γίνεται
1396 1571 1486 1606 πατὴρ
1500 1571 1554 1597 τῶν
1571 1571 1744 1606 καλουμένων
1764 1571 1884 1598 Θεσπια-

1096 1616 1157 1643 δῶν.
1175 1616 1270 1643 Λαϐὼν
1285 1617 1313 1643 δὲ
1327 1617 1374 1643 καὶ
1385 1617 1434 1652 τὴν
1454 1617 1538 1652 Ἰόλην
1555 1617 1736 1652 αἰχμάλωτον,
1764 1617 1811 1644 καὶ
1838 1617 1886 1644 Θυ-

1098 1661 1156 1688 σίαν
1171 1662 1312 1693 ἐπιτελῶν,
1332 1662 1493 1693 ἀποστείλας
1504 1663 1550 1690 ἐπὶ
1568 1663 1617 1697 τὴν
1635 1664 1751 1696 γυναῖκα
1763 1663 1886 1698 Δηϊάνει-

1098 1716 1157 1743 ραν,
1169 1708 1228 1744 ᾔτει
1241 1707 1342 1743 χιτῶνα
1353 1708 1399 1734 καὶ
1413 1708 1530 1744 ἱμάτιον,
1539 1707 1579 1740 οἷς
1591 1708 1681 1736 εἰώθει
1693 1709 1808 1744 χρῆσθαι
1817 1709 1885 1744 πρὸς

1095 1753 1144 1785 τὰς
1158 1753 1261 1785 θυσίας.
1281 1754 1313 1780 'H
1329 1754 1357 1780 δὲ
1383 1754 1428 1780 τὸν
1447 1754 1548 1789 χιτῶνα
1562 1755 1678 1790 χρίσασα
1697 1754 1734 1790 τῷ
1747 1754 1822 1790 παρὰ
1837 1754 1885 1781 τοῦ

1097 1799 1252 1835 Κενταύρου
1269 1799 1399 1835 διδομένῳ
1422 1799 1478 1834 (56)
1509 1800 1611 1835 φίλτρῳ
1626 1800 1791 1827 ἀποστέλλει.
1814 1801 1842 1827 '0
1855 1800 1887 1827 δί

1101 1845 1237 1881 Ἡρακλῆς
1247 1846 1292 1872 τὸν
1305 1845 1405 1880 χιτῶνα
1415 1845 1603 1882 περιθέμενος,
1611 1847 1796 1882 περιέπεσετῇ
1809 1847 1886 1882 μεγί-

1097 1899 1146 1926 στῃ
1158 1892 1295 1927 συμφορᾷ.
1308 1892 1363 1927 Τῆς
1379 1891 1433 1927 γὰρ
1445 1891 1536 1922 ἀκίδος
1549 1892 1593 1917 τὸν
1605 1893 1636 1918 ἐκ
1644 1893 1693 1927 τῆς
1713 1892 1833 1927 Ἐχίδνης
1847 1892 1886 1918 ίὸν

1097 1937 1287 1972 ὰπειληφυίας,
1317 1937 1366 1964 καὶ
1393 1937 1436 1964 διὰ
1463 1937 1542 1964 τοῦτο
1564 1938 1610 1964 τοῦ
1643 1938 1753 1973 χιτῶνος
1770 1938 1813 1964 διὰ
1835 1937 1887 1973 τὴν

1096 1982 1244 2018 θερμασίαν
1272 1983 1322 2017 τὴν
1346 1982 1434 2018 σάρκα
1456 1982 1503 2009 τοῦ
1535 1982 1658 2018 σώματος
1670 1983 1885 2018 λυμαινομένου,

1095 2028 1244 2063 περιαλγὴς
1279 2027 1425 2063 γενόμενος
1449 2028 1494 2055 τὸν
1521 2028 1715 2064 διακονήσαντα
1754 2029 1885 2055 ἀπέκτει-

1095 2081 1149 2104 νεν,
1179 2074 1260 2105 αὑτός
1286 2082 1316 2100 τε
1340 2074 1409 2100 κατὰ
1434 2075 1557 2109 χρησμὸν
1578 2075 1644 2109 πυρὶ
1665 2074 1759 2100 ἑαυτὸν
1794 2082 1886 2110 παραυ

1094 2119 1166 2150 δοὺς.
1185 2119 1271 2151 οὕτως
1292 2120 1423 2146 κατέλυσε
1446 2121 1491 2146 τὸν
1515 2120 1581 2155 βίον.
1600 2129 1609 2145 ι
1631 2120 1686 2146 Καὶ
1705 2120 1739 2146 τὰ
1760 2121 1808 2155 μὲν
1825 2119 1887 2146 καθ’

1101 2164 1237 2199 Ἡρακλέα
1256 2165 1378 2192 τοιαῦτα.
1401 2166 1468 2201 Περὶ
1489 2165 1517 2191 δὲ
1541 2165 1586 2191 τοῦ
1615 2165 1787 2200 Ἀσκληπιοῦ,
1805 2166 1887 2200 φασιν

1095 2208 1164 2236 εἶναι
1184 2211 1240 2236 υἱὸν
1262 2211 1428 2242 ’Λπόλλωνος
1436 2211 1484 2237 καὶ
1496 2211 1654 2246 Φορωνίδος,
1668 2211 1786 2246 ζηλῶσαι
1800 2211 1886 2246 δὲτὴν

255 2256 356 2287 itaque,
386 2255 500 2283 seminis
528 2255 571 2282 sui
599 2255 746 2284 dcﬂuentis
776 2255 892 2290 aliquid.
903 2255 1042 2290 colligere,

1097 2256 1219 2291 ίατρικὴν
1241 2257 1413 2291 ἐπιστήμην,
1432 2257 1478 2283 ὲπὶ
1497 2251 1632 2283 τοσοῦτον
1647 2257 1676 2283 δὲ
1701 2257 1835 2292 προϐῆναι
1851 2258 1885 2293 τῇ

254 2302 327 2337 quod
344 2309 406 2328 cum
424 2301 486 2329 oleo
502 2307 529 2329 et
541 2302 685 2337 sanguine,
704 2301 751 2336 qui
763 2309 796 2329 ex
815 2301 859 2329 tcli
879 2301 991 2336 cuspide
1002 2301 1044 2328 di-

254 2347 385 2380 stillabat,
400 2346 602 2379 commisccrct,
619 2354 706 2381 eoque
719 2347 838 2374 tunicam
853 2346 977 2374 llerculis
994 2354 1045 2373 un-

254 2398 337 2428 geret.
365 2393 461 2420 Paruit
481 2392 619 2428 Dejanira,
634 2397 716 2428 atque
727 2393 798 2428 apud
820 2400 849 2420 se
865 2393 1044 2427 pharmacum

254 2439 382 2466 servavit.
414 2439 450 2466 At
475 2438 605 2467 Hercules
633 2447 728 2467 rursus
757 2445 819 2466 cum
844 2439 906 2466 aliis
925 2439 1043 2470 duabus.

253 2492 323 2519 quas
337 2484 408 2512 bello
422 2490 540 2520 ceperat,
548 2485 700 2518 consuevit,
715 2493 831 2520 quarum
857 2486 940 2512 altera
961 2485 1042 2520 Phyl-

255 2529 336 2556 lantis
350 2530 492 2565 cujusdam
508 2531 563 2558 lilia
577 2531 754 2564 Antiochum,
768 2530 851 2558 altera
865 2538 928 2558 vero
943 2531 1042 2566 Astya~

255 2576 314 2603 uira
325 2577 444 2610 nomine,
459 2585 521 2611 rege
535 2577 665 2605 Armenio
677 2582 788 2612 parente
799 2581 867 2610 sata,
883 2576 1040 2611 Ctesippum

254 2623 279 2650 ei
301 2623 413 2658 peperit.
444 2622 546 2651 Deinde
573 2623 689 2659 Thespis
716 2623 891 2651 Atheniensis
916 2622 1041 2649 Erecthci

255 2669 338 2700 illius.
355 2668 402 2703 qui
431 2675 464 2695 ex
479 2669 593 2697 diversis
619 2669 781 2697 mulieribus
809 2669 879 2696 ﬁlias
906 2668 1040 2704 quinqua-

255 2715 328 2747 ginta
340 2718 478 2748 genuerat,
502 2721 564 2742 cum
589 2721 636 2742 cas
654 2723 748 2742 omnes
774 2723 806 2742 cx
823 2714 945 2742 llerculis
965 2721 1041 2741 com-

1092 2301 1166 2337 δόξῃ,
1180 2301 1218 2333 ὡς
1230 2301 1342 2333 πολλοὺς
1363 2302 1646 2338 τῶν-ἀπεγνωσμένων
1665 2303 1812 2339 ἀρρώστων
1832 2312 1886 2330 πα-

1094 2346 1212 2381 ραδόξως
1238 2346 1411 2382 θεραπεύειν.
1439 2348 1520 2374 Ὥστε
1539 2348 1583 2374 τὸν
1605 2349 1654 2375 Δία
1675 2347 1885 2384 παροξυνθέντα,

1094 2393 1218 2429 κεραυνῷ
1232 2393 1346 2428 βαλόντα
1353 2394 1433 2421 αὑτὸν
1442 2395 1597 2430 διαφθεῖραι
1608 2403 1613 2410 ·
1627 2395 1672 2422 τὸν
1681 2395 1708 2421 δὲ
1731 2394 1886 2421 Ἀπόλλωνα

1093 2439 1136 2466 διὰ
1149 2440 1198 2474 τὴν
1211 2440 1349 2475 ἀναίρεσιν
1368 2439 1416 2467 τοῦ
1435 2440 1529 2472 παιδὸς
1546 2440 1746 2476 παροξυνθέντα
1759 2460 1766 2471 ,
1787 2440 1884 2475 φονεῦ-

1095 2494 1139 2511 σαι
1150 2486 1214 2516 τοὺς
1223 2485 1269 2511 τὸν
1283 2486 1414 2522 κεραυνὸν
1430 2486 1470 2522 τῷ
1490 2488 1531 2513 Διὶ
1555 2487 1810 2518 κατασκευάσαντας
1829 2486 1886 2513 Κύ-

1094 2531 1215 2562 κλωπας.
1245 2532 1306 2558 Ἐπὶ
1325 2532 1354 2558 δὲ
1375 2534 1408 2567 τῇ
1427 2533 1530 2559 τούτων
1551 2533 1661 2568 τελευτῇ
1683 2532 1884 2568 παροξυνθέντα

1093 2576 1137 2602 τὺν
1153 2576 1210 2607 Δία,
1227 2576 1377 2612 προστάξαι
1391 2578 1429 2612 τῷ
1449 2578 1595 2605 Ἀπόλλωνι
1611 2578 1738 2613 θητεῦσαι
1750 2579 1814 2614 παρ’
1827 2579 1884 2605 ’Δό-

1095 2623 1182 2657 μήτῳ,
1196 2623 1243 2649 καὶ
1257 2623 1358 2658 ταύτην
1381 2624 1430 2658 τὴν
1451 2625 1588 2659 τιμωρίαν
1609 2624 1699 2651 λαόεἴν
1717 2625 1781 2660 παρ’
1801 2624 1884 2652 αὑτοῦ

1094 2668 1140 2694 τοῦ
1156 2669 1337 2704 ἐγκλήματος.
1351 2670 1444 2696 Ταῦτα
1467 2671 1514 2705 μὲν
1532 2669 1578 2697 οὖν
1594 2672 1622 2696 ἐν
1640 2671 1678 2706 τῷ
1693 2672 1815 2706 τετάρτῳ
1830 2671 1884 2697 τῶν

1096 2713 1297 2747 Βιϐλιοθηκῶν
1306 2715 1320 2741 ὁ
1334 2715 1466 2750 Διόδωρος
1480 2715 1684 2750 παρατέθειται.

255 2761 335 2795 ptem
353 2762 456 2796 prolem
475 2762 612 2797 suscipere
632 2763 806 2791 vehementer
826 2767 944 2798 optaret,
963 2770 1025 2789 eum
1045 2761 1078 2788 ad
1099 2762 1221 2789 solemne
1254 2762 1390 2796 quoddam
1417 2763 1581 2789 sacriﬁcium
1617 2764 1722 2794 invitat,
1744 2763 1884 2797 eidemque

255 2807 398 2843 magniﬁce
426 2807 572 2836 admodum
613 2808 739 2844 lauteque
767 2813 880 2844 accepto
914 2807 1036 2843 singulas
1071 2807 1185 2834 scorsitn
1219 2808 1375 2835 summittit.
1401 2807 1448 2834 Ille
1475 2812 1566 2834 autem
1592 2815 1654 2834 cum
1678 2808 1805 2835 omnibus
1833 2816 1887 2836 una

290 2875 345 2910 (55)
356 2875 501 2909 Παροινεῒ.
518 2874 592 2903 Vcrti
614 2876 685 2910 apud
698 2876 828 2910 (Επειιηι,
838 2876 946 2903 Diodor.
964 2881 1035 2902 enim

253 2910 296 2946 leg
323 2912 387 2946 παρ’
402 2911 484 2943 Οἰνεῖ,
497 2917 576 2947 quem
594 2912 680 2939 tribus
694 2917 755 2940 ante
768 2912 845 2939 lineis
868 2913 1027 2940 aonmmit.

1127 2874 1362 2910 (ΞίὅῚᾺᾳϐοὗοά,
1375 2874 1458 2910 Forte
1469 2872 1609 2901 λαϐοῦσαν.
1629 2857 1707 2902 lion.

1126 2909 1180 2946 (56)
1199 2909 1353 2944 Διὸομένῳ.
1373 2909 1437 2944 Leg.
1454 2909 1599 2944 δεδομένῳ.
1618 2909 1695 2938 Eutr.
