2064 3212
212 157 262 186 ιιδ

791 161 949 190 ΡΒΕΡΑΒ.
969 160 1104 196 ,ΕΥΔΝΕ
1126 160 1190 188 LIB.
1220 160 1250 188 ll.

1780 163 1835 193 ιιι

208 217 354 251 eademque
370 221 452 245 nocte
466 221 639 254 conpassus.
656 226 762 252 eorum,
776 220 823 254 qui
838 219 997 254 Thespiadae
1011 223 1034 250 Λ
1048 220 1124 247 satis.
1144 219 1204 247 .lam
1231 227 1295 247 vero
1321 221 1393 255 quod
1418 219 1605 256 Esculapium
1632 221 1726 250 attinet
1737 242 1745 255 ,
1763 222 1836 252 hunc

210 261 394 294 nominamur,
415 268 492 298 pater
505 264 617 292 elfectus
631 270 682 292 est.
695 264 835 292 Postremo
849 273 912 293 cuin
929 265 1000 292 Iolen

208 315 315 342 quoque
328 309 465 343 captivam
490 310 658 342 abduxisset.
688 313 775 339 sacris
792 319 902 346 operam
917 313 997 338 datu-

207 360 263 384 rus,
277 353 350 380 misit
364 354 412 388 qui
425 362 440 380 ει
453 354 579 390 Dejanira
589 356 705 391 conjuge
717 357 838 384 tunicam
856 361 882 384 et
895 361 997 384 vestem

208 399 353 434 acciperet,
376 401 479 434 quibus
505 401 532 428 in
566 402 710 430 sacriﬁciis
739 403 776 430 uti
806 402 905 430 solitus
927 407 995 430 erat.

207 445 332 480 Deianira
345 447 465 473 tunicam
483 447 611 476 Centauri
627 448 727 483 philtro
745 453 903 484 perunch
927 457 996 476 nun-

207 491 244 518 tio
261 491 400 519 ferendam
413 494 504 526 tradit,
516 502 598 528 quam
612 495 695 522 simul
712 500 794 530 atque
809 494 939 523 Hercules
955 495 996 522 in-

206 537 319 570 duisset,
338 538 365 565 in
381 544 485 573 pestem
511 540 589 575 longe
612 541 777 568 teterrimam
808 541 994 574 incidit;cum

206 583 277 610 enim
301 585 406 619 sagitta.-
437 585 551 619 ferrum,
574 594 630 621 quo
652 586 768 614 Nessum
794 587 993 620 vulneraverat.

207 628 301 656 Lernae
316 638 419 658 veneno
432 631 545 659 tinctum
558 638 640 666 esset,
656 633 746 660 tunica
762 641 862 668 corpus
876 633 936 668 ejus
949 641 994 660 ve-

206 675 326 702 hementi
341 677 439 703 ardore
467 678 657 712 populabatur.
680 679 725 706 llle
758 687 822 714 ergo
850 680 874 706 vi
891 679 993 707 doloris

206 721 329 754 adactus,
343 730 416 755 eum,
432 724 478 758 qui
495 723 629 752 funestam
649 725 681 753 ad
698 733 727 753 se
740 730 842 753 vestem
857 726 993 757 attulerat,

204 765 257 801 57
273 767 426 801 interfecit,
442 769 567 804 idemque
590 771 763 804 postmodum
786 771 892 798 oraculi
915 770 995 806 jussu

204 814 288 841 vitam
313 815 440 842 incendio
457 815 622 844 terminavit.
644 826 654 842 ι
679 817 718 845 Ac
733 818 766 845 de
782 816 897 845 Hercule
913 817 995 844 modo

237 884 292 910 Καὶ
304 884 353 920 τὴν
368 884 462 920 λοιπὴν
477 885 505 911 δέ
519 885 656 920 θεολογίαν
671 886 752 913 πάλιν
765 888 778 914 ὁ
788 887 868 918 αὐτὸς
889 888 921 913 ἐκ
939 885 991 913 τῶν
1008 890 1029 917 Β

203 930 288 957 ἄλλων
303 930 387 957 ἐθνῶν
403 931 593 966 μετειληφέναι
610 933 676 968 φησί
690 933 753 965 τοὺς
766 933 909 968 Ἕλληνας,
921 932 990 968 γρά-

202 983 259 1008 φων
269 975 298 1000 ὲν
310 974 348 1010 τῷ
364 975 448 1011 τρίτῳ
461 976 509 1011 τῆς
524 977 609 1008 αὐτῆς
630 978 771 1011 Ἱστορίας
793 977 855 1004 τάδε
866 986 872 992 ·
890 987 899 1003 ι
924 978 992 1004 Φασὶ

201 1021 290 1047 τοίνυν
305 1020 371 1056 (56‘)
395 1020 542 1048 Ἀτλάντιοι
557 1022 663 1057 πρῶτον
676 1024 740 1058 παρ’
758 1023 849 1054 αὐτοῖς
867 1023 991 1058 βασιλεῦ-

202 1076 247 1093 σαι
261 1067 392 1102 Οὐρανὸν,
411 1068 505 1094 τούτου
519 1068 547 1094 δὲ
561 1068 686 1102 γενέσθαι
700 1069 797 1101 παῖδας
812 1071 843 1096 ὲκ
862 1069 990 1096 πλειόνων

200 1113 336 1147 γυναικῶν
350 1114 430 1140 πέντε
443 1115 510 1150 πρὸς
521 1117 576 1146 τοῖς
587 1115 799 1151 τεσσαράκοντα,
813 1113 849 1142 ὧν
860 1116 991 1142 ὀκτωκαί-

198 1159 265 1186 δεκα
279 1159 403 1194 λέγουσιν
427 1160 558 1196 ὑπάρχειν
574 1162 604 1187 ἐκ
629 1162 751 1194 Τεπαίας
775 1162 831 1198 (57)
851 1163 988 1197 γυναικὸς,

198 1207 232 1240 ἢν
258 1205 385 1242 σώφρονα
407 1207 557 1242 γενομένην
572 1208 618 1235 καὶ
632 1208 738 1234 πολλῶν
760 1208 870 1243 ἀγαθῶν
887 1209 988 1240 αἰτίαν,

199 1252 386 1288 ἀποθεωθῆναι
405 1254 475 1288 μετὰ
499 1254 546 1289 τὴν
559 1254 696 1290 τελευτὴν,
708 1255 763 1290 Γῆν
782 1255 988 1290 μετονομασθεῖ-

200 1308 260 1326 σαν.
281 1299 410 1326 Γενέσθαι
424 1300 452 1326 δὲ
473 1300 585 1335 Οὐρανῷ
611 1301 764 1336 Θυγατέρας
782 1301 923 1328 Βασίλειαν
942 1301 989 1328 καὶ

206 1345 294 1378 Ῥέαν,
308 1346 358 1381 τὴν
375 1346 420 1372 καὶ
438 1345 595 1381 Πανδώραν.
615 1346 670 1382 Τὴν
687 1347 714 1373 δὲ
733 1347 876 1374 Βασίλειαν
891 1347 988 1383 ἐκθρὲ-

196 1391 285 1425 ψασαν
304 1392 367 1422 τοὺς
381 1391 520 1426 ἀδελφοὺς,
540 1393 641 1428 μητρὸς
657 1392 762 1420 εὔνοιαν
788 1393 987 1429 παρεχομένην,

198 1437 306 1473 μητέρα
322 1438 379 1473 (58)
392 1438 655 1474 προσαγορευθῆναι.
672 1439 805 1475 ’Υττερον
815 1439 843 1465 δὲ
858 1439 927 1474 μετὰ
940 1439 988 1475 τὴν

197 1484 243 1510 τοῦ
263 1484 387 1520 Οὐρανοῦ
408 1485 536 1520 τελευτὴν
557 1486 754 1521 συνοικήσασαν
786 1486 923 1522 Ὑπερίονι
950 1486 988 1522 τῷ

195 1528 314 1564 ἀδελφῷ,
340 1530 467 1565 γεννῆσαι
494 1530 540 1556 δύο
566 1530 673 1562 παῖδας,
704 1530 750 1561 οὓς
777 1531 824 1557 καὶ
846 1530 987 1566 ὠνόμασεν

1052 266 1185 301 Apollinis
1212 274 1245 294 ex
1271 266 1423 294 Phoronide
1448 266 1533 294 filium
1557 274 1618 295 esse
1633 267 1763 298 tradunt.
1787 270 1834 305 qui

1051 319 1113 340 cum
1129 312 1270 340 medicina:
1289 318 1375 340 artem
1396 313 1532 348 praecipuo
1546 313 1663 348 quodam
1681 315 1772 342 studio
1785 324 1832 343 co-

1049 358 1127 390 leret,
1143 361 1248 384 tantum
1260 361 1302 385 est
1316 358 1343 384 in
1354 365 1384 384 ea
1398 356 1486 384 laudis
1501 363 1527 385 et
1547 357 1640 393 glorias
1658 363 1832 393 consecutus,

1049 408 1079 430 nt
1101 403 1234 438 plurimos
1251 404 1336 431 etiam
1351 423 1358 435 ,
1381 411 1498 438 quorum
1521 404 1660 439 deplorata
1678 405 1734 440 jam
1759 407 1833 435 salus

1045 454 1123 480 crat.
1148 455 1246 484 prteter
1265 450 1387 477 omnium
1409 451 1638 485 exspectationem
1655 451 1832 480 incolutnitatl

1048 495 1173 522 redderet
1185 495 1203 522 :‘
1219 496 1292 530 quod
1315 495 1420 530 Jupiter
1436 505 1497 524 cum
1521 498 1632 525 moleste
1654 497 1754 530 ferret,
1770 507 1832 527 eum

1048 539 1162 568 fulmine
1178 541 1261 568 ictum
1284 541 1338 568 vita
1363 542 1498 576 spoliavit.
1523 543 1619 578 Apollo
1633 552 1698 571 vero
1723 544 1832 572 interitu

1047 585 1094 612 filii
1109 586 1226 620 graviter
1254 591 1431 620 commotus,
1459 586 1590 622 Cyclopas
1618 588 1740 617 fulminis
1761 589 1833 618 illius

1046 632 1163 660 artiﬁces
1180 632 1336 660 interemit:
1352 639 1470 667 quorum
1483 634 1555 661 etede
1570 633 1676 670 Jupiter
1689 636 1833 664 vehemen-

1046 679 1100 706 tius
1115 684 1292 713 exasperatus
1310 679 1460 712 Apollinem
1474 679 1555 714 jussit
1571 681 1699 710 humilem
1715 690 1747 710 ac
1770 689 1831 709 sor-

1045 725 1135 753 didam
1151 725 1267 752 Admeto
1283 726 1340 760 regi
1355 732 1465 760 operam
1485 734 1595 756 navare.
1613 728 1734 763 hancque
1752 729 1786 756 ab
1799 735 1832 755 eo

1046 770 1187 798 commissi
1214 769 1344 798 facineris
1370 778 1478 805 poenam
1499 772 1637 806 expetivit.
1666 774 1752 808 Atque
1774 774 1832 801 haec

1049 816 1184 844 Diodorus
1199 816 1270 844 libro
1284 815 1456 844 Bibliotheca
1469 822 1567 853 quarto
1581 825 1786 848 commemorat.

1081 884 1154 913 Idem
1169 889 1270 919 autem,
1285 885 1394 913 Grzecos
1410 885 1541 921 reliquam
1556 887 1656 921 pariter
1669 895 1726 915 suae
1752 889 1830 916 theo-

1044 929 1121 964 logia:
1136 930 1232 957 silvam
1256 929 1291 957 ab
1306 930 1406 957 exteris
1427 931 1583 958 nationibus
1599 936 1747 959 mutuatos
1770 940 1830 960 esse

1042 976 1159 1009 docens,
1176 977 1267 1012 operis
1281 977 1323 1004 sui
1339 976 1418 1004 tertio
1437 976 1474 1003 ita
1488 977 1544 1005 fere
1560 979 1676 1006 scribit:
1697 989 1707 1005 ‹
1724 979 1828 1006 C(elum

1041 1022 1155 1050 Atlantii
1180 1023 1298 1058 primum
1325 1023 1397 1058 apud
1414 1031 1443 1051 se
1467 1032 1596 1060 regnasse
1610 1025 1754 1057 dictitant.
1781 1026 1829 1060 qui

1041 1068 1143 1097 liberos
1157 1069 1278 1105 quinque
1292 1078 1374 1105 supra
1390 1071 1568 1106 quadraginta
1584 1079 1616 1098 ex
1629 1071 1752 1106 pluribus
1768 1079 1829 1098 mu—

1041 1116 1155 1144 lieribus
1172 1117 1333 1150 procrearit,
1347 1124 1464 1151 quorum
1481 1117 1629 1144 octodecim
1644 1117 1725 1144 Titma
1742 1123 1827 1145 matre

1042 1166 1121 1189 natos
1136 1169 1197 1189 esse
1211 1162 1313 1189 volunt.
1331 1161 1407 1189 Hanc
1424 1170 1506 1195 vero,
1523 1163 1595 1197 quod
1611 1163 1741 1198 singulari
1756 1168 1826 1191 tem-

1040 1207 1170 1242 perantiae
1183 1207 1262 1235 laude
1277 1207 1424 1239 ﬂoruisset.
1438 1216 1470 1235 ac
1487 1208 1520 1236 de
1535 1208 1591 1235 suis
1606 1210 1708 1242 optime
1730 1208 1827 1235 merita

1040 1257 1122 1286 esset,
1135 1253 1301 1280 divinitatem
1318 1257 1378 1288 post
1388 1253 1491 1280 obitum
1504 1259 1688 1285 consecutam,
1703 1261 1826 1289 novoque

1040 1299 1149 1326 nomine
1167 1298 1279 1326 Terram
1299 1300 1458 1334 appellatam
1482 1299 1575 1327 fuisse.
1604 1299 1734 1328 Pr.nterea
1758 1299 1826 1328 (ἴωιὶ

1039 1344 1109 1371 ﬁlias
1129 1343 1262 1372 Basileam
1273 1365 1280 1378 ,
1296 1343 1455 1379 Rheamque
1469 1344 1580 1372 laudant
1594 1366 1601 1376 ,
1622 1354 1683 1380 qu:e
1698 1345 1823 1373 Pandora

1039 1398 1148 1426 quoque
1173 1391 1339 1417 nominatur.
1366 1391 1406 1418 Ac
1434 1390 1565 1418 Basileam
1590 1391 1698 1425 quidem
1725 1392 1826 1424 aiunt.

1039 1436 1112 1471 quod
1127 1440 1249 1463 materna
1263 1436 1343 1471 plane
1358 1436 1545 1464 benevolentia
1562 1436 1658 1464 fratres
1670 1437 1824 1470 educasset,

1039 1486 1154 1509 matrem
1174 1489 1235 1510 esse
1249 1486 1452 1516 nuncupatam:
1467 1490 1583 1517 cumque
1604 1483 1680 1510 Cwlo
1692 1483 1749 1517 jam
1770 1482 1826 1510 vita

1039 1527 1134 1554 functo
1147 1535 1209 1555 cum
1228 1526 1380 1562 Hyperione
1394 1527 1475 1554 fratre
1489 1527 1691 1554 matrimonium
1709 1527 1821 1560 iniisset,

198 1575 291 1602 Ἥλιον
308 1576 354 1602 καὶ
364 1576 491 1612 Σελήνην.
504 1577 574 1608 Τοὺς
589 1577 617 1602 δὲ
631 1576 761 1611 ἀδελφοὺς
772 1576 821 1611 τῆς
844 1577 920 1608 Ῥέας
937 1585 986 1611 φο-

1038 1573 1137 1615 liberos
1150 1573 1276 1608 genuisse
1288 1573 1367 1605 duos,
1382 1581 1498 1608 quorum
1513 1573 1626 1601 alterum
1643 1573 1744 1605 Solem,
1757 1573 1824 1601 alte-

195 1622 342 1658 6ηθέντας,
369 1622 414 1648 τὴν
439 1622 487 1658 μὲν
518 1623 662 1658 Ὑπερίονα
690 1623 872 1658 κατασφάξαι,
896 1623 942 1650 τὸν
957 1623 985 1650 δὲ

196 1668 291 1694 Ἥλιον
304 1670 344 1699 εἰς
359 1669 403 1695 τὸν
424 1669 564 1704 Ἠριδανὸν
578 1669 698 1703 ποταμδν
711 1668 858 1701 ἀποπιιξαι
868 1678 874 1684 ·
893 1669 941 1704 τὴν
958 1668 986 1695 δὲ

195 1715 313 1750 Σελήνην
329 1713 413 1740 ταῦτα
429 1714 577 1749 μαθοῦσαν,
588 1714 642 1742 ἀπὸ
657 1714 768 1748 στέγους
779 1715 878 1750 ἑαυτὴν
895 1715 984 1750 ῥίψαι.

195 1760 250 1796 Τὴν
266 1759 422 1795 δὲξμητέρα
443 1759 552 1795 ἐμμανῆ
577 1758 726 1794 γενομένην
739 1759 891 1786 πλανᾶσθαι
917 1759 985 1786 κατὰ

194 1805 244 1840 τὴν
260 1804 364 1840 χώραν,
382 1804 530 1840 λελυμένην
546 1804 595 1840 μὲν
606 1804 820 1841 ταςτρίχας,διὰ
837 1805 984 1840 τυμπάνων

193 1850 222 1876 δὲ
239 1851 287 1876 καὶ
302 1850 449 1885 κυμϐάλων
461 1849 639 1882 ἐνθεάζουσαν
650 1870 656 1882 ,
678 1850 725 1876 καὶ
739 1849 807 1881 ὅλως
831 1850 922 1885 ἁφανῆ
937 1850 985 1876 καὶ

193 1895 278 1930 αὐτὴν
293 1895 428 1929 γενέσθαι.
446 1895 514 1926 Τοὺς
527 1894 555 1921 δὲ
572 1894 666 1930 δχλους
680 1895 872 1929 θαυμάσαντας
881 1894 928 1930 τὴν
941 1903 984 1920 πε-

195 1941 342 1976 ριπέτειαν,
359 1941 403 1967 τὸν
420 1941 469 1976 μὲν
483 1940 574 1967 Ἥλιον
591 1941 637 1967 καὶ
653 1940 703 1976 τὴν
720 1941 838 1976 Σελήνην
865 1949 984 1975 μεταγα-

193 1988 249 2021 γεῖν
266 1987 312 2013 ἐπὶ
329 1987 361 2013 τὰ
374 1987 434 2013 κατ’
451 1986 569 2022 Οὐρανὸν
578 1987 680 2022 ἄστρα·
696 1987 745 2022 τήν
757 1995 788 2012 τε
806 1987 912 2021 μητέρα
923 1986 983 2012 τού-

193 2041 264 2064 των,
287 2033 346 2060 οεὸν
369 2041 399 2059 τε
414 2033 533 2068 νομίσαι,
548 2033 595 2059 καὶ
623 2032 731 2067 βωμοὺς
751 2032 919 2067 ἱδρύσασθαι,
937 2031 983 2058 καὶ

193 2079 252 2110 ταῖς
270 2079 312 2105 διὰ
332 2079 482 2115 τυμπάνων
505 2079 551 2105 καὶ
574 2077 720 2113 κυμϐάλων
740 2077 888 2112 ἐνεργείαις
902 2077 982 2112 τιμῆ-

196 2132 251 2153 σαι.

229 2276 238 2292 ι
257 2266 362 2302 Φρύγες
377 2266 406 2292 δέ
429 2274 494 2300 φασι
512 2265 607 2301 Μηόνα
627 2263 822 2299 βασιλεύσαντα
841 2261 890 2296 τῆς
909 2262 979 2298 Φρυ-

192 2313 263 2348 γίας,
274 2312 359 2339 παῖδα
367 2311 491 2347 Κυϐέλην
498 2310 657 2347 κτήσασθαι,
670 2311 702 2345 ἣν
713 2309 759 2336 καὶ
772 2309 890 2344 σύριγγα
904 2307 979 2342 πρώ-

189 2367 239 2394 την
249 2359 349 2392 εὑρεῖν,
364 2357 498 2393 κληθῆναί
513 2365 542 2383 τε
555 2356 659 2392 Ὀρείαν
679 2353 936 2391 μητέρα”·Μαρσὺαν
952 2353 986 2380 δὲ.

190 2404 235 2430 τὴν
250 2403 345 2440 Φρύγα
359 2402 428 2439 πρὸς
440 2402 541 2436 ταύτην
558 2401 647 2436 φιλίαν
661 2400 756 2435 ἔχοντα
768 2420 776 2432 ,
804 2398 911 2434 πρῶτον
932 2398 979 2424 αὺ-

191 2450 252 2481 λοὺς
277 2448 480 2484 συστήσασθαι·
511 2447 662 2474 διατελέσαι
689 2446 716 2472 δὲ
747 2445 828 2481 μέχρι
851 2444 978 2479 τελευτῆς

191 2495 338 2532 ἀπείρατον
354 2494 528 2530 ἀφροδισίων,
545 2493 599 2528 Τὴν
614 2493 642 2519 δὲ
658 2491 782 2525 Κυϐέλην
800 2490 978 2517 συνελθοῦσαν

190 2544 230 2574 εἰς
244 2542 352 2577 ὁμιλίαν
365 2540 480 2573 Ἀττιδι,
496 2540 621 2575 γενέσθαι
635 2538 784 2573 ἐγκύμονα.
793 2533 830 2564 Οὖ
845 2536 979 2571 γνωσθέν-

190 2597 246 2621 τος,
267 2590 282 2615 ὸ
299 2588 401 2624 ταύτης
416 2587 513 2623 πατὴρ
543 2587 587 2613 τον
605 2587 697 2612 Ἄττιν
722 2585 838 2620 ἀναιρεῖ,
865 2583 910 2610 καὶ
928 2582 978 2614 τὰς

190 2633 304 2669 τροφούς
313 2643 319 2649 ·
333 2633 382 2670 τὴν
393 2634 422 2660 δὲ
437 2632 681 2667 Κυϐέληνὲμμανῆ
695 2631 854 2666 γενομένην,
868 2629 915 2655 ἐπὶ
930 2628 979 2664 τὴν

191 2680 282 2716 χώραν
293 2680 457 2715 ἐκπηδῆσαι,
473 2679 562 2706 ὲκεῐσέ
577 2687 605 2704 τε
617 2676 794 2709 ὀλολύζουσαν
812 2675 860 2703 καὶ⁵
872 2683 982 2710 τυμπα-

191 2725 315 2758 νίζουσαν
330 2726 471 2752 διατελεῖν.
485 2726 605 2751 Συνεῐναι
619 2725 647 2751 δὲ
655 2725 723 2759 αὐτῇ
737 2724 879 2760 Μαρσύαν,
897 2722 925 2748 ὂν
939 2723 979 2752 εἰς

225 2793 294 2828 (56⁸)
315 2793 392 2820 Φασὶ
406 2794 520 2819 τοίνυν.
538 2791 649 2828 piodor.
671 2790 718 2817 lib.
731 2798 771 2822 tu,
791 2798 817 2828 p.
834 2789 884 2816 189
899 2788 930 2819 D,
945 2797 976 2814 ex

190 2827 244 2864 quo
259 2829 389 2855 nonnulla
404 2829 518 2864 strictim
538 2827 681 2864 Eusebiae

225 2865 280 2897 (επ)
303 2864 438 2895 ﬁrmi“,
459 2862 727 2898 Leger'l‘teaisg-trm
743 2860 870 2898 Diodoro.

191 2893 283 2933 8,}th
298 2899 379 2926 etiam
397 2893 444 2930 ait,
460 2893 608 2926 (icti-decim
620 2897 682 2924 illos
699 2895 787 2922 'l'tttctc
802 2893 900 2922 libero:
920 2894 972 2920 ἀπὸ

1037 1628 1094 1648 ram
1111 1619 1216 1648 Lunam
1232 1620 1337 1647 vocarit
1352 1630 1358 1647 :
1389 1619 1470 1648 Rhea:
1498 1628 1562 1647 vero
1575 1620 1689 1652 fratres,
1700 1620 1772 1654 quod
1789 1619 1823 1646 ab

1036 1666 1070 1693 iis
1086 1666 1136 1693 sibi
1155 1670 1318 1699 metuerent,
1334 1665 1514 1702 Hyperiouem
1529 1666 1646 1700 primum
1661 1665 1800 1700 jugulasse
1813 1686 1821 1697 ,

1036 1711 1133 1738 deinde
1153 1711 1244 1739 Solem
1265 1711 1376 1739 Eridani
1401 1711 1522 1739 ﬂuminis
1538 1711 1616 1746 aquis
1640 1710 1821 1746 prtefocasse;

1035 1757 1140 1785 Lunam
1166 1764 1277 1792 autem,
1301 1762 1412 1793 accepto
1436 1758 1502 1785 dira:
1517 1757 1678 1785 calamitatis
1704 1757 1820 1789 nuntio,

1035 1811 1095 1832 sese
1110 1804 1143 1832 de
1168 1811 1276 1832 summo
1293 1808 1364 1831 tecto
1380 1803 1544 1838 praecipitem
1562 1803 1686 1830 dedisse:
1707 1808 1819 1829 matrem

1035 1849 1153 1885 denique
1168 1849 1260 1876 furore
1276 1853 1375 1880 actam,
1390 1849 1494 1883 sparsis
1513 1849 1634 1876 crinibus
1647 1869 1654 1880 ,
1672 1848 1821 1883 tympanis-

1035 1904 1088 1931 que
1100 1904 1132 1923 ac
1146 1896 1277 1932 cymbalis
1291 1896 1409 1923 amatum
1422 1895 1542 1923 numinis
1555 1901 1581 1922 et
1593 1895 1720 1930 impetum
1734 1899 1812 1922 osten

1034 1943 1159 1975 dentem,
1181 1946 1264 1970 totam
1281 1941 1382 1976 passim
1399 1941 1537 1976 regionem
1554 1941 1696 1969 oberrasse
1708 1961 1715 1972 ,
1733 1941 1821 1968 donec

1035 1987 1094 2022 ipsa
1117 1995 1226 2022 quoque
1239 1987 1361 2014 omnium
1379 1996 1414 2015 ex
1436 1987 1523 2015 oculis
1538 1987 1703 2015 evanuisset.
1727 1987 1820 2022 itaque

1034 2032 1236 2060 multitudinem
1254 2032 1336 2066 hujus
1357 2031 1475 2059 novitate
1488 2039 1568 2059 casus
1583 2030 1745 2063 attonitam,
1769 2030 1819 2058 So-

1033 2079 1085 2106 lem
1099 2083 1181 2114 atque
1206 2078 1311 2105 Lunam
1328 2078 1354 2104 in
1368 2077 1475 2112 gemina
1500 2077 1561 2104 caeli
1587 2075 1674 2104 sidera
1699 2070 1819 2103 transtu-

1033 2124 1117 2157 lisse,
1142 2124 1284 2159 utriusque
1306 2131 1369 2151 vero
1396 2128 1511 2150 matrem
1534 2121 1590 2149 dcte
1617 2122 1675 2149 loco
1699 2121 1823 2149 habitam-

1031 2171 1129 2199 erectis
1153 2171 1304 2203 altaribus,
1331 2174 1358 2198 et
1382 2175 1513 2206 usurpato
1531 2169 1613 2198 simili
1629 2174 1818 2205 tympanorum

1033 2217 1274 2253 cymbalorumque
1289 2216 1391 2251 crepitu
1413 2215 1541 2243 coluisse.

1071 2263 1126 2298 58
1141 2273 1149 2289 ι
1168 2262 1206 2290 At.
1223 2271 1286 2290 vero
1301 2262 1419 2298 Phryges
1437 2261 1558 2289 .‘leouem
1578 2261 1720 2296 quemdam
1743 2260 1818 2288 aiunt

1034 2310 1159 2346 Phrygia:
1180 2318 1269 2345 regem
1294 2310 1376 2336 tiliam
1400 2309 1526 2336 habuisse
1547 2308 1656 2335 nomine
1671 2307 1794 2343 Cybelem
1807 2327 1816 2339 .

1033 2363 1095 2391 quae
1114 2355 1200 2390 prima
1218 2355 1335 2381 tistulam
1360 2354 1510 2385 invenerit,
1535 2357 1561 2380 et
1584 2353 1708 2379 lllontana
1734 2352 1818 2379 Mater

1032 2401 1165 2435 appellata
1181 2400 1282 2427 fuerit:
1297 2399 1430 2435 Marsyam
1454 2404 1543 2426 autem
1564 2399 1650 2433 patria
1672 2396 1816 2433 Phrygem,

1033 2455 1095 2475 cum
1110 2447 1161 2482 ipsi
1174 2446 1318 2474 familiaris
1332 2451 1414 2478 esset,
1430 2445 1510 2473 tibias
1524 2444 1702 2477 conllavisse;
1717 2448 1741 2471 et
1755 2451 1816 2470 cor-

1033 2494 1108 2527 poris
1130 2493 1312 2528 integritatem
1335 2500 1349 2520 a
1368 2492 1447 2520 rebus
1472 2491 1594 2518 venereis
1616 2491 1763 2517 immunem
1784 2497 1816 2516 ac

1031 2540 1144 2567 liberam
1166 2539 1199 2567 ad
1216 2539 1320 2567 obitum
1339 2546 1424 2574 usque
1436 2545 1569 2565 servasse.
1581 2536 1689 2563 Addunt
1705 2539 1816 2570 praeter-

1031 2593 1063 2613 ea
1078 2585 1191 2622 Cybeles
1206 2584 1331 2618 Patrem,
1347 2591 1409 2612 cum
1426 2591 1489 2611 eam
1500 2591 1531 2610 ex
1546 2582 1645 2609 Attidis
1668 2585 1815 2609 consuetu~-

1032 2632 1095 2659 dine
1117 2636 1224 2659 uterum
1249 2636 1355 2666 gestare
1378 2629 1574 2664 comperisset,
1596 2628 1630 2655 de
1647 2627 1735 2654 medio
1761 2635 1814 2653 non

1033 2677 1106 2704 Attin
1123 2675 1215 2707 modo,
1232 2675 1277 2703 sed
1300 2675 1372 2710 ipsas
1386 2682 1494 2709 quoque
1509 2674 1626 2701 nutrices
1650 2671 1812 2700 sustulisse:

1033 2722 1078 2757 qui
1093 2721 1272 2748 adolescentis
1285 2721 1410 2747 interitus
1422 2728 1453 2746 eo
1464 2719 1577 2754 Cybeles
1588 2718 1708 2745 animum
1723 2717 1816 2745 furere

1029 2790 1077 2825 τῆς
1091 2791 1192 2825 μητρὸς
1208 2787 1524 2825 ὀνομάζεσθαιΤιτᾶναςἶ
1537 2786 1602 2825 Quae
1617 2785 1720 2825 potatio
1731 2793 1812 2820 quam

1029 2821 1102 2853 recta
1117 2821 1163 2856 sit,
1183 2821 1332 2860 mythologi
1351 2823 1477 2850 viderint.
1495 2821 1561 2850 Vide
1573 2821 1666 2856 p.192
1679 2822 1711 2853 A,
1730 2827 1792 2855 pen.

1063 2871 1119 2911 (58)
1138 2870 1264 2905 Μητέρα.
1288 2870 1408 2903 Dioclen,
1426 2868 1549 2905 μεγάλην
1565 2867 1678 2905 unctos.
