2064 3212
247 166 300 194 115

565 162 701 192 EUSEBII
720 162 963 191 (LESARlENSlS
986 163 1061 191 OPP.
1085 163 1176 191 PARS
1195 162 1226 191 ll.
1241 178 1275 184 —
1295 162 1549 191 APOLOGETICA.

1814 164 1869 192 “6

246 223 403 256 concitavit,
418 227 449 250 ut
462 230 511 258 per
531 223 687 250 universam
704 223 840 258 regionem
854 231 917 250 cum
942 223 1030 251 ulula.

1083 224 1198 259 ἆμιλλαν
1211 224 1276 259 περὶ
1290 223 1422 258 μουσικῆς
1441 222 1551 264 ἐλθόντα
1571 222 1610 258 τῷ
1631 222 1793 251 Ἀπόλλωνι.
1822 223 1869 249 καὶ

247 270 331 300 tibus,
347 277 379 296 ac
393 274 581 304 tympanorum
599 269 690 296 sunitu
706 273 836 303 perpetuo
853 269 1029 297 discnrsaret.

247 317 332 343 Porro
348 315 481 351 Marsyam
498 320 554 342 tum
578 315 687 351 quidem
704 320 734 341 ut
757 315 904 350 plurimum
920 323 982 342 cum
999 323 1032 342 ea

247 364 385 387 versatum
401 367 472 391 esse,
487 365 580 394 postea
595 366 658 386 vero
673 360 708 386 ab
725 359 848 394 Apolline
861 380 868 393 ,
887 360 933 394 qui
947 360 1032 387 victo-

248 406 316 433 riam
331 413 363 433 ex
381 405 486 432 musico
508 405 658 432 certamine
681 412 743 431 cum
764 404 859 432 eodem
885 405 1032 432 commisso

248 451 397 484 retulerat,
412 456 501 478 cutem
525 450 577 485 ipsi
603 450 665 477 vivo
688 457 720 477 ac
745 451 858 485 spiranti
883 451 1032 479 detractam

247 496 340 524 fuisse.
354 496 456 523 Deinde
466 495 616 530 Apollinem
628 493 742 530 Cybeles
752 502 846 522 amore
860 494 1029 530 ﬂagrantem,

245 548 371 568 errorum
386 541 412 568 ei
427 548 488 568 sese
503 540 537 567 ad
553 539 741 576 Hyperboreos
755 548 841 575 usque
857 541 984 568 comitem
1000 548 1032 568 ac

246 586 350 614 socium
366 586 526 621 praebuisse,
543 585 697 620 Attidisque
710 586 825 613 cadaver
841 586 959 621 sepeliri,
977 587 1032 622 Cy-

247 633 387 667 belemque
401 632 488 667 ipsam
503 640 556 667 pro
568 633 618 660 dea
635 633 687 660 coli
707 633 845 667 jussisse:
867 640 928 668 quae
949 641 1031 661 causa

245 679 290 710 sit,
306 678 484 713 quamobrem
495 677 616 713 Phryges
628 679 778 706 etiamnum
791 679 865 706 hunc
879 686 983 706 morem
995 679 1032 706 ita

246 724 390 756 retineant,
406 729 436 752 ut
451 724 633 752 adolescentis
647 724 786 752 interitum
801 724 930 760 lacrymis
944 725 1032 753 luctu-

244 777 298 805 que
313 774 535 805 prosequantur,
558 778 677 805 eumque
701 778 764 798 cum
789 770 888 806 Cybele
907 775 963 798 tum
986 778 1033 798 ex-

244 816 358 844 structis
371 816 438 850 aris,
452 820 508 843 tum
520 817 689 844 solemnibus
699 816 841 844 sacriﬁciis
856 821 1030 844 venerentur.

244 862 317 896 Quin
340 862 422 890 etiam
440 863 473 890 ab
499 862 593 890 iisdem
617 863 791 898 postmodum
817 863 845 890 in
870 862 1032 891 Pessinunte

245 907 370 944 Phrygiae
381 908 480 943 oppido
496 909 642 944 superbum
667 917 699 937 ac
714 909 889 943 magniﬁcum
905 910 944 936 illi
960 914 1030 937 tein-
1046 903 1068 931 Β

246 955 320 989 plum
343 955 512 988 excitatum,
536 956 563 982 in
590 963 677 990 eoque
700 956 833 984 sacriﬁcia
859 957 1031 992 honoresque

246 1000 353 1028 divinos
369 1001 488 1028 maximo
501 1001 778 1036 splendidissimoque
796 1007 926 1037 apparatu
950 1003 1029 1030 insti-

249 1050 323 1074 tutos
335 1045 428 1074 fuisse.
440 1046 499 1073 1am
512 1055 576 1074 vero
590 1046 658 1074 Caeli
674 1047 744 1075 ﬁlios
762 1047 914 1082 Hyperione
924 1048 1031 1075 sublato

246 1099 360 1125 regnum
377 1091 448 1119 inter
463 1099 522 1119 sese
536 1092 662 1120 divisisse
674 1113 681 1125 ,
699 1099 816 1126 quorum
837 1093 916 1128 longe
937 1093 1032 1120 claris-

246 1136 309 1164 simi
323 1137 401 1165 Atlas
417 1141 445 1164 et
469 1137 605 1165 Saturnus
621 1138 768 1166 evaserint.
792 1138 880 1173 Atque
895 1137 1030 1165 Atlantem

245 1183 356 1217 quidem
370 1183 461 1211 vicina
476 1183 585 1211 Oceano
600 1184 661 1212 loca
683 1185 821 1217 tenuisse,
837 1191 900 1211 rara
914 1184 1031 1219 quadam

244 1228 400 1264 astrologia
413 1229 569 1264 cognitione
583 1233 768 1264 praestantem.
789 1228 867 1258 Hunc
881 1234 985 1265 septem
1000 1230 1032 1256 ﬂ-

246 1274 298 1302 lias
315 1273 445 1302 habuisse
458 1274 569 1302 nomine
584 1274 748 1308 Atlantidas,
764 1283 826 1310 quin
841 1283 874 1302 ex
891 1275 1034 1310 primario-

246 1327 307 1347 rum
320 1319 481 1355 eximieque
503 1320 603 1348 indolis
625 1320 738 1348 deorum
758 1320 904 1348 concubitu
921 1320 1032 1356 amplis-

245 1366 309 1394 simi
320 1366 430 1402 generis
439 1366 527 1401 capita
541 1366 678 1401 ducesque
692 1365 803 1399 fuerint,
819 1367 953 1402 susceptis
962 1367 1033 1401 ejus-

247 1413 322 1440 modi
351 1412 466 1445 liberis,
491 1419 561 1447 quos
587 1417 697 1447 propter
722 1412 847 1440 virtutem
872 1413 899 1441 in
918 1413 1031 1440 deorum

246 1457 416 1493 beroumque
431 1465 545 1484 numero
559 1462 652 1492 postea
666 1463 842 1485 censuerunt.
854 1458 953 1485 Earum
968 1465 1032 1485 vero

245 1508 310 1530 natu
332 1504 479 1531 maximam
494 1524 501 1537 ,
515 1511 577 1538 quae
591 1502 659 1531 Maia
684 1504 832 1531 vocabatur
844 1524 851 1536 ,
866 1503 1031 1531 Mercurium

243 1549 304 1577 Jori
323 1550 470 1585 peperisse.
493 1550 528 1577 At
554 1549 702 1577 Saturnum
726 1558 780 1577 non
803 1550 894 1577 minus
917 1550 1031 1577 avaritia

244 1603 326 1631 quam
341 1596 451 1624 libidine
469 1596 732 1631 intemperantiaque
749 1595 882 1623 famosum
899 1615 906 1628 ,
927 1594 1030 1623 Rheam

243 1649 368 1669 sororem
387 1650 479 1669 secum
496 1641 670 1668 matrimonio
686 1641 875 1676 cunjunxisse,
890 1648 924 1668 ex
945 1649 1031 1676 eaque

242 1685 338 1714 Jovem
354 1687 518 1722 suscepisse.
532 1687 564 1713 Et
577 1687 660 1714 alium
671 1687 780 1721 quidem
792 1687 849 1721 jam
862 1692 924 1714 ante
937 1687 1029 1715 Jovem

242 1733 392 1766 exstitisse,
409 1733 455 1767 qui
467 1733 530 1760 Caeli
545 1733 628 1760 frater
641 1741 702 1760 cum
714 1738 786 1760 esset
798 1734 824 1760 in
837 1733 916 1760 Creta
933 1741 1030 1769 regna~

243 1783 340 1812 rorat,
353 1786 434 1813 quem
453 1783 541 1806 tamen
566 1779 700 1814 posterior
726 1779 770 1807 hic
786 1780 867 1815 longo
890 1780 1029 1816 dignitatis

243 1829 271 1852 et
293 1825 387 1860 gloria:
408 1825 543 1860 superarit
566 1825 717 1853 intervallo.
745 1825 851 1860 Quippe
863 1826 935 1854 hunc
955 1828 1028 1854 enim

243 1870 304 1897 orbi
321 1875 453 1898 terrarum
470 1872 596 1898 universo
613 1872 777 1906 imperasse,
802 1881 863 1899 cum
887 1873 961 1907 prior
984 1874 1030 1901 ille

243 1917 295 1944 soli
310 1917 398 1944 Cretae
412 1917 569 1944 dominatus
582 1923 672 1950 esset,
690 1918 734 1945 ubi
751 1918 842 1945 decem
859 1919 930 1946 lilios
945 1918 1029 1947 Cure-

243 1969 285 1990 tas
306 1963 416 1990 nomine
439 1964 609 1997 procreat-it;
634 1963 711 1999 cujus
726 1964 807 1991 etiam
833 1965 923 1992 adhuc
936 1966 1028 2000 sepul—

242 2009 338 2037 chrum
355 2009 382 2036 in
397 2009 478 2037 Creta
491 2011 595 2037 ostendi
613 2009 683 2037 fama
696 2015 747 2039 est.
761 2011 816 2047 59
830 2011 916 2039 Porro
933 2012 1029 2040 Satur-

242 2063 308 2082 num
322 2054 454 2087 Siciliam,
479 2054 591 2092 Libyam
605 2061 631 2083 et
646 2056 748 2083 ltaliani
764 2057 878 2091 imperio
892 2059 1027 2091 tenuisse,

241 2100 320 2135 cujus
344 2100 415 2127 ﬁlius
429 2099 534 2134 Jupiter
549 2102 610 2128 vita:
633 2102 767 2129 rationem
795 2103 887 2130 inierit
908 2108 1028 2139 paternae

241 2146 356 2174 omnino
387 2148 561 2173 contrariam.
594 2146 674 2175 llunc
699 2147 746 2174 alii
774 2156 886 2183 regnum
918 2150 1028 2177 cedente

242 2191 316 2218 ultro
334 2195 410 2226 patre
424 2192 576 2225 capessisse
595 2192 708 2226 volunt,
730 2193 777 2220 alii
792 2202 927 2222 consensu
940 2202 1027 2230 popu-

1082 269 1245 304 ἡττηθέντα,
1266 268 1354 300 ζῶντα
1373 268 1424 294 ὑπὸ
1440 267 1487 294 τοῦ
1511 268 1675 299 Ἀπόλλωνος
1710 268 1867 303 ἐκδαρῆναι.

1083 314 1134 340 Τὸν
1146 314 1174 340 δὲ
1197 313 1361 346 Ἀπόλλωνα,
1374 314 1522 348 ἐρασθέντα
1536 314 1584 348 τῆς
1596 313 1728 348 Κυϐέλης,
1746 313 1869 348 συμπλα-

1082 359 1196 395 νηθῆναι
1211 360 1266 394 (59)
1277 360 1345 395 αὐτῇ
1359 360 1440 395 μέχρι
1451 359 1503 385 τῶν
1521 359 1721 394 Ὑπερϐορέων,
1741 359 1868 385 κελεῦσαί

1083 413 1111 431 τε
1127 404 1210 439 θάψαι
1222 404 1253 431 τὸ
1267 404 1388 436 Ἀττιδος
1407 404 1486 439 σῶμα
1496 424 1503 436 ,
1522 404 1568 430 καὶ
1582 405 1664 439 τιμᾷν
1678 404 1714 435 ὡς
1745 403 1804 429 θεὸν
1819 403 1869 439 τὴν

1083 451 1217 486 Κυϐέλην.
1236 451 1335 486 Διόπερ
1362 450 1445 477 εἰσέτι
1472 451 1520 476 καὶ
1536 450 1654 485 σήμερον
1675 451 1738 481 τοὺς
1761 450 1870 485 Φρύγας

1082 497 1160 523 τοῦτο
1172 498 1269 529 ποιεῖν,
1288 496 1452 532 θρηνοῦντας
1463 496 1511 522 τοῦ
1525 496 1667 531 μειρακίου
1684 496 1729 522 τὸν
1741 495 1868 528 θάνατον,

1084 543 1192 578 βωμούς
1204 552 1233 569 τε
1249 543 1454 579 ἱδρυσαμένους,
1473 541 1578 573 θυσίαις
1594 542 1687 568 Ἀττιν
1711 550 1739 568 τε
1758 542 1805 568 καὶ
1821 541 1869 577 τὴν

1084 589 1207 624 Κυϐέλην
1220 590 1312 624 τιμᾷν.
1327 589 1460 623 ’Υστερον
1471 587 1544 613 δὲ’έν
1556 587 1712 613 Πεσινοῦντι
1734 587 1784 621 τῆς
1798 588 1870 622 Φρυ-

1083 636 1144 670 γίας
1166 634 1372 662 κατασκευάσαι
1395 634 1458 660 ναὸν
1482 632 1624 668 πολυτελῆ,
1643 632 1689 658 καὶ
1715 632 1797 667 τιμὰς
1822 633 1870 659 καὶ

1083 681 1178 713 θυσίας
1190 679 1345 712 καταδεῖξαι
1364 678 1667 714 μεγαλοπρεπεστάτας.
1683 678 1758 704 Μετὰ
1773 678 1801 704 δὲ
1820 678 1871 714 τὴν

1088 725 1244 762 Ὑπερίονος
1263 725 1394 760 τελευτὴν
1403 724 1466 756 τοὺς
1479 723 1600 759 Οὐρανοῦ
1616 723 1711 754 παῖδας
1734 722 1870 750 διελέσθαι

1082 772 1131 807 τὴν
1141 770 1287 806 βασιλείαν,
1296 767 1333 796 ὦν
1343 770 1475 804 ὑπάρχειν
1490 769 1719 802 ἐπιφανεστάτους
1736 768 1871 796 Ἄτλαντα

1082 817 1129 843 καὶ
1139 817 1251 852 Κρόνον.
1261 815 1360 842 Τοῦτον
1371 815 1399 841 δὲ
1413 815 1458 841 τὸν
1473 813 1608 840 ’Ἄτλαντα
1619 813 1711 839 λαϐεῖν
1721 814 1784 845 τοὺς
1794 813 1871 848 παρὰ

1082 861 1126 888 τὸν
1146 854 1270 887 Ὠκεανὸν
1286 860 1394 891 τόπους,
1412 859 1556 894 γενόμενον
1565 858 1727 892 ἀστρολόγον
1741 858 1869 894 ἄριστονο

1082 907 1201 943 ὑπάρξαι
1213 907 1241 933 δὲ
1254 906 1326 941 αὐτῷ
1349 907 1396 932 καὶ
1408 904 1560 940 θυγατέρας
1574 904 1651 935 ἑπτὰ,
1669 904 1718 936 τὰς
1737 904 1871 940 καλουμέ-

1081 963 1128 986 νας
1149 953 1328 984 Ἀτλαντίδας.
1345 952 1452 983 Ταύτας
1465 952 1493 978 δὲ
1508 951 1632 986 μιγείσας
1647 953 1703 982 τοῖς
1719 951 1870 986 εὐφυεστά-

1081 1009 1137 1032 τοις
1149 1000 1228 1031 θεοῖς,
1239 1000 1375 1036 ἀρχηγοὺς
1384 998 1551 1033 καταστῆναι
1564 998 1610 1023 τοῦ
1622 997 1747 1025 πλείστου
1762 999 1868 1032 γένους,

1082 1047 1212 1078 τεκούσας
1226 1047 1258 1072 δι’
1271 1047 1371 1082 ἀρετὴν
1385 1045 1462 1077 θεοὺς
1479 1046 1524 1071 καὶ
1540 1047 1643 1083 ἥρωας,
1656 1043 1705 1071 Ὧν
1729 1045 1777 1081 τὴν
1800 1052 1869 1081 πρε-

1085 1092 1218 1127 σϐυτάτην
1227 1092 1316 1118 Μαῖαν
1329 1091 1370 1117 Διὶ
1386 1093 1520 1126 μιγεῖσαν,
1536 1091 1725 1125 τεκνοποιῆσαι
1740 1091 1784 1116 τὸν
1807 1091 1870 1127 Ἐρ-

1085 1137 1149 1173 μῆν.
1168 1137 1254 1163 mea
1265 1137 1378 1173 Κρόνον,
1388 1138 1548 1174 διαφέροντα
1568 1137 1707 1172 πλεονεξίᾳ
1723 1137 1770 1163 καὶ
1788 1136 1870 1164 ἀσελ-

1082 1182 1154 1218 γείᾳ,
1173 1182 1261 1217 γῆμαι
1278 1183 1327 1218 τὴν
1348 1183 1464 1219 ἀδελφὴν
1485 1183 1574 1216 Ῥέαν,
1591 1183 1619 1216 ἐξ
1631 1181 1665 1219 ἧς
1679 1182 1807 1217 γεννῆσαι
1822 1182 1869 1209 τὸν

1083 1229 1142 1256 Δία.
1165 1228 1307 1263 Γεγονέναι
1330 1229 1357 1256 δὲ
1376 1229 1424 1256 καὶ
1444 1230 1536 1265 ἕτερον
1557 1230 1606 1256 Δία
1630 1229 1674 1256 τὸν
1688 1228 1799 1263 ἀδελφὸν
1818 1228 1869 1264 μὲν

1082 1275 1202 1308 Οὐρανοῦ
1211 1296 1219 1307 ,
1235 1275 1285 1310 τῆς
1296 1275 1325 1302 δὲ
1339 1276 1450 1311 Κρήτης
1459 1275 1665 1310 βασιλεύσαντα,
1678 1276 1711 1310 τῇ
1722 1274 1782 1310 δόξῃ
1799 1274 1870 1301 πολὺ

1082 1320 1239 1356 λειπόμενον
1248 1321 1294 1347 τοῦ
1309 1321 1549 1356 μεταγενεστέρου.
1564 1321 1663 1347 Τοῦτον
1678 1321 1726 1356 μὲν
1740 1319 1785 1347 οὖν
1795 1320 1869 1356 βασι·

1081 1366 1176 1393 λεῦσαι
1185 1359 1232 1393 τοῦ
1241 1367 1399 1402 σύμπαντος
1412 1367 1514 1402 κόσμου
1525 1375 1532 1382 ·
1541 1367 1587 1393 τὸν
1598 1366 1625 1392 δὲ
1634 1367 1682 1402 τῆς
1690 1367 1809 1402 Κρήτης,
1819 1366 1868 1393 καὶ

1082 1412 1148 1439 δέκα
1159 1412 1255 1444 παῖδας
1271 1413 1409 1447 γεννῆσαι,
1420 1413 1482 1445 τοὺς
1498 1412 1696 1447 ὀνομασθέντας
1714 1413 1867 1447 Κουρῆτας,

1081 1458 1235 1485 δείκνυσθαι
1246 1458 1274 1484 δὲ
1282 1458 1364 1485 αὑτοῦ
1372 1468 1453 1493 φασιν
1465 1459 1547 1486 εἰσέτι
1564 1459 1610 1485 νῦν
1621 1459 1705 1493 τάφον
1722 1460 1749 1485 ὲν
1758 1460 1865 1495 Κρήτῃ.

1082 1504 1265 1530 Δυναστεῦσαι
1285 1504 1313 1530 δὲ
1331 1504 1376 1531 τὸν
1398 1505 1501 1540 Κρόνον
1517 1505 1587 1532 κατὰ
1609 1505 1731 1531 Σικελίαν
1752 1505 1798 1531 καὶ
1818 1506 1867 1531 Λι-

1083 1549 1150 1585 ϐύην
1163 1551 1209 1576 καὶ
1228 1550 1354 1577 Ἰταλίαν.
1372 1551 1472 1577 Τούτου
1491 1551 1519 1577 δὲ
1535 1552 1678 1586 γενόμενον
1689 1551 1734 1577 τὸν
1748 1551 1807 1583 Δία,
1821 1551 1868 1578 τὸν

1082 1596 1201 1623 ἐναντίον
1217 1596 1256 1631 τῷ
1269 1597 1352 1632 πατρὶ
1367 1597 1424 1631 βίον
1438 1597 1566 1632 ζηλῶσαι.
1583 1596 1759 1629 Διαδέξασθαι
1773 1598 1801 1624 δὲ
1816 1598 1866 1624 αὑ-

1081 1642 1125 1668 τὸν
1142 1642 1190 1677 τὴν
1208 1641 1342 1677 βασιλείαν
1361 1643 1386 1669 οἱ
1408 1643 1456 1678 μέν
1471 1651 1551 1677 φασιν
1568 1643 1674 1674 ἑκόντος
1695 1642 1741 1669 τοῦ
1764 1643 1867 1678 πατρὸς

1082 1689 1346 1723 παραχωρήσαντος
1369 1690 1393 1714 οξ
1413 1688 1451 1719 δὲ,
1477 1689 1529 1715 ὑπὸ
1547 1690 1601 1716 τῶν
1622 1690 1706 1725 ὄχλων
1726 1689 1867 1725 αιρεθέντα

1080 1734 1124 1760 διὰ
1140 1734 1169 1760 τὸ
1186 1735 1262 1769 μῖσος
1278 1725 1308 1760 τὸ
1332 1734 1400 1769 πρὸς
1419 1735 1465 1761 τὸν
1486 1732 1599 1771 πατέρα.
1623 1735 1867 1772 Ἐπιστρατεύσαν-

1080 1789 1126 1812 τος
1137 1780 1164 1807 δὲ
1178 1781 1220 1806 ἐπ’
1236 1780 1315 1806 αὑτὸν
1327 1781 1372 1807 τοῦ
1387 1780 1490 1816 Κρόνου
1509 1781 1577 1816 μετὰ
1590 1781 1642 1808 τῶν
1659 1782 1789 1813 Τιτάνων,
1801 1788 1868 1815 κρα-

1080 1827 1161 1862 τῆσαι
1176 1827 1249 1863 μάχῃ
1264 1827 1309 1853 τὸν
1325 1827 1385 1858 Δία,
1404 1827 1451 1854 καὶ
1465 1827 1588 1854 ἐπελθεῖν
1607 1828 1697 1853 πᾶσαν
1713 1827 1761 1862 τὴν
1777 1828 1867 1853 οἰκου-

1081 1874 1176 1909 μένην,
1192 1873 1340 1907 διενεγκεῖν
1357 1873 1384 1899 δὲ
1399 1873 1480 1900 αὑτὸν
1498 1874 1620 1909 σώματος
1637 1873 1724 1908 ῥώμῃ,
1743 1872 1790 1899 καλ⁵
1807 1873 1867 1905 ταῖς

1079 1920 1172 1951 ἄλλαις
1185 1920 1305 1955 ἀρεταῖς,
1316 1920 1433 1955 σπουδήν
1441 1928 1469 1945 τε
1484 1920 1618 1946 ποιεῖσθαι
1630 1919 1718 1945 πᾶσαν
1732 1920 1771 1950 εἰς
1787 1918 1868 1945 κόλα-

1080 1975 1122 1993 σιν
1136 1967 1184 2001 μὲν
1197 1966 1251 1993 τῶν
1264 1966 1380 1997 ἀσεϐῶν,
1399 1965 1556 2001 εὐεργεσίας
1569 1966 1597 1992 δέ
1609 1965 1661 1991 τῶν
1675 1964 1794 1999 ἀγαθῶν,
1807 1960 1870 1990 ἀνθ’

1079 2010 1115 2040 ὧν
1141 2013 1212 2048 μετὰ
1230 2014 1278 2049 τὴν
1296 2014 1323 2047 ἐξ
1341 2014 1490 2050 ἀνθρώπων
1506 2013 1669 2048 μετάστασιν
1684 2011 1868 2046 ὀνομασθῆναι

1079 2060 1160 2095 Ζῆνα.
1179 2059 1222 2086 διὰ
1240 2060 1269 2086 τὺ
1289 2060 1377 2087 δοκεῖν
1392 2059 1437 2087 τοῦ
1457 2059 1548 2090 καλῶς
1570 2058 1619 2093 ζῇν
1640 2058 1725 2084 αἴτιον
1739 2057 1867 2091 γενέσθαι

1078 2107 1134 2136 τοῖς
1150 2105 1311 2141 ἀνθρώποις.
1328 2106 1388 2132 Τῶν
1406 2106 1453 2140 μὲν
1471 2102 1516 2130 οὖν
1531 2103 1593 2138 περὶ
1603 2104 1660 2134 τοῖς
1688 2102 1867 2134 Ἀτλαντείοις

1079 2151 1303 2187 θεολογουμένων,
1318 2151 1352 2177 τὰ
1367 2151 1500 2185 κεφάλαια
1518 2148 1604 2175 ταῦτά
1617 2149 1684 2174 ἐστι.
1707 2148 1818 2178 Τούτοις
1837 2147 1867 2173 δέ

1079 2206 1143 2231 φασι
1162 2197 1283 2227 καὶτοὺς
1301 2196 1433 2230 ’Έλληνας
1449 2194 1628 2229 συγχρῆσθαι,
1650 2203 1658 2218 ι
1675 2191 1767 2219 Ταῦτα
1781 2192 1867 2219 ὁΔιό-

240 2236 348 2269 lorum,
366 2236 413 2271 qui
426 2241 531 2270 patrem
558 2237 620 2265 odio
643 2243 872 2273 prosequerentur
885 2259 892 2271 ,
913 2240 1027 2267 electura

1081 2243 1161 2278 δωρος
1181 2244 1209 2269 ὲν
1223 2243 1257 2277 τῇ
1272 2242 1350 2278 τρίτῃ
1367 2241 1421 2267 τῶν
1447 2239 1602 2274 Ἰστοριῶν.
1627 2240 1655 2266 '0
1678 2239 1700 2265 δ’
1716 2239 1797 2270 αὑτὺς
1820 2238 1868 2264 καὶ

241 2280 346 2309 fuisse:
362 2289 479 2317 cumque
505 2281 650 2316 Saturnus,
666 2282 792 2311 Titanum
806 2285 908 2312 auxilio
923 2285 1009 2314 fretus
1019 2306 1027 2319 ,

240 2326 270 2354 in
282 2326 368 2354 ﬁlium
383 2327 530 2359 movisset,
556 2328 704 2355 commisso
727 2329 820 2363 prazlio
835 2327 896 2356 Jovi
911 2331 1027 2359 cessisse

239 2373 393 2406 victoriam,
409 2373 456 2409 qui
473 2373 631 2401 universum
645 2379 738 2409 postea
756 2375 888 2402 mundum
900 2383 1028 2411 peragra-

240 2419 287 2446 rit.
302 2419 434 2448 Eumdem
459 2428 514 2447 non
529 2421 628 2448 robore
644 2422 725 2449 modo
741 2423 866 2457 corporis
878 2443 885 2456 ,
902 2424 948 2450 sed
962 2423 1028 2450 alia-

191 2499 195 2505 ε
212 2497 217 2504 η
240 2473 302 2493 rum
323 2474 431 2502 quoque
448 2467 580 2494 virtutum
599 2467 678 2494 laude
700 2468 859 2502 praestitisse
873 2489 881 2500 ,
898 2469 924 2495 in
940 2477 1026 2504 eoque

215 2505 217 2511 ¹
239 2517 334 2537 curam
349 2518 457 2538 omnem
471 2519 504 2539 ac
518 2511 639 2539 studium
663 2513 799 2546 posuisse,
821 2513 859 2540 uti
880 2514 1026 2542 sceleratos

239 2556 350 2590 quidem
367 2558 472 2585 meritis
486 2559 574 2593 poenis
589 2559 717 2591 alliceret,
734 2560 822 2586 bonos
836 2564 925 2587 autem
942 2560 1024 2587 henc-

239 2602 308 2630 liciis
324 2603 495 2633 cumularet:
512 2605 537 2631 id
553 2606 624 2640 quod
646 2605 674 2633 in
691 2614 773 2632 causa
791 2605 883 2638 fuerit,
900 2613 949 2632 cur
962 2615 1024 2633 eum

239 2649 321 2676 rebus
336 2648 462 2676 humanis
477 2650 641 2678 subductum
657 2651 740 2686 Ζῆνα,
761 2651 813 2678 hoc
828 2656 870 2679 est
894 2652 955 2678 vitae
976 2659 1024 2686 pa-

238 2702 364 2728 rentem,
388 2697 570 2729 nominatim.
589 2699 661 2733 quod
688 2699 845 2725 hominibus
873 2699 931 2734 ipse
957 2699 1024 2727 bene

238 2744 345 2771 vivendi
370 2748 465 2770 auctor
490 2743 575 2771 luisse
599 2744 746 2772 videretur.
761 2745 849 2779 Atque
877 2745 934 2772 haec
959 2749 1023 2772 sunt

273 2849 329 2883 (59)
350 2847 612 2884 Συμπλανιηθῆναι.
638 2848 771 2884 Ιιινευίῐη
802 2848 923 2881 Diodor.,
951 2848 1021 2883 quod

237 2885 337 2913 tectius
353 2884 438 2912 visum
453 2888 588 2918 estquam
607 2883 809 2918 συμπλακῆναι,
827 2889 856 2911 ut
870 2889 931 2911 ante
947 2884 1018 2918 lege-

1079 2290 1108 2315 ὲν
1123 2290 1156 2324 τῇ
1176 2289 1244 2324 ἕκτῃ
1259 2287 1311 2314 ἀπὸ
1333 2288 1382 2322 τῆς
1398 2287 1541 2321 Εὐημέρου
1557 2285 1603 2312 τοῦ
1628 2284 1781 2320 Μεσσηνίου
1800 2292 1869 2319 γρα-

1082 2334 1145 2368 φῆς,
1161 2334 1286 2368 ὲπικνροῖ
1301 2333 1350 2368 τὴν
1373 2331 1456 2367 αὐτὴν
1474 2331 1621 2365 θεολογίαν,
1637 2327 1687 2356 ὦδε
1703 2329 1773 2356 κατά
1793 2328 1866 2360 λέξιν

1082 2380 1194 2413 φάσκων
1205 2389 1212 2394 ·
1229 2389 1237 2404 ‹
1256 2379 1323 2414 Περὶ
1345 2377 1413 2404 θεῶν
1429 2377 1517 2403 τοίνυν
1533 2376 1624 2407 διττὰς
1646 2377 1669 2402 οἱ
1690 2375 1796 2402 παλαιοὶ
1812 2373 1866 2400 τῶν

1078 2426 1227 2461 ἀνθρώπων
1252 2426 1307 2456 τοῖς
1324 2423 1561 2458 μεταγενεστέροις
1582 2421 1729 2448 δεδώκασιν
1751 2420 1866 2451 ἐννοίας.

1080 2471 1148 2502 Τοὺς
1164 2471 1211 2506 μὲν
1231 2470 1284 2505 γὰρ
1308 2469 1409 2501 ἀϊδίους
1433 2469 1478 2495 καὶ
1500 2468 1655 2503 ἀφθάρτους
1679 2465 1746 2493 εἷναί
1772 2474 1864 2500 φασιν,

1079 2514 1133 2543 οἷον
1149 2517 1223 2551 ἥλιον
1236 2517 1282 2543 κα)⁸
1295 2516 1419 2551 σελήνην,
1437 2516 1484 2542 καὶ⁸
1497 2515 1531 2541 τὰ
1542 2514 1613 2541 ἄλλα
1626 2514 1661 2541 τὰ
1677 2514 1736 2541 κατ’
1752 2513 1866 2548 οὐρανὸν

1079 2562 1175 2597 ἄστρα,
1201 2562 1269 2598 πρὸς
1293 2562 1321 2588 δὲ
1343 2560 1456 2593 τούτοις,
1482 2560 1597 2595 ἀνέμους
1620 2561 1667 2586 καὶ
1689 2559 1751 2590 τοὺς
1770 2557 1866 2590 ἄλλους

1078 2609 1140 2639 τοὺς
1155 2609 1204 2643 τῆς
1216 2608 1311 2642 ὁμοίας
1330 2607 1436 2642 φύσεως
1454 2606 1557 2637 τούτοις
1573 2605 1741 2640 τετευχότας.
1757 2604 1865 2630 Τούτων

1078 2654 1131 2689 γὰρ
1147 2654 1261 2680 ἕκαστον
1275 2653 1358 2679 ἀΐδιον
1373 2653 1445 2688 ἔχειν
1465 2653 1513 2688 τὴν
1528 2651 1635 2685 γένεσιν
1646 2652 1692 2677 καὶ
1707 2652 1756 2687 τὴν
1769 2651 1865 2682 διαμο-

1077 2701 1124 2735 νήν
1136 2708 1142 2714 ί
1162 2700 1272 2734 ἐτέρους
1291 2700 1319 2726 δὲ
1340 2699 1462 2733 λέγουσιν
1477 2697 1614 2731 ἐπιγείους
1630 2696 1755 2731 γενέσθαι
1774 2696 1863 2728 θεοὺς,

1076 2744 1120 2770 διὰ
1135 2744 1164 2770 δὲ
1183 2744 1233 2775 τὰς
1250 2745 1289 2775 εἰς
1305 2744 1464 2780 ἀνθρώπους
1488 2741 1646 2778 εὐεργεσίας
1663 2741 1719 2777 (60)
1749 2749 1865 2777 τετυχη-

1076 2849 1167 2880 batur,
1187 2849 1250 2876 licet
1265 2849 1322 2876 haec
1339 2848 1419 2876 etiam
1436 2848 1515 2875 lectio
1530 2847 1595 2876 ferri
1610 2847 1705 2883 possit.

1110 2884 1166 2918 (60)
1185 2883 1249 2912 POst
1266 2884 1424 2914 εὺεογεσίας
1439 2883 1522 2912 Μοηῑ.
1539 2883 1599 2911 add.
1612 2882 1761 2910 ἀθανάτου.
