2064 3212
258 201 311 229 123

257 306 338 333 stet-ia
357 311 446 333 vestra
473 305 617 340 sepulcrali
641 312 703 332 cum
732 303 854 335 nomine,
879 307 936 329 tum
960 302 1042 329 etiam

257 351 363 378 honore
387 351 560 378 decorentur.
585 350 714 382 Quinimo
739 349 818 376 liceat
841 348 890 374 tibi
916 347 1044 382 mysteria

257 397 336 431 quasi
362 396 494 432 μυθήρια,
513 397 564 424 hoc
587 400 629 424 est
657 395 792 427 venatica,
810 398 904 421 mutua
924 393 1043 419 duorum

258 444 455 471 elementorum
485 442 706 477 permutatione,
735 441 858 475 accipere
883 449 890 466 :
913 443 1046 466 venantur

258 490 331 516 enim
348 489 371 516 si
387 496 447 523 qua:
459 487 528 519 aliae,
544 487 699 522 hujusmodi
712 485 820 518 fabulae,
839 488 972 519 quotquot
987 484 1045 511 sive

260 535 332 570 apud
347 534 468 562 Thraces
481 534 662 566 immanitate,
679 533 736 560 sive
753 532 823 567 apud
835 531 956 566 Phryges
969 530 1045 558 iusa-

260 581 316 613 uia,
333 581 390 608 sive
407 579 479 614 apud
498 579 609 607 Graecos
625 578 818 614 superstitione
840 578 975 613 principes
989 584 1046 604 me-

259 630 411 653 morantur.
427 625 480 662 63
495 628 529 652 At
545 625 615 652 male
638 629 741 660 pereat,
758 624 884 659 quisquis
902 627 983 650 tantm
1000 631 1047 650 ve-

260 670 360 697 cordiae
372 671 515 698 hominum
531 670 624 706 generi
640 674 736 697 auctor
750 668 811 699 fuit,
828 676 875 696 seu
891 667 1045 701 Dardanus,

259 716 306 751 qui
322 715 415 744 Matris
429 716 515 744 Deum
532 715 662 752 mysteria
684 715 788 746 docuit,
810 722 859 742 seu
873 714 979 746 Eetion,
999 715 1046 749 qui

260 761 472 791 Samothracum
487 763 563 798 orgia
577 770 639 790 cum
655 770 750 790 eorum
765 762 850 790 initiis
860 761 984 797 protulit,
999 768 1046 789 seu

259 807 350 845 Phryx
374 809 418 836 ille
434 808 530 840 Midas,
547 810 594 844 qui
609 816 671 836 cum
694 809 728 836 ab
743 807 857 844 Odrydo
876 807 1002 836 callidam
1020 811 1048 834 et

260 855 367 882 artiﬁcii
385 855 492 891 plenam
520 855 644 882 fraudem
665 855 826 890 accepisset.
841 862 902 882 eam
923 857 1047 889 postmo-

261 902 326 929 dum
348 903 374 929 in
387 901 512 929 subditos
525 909 582 929 sua:
596 901 694 928 ditioni
710 900 811 935 sparsit
827 900 980 927 universos.
995 897 1048 926 Nec

263 949 335 976 enim
358 948 425 975 mihi
442 947 557 984 Cinyras
580 947 624 974 ille
643 947 760 982 Cyprius
776 946 904 974 insularis
928 953 1048 980 unquam

263 995 432 1029 unposuerit,
447 995 493 1029 qui
509 1002 570 1021 cum
588 993 722 1021 famosam
739 993 835 1021 insulae
849 1001 906 1021 suae
924 992 1048 1019 meretri-

263 1048 321 1068 rem
349 1042 426 1068 deam
450 1041 556 1068 efﬁcere
580 1040 753 1068 vehementer
775 1045 890 1075 optaret,
916 1039 1049 1074 ﬂagitiosa

266 1085 377 1115 Veneris
393 1087 468 1123 orgia
481 1095 512 1114 ex
532 1086 652 1114 tenebris
663 1086 690 1112 in
708 1086 796 1113 lucem
811 1094 896 1114 ausus
908 1090 951 1113 est
960 1085 1048 1113 diem-

263 1140 316 1166 que
328 1132 487 1167 producere.
503 1131 563 1159 Jam
582 1132 628 1159 alii
651 1131 846 1166 Melampodem
869 1130 1049 1166 Amythaonis

263 1179 359 1212 tilium,
382 1178 491 1206 Cereris
515 1177 594 1211 festa,
619 1178 735 1210 luctum,
751 1177 875 1212 inquam,
894 1177 970 1204 illum
989 1183 1050 1203 ear-

263 1225 384 1253 minibus
400 1225 564 1261 hymnisque
579 1223 718 1252 deeantari
736 1223 858 1255 solitum,
875 1223 902 1250 in
917 1222 1048 1250 Graeciam

263 1280 297 1300 ex
311 1270 427 1307 Egyplo
439 1270 593 1298 traduxisse
606 1269 710 1296 volunt.
728 1268 798 1296 Istos
810 1268 936 1304 equidem
953 1267 1050 1302 impia-

264 1324 325 1345 rum
342 1316 509 1349 fabularum,
528 1323 560 1343 ac
579 1315 714 1350 pestiferae
734 1313 937 1349 superstitionis
950 1321 1048 1349 paren-

264 1371 315 1396 tes,
351 1362 486 1389 tnalorum
519 1361 656 1397 principes
686 1361 809 1388 omnium
836 1360 921 1388 fuisse
951 1360 1049 1387 merito

264 1409 391 1442 dixerim,
405 1416 467 1435 cum
486 1408 530 1434 illa
544 1408 674 1443 mysteria
689 1408 822 1435 scelerum
837 1415 870 1434 ac
889 1407 986 1434 mortis
1006 1414 1050 1434 se.

265 1456 338 1483 mina
356 1455 382 1482 in
405 1454 545 1482 hominum
570 1454 651 1481 vitam
668 1454 830 1480 intulerunt.
854 1453 889 1480 At
904 1453 978 1480 enim
991 1453 1049 1488 jam

262 1509 368 1537 tempus
384 1506 437 1533 est,
452 1506 480 1527 ut
495 1500 570 1536 orgia
581 1505 670 1527 vestra
688 1499 792 1526 fraudis
805 1507 836 1526 ac
851 1499 1048 1534 prmstigiarum

265 1548 342 1583 plena
366 1555 426 1574 esse
452 1548 689 1574 demonstremus:
708 1554 767 1578 vos,
795 1546 817 1572 si
844 1545 925 1572 modo
950 1545 1049 1571 initiati

576 199 711 229 EUSEBH
732 197 972 226 C/ESARlENSIS
989 196 1063 224 OPP.
1085 196 1176 225 PARS
1195 197 1226 225 ΙΙ.
1242 214 1276 218 -
1294 198 1542 226 APOLOCETICA.

255 265 356 293 statur,
372 261 498 295 equidem
524 260 593 287 nihil
613 261 665 287 hoc
680 259 759 286 vobis
775 257 923 291 invideam,
941 261 972 285 ut
987 265 1045 292 my-

1101 257 1138 286 Ξν,
1163 257 1196 284 τὰ
1219 257 1282 292 περὶ
1306 257 1354 293 τὴν

1830 199 1883 228 124

1393 258 1550 294 Ἀφροδίτην
1577 257 1722 293 μαχλῶντα
1746 258 1837 293 ὄργια,
1851 259 1883 284 ὲκ

1097 303 1191 334 νυκτὸς
1203 303 1293 338 ἡμέρᾳ.
1315 303 1481 339 παραδοῦναι
1495 303 1642 338 τολμήσας,
1659 303 1884 338 φιλοτιμούμενος

1096 348 1202 375 θειάσαι
1229 349 1330 384 πόρνην
1359 349 1487 375 πολίτιδα.
1504 348 1670 384 Μελάμποδα
1692 349 1719 375 δὲ
1736 350 1780 375 τὸν
1801 350 1883 384 Ἀμυ-

1098 393 1202 426 Θάωνος
1227 394 1301 421 ἄλλοι
1328 396 1410 429 φασιν
1433 395 1461 427 ἐξ
1481 395 1618 427 Αἰγύπτου
1646 395 1826 430 μετακομίσαι
1849 396 1884 430 τῇ

1101 439 1206 466 Ἐλλάδι
1221 440 1269 472 τὰς
1285 440 1370 476 Δηοῦς
1387 440 1493 476 ἑορτὰς,
1512 441 1607 472 πένθος
1626 440 1802 476 ὑμνούμενον.
1820 441 1886 467 Τού-

1096 494 1157 518 τους
1186 486 1266 520 ἔγωγ’
1286 486 1319 513 ἂν
1349 486 1518 522 ἀρχεκάκους
1538 487 1656 522 φήσαιμι
1676 486 1768 522 μύθων
1783 486 1883 518 ἀθέων,

1096 531 1143 558 καὶ
1159 531 1368 567 δεισιδαιμονίας
1384 531 1504 568 ὀλεθρίου
1518 533 1648 568 πατέρας,
1666 533 1775 568 σπέρμα
1785 533 1886 564 κακίας

1097 578 1144 604 καὶ
1160 577 1261 613 φθορᾶς
1278 579 1568 613 ἑγκαταςςυτεύσαντας
1583 578 1621 613 τῷ
1631 578 1681 614 βίῳ
1691 578 1725 605 τὰ
1737 579 1884 614 μυστήρια.

1099 624 1167 659 Ἤδη
1187 624 1216 651 δὲ
1237 625 1293 659 (καὶ
1308 625 1362 660 γὰρ
1378 625 1482 661 καιρὸς)
1507 626 1577 652 αὐτὰ
1601 625 1678 660 ὑμῶν
1692 625 1726 652 τά
1743 625 1824 661 δργια
1839 625 1886 658 ἔξ-

1097 669 1199 704 ελέγξω
1211 670 1318 706 ἀπάτης
1330 671 1376 698 καὶ
1386 671 1527 707 τερατείας
1544 671 1664 706 ἔμπλεα,
1674 671 1721 698 για)⁹
1735 673 1759 697 εί
1778 671 1883 708 μεμύη-

1099 716 1156 750 σθε,
1175 717 1275 753 μᾶλλον
1289 717 1481 751 ἐπιγελάσεσθε
1496 718 1551 749 τοῖς
1568 717 1663 753 μύθοις
1683 717 1761 753 ὑμῶν
1782 718 1888 747 τούτοις

1098 764 1272 800 τιμωμένοις,
1286 764 1440 800 ’Δγορεύσω
1452 764 1481 790 δὲ
1491 764 1640 799 ἁναιρανδὸν
1651 764 1685 791 τὰ
1696 765 1887 800 κεκρυμμένα,

1098 809 1149 836 οὐκ
1165 809 1322 845 αίδούμενος
1333 810 1433 844 λέγειν,
1449 809 1467 836 ει
1477 812 1639 845 προσκυνεῖν
1651 811 1701 837 οὐκ
1715 810 1886 846 αἰσχύνεσθε.

1105 853 1137 880 'H
1155 853 1204 890 μὲν
1220 851 1266 880 οὖν
1285 854 1447 890 ἁφρογενὴς,
1464 856 1510 881 καὶ
1521 856 1702 891 κυπρογενὴς,
1723 856 1770 882 καὶ
1782 852 1889 892 Κινύρα

1100 900 1174 936 φίλη,
1192 900 1242 936 τὴν
1268 901 1427 936 Ἀφροδίτην
1449 901 1521 936 λέγω
1538 902 1586 938 τὴν
1604 902 1762 938 φιλομηδέα,
1777 903 1819 929 ὅτι
1836 912 1890 939 μη-

1100 947 1167 974 δέων
1181 947 1342 983 ἐξεφαάνθη,
1358 948 1464 983 μηδέων
1485 947 1596 975 ἐκείνων
1620 948 1675 975 τῶν
1695 949 1890 984 ἀποκεκομμέ-

1100 1002 1153 1020 νων
1169 993 1294 1029 ούρανοῦ,
1311 994 1366 1020 τῶν
1389 993 1504 1028 λάγνων,
1532 994 1586 1020 τῶν
1611 994 1679 1030 μετά
1695 995 1744 1030 τὴν
1761 995 1845 1030 τομὴν
1859 994 1891 1021 τὸ

1101 1039 1176 1074 κῦμα
1193 1039 1391 1075 βεϐιασμένων,
1414 1041 1461 1068 καὶ
1480 1039 1603 1074 ἀσελγῶν
1620 1041 1684 1076 ὑμῖν
1700 1041 1800 1077 μορίων
1816 1040 1890 1073 ἄξιος

1107 1086 1249 1121 Ἀφροδίτη
1279 1086 1399 1120 γίνεται,
1418 1087 1524 1122 καρπὸς
1537 1087 1566 1113 ὲν
1581 1087 1641 1118 ταῖς
1653 1087 1773 1118 τελεταῖς
1789 1086 1890 1122 ταύτης

1099 1132 1149 1168 τῆς
1179 1132 1311 1167 πελαγίας
1334 1132 1440 1168 ἡδονῆς,
1468 1134 1617 1169 τεκμήριον
1635 1133 1683 1167 τῆς
1704 1133 1795 1168 γονῆς,
1819 1133 1892 1159 ἁλῶν

1101 1179 1220 1215 χόνδρος,
1240 1180 1287 1206 καὶ
1311 1180 1410 1213 φαλλὸς
1426 1181 1482 1212 τοῖς
1499 1180 1660 1216 μυουμένοις
1675 1180 1724 1215 τὴν
1733 1179 1831 1215 τέχνην
1842 1179 1893 1214 τὴν

1103 1226 1228 1262 μοιχικὴν
1243 1226 1400 1253 ὲπιδίδοται.
1426 1225 1558 1262 Νόμισμα
1572 1226 1601 1252 δὲ
1624 1226 1794 1261 εἰσφέρουσιν
1821 1226 1892 1260 αὐτῇ

1100 1273 1125 1299 οι
1143 1271 1300 1308 μυούμενοι,
1316 1272 1354 1304 ὡς
1365 1272 1462 1307 ἑταίρᾳ
1474 1272 1586 1307 ἐρασταί
1597 1280 1605 1287 ·
1615 1271 1700 1308 Δηοῦς
1714 1271 1742 1298 δὲ
1756 1272 1894 1307 μυστήρια

1101 1318 1149 1345 καὶ
1169 1318 1230 1350 Διὸς
1242 1319 1311 1354 πρὸς
1322 1317 1429 1354 μητέρα
1445 1319 1593 1354 Δήμητραν
1607 1317 1757 1354 ἀφροδίσιοι
1772 1317 1892 1353 συμπλο-

1101 1363 1157 1394 καὶ,
1176 1363 1223 1389 καὶ
1245 1363 1336 1398 μῆνις,
1363 1363 1412 1389 οὐκ
1432 1360 1480 1389 οἷδ’
1505 1363 1519 1389 ὃ
1536 1371 1562 1389 τι
1578 1362 1620 1397 φῶ
1640 1363 1742 1394 λοιπὸν,
1762 1362 1893 1400 μητρὸςῆ

1101 1409 1238 1442 γυναικὸς,
1262 1408 1312 1443 τῆς
1334 1407 1436 1443 Δηοῦς·
1460 1407 1494 1444 ἧς
1516 1407 1548 1444 δὴ
1575 1409 1668 1443 χάριν,
1694 1407 1789 1442 Βριμὼ
1810 1415 1893 1441 προσ-

1101 1455 1284 1491 αγορευθῆναι
1302 1456 1427 1490 λέγεται·
1458 1456 1592 1492 ἱκετηρίαι
1613 1456 1681 1487 Διὸς,
1698 1456 1744 1482 καὶ
1758 1455 1832 1490 πόμα
1850 1463 1890 1489 χο

1102 1501 1161 1537 λῆς,
1179 1503 1226 1529 καὶ
1245 1502 1443 1538 καρδιουλκίαι,
1470 1502 1516 1528 καὶ
1536 1502 1745 1537 ἀρρητουργίαι.
1764 1501 1856 1527 Ταῦτα
1870 1501 1896 1526 οἱ

1101 1546 1207 1581 Φρύγες
1217 1546 1387 1573 τελίσκουσιν
1415 1547 1517 1573 ’Ἄπιδι
1534 1547 1580 1574 καί
1596 1546 1715 1582 Κυϐέλη,
1737 1547 1784 1573 καὶ
1805 1545 1896 1581 Κορύ-

265 1594 342 1627 estis,
364 1594 421 1621 risu
446 1601 477 1620 ac
494 1592 583 1620 sibilis
602 1597 707 1619 vestras
724 1591 785 1619 illas
807 1591 924 1622 fabulas,
950 1591 1049 1626 quibus

1103 1591 1177 1619 ϐασι.
1212 1592 1418 1628 Τεορυλλήκασι
1442 1593 1470 1620 δὲ
1499 1593 1535 1625 ὡς
1553 1594 1606 1629 ἄρα
1627 1592 1788 1624 ἀποσπάσας
1805 1591 1897 1624 ὀΖεὺς

265 1643 370 1667 tantum
393 1639 577 1666 venerationis
599 1637 744 1668 tribuitur,
772 1644 827 1671 prae
851 1636 957 1663 caeteris
979 1636 1050 1663 exci-

266 1685 356 1721 pietis.
370 1684 426 1720 Ego
443 1691 507 1711 vero
524 1683 613 1710 abdita
629 1683 793 1717 penitusque
805 1682 946 1708 recondita
960 1682 1049 1716 paiam

266 1740 292 1758 in
307 1731 429 1758 omnium
443 1730 502 1757 luce
516 1729 667 1762 collocabo,
681 1736 731 1755 nec
745 1735 788 1755 me
799 1728 886 1762 pudor
896 1728 930 1754 ab
943 1727 976 1754 iis
988 1735 1050 1762 pro-

265 1776 384 1804 ferendis
399 1774 547 1806 revocabit,
558 1781 618 1809 qute
629 1781 677 1800 vos
687 1773 788 1800 divinis
801 1772 952 1800 honoribus
962 1772 1051 1800 colere

267 1831 321 1851 non
329 1823 438 1859 pudeat.
454 1821 548 1849 Vestra
559 1820 641 1856 igitur
650 1820 705 1852 illa,
718 1827 821 1854 spuma:
830 1819 940 1846 marinae
949 1819 1050 1854 proles,

265 1870 402 1906 Cyprique
422 1867 503 1900 fetus,
525 1875 557 1896 ac
573 1866 681 1903 Cinyrae
697 1867 836 1897 delicium,
856 1865 987 1892 Venerem
1010 1866 1052 1892 in-

266 1915 367 1951 telligo,
383 1923 464 1950 quam
481 1913 640 1950 φιλομηδέα,
659 1913 711 1940 hoc
727 1916 768 1939 est
784 1911 883 1939 veretri
903 1915 1050 1942 amantem,

267 1962 426 1994 nominatis,
443 1961 543 1997 quippe
566 1959 689 1987 membris
712 1965 744 1986 ea;
769 1957 928 1994 genitalibus
949 1963 1053 1988 artant;

266 2009 338 2037 fetus
357 2008 451 2043 utique
473 2006 603 2035 abscissis
618 2006 672 2034 illis
691 2005 760 2033 Caeli
776 2005 950 2040 genitalibus,
966 2011 1054 2039 usque

267 2057 336 2083 adeo
346 2055 493 2086 salacibus,
514 2058 544 2080 ut
557 2057 631 2080 secta
647 2059 756 2087 quoque
770 2051 870 2079 undam
885 2051 972 2086 ipsam
987 2058 1053 2077 con-

267 2101 425 2136 stuprarint,
451 2107 502 2126 nec
522 2106 574 2126 non
596 2098 690 2125 eﬂ'usis
713 2098 740 2124 in
767 2097 907 2124 lihidinetn
931 2096 1054 2130 corporis

267 2147 349 2175 vestri
365 2147 488 2182 partibus
503 2146 582 2180 longe
598 2144 790 2179 dignissimus,
807 2143 897 2170 Venus
920 2143 971 2170 ista
988 2151 1052 2176 pro-

268 2197 386 2220 creatur.
403 2191 506 2226 ltaque,
520 2191 547 2218 in
570 2191 678 2218 arcanis
697 2190 845 2224 voluptatis
869 2188 953 2223 hujus
970 2189 1054 2216 mari-

267 2247 310 2267 na:
326 2238 423 2269 sacris,
442 2245 555 2273 grumus
582 2236 657 2269 salis,
685 2235 841 2270 efﬁgiesque
861 2235 972 2267 veretri,
997 2239 1055 2261 tan-

267 2291 350 2319 quam
374 2282 468 2310 feturre
491 2281 643 2317 symbolum
669 2281 703 2309 iis
719 2281 788 2308 tradi
814 2281 892 2314 solet,
909 2281 956 2315 qui
977 2280 1054 2315 ﬂagi-

268 2330 331 2358 tiosi
355 2329 516 2357 concubitus
539 2328 644 2356 artibus
665 2327 825 2354 initiantur:
841 2327 868 2354 hi
893 2335 958 2354 vero
975 2335 1055 2354 num-

268 2385 343 2404 mum
364 2376 414 2411 ipsi
430 2381 559 2411 tanquam
584 2376 679 2402 amicae
698 2379 835 2402 amatores
855 2373 981 2402 oﬂ‘erunt.
996 2374 1055 2402 Jam

269 2423 398 2459 mysteria
415 2423 522 2450 Cereris
537 2422 610 2449 aliud
632 2421 700 2448 nihil
712 2426 785 2453 sunt,
802 2429 884 2455 quam
906 2421 1055 2449 incestuosi

269 2467 344 2496 Jovis
360 2476 421 2496 cum
447 2467 545 2496 Cerere
569 2472 654 2494 matre
676 2474 842 2502 congressus
864 2466 1053 2501 ejusdemque,

1100 1638 1147 1664 τοῦ
1160 1638 1237 1674 κριοῦ
1252 1639 1314 1670 τοὺς
1325 1638 1461 1674 διδύμους,
1481 1639 1570 1674 φέρων
1588 1640 1616 1665 ὲν
1630 1639 1722 1674 μέσοις
1735 1639 1829 1674 ἔρριψε
1839 1639 1896 1669 τοῖς

1102 1684 1211 1716 κόλποις
1224 1685 1273 1720 τῆς
1297 1684 1393 1720 Δηοῦς,
1409 1686 1545 1721 τιμωρίαν
1557 1685 1640 1720 ψευδῆ
1658 1686 1707 1721 τῆς
1721 1685 1812 1720 βιαίας
1828 1693 1897 1719 συμ-

1102 1731 1204 1766 πλοκῆς
1223 1731 1386 1763 ’ὲκτιννύων,
1415 1733 1452 1763 ὡς
1469 1732 1565 1758 ἑαυτὸν
1592 1732 1672 1767 δῆθεν
1696 1731 1829 1766 ἐκτεμὼν.
1856 1730 1898 1757 Τὰ

1103 1776 1226 1812 σύμϐολα
1234 1776 1285 1811 τῆς
1300 1777 1427 1812 μυήσεως
1438 1777 1539 1813 ταύτης
1554 1778 1586 1803 ἐκ
1601 1777 1758 1812 περιουσίας
1776 1784 1897 1812 παρατε-

1103 1822 1193 1853 θέντα,
1211 1821 1259 1848 οἷδ’
1274 1823 1315 1848 ὅτι
1332 1823 1437 1857 κινήσει
1456 1821 1574 1857 γέλωτα,
1587 1822 1634 1848 καὶ
1655 1822 1692 1858 μὴ
1710 1821 1898 1856 γελασείουσιν

1103 1867 1167 1902 ὑμῖν
1183 1867 1239 1903 (7i)
1254 1868 1299 1894 διὰ
1313 1868 1375 1900 τοὺς
1404 1868 1541 1903 ἐλέγχους.
1560 1868 1607 1894 Ἐκ
1620 1867 1762 1902 τυμπάνου
1776 1866 1877 1901 ἔφαγον
1888 1873 1898 1882 ·

1103 1915 1149 1940 καὶ
1177 1913 1318 1949 κυμϐάλου
1331 1910 1417 1940 ἔπιον.
1442 1914 1661 1949 Ὲκερνοφόρησα
1679 1914 1751 1948 (72)·
1773 1913 1827 1939 ὑπὸ
1851 1913 1898 1939 τὸν

1104 1960 1206 1987 παστὸν
1233 1960 1343 1988 ὐπέδυν.
1369 1960 1463 1987 Ταῦτα
1485 1960 1535 1995 οὺχ
1563 1959 1641 1995 ὕϐρις
1657 1961 1691 1987 τὰ
1709 1959 1850 1996 σύμὸολας
1866 1960 1897 1985 οὐ

1104 2006 1187 2042 χλεύη
1195 2006 1229 2033 τὰ
1239 2007 1393 2042 μυστήρια;
1408 2006 1479 2042 Τίδὴ
1489 2007 1536 2033 καὶ
1548 2007 1580 2033 τὰ
1594 2006 1721 2033 ἐπίλοιπα
1735 2006 1897 2042 προσθείην;

1105 2054 1164 2080 κύει
1179 2054 1254 2089 μὲνὴ
1270 2054 1415 2089 Δημήτηρ,
1431 2053 1612 2088 ἀνατρέφεται
1628 2052 1656 2079 δὲ
1675 2054 1690 2087 ἡ
1713 2053 1792 2088 κόρη,
1807 2052 1900 2087 μίγνυ-

1105 2109 1149 2127 ται
1159 2100 1181 2127 δ’
1192 2098 1270 2131 αὖθις
1295 2101 1308 2126 ὁ
1330 2100 1464 2134 γεννήσας
1480 2099 1580 2125 οὑτωσὶ
1594 2099 1661 2130 Ζεὺς
1679 2099 1711 2133 τῇ
1727 2099 1897 2135 Φερεφάττῃ,

1105 2148 1138 2182 τῇ
1154 2146 1206 2181 ἰδίᾳ
1219 2146 1333 2182 θυγατρὶ
1348 2145 1417 2180 μετὰ
1432 2146 1482 2180 τὴν
1501 2145 1606 2180 μητέρα
1621 2144 1693 2180 Δηῶ,
1718 2145 1899 2181 ἐκλαθόμενος

1104 2193 1151 2219 τοῦ
1169 2192 1302 2229 προτέρου
1323 2192 1434 2227 μύσους,
1451 2192 1497 2218 καὶ
1520 2191 1648 2226 μίγνυται
1662 2191 1769 2228 δράκων
1783 2193 1898 2228 γενόμε-

1107 2247 1160 2270 νος,
1175 2238 1204 2270 ὃς
1214 2236 1248 2273 ἦν
1261 2237 1408 2273 ἐλεγχθείς.
1424 2237 1564 2269 Σαϐαζίων
1576 2237 1641 2271 γοῦν
1657 2238 1814 2274 μυστηρίων
1826 2239 1898 2274 σύμ-

1107 2284 1184 2311 ϐολον
1206 2286 1262 2316 τοῖς
1285 2284 1457 2319 μυουμένοις,
1478 2284 1492 2309 ὁ
1509 2283 1552 2310 διὰ
1569 2283 1669 2310 κόλπου
1692 2283 1767 2316 Θεός’
1794 2285 1899 2319 δράκων

1105 2332 1133 2358 δὲ
1150 2327 1227 2363 οὗτος
1245 2330 1434 2366 διολκούμενος
1456 2330 1511 2364 (75)
1529 2330 1576 2356 τοῦ
1594 2330 1694 2357 κόλπου
1705 2331 1759 2358 τῶν
1769 2333 1899 2367 τελουμέ-

1105 2386 1168 2408 νων,
1185 2377 1294 2412 ἐλεγχος
1314 2376 1449 2412 ἀκρασίας
1468 2377 1529 2408 Διός
1542 2385 1548 2391 ·
1567 2377 1626 2403 κύει
1643 2377 1689 2404 καὶ
1710 2379 1726 2413 ή
1741 2379 1900 2414 Φερεφάττα

1105 2423 1188 2449 παῖδα
1203 2423 1406 2458 ταυρόμορφον.
1432 2422 1539 2457 ’Λμέλει
1556 2423 1622 2458 φησί
1637 2432 1679 2455 τις
1694 2424 1806 2459 ποιητὴς
1820 2424 1898 2451 είδω-

1104 2469 1189 2500 λικός*
1209 2468 1319 2502 Ταῦρος

268 2517 398 2544 matrisne
416 2517 484 2556 ultra
504 2516 604 2545 dicam,
627 2523 661 2542 an
684 2515 797 2542 uxoris?
823 2514 974 2549 iracundia,
992 2525 1052 2551 quae
1071 2525 1153 2545 causa
1172 2516 1223 2543 fuit
1242 2523 1291 2543 cur
1311 2516 1403 2543 Brimo
1416 2516 1494 2551 quasi
1509 2516 1628 2544 fremens
1649 2521 1676 2543 et
1696 2516 1898 2552 indignabunda

268 2567 426 2594 vocaretur;
448 2562 567 2596 itemque
588 2560 664 2589 Jovis
689 2560 922 2595 supplicationes.
941 2561 1010 2589 fellis
1032 2563 1163 2595 haustus,
1189 2562 1280 2589 cordis
1296 2563 1507 2595 conrulsiones,
1531 2569 1562 2589 ac
1580 2566 1683 2589 cetera;
1706 2562 1733 2589 id
1754 2571 1839 2598 genus
1859 2564 1900 2591 iu-

269 2610 357 2638 fandae
378 2610 549 2637 eeremoniaa.
574 2610 612 2636 Ac
637 2608 759 2644 Phryges
782 2608 891 2643 quidem
916 2609 1049 2644 ejusmodi
1071 2619 1148 2637 sacra
1170 2610 1196 2637 in
1218 2609 1328 2641 Attidis,
1346 2609 1471 2645 Cybeles,
1488 2614 1515 2637 et
1540 2608 1737 2643 Corybantium
1765 2610 1898 2636 honorem

270 2657 485 2691 memoriamque
507 2656 608 2683 faciunt
629 2666 634 2682 :
657 2656 758 2691 passim
780 2660 870 2683 autem
899 2656 971 2683 fama
1000 2658 1138 2690 vulgatum
1167 2661 1223 2689 est,
1244 2656 1337 2684 Jovem
1361 2657 1473 2684 avulsos
1496 2656 1618 2692 geminos
1640 2654 1733 2682 arietis
1759 2656 1900 2682 testiculos

271 2705 298 2732 in
325 2704 443 2732 medium
467 2703 574 2731 Cereris
598 2704 689 2731 sinum
715 2703 876 2738 conjecisse,
897 2711 959 2730 cum
987 2712 1001 2731 a
1023 2711 1053 2732 se
1073 2704 1133 2740 ipso
1159 2708 1285 2732 exactum
1307 2704 1486 2732 abseissionis
1505 2702 1583 2738 quasi
1610 2701 1770 2729 voluntaria:
1789 2709 1899 2736 ρωιιιιω

306 2819 362 2855 (71)
382 2818 434 2845 Καὶ
446 2817 489 2855 μὴ
501 2818 779 2855 γελιισείωπινὺμ..
791 2818 877 2845 Clem.
890 2816 1057 2855 legendaxiu

272 2851 315 2891 μὴ’
337 2851 452 2888 γελάσαι
475 2851 580 2880 ἔπεισιν
605 2854 683 2889 ὑμῖν,
710 2851 830 2888 pleniore
857 2857 883 2879 ct
910 2851 1057 2878 illustriore

287 2898 363 2917 ιτιιειι.

271 2898 363 2918 sensu.

307 2925 362 2962 (72)
389 2925 635 2960 ‘Exspre;dpncu.
656 2925 695 2952 lta
716 2923 814 2957 Clem.,
835 2930 886 2950 non
914 2922 1056 2958 ἐκιρ-ιοφή-

1113 2825 1183 2852 pnas
1198 2826 1208 2845 ;
1222 2822 1305 2849 recte,
1323 2816 1520 2852 xépvoyienitn,
1532 2815 1661 2852 μυστικὸν
1675 2815 1820 2852 erysimi;
1832 2823 1901 2851 κρα-

1110 2850 1181 2888 τῆρα
1205 2850 1393 2888 nominabant.
1407 2851 1568 2888 Hesychius,
1584 2850 1691 2888 ιιριιυκ,
1708 2850 1862 2888 Athon-atus.

1147 2883 1202 2922 (75)
1223 2888 1321 2921 (Πρω,
1338 2887 1444 2922 δράκων
1456 2883 1484 2912 δέ
1501 2887 1574 2912 ἐστιν
1587 2883 1665 2917 οὗτος
1678 2886 1849 2920 ὀιελκύμενος
