2064 3212
287 176 337 206 131

605 175 741 205 EUSEBII
760 169 1000 203 CESARlENSiS
1019 174 1093 203 015p.

1123 174 1221 218 PARS.
1234 174 1266 201 ll.
1285 189 1320 194 —
1337 172 1588 202 APOLOGETICA.
1855 173 1910 200 13?.

282 236 346 272 quid
359 235 452 264 arcani
468 236 663 272 evulgandum.
688 235 785 264 Nonne
799 237 857 264 haec
871 236 963 264 omnia
979 256 987 267 ,
1014 236 1061 263 Se-

1118 236 1237 271 καρδίαι,
1256 236 1390 271 ναρθηκές
1405 245 1434 262 τε
1455 236 1502 262 καὶ
1517 235 1613 267 κιττοὶ,
1629 234 1697 270 πρὸς
1712 234 1739 261 δὲ
1755 234 1801 260 καὶ
1819 234 1909 268 φθοῖς,

281 289 375 312 samae.
393 282 559 317 pyramides,
587 282 681 317 glomi,
707 282 837 316 placenta:
855 281 940 308 variis
955 281 1068 315 signatae

281 327 429 360 umbilicis,
445 335 528 362 grana
544 328 620 360 salis,
640 333 666 355 et
681 328 764 354 draco
781 326 900 362 Dionysii
917 327 1008 354 Basari
1024 335 1068 354 sa-

281 378 451 400 cramentum
463 374 475 400 ?
488 381 541 400 non
557 373 626 400 mala
642 373 761 407 punica?
776 380 830 399 non
848 372 973 399 medullae
987 373 1081 399 arho-\

281 419 364 446 rum?
381 427 435 446 non
452 419 545 445 ferula:
555 426 617 446 cum
635 418 764 446 hederis?
778 427 832 446 non
847 417 946 453 pastilli
958 426 990 445 ex
1006 418 1066 445 sili-

282 465 344 500 gine
366 473 500 500 caseoque
527 465 667 492 confecti?
691 473 745 491 non
768 465 885 499 denique
912 464 1067 499 papavera?

282 511 344 538 Haec
372 515 452 544 sunt,
477 519 538 546 qua
562 516 657 538 sancta
682 515 790 538 vocant.
809 510 902 543 Quid?
925 509 1066 537 Themidis

280 564 371 584 nonne
385 557 525 584 recondita
544 557 667 592 symbola
685 557 735 584 ista
750 556 836 584 sunt?
850 556 993 591 origanum
1003 577 1011 588 ,
1026 556 1066 590 ly-

280 603 378 635 clinus.
398 603 513 638 gladius,
532 609 626 638 pecten
659 603 800 630 muliebris
825 603 896 636 quod
921 603 1065 630 honestum

279 657 312 677 ac
322 650 466 685 mysticum
481 654 522 677 est
541 649 681 676 muliebris
695 648 814 684 pudendi
835 656 945 675 nomen.
963 648 985 674 Ο
999 657 1066 683 gna-

278 703 340 722 vam
353 695 562 730 pet-frictamque
587 695 782 730 impudentiam
797 695 803 721 !
834 695 974 721 hominum
992 693 1064 720 enim

278 741 519 776 teniperantiorum
534 741 661 775 voluptas
679 741 767 768 noctis
782 741 891 767 silentio
906 740 1063 775 tegebatur;

279 794 351 813 nunc
366 793 431 813 vero
448 794 501 813 nox
517 790 558 813 est
572 807 579 818 ,
604 794 665 821 quae
684 786 824 813 initiandis
839 793 915 813 sacra
942 786 1064 813 libidinis

277 836 418 864 enuntiat;
438 832 559 866 adeoque
577 832 647 867 ignis
670 832 771 867 ﬂagitia
795 833 935 860 succensis
960 832 1064 860 facibus

278 879 413 905 illustrata
429 878 531 912 pandit.
548 877 697 912 Exstingue
713 878 751 904 sis
767 878 839 904 hunc
861 878 961 912 ignem,
977 879 1065 904 hiero-

1122 281 1169 308 καὶ
1199 283 1341 317 μήκωνεςς
1368 281 1449 308 Ταῦτ’
1476 281 1550 308 ἔστιν
1578 281 1666 307 αὐτῶν
1693 280 1727 306 τὰ
1752 280 1827 314 ἅγια.
1854 281 1911 307 Καὶ

1122 327 1233 362 προσέτι
1249 326 1299 361 τῆς
1319 326 1432 361 Θέμιδος
1447 325 1481 352 τὰ
1495 325 1601 361 ἄρρητα
1615 325 1745 360 σύμϐολα,
1763 325 1909 361 ὼρίγανον.

1120 372 1225 408 λύχνος,
1248 372 1341 407 ξίφος,
1360 373 1435 404 κτεὶς
1454 373 1616 404 γυναικεῖος.
1633 372 1662 403 ὃς
1685 372 1757 398 ἐστιν
1778 372 1910 407 εὐφήμως

1120 420 1167 446 καὶ
1192 419 1319 454 μυστικὸν
1344 420 1436 455 μόριον
1460 420 1624 453 γυναικεῖον.
1641 419 1672 445 Ὢ
1696 419 1745 454 τῆς
1770 418 1910 453 ἐμφανοῦς

1119 464 1325 498 ἀναισχυντίαςί
1348 464 1434 490 Πάλαι
1461 464 1509 499 μὲν
1542 463 1695 499 ἀνθρώποις
1725 463 1909 498 σωφρονοῦσιν

1121 510 1299 545 ἐπικάλυμμα
1323 510 1429 546 ἡδονῆς,
1453 510 1500 543 νὺξ
1526 510 1705 544 σιωπωμένη·
1726 510 1785 536 νυνὶ
1800 509 1827 535 δὲ
1851 511 1909 540 τοῖς

1121 557 1310 591 μυουμένοιςή
1325 556 1384 592 ἱερᾶ
1399 556 1448 591 τῆς
1461 556 1595 591 ἀκρασίας
1608 555 1655 587 νύξ
1669 557 1726 581 ἐστι
1743 555 1906 590 λαλουμένη·

1119 603 1165 628 καὶ
1181 602 1211 628 τὸ
1232 602 1286 637 πῦρ
1300 602 1403 637 ἐλέγχει
1415 602 1449 627 τὰ
1462 602 1533 636 πάοη
1547 601 1756 637 δᾳδουχοὺμενα.
1778 599 1909 626 Ἀπόςεῖα

1120 656 1176 678 σον,
1193 645 1216 674 ὧ
1235 648 1395 683 ἱεροφάνται,
1419 648 1449 674 τὸ
1473 647 1543 683 πῦρ”
1569 647 1843 682 etiamnam-31:.
1857 646 1907 677 τὰς

1118 693 1270 729 λαμπάδας.
1290 694 1410 728 Ἐλέγχει
1424 702 1470 720 σου
1481 694 1525 720 τὸν
1541 693 1649 728 Ἴακχον
1663 693 1694 719 τὸ
1710 692 1776 727 φῶς·
1793 692 1887 728 ἐπίτρε
1900 707 1905 712 -

1117 740 1167 774 ψον
1187 739 1344 775 ἀποκρῆλαι
1362 741 1395 775 τῇ
1413 740 1490 766 νυκτὶ
1505 739 1539 766 τὰ
1561 740 1697 774 μυστήρια
1717 739 1815 765 σκότει·
1835 747 1908 764 τετι-

1121 785 1215 820 μήσθω
1229 785 1262 811 τὰ
1279 784 1369 821 δργια.
1389 785 1425 811 Τὸ
1440 784 1495 820 πῦρ
1509 785 1558 820 οὐχ
1573 785 1748 820 ὑποκρίνεται
1760 793 1766 800 ’
1785 784 1908 819 ἐλέγχει-ι

1118 831 1164 858 καὶ
1177 831 1301 863 κολάζειν
1313 831 1463 858 κελεύεται.
1479 831 1572 858 Ταῦτα
1584 831 1637 857 τῶν
1650 831 1736 857 ἁοέων
1748 830 1782 857 τὰ
1801 836 1907 866 μυστή-

1119 885 1174 912 ρια.
1194 876 1302 908 ’Λῦἑους
1315 877 1342 902 δὲ
1357 877 1468 908 εἰκότως
1484 876 1613 902 ἀποκαλῶ
1625 875 1744 906 τούτους,
1760 875 1784 901 οἳ
1797 874 1842 901 τὸν
1856 875 1906 910 μὲν

278 924 396 958 phanta;
412 928 506 958 tuque,
522 931 537 949 o
549 923 596 958 qui
611 924 701 950 lumen
711 923 834 957 praefers.
847 928 909 950 tuas
922 924 979 958 ipse
991 923 1061 951 faces

1114 923 1198 954 ὅντως
1215 922 1279 949 ὄντα
1293 922 1359 948 Θεὸν
1375 923 1535 958 ἠγνοήκασι,
1552 922 1657 949 παιδίον
1673 922 1700 948 δὲ
1714 921 1767 947 ὑπὸ
1784 921 1907 948 Τιτάνων

278 976 420 995 reverere:
442 968 533 995 lumen
562 969 633 995 istud
662 969 789 995 Iacchum
818 969 934 996 traducit
963 974 1061 996 tuum:

278 1020 370 1048 patere
381 1012 619 1049 noctemmysteria
630 1014 749 1041 tenebris
765 1014 909 1044 occultare;
923 1015 1062 1048 orgiorum

278 1060 375 1086 honori
392 1060 549 1087 consulatur
564 1069 570 1086 ι
588 1060 659 1094 ignis
675 1060 805 1086 simulare
821 1068 875 1086 non
890 1065 978 1094 potest
992 1069 998 1086 :
1021 1067 1064 1086 ar-

278 1113 370 1140 guere,
385 1105 537 1140 punireque
549 1105 636 1140 jubet.
653 1105 715 1132 llzec
731 1106 814 1140 igitur
828 1105 872 1132 illa
894 1111 958 1132 sunt
976 1105 1063 1132 homi-

278 1159 342 1177 num
356 1151 498 1178 atheorum
510 1151 648 1186 mysteria.
664 1150 729 1177 Jure
737 1151 808 1178 enim
825 1152 922 1178 atheos
934 1152 1063 1183 dixerim,

277 1198 350 1231 quia
366 1198 421 1224 vcri
433 1197 559 1224 Numinis
568 1197 722 1232 cognitione
739 1204 851 1231 prorsus
865 1198 957 1228 alii-ni,
973 1197 1065 1231 pusio-

278 1251 339 1269 nem
353 1251 367 1269 a
380 1243 522 1270 Titanibus
535 1244 702 1277 discerptum
713 1262 720 1273 ,
737 1243 885 1277 cjulantem
914 1243 1063 1270 muliercu-

278 1290 343 1321 lam,
355 1294 498 1324 partesque
524 1291 646 1324 corporis
658 1310 665 1322 ,
677 1298 745 1323 quas
759 1289 846 1324 pudor
855 1289 998 1316 nominare
1009 1296 1063 1316 non

278 1337 353 1368 sinit,
371 1336 604 1370 impudentissime
627 1339 791 1362 venerantur
809 1343 816 1367 ;
837 1339 867 1362 ut
884 1335 985 1369 duplici
1014 1342 1064 1361 no-

1116 968 1314 1003 διασπὼμενον,
1333 969 1380 995 καὶ
1407 969 1517 1002 γύναιον
1541 967 1665 999 πενθοῧν,
1689 967 1736 995 καὶ
1759 967 1841 1002 μόρια
1857 967 1909 1002 ἄρ-

1118 1015 1197 1050 ρητα,
1219 1014 1256 1046 ὡς
1280 1015 1398 1050 ἀληθῶς,
1418 1015 1471 1041 ὑπὸ
1491 1014 1631 1049 αἰσχύνης.
1653 1013 1838 1048 ἀναισχύντως
1863 1013 1910 1039 σέ-

1117 1060 1203 1090 ϐουσι,
1220 1060 1294 1095 διττῇ
1311 1060 1481 1095 ἐνισχημὲνοι
1500 1061 1533 1095 τῇ
1549 1059 1690 1095 ἀθεότητι·
1707 1059 1829 1094 προτέρᾳ.
1846 1058 1907 1094 μὲν,

1117 1105 1177 1132 καθ’
1190 1106 1224 1139 ἣν
1242 1105 1369 1139 ἀγνοοῦσι
1385 1106 1430 1132 τὸν
1449 1105 1525 1137 Θεὸν,
1548 1105 1594 1132 τὸν
1606 1105 1690 1136 δντως
1704 1105 1767 1131 ὄντα
1782 1105 1819 1140 μὴ
1836 1113 1909 1138 γνω-

1118 1151 1237 1185 ρίζοντες
1258 1151 1341 1178 Θεόν·
1367 1152 1447 1187 ἑτέρα
1461 1151 1489 1177 δὲ
1511 1152 1557 1178 καὶ
1577 1151 1701 1187 δευτέρᾳ,
1723 1150 1810 1186 ταύτῃ
1821 1150 1853 1186 δὴ
1870 1152 1903 1185 τῇ

1117 1196 1204 1232 πλάνῃ
1217 1198 1279 1228 τοὺς
1295 1198 1343 1224 οὒκ
1355 1198 1434 1229 δντας
1445 1198 1481 1229 ὡς
1495 1198 1572 1229 ὂντας
1585 1197 1750 1233 νομίζοντες,
1766 1197 1814 1223 καὶ
1828 1197 1906 1228 Θεοίις

1115 1242 1226 1274 τούτους
1239 1243 1428 1278 ὀνομάζοντες.
1447 1244 1509 1276 τοὺς
1526 1244 1577 1270 οὐκ
1597 1244 1680 1275 ὅντως
1698 1243 1787 1275 ὄντας,
1805 1243 1907 1278 μᾶλλον

1117 1289 1146 1315 δὲ
1160 1289 1220 1315 οὐδὲ
1233 1289 1323 1321 ὄντας,
1339 1290 1420 1324 μόνου
1432 1290 1461 1316 δὲ
1479 1289 1525 1316 τοῦ
1538 1290 1671 1325 ὀνόματος
1681 1289 1875 1324 τετυχηκότας.
1895 1299 1904 1315 i

1117 1334 1242 1362 Τοσαῦτα
1257 1336 1305 1362 καὶ
1317 1333 1404 1368 οὗτος.

277 1384 350 1412 mine
365 1382 510 1417 impietatis
526 1389 558 1408 ac
575 1387 678 1416 negatae
692 1382 841 1408 divinitatis
866 1381 904 1408 rei
929 1385 1083 1412 teneantur.
1105 1381 1201 1414 altero,
1221 1382 1293 1417 quod
1310 1381 1394 1409 Deum
1412 1382 1548 1417 ignorent.
1563 1382 1627 1409 dum
1649 1389 1821 1417 nequaquam
1842 1390 1904 1409 eum

276 1430 322 1464 qui
347 1437 409 1457 vere
433 1428 503 1456 Deus
524 1433 566 1456 est
586 1434 752 1464 agnoscunt;
780 1429 875 1459 altero,
903 1427 975 1463 quod
997 1435 1045 1455 eos
1067 1435 1223 1462 superesse,
1242 1429 1289 1463 qui
1311 1436 1365 1455 non
1387 1433 1471 1462 sunt,
1491 1429 1667 1461 arbitrentur,
1685 1428 1815 1463 ipsosque
1837 1428 1904 1454 deos

277 1481 443 1511 uuncupent,
456 1477 502 1511 qui
517 1481 621 1503 tantum
639 1484 655 1503 a
676 1484 739 1503 vera
764 1476 905 1504 divinitate
920 1476 1032 1508 absum,
1056 1479 1085 1502 ut
1103 1483 1138 1503 ne
1153 1477 1291 1511 supersint
1310 1476 1431 1512 quidem,
1452 1483 1567 1512 eamque
1579 1480 1644 1503 sunt
1666 1475 1778 1502 nomine
1794 1474 1851 1502 solo
1866 1479 1906 1503 te—

277 1531 329 1552 nus
341 1522 488 1558 aliquando
507 1522 658 1550 consecuti.
677 1531 687 1548 i
704 1521 763 1549 Huc
784 1530 871 1557 usque
890 1521 1026 1549 Clemens.

575 1569 690 1597 CAPUT
708 1569 753 1597 IV.

296 1617 397 1649 Quibus
413 1615 560 1643 rationibus
572 1625 589 1642 α
602 1616 776 1650 suscipiendis
795 1616 927 1650 ejusmodi
942 1616 975 1642 de
987 1617 1040 1642 diis

466 1651 633 1686 opinimzibtrs
652 1651 759 1678 abducti
774 1653 867 1678 simus.

312 1697 377 1725 Jure
394 1706 460 1725 sane
474 1706 506 1725 ac
517 1699 616 1725 merito
630 1705 680 1725 nos
693 1698 727 1725 ab
744 1697 804 1725 istis
821 1698 950 1725 omnibus
963 1698 1061 1725 libera-

277 1748 319 1770 tos
330 1751 390 1771 esse
403 1744 576 1777 proﬁtentur,
593 1743 693 1777 quippe
717 1743 764 1777 qui
780 1743 837 1779 68
860 1748 914 1770 tam
939 1743 1060 1770 diuturni

277 1796 389 1824 tamque
405 1789 545 1816 inveterati
563 1789 664 1816 erroris
678 1789 717 1816 sic
743 1793 872 1824 tanquam
891 1789 1060 1817 acerbissimi

277 1836 485 1871 gravissilnique
497 1835 584 1862 morbi
599 1835 781 1862 calamitatem
797 1835 952 1870 depulimus
970 1845 977 1862 :
1005 1835 1061 1869 pri-

278 1889 351 1908 mum
368 1881 477 1915 quidem
504 1880 634 1915 singulari
658 1880 831 1915 praepotentis
852 1879 899 1907 Dei
925 1879 1012 1916 gratia
1035 1884 1062 1908 et

277 1926 418 1958 beneficio,
434 1926 532 1954 deinde
545 1926 699 1954 Servatoris
719 1927 805 1954 nostri
821 1926 983 1961 evangelicae
1009 1925 1060 1953 do-

276 1972 370 1999 cti-inae
385 1972 410 1999 vi
425 1972 542 2007 quadam
555 1977 582 1999 ct
598 1977 741 2007 potestate,
758 1980 819 2007 qua;
830 1973 919 2000 verbis
930 1971 1061 2006 explicari

277 2023 422 2054 nequeant,
439 2026 508 2046 sano
519 2018 637 2053 denique
651 2023 813 2053 matureque
825 2018 941 2046 consilio
959 2018 986 2045 in
999 2025 1059 2046 eam

275 2065 384 2092 adducti
398 2065 571 2096 sententiam,
586 2069 614 2091 ut
631 2070 776 2100 augustum
801 2065 930 2099 omnique
945 2063 1057 2099 dignum

275 2110 449 2137 veneratione
476 2108 523 2136 Dei
546 2117 644 2136 notneu
662 2109 788 2136 obnoxiis
803 2109 883 2135 morti
901 2108 1060 2135 hominibus

277 2155 419 2190 impertiri,
431 2154 508 2182 nefas
525 2159 552 2181 ct
581 2154 692 2188 impium
717 2155 909 2186 crederemus,
934 2153 980 2188 qui
997 2161 1058 2181 cum

276 2201 378 2235 pridem
393 2201 464 2227 inter
476 2206 599 2226 mortuos
612 2201 730 2234 jaceant,
752 2205 808 2226 tum
827 2207 892 2227 vero
906 2205 1060 2234 temperan-

1076 1571 1098 1600 (Ξ

1377 1567 1578 1595 ΚΕΦΑΛΑΙΟΝ
1601 1568 1637 1594 Δ’.

1116 1613 1179 1640 Τίσι
1198 1613 1354 1649 λογισμοῖς
1371 1614 1425 1640 τοῦ
1440 1614 1483 1648 μὴ
1505 1614 1540 1640 τὰ
1555 1614 1641 1649 ὅμοια
1664 1614 1731 1649 περὶ
1745 1614 1820 1642 θεῶν
1831 1623 1904 1649 φρο-

1181 1675 1186 1679 ,
1340 1649 1405 1676 νεῖν
1424 1649 1670 1684 ἀνεχωρήσαμεν.

1147 1695 1267 1727 Εἰκότως
1288 1695 1354 1730 δῆτα
1371 1695 1451 1730 ἡμεῖς
1472 1696 1574 1722 τούτων
1594 1695 1721 1722 ἁπάντων
1745 1695 1905 1732 ἐλευθέρους

1113 1742 1186 1777 ἡμᾶς
1204 1741 1330 1776 γενέσθαι
1350 1740 1542 1777 ὁμολογοῦμεν,
1558 1742 1607 1777 τῆς
1621 1743 1729 1778 μακρᾶς
1743 1742 1789 1768 καὶ
1811 1751 1904 1769 πεπα-

1112 1787 1266 1822 λαιωμένης
1280 1787 1393 1822 πλάνης,
1411 1787 1505 1823 ὥσπερ
1521 1788 1594 1819 τινὸς
1608 1788 1697 1823 δεινῆς
1714 1788 1760 1815 καὶ
1779 1788 1903 1824 χαλεπω-

1111 1834 1195 1868 τάτης
1217 1833 1294 1860 νόσου
1313 1833 1524 1869 λελυτρωμένοι·
1548 1835 1594 1861 καὶ
1615 1834 1710 1870 πρῶτα
1730 1834 1779 1869 μὲν
1798 1836 1831 1871 τῇ
1853 1835 1903 1862 τοῦ

1112 1880 1329 1916 παντοκράτορος
1351 1880 1418 1906 Θεοῦ
1432 1880 1523 1916 χάριτι
1544 1881 1591 1908 καὶ
1608 1881 1762 1918 εὐεργεσίᾳ,
1775 1881 1903 1917 δεύτερον

1111 1925 1150 1956 δὲ,
1162 1925 1310 1961 ἀπορρήτῳ
1323 1925 1435 1961 δυνάμει
1454 1926 1505 1961 τῆς
1520 1926 1567 1953 τοῦ
1584 1927 1709 1962 Σωτῆρος
1725 1926 1803 1963 ἡμῶν
1817 1928 1904 1962 εὐαγνο

1110 1971 1222 2006 γελικῆς
1241 1971 1433 2003 διδασκαλίαςο
1452 1972 1500 1998 καὶ
1516 1972 1617 2007 τρίτον,
1639 1973 1756 2009 σώφρονι
1778 1973 1902 2009 λογισμῷ

1111 2017 1252 2051 κρίναντες
1263 2016 1367 2043 ἀνόσιον
1380 2017 1452 2044 εἶναι
1465 2018 1513 2044 καὶ
1525 2018 1632 2050 ἀσεϐὲς,
1651 2019 1684 2054 τῇ
1704 2017 1751 2045 τοῦ
1772 2018 1840 2045 Θεοῦ
1858 2027 1903 2046 σε-

1111 2061 1215 2098 ϐασμίᾳ
1244 2062 1415 2099 προσηγορίᾳ
1436 2064 1519 2099 τιμᾷν
1542 2064 1606 2095 τοὺς
1631 2063 1715 2090 πάλαι
1739 2065 1768 2091 ἐν
1793 2067 1902 2101 νεκροῖς

1111 2108 1254 2143 κειμένους
1275 2108 1388 2144 θνητοὺς
1408 2108 1519 2144 ἄνδρας,
1537 2109 1584 2136 καὶ
1603 2109 1663 2136 οὐδὲ
1689 2110 1835 2145 σωφρόνων
1856 2112 1902 2138 ἀν-

1109 2153 1181 2189 δρῶν
1204 2155 1314 2190 μνήμην
1331 2154 1559 2188 ἀπολελοιπότας,
1578 2155 1696 2191 ἐσχάτης
1715 2156 1743 2183 δὲ
1763 2157 1901 2193 ἀκρασίας

1111 2199 1158 2226 καὶ
1192 2200 1349 2232 ἀκολασίας,
1379 2200 1519 2235 ὠμότητος
1551 2209 1580 2227 τε
1611 2201 1659 2228 καὶ
1687 2202 1900 2237 φρενοϐλαϐείας

277 2247 320 2274 tiae
334 2246 525 2274 documentum
538 2246 695 2281 reliquerint
710 2245 826 2278 nullum,
845 2246 891 2273 sed
908 2246 997 2273 omnis
1009 2254 1054 2281 po-

1114 2244 1243 2280 δείγματα
1254 2246 1309 2277 τοῖς
1323 2247 1381 2280 μετ’
1394 2245 1492 2278 αὐτοὺς
1506 2246 1648 2281 φυλάττειν
1663 2247 1897 2283 παραδεδωκότας.

277 2292 330 2320 tius
343 2292 572 2326 intemperantiae,
587 2291 718 2324 libidinis,
738 2291 908 2319 crudelitatis
937 2292 970 2318 ad
997 2292 1056 2319 ani-

276 2346 381 2366 morum
395 2338 543 2373 perniciem
557 2338 723 2365 monimenta
736 2338 852 2373 posteris
867 2338 1055 2365 conservanda

275 2384 448 2412 crediderint.
461 2383 617 2414 Enimvero.
634 2383 697 2418 quis
721 2391 775 2410 non
789 2389 917 2411 extrema:
933 2384 1057 2412 stultitia;

275 2431 395 2457 futurum
417 2429 442 2456 id
458 2429 558 2461 videat,
569 2429 592 2455 si
611 2428 737 2456 homines
749 2429 937 2456 sanctimonia!
951 2436 983 2456 ac
996 2436 1056 2457 mo-

275 2483 334 2502 rum
351 2475 512 2510 integritatis
533 2478 666 2506 amantes,
693 2474 796 2508 primas
810 2474 964 2502 libidinosis
982 2474 1058 2510 ﬂagi-

276 2523 407 2557 tiosisque
422 2521 616 2549 concederent?
635 2521 657 2547 si
681 2519 780 2547 maturi
797 2525 879 2555 atque
894 2520 1033 2554 sapientes
1047 2539 1055 2552 .

275 2568 387 2602 perditae
401 2569 581 2603 projectaaque
596 2567 696 2594 mentis
720 2567 863 2597 homines;
880 2566 903 2593 si
919 2566 1056 2599 aequitatis

276 2614 506 2648 humanitatisque
533 2613 660 2644 studiosi,
684 2620 731 2640 eos
745 2612 791 2646 qui
816 2616 921 2639 tantum
945 2612 1055 2639 diritate

275 2665 387 2688 caeteros
411 2665 438 2687 et
455 2659 622 2687 immanitate
646 2663 826 2694 superarunt,
853 2663 883 2685 ut
911 2658 1056 2685 sceleratas

277 2711 373 2734 manus
390 2706 565 2734 exsccrandis
593 2707 740 2733 libcrornm
763 2709 962 2740 parentumque
979 2704 1055 2731 caedi-

275 2754 327 2780 bus
341 2753 511 2780 cruentarint
525 2773 533 2785 ,
551 2753 747 2787 augustissimo
765 2752 839 2780 cultu
864 2751 1055 2779 celebrarent?

274 2799 357 2833 Cujus
371 2806 436 2826 vero
450 2806 502 2825 non
515 2798 850 2833 cogitationemimpietate
864 2797 997 2827 vicerunt,
1007 2797 1053 2831 qui

272 2845 314 2872 vel
341 2844 373 2872 ad
399 2844 533 2873 obscenas
544 2864 553 2878 ,
567 2851 691 2879 quasque
705 2851 738 2870 ne
754 2844 866 2870 honeste
881 2842 990 2877 quidem
1008 2849 1054 2868 no-

281 2890 377 2917 ni'iare
391 2890 478 2922 liceat,
494 2891 616 2917 virorum
630 2890 830 2923 mulierumque
848 2893 948 2922 partes,
961 2887 1002 2914 vel
1019 2887 1051 2913 ad

1110 2289 1172 2322 Πῶς
1188 2290 1242 2326 γὰρ
1255 2291 1286 2317 οὑ
1308 2291 1416 2318 πάντων
1431 2291 1618 2327 ἠλιθιώτατον,
1636 2294 1699 2326 τοὺς
1721 2295 1899 2332 σωφροσύνης

1111 2337 1227 2373 ἐραστὰς
1242 2338 1298 2369 τοῖς
1312 2338 1433 2374 αἰσχροῖς
1447 2339 1494 2365 καὶ
1507 2339 1667 2372 ἀκολάστοις
1683 2340 1736 2367 τῶν
1755 2341 1898 2376 πρωτείων

1111 2385 1295 2419 παραχωρεῖν,
1314 2385 1359 2410 καὶ
1381 2384 1443 2416 τοὺς
1466 2385 1594 2417 συνετοὺς
1618 2386 1666 2412 καὶ
1687 2385 1823 2422 ἔμφρονας
1840 2388 1899 2419 τοῖς

1110 2428 1158 2461 τὰς
1172 2429 1273 2465 φρένας
1285 2429 1469 2456 ἀπολωλεκόσι
1483 2430 1531 2464 τὴν
1546 2430 1698 2465 σεϐασμίαν
1711 2430 1840 2466 παρέχειν
1858 2440 1899 2458 τι-

1112 2475 1180 2510 μήν·
1198 2476 1260 2506 τούς
1273 2484 1303 2501 τε
1324 2475 1495 2510 δικαιοσύνης
1515 2477 1563 2503 καὶ
1582 2476 1786 2512 φιλανθρωπίας
1808 2477 1897 2513 ἀσκη-

1109 2521 1158 2552 ut;
1168 2541 1175 2552 ,
1189 2522 1245 2552 τοῖς
1259 2521 1292 2547 δι’
1307 2521 1459 2557 ὑπερϐολὴν
1470 2522 1612 2557 ὠμότητος
1627 2524 1674 2549 καὶ
1687 2522 1896 2558 ἀπανθρωπίας,

1109 2566 1295 2598 τεκνοκτονῑας
1311 2567 1357 2593 καὶ
1372 2566 1567 2602 πατροκτονίας
1585 2568 1735 2603 μιάσμασιν
1750 2568 1896 2603 ἑνισχημέυ

1109 2619 1180 2643 νοις;
1205 2611 1284 2637 ποίαν
1303 2611 1331 2637 δὲ
1354 2612 1405 2646 οὐχ
1426 2611 1638 2646 ὑπερηκόντισεν
1663 2610 1817 2646 ὑπερϐολὴν
1833 2611 1898 2637 ἀσι-

1109 2657 1193 2689 6είας,
1209 2657 1240 2683 τὸ
1263 2656 1441 2683 καταϐάλλειν
1457 2658 1497 2688 είς
1520 2657 1627 2692 ἄρρητα
1651 2656 1756 2693 ἀνδρῶν
1777 2657 1826 2684 καὶ
1846 2665 1895 2690 γυ-

1108 2703 1208 2730 ναικῶν
1225 2703 1316 2738 μόρια,
1333 2704 1379 2729 καὶ
1395 2704 1435 2734 εἰς
1451 2704 1501 2738 τὴν
1517 2702 1623 2736 ἄλογον,
1643 2703 1689 2729 καὶ
1706 2702 1824 2738 θηριώδη
1844 2702 1896 2737 φύ-

1110 2757 1160 2780 σιν,
1177 2748 1226 2783 τὴν
1240 2749 1340 2783 σεμνὴν
1353 2749 1399 2775 καὶ
1416 2749 1550 2781 παναγίαν
1571 2748 1618 2774 τοῦ
1633 2748 1702 2775 Θεοῦ
1723 2749 1894 2785 πρόῤῥησιν;

1107 2795 1218 2822 τοιαῦτά
1241 2803 1269 2821 τε
1296 2796 1396 2831 αἰσχρὰ
1426 2796 1472 2821 καὶ
1492 2795 1661 2830 ἀπάνθρωπα
1688 2795 1831 2829 Θεολογεῐν,
1851 2793 1894 2821 οἶα

1107 2841 1153 2868 ἐπὶ
1175 2841 1229 2868 τῶν
1250 2842 1279 2867 ἐν
1302 2841 1454 2876 ἀνθρώποις
1479 2841 1648 2876 κακουργῶν,
1673 2842 1696 2867 εἰ
1714 2841 1892 2876 κατελεγχϐᾖ,

1107 2887 1166 2918 ταῖς
1189 2886 1242 2912 ἀπὸ
1265 2885 1318 2912 τῶν
1336 2886 1424 2922 νόμων
1450 2887 1646 2922 ἀπαραιτήτοις
1670 2886 1832 2913 ὑποπέσοιεν
1859 2887 1894 2913 ἂν
