2064 3212
137 172 187 199 «133

727 169 887 197 ΡΒιΕΡΑΗ.
909 168 1033 196 EVANG.
1054 168 1117 196 LIB.
1135 168 1166 196 ll.

1714 170 1764 198 151.

134 230 297 266 τιμωρίαις
319 231 373 256 Καὶ
392 229 421 257 τί
447 230 499 266 χρὴ
523 230 651 265 μηκύνειν
674 230 913 265 εὐαγγελιζομένου

964 255 967 260 ,
981 235 1106 257 naturam
1123 229 1271 257 bestiarum
1301 230 1407 257 ratione
1424 230 1575 258 carentium
1594 229 1763 257 adorandum

135 277 249 308 πάντας,
268 275 406 311 βάρὸαρον
424 276 492 312 ὁμοῦ
511 277 559 303 καὶ
579 275 714 311 Ἕλληνα,
732 277 780 310 τὴν
798 275 851 302 ἀπὸ
870 275 924 302 τῶν

135 322 286 357 εἰρημένων
304 321 396 348 κακῶν
415 322 581 357 ἐλευθερίαν,
605 322 656 357 τῆς
674 331 703 348 τε
722 322 775 348 ἀπὸ
791 322 844 348 τῶν
859 322 925 356 ψευ-

133 368 263 403 δωνύμων
282 368 351 394 θεῶν
366 368 534 400 ἀποστασίας
552 367 592 400 τδ,
605 367 715 402 εὔλογον
732 369 772 399 εἰς
786 367 843 401 φῶς
858 368 924 401 ἀγα-

132 414 241 448 γόντας,
258 413 339 440 ὁπότε
357 415 404 440 καὶ
423 414 512 440 αὐτῶν
531 414 581 450 ἠδη
603 414 657 440 τῶν
677 414 779 449 σφόδρα
794 413 923 440 δεισιδαι-

135 460 222 494 μόνων
243 460 268 486 οἱ
293 459 411 491 πλείους,
435 460 529 495 ὥσπερ
552 461 583 486 ὲκ
609 460 705 495 βαθέος
726 460 811 496 κάρον
831 460 923 496 διανή-

132 506 243 540 ψαντες,
260 507 308 533 καὶ
324 507 374 542 τῆς
389 507 506 538 παλαιᾶς
518 507 616 542 ἀχλύος
633 507 663 533 τὸ
677 507 727 542 τῆς
744 506 833 542 ψυχῆς
847 507 923 542 ὄμμα

131 552 324 586 διανοίξαντες,
339 552 382 578 τὸν
396 552 479 587 βαθὺν
492 552 574 588 λῆρον
584 552 701 579 συνεῖδον
712 553 761 588 τῆς
784 554 921 588 πατρικῆς

133 598 235 634 πλάνης
245 607 253 614 ’
273 599 321 625 καὶ
340 599 452 629 στάντες
466 598 511 624 ἐπὶ
525 598 670 633 λογισμοῦ,
682 598 731 634 τὴν
748 599 843 634 ἑτέραν
863 599 921 626 ὁδὸν

132 644 244 676 εἵλοντο,
252 644 303 679 τῆς
314 644 431 675 παλαιᾶς
442 644 685 679 ἀναχωρήσαντες;
697 641 734 670 ὧν
746 645 770 670 οἱ
781 645 828 679 μὲν
838 645 920 678 ὁμόσε

131 690 317 725 χωρήσαντες,
341 689 390 723 τῆς
410 689 475 724 ὅλης
494 689 666 715 κατέπτυσαν
683 689 845 724 μυθολογίας
867 690 920 716 τῶν

131 736 271 771 σφετέρων
297 736 436 770 προγόνων
462 735 548 762 πλατὺ
573 735 824 770 καταγελάσαντες’
852 737 876 763 οἱ
897 737 919 763 δ’

129 781 277 817 ἀθεότητος
293 782 372 814 δόξαν
386 782 569 813 ἐκκλίναντες,
583 781 643 808 οὗτε
657 782 704 808 ἐπὶ
717 784 772 814 τοῖς
786 783 919 818 πρότερον

127 828 260 862 ἔστησαν,
275 827 337 854 οὔτε
359 827 389 860 ἐξ
407 828 525 859 ἅπαντος
544 828 632 854 αὐτῶν
654 828 846 864 ἀνεχώρησαν,
872 838 919 855 κο-

127 873 259 901 λακεῦσαι
290 873 318 900 δὲ
349 874 396 901 καὶ
422 873 586 909 θεραπεῦσαι
611 874 660 909 τὴν
691 875 793 901 οἰκείαν
820 874 918 910 προθέ-

979 275 1044 302 illud
1062 281 1143 310 atque
1153 282 1360 303 sacrosanctum
1378 275 1424 303 Dei
1440 284 1538 303 nomen
1551 276 1677 309 abjecere
1687 277 1697 302 '!
1707 276 1766 310 qui-

978 330 1030 356 que
1042 323 1177 356 ejusmodi
1200 321 1365 358 ﬂagitiorum
1390 323 1624 357 immanitatisque
1641 327 1763 349 monstra

978 368 1005 394 in
1022 368 1164 401 theologia
1180 375 1236 395 suae
1254 368 1391 403 mysteriis
1407 368 1552 400 tradidere,
1570 367 1724 403 cuiusmodi
1740 368 1763 395 si

977 421 1038 449 qua:
1053 414 1093 441 vel
1103 414 1130 440 in
1144 413 1386 441 facinorosissimis
1405 414 1562 441 hominibus
1578 413 1764 447 deprehende-

976 464 1080 492 rentur,
1104 467 1199 494 pcenas
1223 459 1353 486 continuo
1371 459 1478 494 legibus
1503 459 1669 486 constitutas
1693 459 1760 486 citra

976 505 1083 533 veniam
1096 513 1204 532 omnem
1218 505 1406 533 sustinerent?
1425 505 1600 540 Quanquam,
1617 505 1681 540 quid
1701 505 1763 539 plu-

975 551 1052 579 ribus
1065 559 1134 586 opus
1147 557 1199 585 est,
1219 556 1249 578 ut
1269 552 1396 578 universo
1413 551 1566 583 hominum,
1594 556 1649 578 tam
1668 552 1763 579 barba-

975 605 1068 624 rorum
1085 605 1166 632 quam
1184 596 1352 629 Graecorum,
1379 597 1470 633 generi
1499 597 1605 624 felicem
1623 602 1662 624 tot
1675 602 1762 625 tauto-

974 651 1089 678 rumque
1101 643 1234 670 malorum
1253 643 1438 670 liberatimlem
1450 643 1639 677 praedicemus,
1653 651 1763 672 causas-

974 696 1027 723 que
1043 693 1141 715 nostra:
1157 696 1171 715 a
1187 688 1289 716 lictitiis
1310 688 1469 715 numinibus
1494 687 1654 716 defectionis
1669 689 1762 723 justis-

974 735 1058 762 simas
1073 735 1099 761 in
1124 735 1244 762 medium
1261 734 1426 767 aﬂeramus;
1457 742 1518 762 cum
1542 743 1636 762 eorum
1654 735 1736 762 etiam
1750 756 1758 768 ,

973 780 1018 814 qui
1033 781 1150 808 arctiore
1174 785 1253 808 antea
1273 781 1468 815 superstitione
1493 781 1677 813 tenebantur,
1701 783 1760 817 plu-

973 827 1035 863 rimi
1050 828 1107 861 jam
1132 827 1211 862 quasi
1228 836 1260 855 ex
1287 828 1343 855 alto
1367 827 1504 855 diuturna:
1518 828 1636 862 crapulae
1648 833 1760 856 veterno

972 870 1005 896 ad
1022 871 1105 898 animi
1121 872 1266 898 sanitatem
1280 873 1433 904 redeuntes,
1449 876 1476 899 et
1493 873 1518 899 in
1535 874 1622 900 media
1640 874 1759 908 antiquae

128 928 202 954 μενοι
218 920 309 952 δόξαν,
326 920 375 952 τὰς
393 920 456 955 περὶ
478 920 531 946 τῶν
550 919 771 955 τεθρυλλημένων
788 921 853 956 παρ’
870 921 913 948 αὑ-

970 917 1056 944 noctis
1068 917 1184 952 caligine
1194 918 1292 944 mentis
1308 918 1400 945 oculos
1417 918 1579 952 aperientes,
1595 918 1757 953 profundam

125 967 181 998 τοῖς
205 966 275 993 θεῶν
301 966 421 1000 ἱστορίας
447 966 570 1001 ἀληθεῖς,
596 965 697 1000 μύθους
717 964 785 993 εἶναι
813 967 917 994 πεπλα-

126 1011 242 1047 σμένους
251 1011 305 1038 ὑπὸ
316 1011 436 1046 ποιητῶν
449 1012 632 1046 ἐπεφήμισαν,
648 1011 765 1044 φυσικὰς
779 1012 808 1037 ὲν
824 1012 916 1044 αὐτοῖς

125 1057 348 1092 ἀποκρύπτοντες
365 1056 491 1091 Θεωρίας,
503 1053 539 1082 ὧν
554 1057 577 1082 εἰ
593 1056 640 1083 καὶ
652 1057 692 1082 ὅτι
705 1057 820 1092 μάλιστα
832 1057 915 1092 μηδὲν

124 1101 253 1137 ψέρουσιν
281 1101 410 1137 ἀληθείας
435 1102 550 1136 δεῖγμα,
575 1102 650 1136 ὅμως
674 1102 696 1128 δ’
713 1100 760 1128 οὖν
781 1102 916 1136 ἀναγκαία

124 1149 220 1181 γέπηῳ
239 1148 271 1175 ἂν
285 1149 351 1183 ἡμῖν
367 1149 383 1183 ἡ
398 1147 514 1179 ἕκθεσις,
531 1149 570 1179 εἰς
585 1147 700 1183 Θεωρίαν
713 1148 767 1174 τῶν
785 1149 831 1175 καὶ
842 1149 918 1185 παρὰ

123 1194 229 1226 τούτοις
256 1194 382 1229 σεμνῶν·
398 1194 436 1225 ὡς
461 1193 494 1220 ἂν
519 1194 564 1220 καὶ
581 1194 629 1229 τῆς
653 1194 754 1220 τούτων
775 1195 918 1231 ἀναχωρή-

124 1248 203 1273 σεως,
222 1241 272 1267 οὐκ
290 1240 377 1272 ἄλλως
400 1241 467 1276 ἡμῖν
483 1239 705 1276 προξενηθείσης,
726 1240 742 1275 ἦ
766 1242 789 1267 εἰ
806 1241 848 1267 διὰ
866 1241 916 1277 τῆς

123 1286 171 1313 τοῦ
188 1287 314 1322 Σωτῆρος
327 1286 406 1321 ἡμῶν
417 1286 595 1321 εὐαγγελικῆς
607 1286 780 1318 διδασκαλίας
793 1287 822 1313 τὺ
842 1286 916 1313 εὔλο-

124 1340 172 1366 γον
189 1333 357 1368 παρασταίη.
372 1333 440 1368 Φέρε
454 1330 500 1358 οὖν
517 1331 678 1359 καὶτούτων
692 1332 737 1359 τὸν
754 1332 831 1367 λόγον
847 1333 916 1359 ἄνω-

124 1378 170 1405 θεν
180 1378 361 1410 ἀναλαϐόντες
376 1377 598 1414 ἐπισκεψώμεθα.

969 963 1072 990 erroris
1083 963 1161 997 patrii
1175 962 1314 990 vesaniam
1330 964 1491 998 agnoverint
1505 963 1556 998 ipsi
1567 972 1687 999 quoque,
1701 966 1758 992 sui-

969 1017 1022 1044 que
1039 1009 1147 1036 tandem
1164 1017 1196 1036 ac
1212 1010 1324 1036 rationis
1337 1015 1485 1045 compotes,
1498 1018 1595 1038 novam
1609 1011 1757 1046 aliquando

969 1055 1059 1090 prisca
1076 1055 1170 1082 relicta
1186 1055 1258 1082 viam
1288 1056 1420 1083 inierint?
1436 1056 1467 1082 Et
1485 1057 1531 1083 alii
1545 1057 1656 1092 quidem
1684 1058 1757 1085 velut

970 1101 1094 1129 hostibus
1111 1101 1220 1129 obviam
1234 1107 1346 1130 strenue
1363 1103 1529 1137 prodeuntes
1543 1124 1551 1136 ,
1571 1108 1656 1130 totam
1674 1105 1754 1131 istam

968 1147 1123 1175 fabularum
1139 1147 1280 1175 colluvicm
1295 1148 1439 1183 despuere,
1458 1149 1575 1183 majores
1586 1157 1652 1176 suos
1668 1149 1755 1177 effuso

968 1202 1077 1229 quoque
1091 1194 1148 1221 risu
1165 1194 1362 1229 caehinnisque
1378 1196 1517 1229 prosecuti
1536 1204 1542 1221 :
1560 1195 1604 1222 alii
1618 1203 1682 1222 vero
1701 1196 1754 1222 im-

967 1239 1075 1275 pietatis
1089 1239 1183 1267 saltem
1204 1247 1236 1266 ac
1249 1245 1346 1274 spretae
1360 1240 1516 1268 Divinitatis
1540 1242 1694 1275 opinionem
1708 1242 1755 1269 de-

969 1286 1111 1318 clinantes,
1127 1293 1178 1313 nec
1197 1286 1290 1313 eodem
1307 1294 1420 1321 prorsus
1432 1287 1458 1313 in
1469 1288 1582 1321 vestigio
1599 1287 1754 1319 constitere,

968 1341 1019 1360 nec
1034 1333 1068 1359 ab
1081 1340 1113 1360 eo
1130 1337 1221 1359 tamen
1235 1333 1346 1359 omnino
1362 1333 1521 1360 discessere.
1539 1334 1594 1369 69
1610 1334 1679 1369 Ergo
1690 1343 1753 1362 cum

968 1382 1069 1406 sectam
1087 1378 1132 1405 isti
1151 1386 1228 1406 suam
1245 1379 1330 1406 lenire
1341 1380 1545 1414 quodammodo
1562 1381 1694 1414 novisque
1707 1388 1753 1407 ar-

122 1425 195 1453 tibus
210 1432 362 1460 procurare
380 1425 556 1457 statuissent,
584 1431 664 1452 veras
694 1423 837 1451 numinum
865 1432 979 1452 suorum
1006 1425 1109 1452 tamdiu
1128 1425 1292 1459 jactatorum
1326 1425 1463 1457 historias,
1485 1427 1610 1459 ﬁgmenta
1630 1427 1752 1462 quaedam

122 1476 149 1498 et
161 1475 317 1498 commenta
332 1475 474 1506 poetarum
494 1470 595 1498 ominis
621 1478 704 1498 causa
725 1470 851 1497 meliores
870 1478 931 1499 esse
951 1471 1090 1503 dixerunt,
1106 1471 1206 1506 quibus
1224 1472 1342 1499 rationes
1363 1479 1507 1506 causaeque
1524 1479 1614 1499 rerum
1642 1478 1754 1500 natura-

122 1516 189 1543 lium
218 1515 332 1543 inclusa;
363 1515 509 1542 latitarent.
542 1515 664 1548 Quarum
694 1515 757 1542 licet
782 1515 887 1542 nullum
914 1516 1026 1542 omnino
1050 1516 1173 1543 veritatis
1193 1516 1324 1544 iudicium
1355 1515 1478 1551 proferre
1504 1518 1620 1552 possint,
1641 1526 1691 1546 nos
1712 1523 1754 1546 ta-

123 1571 186 1592 men
198 1564 316 1599 pretium
335 1571 425 1598 opera:
441 1562 561 1591 facturos
587 1564 762 1597 arbitramur,
791 1563 814 1591 si
844 1571 1014 1599 quaecunque
1043 1565 1113 1599 apud
1136 1571 1184 1592 eos
1204 1565 1387 1592 honestiorem
1408 1566 1554 1600 quamdam
1575 1573 1631 1600 prae
1656 1574 1686 1594 se
1711 1565 1751 1594 fe-

123 1615 184 1638 rant
197 1610 328 1646 speciem,
353 1610 381 1637 in
402 1615 525 1645 apertum
541 1611 683 1645 lucemque
699 1611 882 1645 producamus
895 1630 903 1643 ,
921 1615 951 1638 ut
967 1618 1103 1638 summam
1124 1612 1206 1646 hujus
1228 1616 1368 1646 praeterea,
1385 1620 1467 1646 quam
1497 1612 1531 1639 ab
1551 1613 1584 1640 iis
1608 1613 1681 1648 (non
1699 1613 1751 1641 alia

122 1664 188 1685 sane
214 1664 298 1692 quam
328 1655 483 1690 evangelica
509 1656 662 1684 Servatoris
682 1655 768 1683 nostri
785 1655 910 1684 doctrina
932 1656 1071 1684 informati
1098 1657 1275 1693 adduclique)
1295 1657 1446 1685 faciendam
1474 1658 1556 1686 nobis
1583 1659 1751 1694 putavimus,

123 1703 300 1732 discessionis
317 1703 472 1738 aequitatem
485 1704 570 1732 oculis
583 1711 680 1731 omnes
699 1709 791 1732 tenere
807 1705 923 1740 possint.
944 1705 1001 1740 Age
1021 1705 1123 1740 itaque,
1147 1713 1204 1733 rem
1231 1711 1315 1734 totam
1339 1706 1420 1734 altius
1441 1711 1604 1741 repetentes,
1635 1708 1750 1742 propius

122 1751 350 1786 contemplemur.

385 1800 581 1827 ΚΕΦΑΛΑΙΟΝ
605 1801 644 1827 E'.

178 1843 208 1870 ‘A
213 1845 454 1878 νακεφαλαίωσις
467 1844 525 1871 τῶν
538 1846 672 1878 πρόσθεν
685 1846 856 1880 εἰρημένων.

110 1905 112 1908 ν
157 1889 213 1924 Τῆς
234 1889 285 1924 μὲν
305 1887 351 1916 οὖν
374 1889 531 1926 Ἑλληνικῆς
550 1890 704 1925 θεολογίας,
723 1891 794 1926 λέγω
809 1892 841 1927 δὴ
863 1893 911 1927 τῆς

123 1935 260 1970 πανδήμου
283 1936 331 1962 καὶ
347 1935 545 1972 μυθικωτέρας,
563 1937 610 1963 καὶ
628 1936 694 1963 πολὺ
710 1938 845 1973 προτέρας
863 1938 911 1973 τῆς

122 1981 195 2016 παρὰ
220 1981 321 2014 Φοίνιξι
342 1982 389 2008 καὶ
409 1982 586 2015 Αἰγυπτίοις,
604 1984 659 2014 τοῖς
685 1991 715 2009 τε
737 1983 843 2015 ἄλλοις.
873 1980 911 2010 ὧν

122 2027 166 2054 καὶ
178 2027 228 2062 τὴν
244 2028 354 2063 μνήμην
367 2028 451 2064 οἱπρὺ
465 2028 557 2055 τούτου
572 2029 715 2064 περιέσχον
727 2029 811 2064 λόγοι,
825 2031 911 2057 τοιόσ-

120 2074 148 2100 δε
164 2083 206 2106 τις
220 2075 235 2100 ὸ
246 2074 347 2109 τρόπος
362 2074 548 2102 ἀποδέδεικται
559 2096 565 2107 ,
582 2073 638 2107 οἶος
656 2076 699 2103 διὰ
712 2076 766 2103 τῶν
781 2085 911 2111 προεκτε-

120 2119 216 2146 Ostath
234 2119 341 2154 φωνῶν,
364 2120 453 2147 αὐτῶν
477 2120 508 2157 δὴ
532 2121 585 2147 τῶν
604 2122 766 2158 Ἑλληνικῶν
791 2131 910 2159 συγγρα-

121 2167 201 2201 φέων,
223 2166 438 2201 προδεδήλωται·
454 2166 483 2193 ὃν
500 2167 546 2194 καὶ
563 2167 674 2199 εἰκότως
697 2169 725 2194 ἐν
743 2169 840 2203 ἀρχαῖς
859 2169 910 2204 τῆς

121 2213 304 2249 προκειμένης
328 2213 506 2248 εὐαγγελικῆς
529 2214 762 2251 Προπαρασκευῆς
785 2216 824 2247 εἰς
849 2216 908 2243 διά-

118 2259 218 2292 γνωσίν
231 2267 260 2285 τε
278 2259 325 2285 καὶ
338 2259 475 2294 ἐπίκρισιν
489 2261 544 2291 τοῖς
557 2260 756 2295 ἐντευξομένοις
766 2262 908 2297 προτεθεί-

117 2313 217 2339 καμεν,
234 2305 274 2335 ὼς
287 2304 319 2330 ἂν
332 2305 408 2331 αὐτοὶ
422 2304 565 2340 μάθοιμεν,
581 2307 661 2341 ἡμεῖς
676 2306 704 2332 δὲ
719 2306 806 2338 αὐτοὶ,
825 2306 871 2333 καὶ
884 2308 907 2334 οἱ

117 2351 199 2377 τῶνδε
214 2351 298 2377 εἰσέτι
311 2351 359 2376 καὶ
369 2350 416 2377 νῦν
439 2351 557 2386 ἄπειροι,
574 2351 645 2383 τίνες
658 2352 733 2383 ὄντες
746 2352 828 2379 πάλαι
841 2353 908 2388 πρό-

116 2405 205 2432 τερον,
232 2397 281 2424 καὶ
296 2396 360 2423 οἴων
382 2398 415 2423 ὲκ
444 2397 568 2433 πατέρων
591 2398 704 2432 φύντες,
731 2397 853 2433 πηλίκοις
877 2407 907 2425 τε

116 2443 213 2478 τοπρὶν
226 2444 323 2474 κακοῖς
340 2442 530 2477 πεπεδημένοι,
549 2443 706 2475 δυσσεϐείας
718 2452 748 2470 τε
762 2444 847 2479 ὁπόσῃ
861 2446 906 2471 καὶ

116 2487 254 2521 ἀγνωσίας
263 2487 330 2515 Θεοῦ
348 2487 416 2523 μέθῃ
434 2488 484 2519 τὰς
494 2487 583 2523 ψυχὰς
596 2489 843 2524 κατορωρυγμένα,
857 2490 906 2525 τῆς

115 2534 216 2560 τούτων
244 2534 373 2561 ἁπάντων
391 2534 560 2566 ὰνανεύσεως
576 2534 623 2561 καὶ
644 2534 798 2570 ἐλευθερίας
823 2535 904 2570 ἠξιώ-

115 2579 212 2615 Θημεν,
230 2580 275 2607 διὰ
287 2581 352 2615 μιᾶς
369 2580 453 2615 μόνης
465 2580 514 2615 τῆς
536 2581 714 2616 εὐαγγελικῆς
732 2581 905 2613 διδασκαλίας

113 2628 162 2653 οὐκ
172 2627 261 2658 ἄλλως
277 2627 342 2662 ἡμῖν
357 2626 598 2662 πρυτανευθείσης,
614 2627 629 2661 ἢ
643 2626 675 2653 δι’
688 2627 846 2660 ἐπιφανείας
857 2627 904 2653 τοῦ

114 2673 240 2709 ἃοτῆρος
256 2673 335 2708 ἡμῶν
361 2671 449 2707 Ἰησοῦ
468 2672 584 2708 Χριστοῦ
605 2672 650 2698 τοῦ
663 2672 730 2698 Θεοῦ
741 2681 747 2687 ⁸
767 2672 796 2704 ὃς
810 2673 840 2698 οὐ
856 2673 904 2708 μέ-

115 2727 153 2753 ρει
166 2719 228 2754 γῆς,
245 2719 300 2745 οὐδ’
314 2719 343 2745 ὲν
361 2719 448 2754 γωνίᾳ
466 2718 556 2754 χώρας
572 2717 664 2749 ἔθνους
679 2718 747 2749 ἑνὸς,
764 2718 824 2744 καθ’
841 2719 904 2753 ὅλης

113 2766 138 2792 δὲ
153 2766 202 2800 τῆς
224 2765 381 2801 ἀνθρώπων
396 2765 557 2800 οἰκουμένης
567 2785 574 2794 ,
589 2764 648 2790 καθ’
665 2761 698 2798 ἧς
730 2763 846 2798 μάλιστα
869 2764 904 2790 τὰ

112 2811 158 2845 τῆς
166 2811 366 2846 δεισιδαίμονος
381 2809 484 2846 πλάνης
497 2809 688 2845 ὑπερίσχυσεν,
700 2805 744 2834 οἷά
754 2817 794 2839 τις
804 2808 903 2844 νοερῶν

113 2858 156 2884 καὶ
177 2858 298 2892 λογικῶν
319 2856 416 2893 ψυχῶν
440 2857 527 2891 ἥλιος,
545 2856 595 2888 τὰς
617 2855 664 2882 τοῦ
690 2855 790 2882 οίκείου
815 2855 904 2889 φωτὸς

111 2903 273 2936 inadd)“;
289 2903 416 2934 ἀκτῖνας,
427 2902 494 2938 ὁμοῦ
511 2903 563 2929 πᾶν
580 2902 658 2936 γένος
675 2901 825 2938 ἀνθρώπων
837 2901 902 2938 βαρ-

1274 1800 1389 1828 CAPUT
1407 1800 1438 1829 V.

989 1847 1082 1874 Brevis
1097 1855 1187 1874 eorum
1199 1855 1259 1881 qua:
1271 1848 1391 1881 superius
1404 1847 1476 1874 dicta
1492 1853 1553 1875 sunt
1565 1849 1724 1883 complexio.

998 1893 1154 1921 Graecorum
1168 1893 1250 1927 igitur
1262 1893 1397 1927 vulgatam
1415 1893 1486 1921 illam
1499 1895 1675 1930 pluribusque
1686 1903 1749 1922 con-

961 1943 1063 1967 textam
1090 1939 1189 1966 fabulis
1219 1939 1392 1974 theologiam,
1422 1946 1535 1974 quaeque
1552 1947 1681 1975 pra'terea
1703 1941 1747 1968 vel

961 1983 1133 2016 thnicum,
1147 1984 1188 2011 vel
1203 1983 1404 2019 {Egyptian-um,
1422 1992 1454 2011 ac
1471 1990 1632 2012 caeterorum
1643 2006 1650 2019 ,
1675 1993 1747 2021 quo-

961 2039 1022 2058 rum
1041 2036 1103 2058 ante
1120 2031 1285 2058 mentionem
1304 2029 1432 2062 fecimus.
1448 2031 1558 2065 propria
1575 2030 1634 2062 fuit.
1651 2031 1745 2059 Graeca

961 2076 1011 2103 ista
1023 2076 1102 2111 longe
1117 2076 1303 2110 vetustiorem,
1323 2076 1355 2103 ad
1377 2082 1439 2103 eum
1459 2084 1520 2104 sese
1556 2078 1666 2104 modum
1696 2077 1745 2105 ha-

961 2122 1052 2150 buisse
1063 2126 1180 2153 constat.
1196 2130 1276 2157 quem
1291 2122 1432 2157 productis
1456 2122 1582 2157 superius
1600 2122 1745 2157 ipsissimis

961 2165 1115 2193 Graecorum
1134 2170 1276 2193 auctorum
1294 2166 1384 2194 verbis
1402 2168 1667 2200 repraesentavimus.
1694 2167 1745 2195 At-

960 2218 1013 2246 que
1028 2211 1053 2238 id
1066 2211 1132 2238 mihi
1148 2211 1258 2246 quidem
1273 2211 1434 2246 evangelicae
1450 2211 1671 2246 Praeparationis,
1684 2221 1745 2248 quas

961 2257 1012 2284 hoc
1024 2265 1106 2292 opere
1121 2257 1281 2289 instituitur,
1298 2257 1377 2284 initio
1395 2259 1538 2285 commode
1556 2259 1681 2293 posuisse
1704 2260 1744 2286 vi-

959 2303 1035 2336 deor,
1052 2304 1085 2330 iis
1101 2304 1147 2338 qui
1162 2303 1188 2330 in
1213 2304 1298 2338 ipsius
1315 2304 1430 2330 lectione
1453 2306 1646 2338 versabantur,
1661 2313 1744 2332 excu-

959 2349 1078 2377 tiendum
1090 2349 1250 2384 iudicioque
1262 2357 1311 2378 suo
1321 2350 1537 2384 ponderandum,
1551 2355 1580 2377 ut
1594 2351 1683 2378 caeteri
1697 2359 1744 2378 ιιοο

959 2396 1064 2424 hiscum
1083 2404 1193 2428 omnes,
1220 2403 1290 2431 quos
1305 2396 1394 2424 adhuc
1409 2404 1500 2424 rerum
1520 2397 1633 2424 istarum
1650 2399 1742 2431 cogni-

959 2442 997 2469 tio
1013 2442 1100 2474 latuit,
1121 2442 1281 2477 intelligant,
1294 2442 1389 2477 quales
1400 2443 1508 2470 tandem
1522 2451 1537 2469 a
1560 2443 1652 2470 multis
1669 2448 1741 2470 retro

922 2484 943 2510 D
958 2487 1075 2519 saeculis,
1090 2488 1245 2522 quibusque
1257 2489 1313 2514 nali
1329 2488 1497 2522 parentibus,
1514 2489 1624 2522 quantis
1652 2489 1742 2523 impli-

958 2533 1009 2560 cati
1022 2533 1111 2565 malis,
1127 2538 1228 2568 quanta
1245 2533 1354 2561 demum
1371 2534 1517 2569 impietatis
1533 2542 1566 2562 ac
1581 2534 1666 2562 divini
1683 2534 1741 2563 Nu-

957 2579 1038 2606 minis
1055 2579 1241 2614 ignoratione.
1269 2583 1398 2614 tanquam
1418 2580 1471 2607 alta
1493 2580 1612 2615 quadam
1628 2581 1740 2616 crapula

957 2625 1057 2656 obruti.
1075 2625 1169 2652 tollere
1183 2626 1277 2652 oculos
1302 2626 1448 2660 aliquando
1462 2646 1470 2658 ,
1498 2631 1607 2660 tamque
1633 2626 1740 2654 funesta

957 2670 1086 2697 servitute
1102 2670 1210 2698 liberari
1227 2671 1308 2698 unius
1323 2671 1486 2706 evangelica:
1502 2671 1633 2698 doctrinm
1644 2672 1670 2698 vi
1689 2672 1738 2699 be-

957 2715 1108 2750 neﬁcioque
1121 2716 1300 2750 potuerimus,
1317 2725 1397 2751 quam
1413 2716 1533 2751 profecto
1551 2725 1604 2744 non
1619 2718 1672 2745 alia
1696 2725 1739 2744 ra-

956 2761 1030 2789 tione
1045 2769 1150 2792 sumus.
1168 2770 1248 2796 quam
1270 2762 1334 2790 Jcsu
1347 2762 1450 2790 Christi
1464 2762 1617 2791 Servatoris
1632 2763 1738 2799 Deique

956 2808 1042 2835 nostri
1058 2808 1174 2835 adventu
1186 2809 1336 2836 consecuti.
1350 2808 1399 2836 Hic
1412 2810 1484 2836 enim
1503 2810 1546 2837 ille
1557 2815 1608 2842 est,
1619 2810 1663 2843 qui
1683 2817 1737 2837 non

953 2857 1029 2888 parte
1042 2853 1130 2888 aliqua
1147 2859 1280 2881 terrarum
1294 2875 1300 2886 ,
1317 2858 1365 2881 aut
1378 2855 1469 2890 gentis
1482 2855 1564 2883 unius
1580 2856 1677 2890 angulo
1691 2863 1735 2882 re—

953 2899 1042 2935 gionis
1066 2900 1224 2935 includens,
1247 2902 1294 2929 sed
1319 2906 1376 2929 toto
1400 2902 1501 2937 passim
1526 2903 1604 2936 orbe,
1627 2903 1672 2930 ubi
1690 2903 1735 2930 do-
