2064 3212
297 187 349 215 ιιι

614 177 748 214 EUSEBll
767 183 1007 213 CESARIENSIS
1027 184 1101 212 OPP.
1123 184 1214 212 PARS
1232 184 1264 213 ll.
1284 200 1318 205 --
1337 185 1589 213 APOLOGETICA.

1874 181 1924 208 £56

295 250 390 282 gerent
415 245 538 272 homines
553 265 559 276 ,
583 253 691 280 quaque
707 244 880 280 potissimum
905 243 1082 279 grassabatur

1135 243 1224 281 ὗὰρων
1240 253 1267 270 τε
1283 244 1329 270 καὶ
1343 245 1488 278 Ἑλλήνων.
1498 243 1591 279 ὥσπερ
1609 244 1638 277 ἐξ
1652 244 1750 279 ἀχλύος
1766 244 1868 280 δεινῆς,
1879 245 1929 272 καὶ

296 291 398 318 erroris
418 291 598 324 superstitiosi
628 291 801 320 dominatus,
817 290 900 316 veluti
912 289 953 317 sol
970 289 1082 324 quidam

296 337 503 371 intelligentium
534 343 566 363 ac
581 335 687 363 ratione
716 336 892 370 pneditorum
908 335 1080 370 animorum,

295 383 409 410 luminis
428 382 471 409 sui
498 381 589 409 radios
605 382 684 416 longe
706 381 814 416 lateque
831 380 1003 412 diffundens,
1022 381 1083 407 uni-

287 421 405 456 Iversum
419 428 560 455 hominum
574 427 754 454 barbarorum
768 426 850 453 simul
866 426 1082 460 ercorumque

296 475 350 510 7o
361 482 456 509 genus,
471 473 593 508 adeoque
609 482 660 501 nos
675 481 771 502 omnes
787 473 950 501 densissima
967 473 1084 508 caligine

296 528 328 548 ac
343 520 492 552 teterrima,
508 527 673 555 omnemque
683 521 771 548 lucem
793 520 954 548 excludente
971 519 1084 547 menda-

295 567 335 595 cis
349 573 478 600 vanaque
493 567 696 601 superstitionis
709 571 800 599 nocte,
825 567 852 594 in
867 574 939 594 vera;
958 574 1023 601 erga
1041 573 1084 593 re-

293 620 356 640 rum
369 612 491 639 omnium
507 612 706 640 moderatorem
715 612 800 640 Deum
812 612 920 648 pietatis
935 612 1006 640 diem
1021 612 1083 639 vin-

294 659 404 686 dicavit.
420 658 576 690 Enimvero,
589 663 723 694 quotquot
739 659 841 694 ubique
855 659 920 686 olim
934 659 967 686 ad
985 663 1082 693 stupo-

299 713 357 732 rem
370 713 458 740 usque
467 704 589 739 profanis
597 705 629 732 de
641 705 753 732 deorum
763 704 1083 732 multitudineerroribus

294 743 348 777 tam
364 750 390 776 in
405 750 529 780 urbibus,
548 758 630 784 quam
643 750 670 777 in
684 751 762 786 pagis
772 750 956 782 adhazserunt,
971 750 1082 778 eosdem

293 801 466 823 mortuorum
476 796 559 829 idola,
566 796 762 832 hominumque
771 797 876 832 pridem
885 797 1082 824 exstinctorum

294 843 441 870 simulacra
462 843 540 870 statis
554 849 652 870 omnes
677 843 828 870 honoribus
841 843 970 875 coluisse,
985 843 1082 876 claris:

294 888 372 916 simis
389 888 561 915 laudatorum
588 894 652 916 ante
676 889 842 924 scriptorum
864 889 1028 917 testimoniis
1051 896 1084 917 ae

293 935 408 962 vocibus
422 935 616 970 comprobatur
631 943 637 962 :
657 936 693 963 ita
710 936 800 971 plane,
819 941 849 963 ut
870 936 992 970 priscum
1017 936 1082 963 illud
1100 928 1120 956 Β

293 980 435 1008 hominum
451 987 547 1015 genus,
565 985 674 1015 propter
691 981 807 1008 ferinam
822 989 904 1016 supra
921 982 1032 1008 modum
1050 989 1083 1008 eo

294 1030 417 1060 tempore
425 1027 531 1052 vivendi
544 1027 687 1056 rationem.
697 1027 731 1054 de
740 1034 848 1054 summo
859 1035 949 1054 rerum
961 1028 1083 1054 omnium

293 1073 389 1108 opifice
402 1072 456 1100 Deo
468 1073 535 1100 nihil
547 1073 661 1100 omnino
672 1073 813 1108 cogitaret,
826 1080 877 1100 nec
890 1074 1010 1100 divinam
1024 1074 1084 1107 ejus

293 1119 322 1146 in
337 1119 489 1154 repetendis
506 1120 638 1147 scelerum
666 1119 755 1154 poenis
781 1120 918 1153 justitiam
946 1120 1084 1147 ullatenus

293 1170 449 1198 vereretur,
464 1165 512 1192 sed
528 1165 555 1192 in
581 1165 673 1192 omnia
698 1165 861 1199 ﬂagitiorum
887 1169 914 1192 et
938 1165 1084 1199 impietatis

294 1218 392 1246 genera
407 1210 539 1245 praecipiti
555 1211 673 1246 quodam
685 1215 752 1237 :estu
764 1215 915 1244 raperetur.
928 1209 1008 1242 Nam,
1021 1218 1083 1238 cum

295 1257 360 1284 nulli
391 1257 480 1283 adhuc
495 1256 636 1283 hominum
649 1256 703 1283 vita
720 1256 825 1292 legibus
843 1257 876 1283 ad
900 1257 1027 1284 virtutem
1041 1257 1084 1284 in-

294 1302 422 1334 formata,
437 1302 512 1329 nullo
525 1302 632 1330 mitiore
647 1310 678 1330 ac
692 1303 819 1337 politiore
831 1303 906 1330 cultu
921 1306 1083 1338 temperata,

294 1349 382 1376 solute
394 1356 426 1376 ac
442 1356 518 1383 vage,
532 1347 685 1375 Nomadum
699 1353 746 1375 aut
758 1349 910 1376 belluarum
924 1349 1015 1383 potius
1031 1349 1083 1376 ritu

294 1398 420 1429 ageretur
432 1403 439 1420 :
451 1394 513 1421 aliis
527 1393 638 1428 quidem
655 1393 789 1428 pecudum
808 1393 895 1421 instar
910 1393 1016 1420 ratione
1037 1401 1085 1420 ca-

294 1441 429 1473 rentium,
450 1444 548 1475 prater
563 1439 718 1466 abdominis
733 1439 904 1467 saturitatem
922 1440 999 1474 pensi
1017 1439 1084 1466 nihil

292 1491 362 1518 erat,
380 1493 497 1521 quorum
521 1485 548 1512 in
575 1486 684 1513 animos
703 1486 821 1520 primum
835 1485 983 1520 impietatis
998 1493 1084 1520 genus

295 1534 378 1561 altius
391 1533 485 1560 subire
501 1533 570 1560 solet
586 1541 593 1560 :
611 1533 656 1560 alii
672 1540 746 1564 vero,
776 1532 870 1560 inditis
887 1540 902 1559 a
918 1537 1015 1560 natura
1032 1541 1083 1560 no-

1135 291 1328 326 ζοςερωτάτης
1340 299 1370 316 τε
1387 291 1433 316 καὶ
1448 290 1553 322 ἀειδοῦς
1561 290 1657 322 νυκτὸς
1672 290 1722 324 τῆς
1733 290 1930 325 δεισιδαίμονος

1135 336 1250 372 πλάνης,
1268 337 1314 362 ἐπὶ
1331 336 1460 372 λαμπρὰν
1480 337 1527 363 καὶ
1545 336 1743 371 διαυγεστάτην
1754 336 1862 371 ἡμέραν
1878 336 1928 371 τῆς

1134 383 1251 418 ἀληθοῦς
1278 382 1419 414 εὐσεϐείας
1435 382 1482 409 τοῦ
1507 382 1702 418 παμϐασιλέως
1716 382 1784 408 Θεοῦ
1795 401 1803 413 ,
1824 382 1929 413 πάντας

1135 430 1209 464 ἡμᾶς
1227 433 1420 465 μετεστήσατο.
1441 429 1593 465 mammam
1609 428 1674 463 γοῦν
1696 430 1723 455 αἱ
1749 436 1928 464 προπαρατε-

1135 474 1223 502 θεῖσαι
1247 475 1352 509 φωναὶ,
1381 474 1486 510 νεκρῶν
1513 475 1629 506 εἴδωλα,
1642 475 1689 501 καὶ
1710 473 1816 510 ἀνδρῶν
1842 474 1930 501 πάλαι

1134 521 1337 555 κατοιχομένων
1355 521 1480 552 εἰκόνας,
1499 520 1603 552 πάντας
1620 520 1755 556 πανδημεὶ
1778 521 1842 551 τοὺς
1855 521 1929 556 ἀμφὶ

1134 565 1183 601 τὴν
1201 565 1331 592 πολύθεον
1357 565 1460 600 πλάνην
1473 586 1480 597 ,
1503 566 1573 592 κατά
1586 574 1616 592 τε
1643 565 1737 597 πόλεις
1761 566 1809 592 καὶ
1831 565 1929 601 κώμας

1135 612 1331 647 ἐπτοημένους,
1346 612 1507 648 θεραπεύειν
1523 621 1553 639 τε
1570 613 1618 639 καὶ
1635 613 1776 648 περιέπειν
1787 612 1927 645 ἐδίδαξαν⁵

1134 657 1188 684 τῶν
1204 657 1286 685 πάλαι
1301 658 1406 694 ἀνδρῶν
1429 659 1462 685 δι’
1486 658 1708 694 ὑπερϐάλλουσαν
1723 657 1770 684 τοῦ
1791 658 1853 685 τότε
1868 658 1928 693 βίου

1135 704 1293 741 θηριωδίαν,
1304 705 1372 732 Θεοῦ
1391 706 1440 740 μὲν
1456 705 1503 732 τοῦ
1517 705 1625 732 πάντων
1638 705 1804 741 δημιουργοῦ
1825 705 1930 740 μηδένα

1134 751 1214 786 λόγον
1230 752 1412 787 ποιουμένων,
1432 752 1498 787 μηδὲ
1507 752 1558 787 τῆς
1571 751 1646 784 θείας
1657 752 1703 778 καὶ
1714 752 1760 778 ἐπὶ
1773 752 1822 787 τῆς
1838 752 1931 787 πλημ-

1137 797 1304 834 μελουμένης
1319 798 1440 835 τιμωροῦ
1455 798 1533 834 δίκης
1548 799 1759 833 ἐμπαζομένων,
1778 799 1818 830 εἰς
1837 799 1930 830 πάσας

1135 843 1162 869 δὲ
1189 843 1380 879 ἀνοσιουργίας
1411 843 1645 870 καταϐαλλόντων.
1667 844 1750 870 Οὖπω
1766 845 1820 880 γὰρ
1843 844 1930 870 εἰσέτι

1135 889 1224 924 νόμων
1238 890 1308 922 τότε,
1326 890 1386 917 καθ’
1400 889 1448 922 οὒς
1459 890 1512 926 χρὴ
1525 889 1609 925 βιοῦν,
1626 889 1810 922 συνεστώτων,
1822 890 1883 917 οὐδέ
1896 899 1929 924 γε

1134 935 1184 970 τῆς
1195 936 1299 971 ἡμέρου
1310 936 1447 968 πολιτείας
1458 938 1487 962 ἐν
1499 935 1652 972 ἀνθρώποις
1669 936 1911 972 κατατεταγμένης
1919 942 1929 952 ⁸

1134 981 1278 1017 ἀνειμένου
1292 982 1320 1009 δὲ
1344 983 1390 1009 καὶ
1407 982 1553 1018 νομαδικοῦ
1569 983 1615 1009 τοῦ
1639 982 1695 1018 βίου
1706 1003 1713 1014 ,
1733 983 1883 1018 θηριώδους
1898 991 1929 1009 τε

1135 1027 1305 1060 καθεστῶτος
1316 1037 1323 1043 ·
1341 1030 1397 1060 τοῖς
1411 1028 1460 1064 μὲν
1476 1029 1641 1065 θρεμμάτων
1657 1029 1763 1062 ἀλόγων
1780 1029 1858 1064 δίκην
1872 1029 1931 1056 τῶν

1134 1073 1183 1109 τῆς
1197 1074 1314 1108 γαστρὸς
1331 1074 1553 1110 ἀποπληρώσεων
1570 1075 1649 1102 πλέον
1663 1075 1738 1102 οὐδὲν
1751 1075 1873 1111 ἔμελλεν,
1887 1072 1931 1108 οἷς

1135 1119 1181 1146 καὶ
1197 1119 1305 1155 πρῶτος
1325 1120 1470 1156 ἀθεότητος
1494 1121 1653 1157 ὑποικουρεῖ
1673 1122 1790 1157 τρόπος·
1809 1122 1834 1148 οἶ
1849 1121 1871 1148 δ’
1888 1123 1930 1154 εις

1136 1166 1220 1201 βραχύ
1234 1174 1260 1192 τι
1277 1167 1405 1201 φυσικαῖς
1427 1166 1543 1198 ἐννοίαις
1563 1166 1779 1202 ἀνακινούμενοι,
1805 1166 1864 1193 θεὸν
1880 1165 1931 1194 καὶ

1135 1212 1202 1239 Θεοῦ
1219 1212 1344 1248 δύναμιν,
1363 1213 1495 1249 σωτήριόν
1512 1221 1538 1239 τι
1560 1213 1608 1240 καὶ
1626 1213 1727 1247 ἀγαθὸν
1744 1211 1812 1239 εἶναι
1833 1213 1931 1248 χρῆμα

1134 1259 1319 1294 διενοήθησαν,
1334 1259 1425 1294 εὑρεῖν
1443 1259 1471 1285 δὲ
1490 1258 1585 1285 τοῦτον
1604 1259 1789 1294 ἐθελήσαντες,
1804 1259 1861 1285 ἂνω
1879 1258 1930 1294 μὲν

1135 1305 1183 1336 τὰς
1197 1304 1285 1340 ψυχὰς
1298 1305 1337 1336 είς
1352 1304 1465 1340 οὐρανὸν
1482 1304 1596 1336 ἐτειναν,
1612 1304 1704 1331 αὐτόθι
1719 1305 1748 1331 δὲ
1768 1305 1801 1340 τῇ
1822 1304 1930 1340 διανοίᾳ

1136 1350 1257 1382 στάντες,
1273 1351 1320 1377 καὶ
1333 1351 1387 1377 τῶν
1403 1351 1463 1378 κατ’
1475 1350 1587 1386 οὐρανὸν
1604 1351 1752 1385 φαινόντων
1765 1359 1795 1377 τε
1807 1351 1853 1377 καὶ
1866 1358 1932 1384 φαι-

1135 1397 1255 1432 νομένων
1276 1397 1427 1433 φωστήρων
1445 1396 1666 1432 καταπλαγέντες
1683 1396 1718 1423 τὰ
1734 1396 1818 1433 κάλλη
1829 1416 1836 1427 ,
1852 1396 1930 1422 ταῦτ’

1135 1441 1203 1469 εἶναι
1215 1443 1293 1474 θεοὺς
1307 1442 1590 1478 ἀπεφὴναντο.Τρίτοι
1604 1443 1632 1469 δὲ
1644 1442 1727 1474 ἄλλοι,
1745 1443 1816 1476 σφᾶς
1829 1442 1930 1472 αὐτοὺς

1134 1489 1180 1516 ἐπὶ
1197 1490 1247 1524 γῆς
1264 1489 1400 1524 ῥίψαντες,
1416 1490 1479 1521 τοὺς
1496 1489 1543 1516 ἐπὶ
1561 1490 1667 1516 συνέσει
1683 1489 1737 1516 τῶν
1753 1489 1814 1516 κατ’
1829 1489 1929 1520 αὐτοὺς

1134 1535 1282 1570 προφέρειν
1297 1535 1517 1571 νενομισμένους,
1535 1535 1552 1571 ἦ
1569 1535 1617 1562 καὶ
1635 1535 1716 1572 ῥώμῃ
1734 1535 1861 1570 σώματος
1881 1535 1930 1561 καὶ

293 1579 415 1607 tionibus
439 1579 575 1606 tantillum
593 1579 720 1612 excitati,
746 1578 830 1607 Deum
855 1579 965 1614 quidem
988 1587 1019 1607 ac
1035 1579 1081 1608 Dei

1135 1580 1292 1612 δυναστείας
1309 1581 1381 1615 ἰσχύϊ
1396 1581 1451 1607 τῶν
1468 1581 1598 1609 πλειόνων
1615 1582 1865 1618 ἐπικρατήσαντας,
1884 1581 1930 1615 γί-

293 1630 454 1662 potestatem
473 1626 603 1653 salutaris
615 1633 648 1653 ac
659 1626 724 1653 boni
739 1625 879 1660 quidpiam
895 1633 956 1654 esse
977 1627 1082 1662 cogita-

293 1672 373 1705 bant;
390 1673 437 1700 sed
448 1680 510 1700 cum
525 1672 558 1699 ad
574 1673 633 1706 ejus
642 1672 824 1706 cognitionem
837 1671 1000 1706 aspirarent,
1017 1673 1084 1700 sub-

294 1717 356 1746 latis
382 1723 408 1745 et
425 1718 523 1746 erectis
547 1718 574 1745 in
593 1719 692 1745 caelum
704 1717 815 1750 animis,
833 1718 887 1744 vim
899 1718 926 1745 in
942 1725 975 1745 eo
987 1719 1086 1746 mentis

294 1764 437 1799 aciemque
449 1764 582 1794 deﬁxere.
600 1755 793 1798 astrorumque
810 1767 870 1791 toto
884 1764 954 1791 caalo
982 1765 1086 1791 mican-

295 1811 364 1838 tium
373 1818 527 1846 sensusque
537 1809 692 1837 ferientium
703 1809 932 1844 pulchritudinem
946 1810 1083 1843 admirati,

295 1857 409 1884 deorum
424 1857 458 1884 iis
473 1864 570 1883 nomen
586 1856 773 1890 honoremque
792 1856 920 1884 tribuere.
943 1857 996 1884 Alii
1008 1857 1084 1884 deni-

295 1911 348 1937 que
361 1903 389 1930 in
402 1907 501 1930 terram
516 1909 576 1930 sese
592 1902 754 1937 animosque
781 1902 956 1930 devolventes
972 1922 980 1935 ,
1012 1910 1082 1937 quos

295 1953 374 1976 astate
386 1956 435 1976 sua
455 1949 593 1976 communi
609 1955 746 1975 consensu
762 1953 810 1975 aut
823 1948 963 1983 sapientia:
979 1948 1081 1983 primas

296 1995 391 2022 tulisse
406 1994 538 2027 viderent,
553 1999 599 2021 aut
613 1995 738 2029 corporis
752 1995 868 2028 viribus,
892 2002 923 2022 ac
939 1994 1081 2029 potestatis

296 2042 482 2078 magnitudine
493 2041 618 2076 pluribus
630 2049 691 2068 esse
701 2041 866 2073 dominatos,
875 2041 999 2076 gigantas
1007 2044 1082 2075 puta,

297 2089 337 2116 vel
355 2094 497 2125 tyrannos,
511 2088 554 2116 vel
578 2087 722 2122 prastigiis
743 2087 824 2114 etiam
845 2086 1085 2114 fascinationibus-

1135 1625 1236 1659 γαντάς
1246 1634 1333 1657 τινας,
1347 1626 1364 1661 ἢ
1385 1626 1543 1662 τυράννους,
1559 1626 1575 1662 ἦ
1595 1626 1643 1653 καὶ
1659 1627 1770 1662 γόητας,
1788 1627 1836 1653 καὶ
1856 1634 1930 1662 φαρ-

1137 1671 1241 1706 μακέας
1251 1671 1404 1709 ἄνδραςκὲκ
1417 1680 1488 1703 τινος
1500 1671 1554 1699 τῶν
1571 1672 1716 1709 θειοτέρων
1732 1671 1928 1703 ἀποπτώσεως.

1136 1716 1184 1748 τὰς
1204 1717 1384 1752 κακοτέχνους
1399 1718 1526 1753 γοητείας
1544 1718 1826 1754 συνεσκευασμένους·
1846 1718 1863 1754 ἢ
1882 1718 1930 1745 καὶ

1136 1764 1199 1795 τοὺς
1221 1763 1316 1796 ἄλλους
1333 1765 1425 1800 κοινῆς
1442 1765 1471 1791 τέ
1495 1774 1567 1797 τινος
1591 1766 1637 1792 καὶ
1655 1765 1801 1801 βιωφελοῦς
1818 1765 1930 1802 εὐεργε-

1138 1810 1197 1842 σίας
1214 1810 1412 1846 προάρξαντας,
1428 1810 1531 1842 ζῶντάς
1547 1819 1577 1837 τε
1591 1811 1630 1838 ἐτι
1652 1812 1698 1838 καὶ
1713 1811 1781 1846 μετὰ
1799 1812 1930 1847 τελευτὴν

1144 1856 1220 1887 θεοὺς
1238 1856 1422 1891 ἐπεφήμισαν.
1447 1855 1542 1882 Ἔνθεν
1565 1857 1657 1888 αὐτοῖς
1673 1856 1719 1882 καὶ
1735 1856 1760 1882 οἱ
1780 1856 1835 1883 τῶν
1858 1856 1930 1883 θεᾶν

1135 1899 1214 1933 οἴκοι,
1228 1901 1332 1936 νεκρῶν
1349 1899 1416 1927 εἶναι
1432 1901 1512 1936 τάφοι
1532 1901 1756 1936 μνημονεύονται,
1773 1901 1811 1933 ὼς
1821 1903 1836 1928 ὁ
1853 1901 1930 1937 Κλή-

1137 1955 1190 1982 μης
1212 1947 1240 1973 ἐν
1254 1946 1293 1981 τῷ
1316 1946 1384 1982 πρὸς
1403 1946 1535 1982 Ἕλληνας
1557 1946 1782 1980 Προτρεπτικῷ,
1807 1947 1927 1982 ἱστορεῖ,

1135 1993 1182 2019 τοῦ
1208 1992 1288 2026 λόγου
1313 1993 1454 2028 μάρτυρας
1475 1993 1574 2025 αὐτοὺς
1589 1992 1721 2028 Ἕλληνας
1746 1993 1926 2028 ἐπαγόμενος.

1137 2039 1167 2065 Εἰ
1189 2038 1217 2064 δέ
1240 2047 1280 2064 σοι
1305 2038 1390 2072 φίλον,
1409 2036 1486 2069 αὖθις
1508 2039 1555 2064 καὶ
1573 2038 1667 2064 τούτου
1689 2038 1762 2064 τόνδε
1775 2039 1929 2074 γράφοντος

1137 2084 1218 2112 ἄκουε
1235 2085 1280 2112 τὸν
1296 2085 1408 2121 τρόπον.

296 2144 350 2171 que
375 2136 492 2167 nobiles,
517 2136 642 2169 quicum
673 2142 687 2161 a
709 2133 790 2161 rebus
804 2133 992 2168 Idivinioribus
1009 2132 1264 2167 quomodocumque
1279 2132 1387 2159 tandem
1418 2132 1593 2161 excidissent,
1622 2130 1759 2158 maleﬁcas
1777 2131 1927 2159 veneﬁcio-

298 2191 358 2211 rum
378 2188 450 2210 artes
472 2182 658 2210 contlaverant
677 2191 684 2209 :
705 2182 862 2216 quicunque
881 2181 992 2208 demum
1013 2181 1168 2208 communis
1184 2180 1300 2215 alicujus
1314 2179 1435 2207 beneﬁcii
1456 2184 1538 2214 atque
1552 2179 1585 2205 ad
1601 2179 1663 2205 vitae
1677 2179 1805 2205 humanze
1828 2178 1928 2206 utilita-

298 2237 352 2259 tem
369 2231 530 2266 pertinentis
546 2235 673 2258 auctores
690 2229 817 2262 fuissent,
838 2229 939 2264 partim
962 2229 1040 2255 vivos
1053 2228 1143 2256 adhuc
1162 2233 1189 2255 et
1205 2229 1349 2263 spirantes,
1365 2227 1462 2262 partim
1486 2226 1540 2261 jam
1559 2230 1645 2253 morte
1673 2225 1781 2252 functos
1804 2233 1853 2260 pro
1873 2225 1928 2252 diis

297 2280 489 2315 praedicarunt.
519 2278 612 2314 Itaque
625 2279 738 2306 deorum
765 2278 888 2313 ipsorum
919 2277 1013 2309 aedes,
1043 2282 1214 2305 mortuorum
1246 2277 1369 2312 sepulcra
1390 2283 1450 2304 esse
1480 2275 1666 2310 perhibentur,
1694 2273 1928 2309 quemadmodum

296 2328 423 2356 Clemens
443 2328 470 2354 in
489 2335 531 2360 ea,
549 2335 630 2362 quam
661 2327 695 2354 ad
720 2326 831 2354 Grmcos
861 2325 974 2358 scribit,
998 2326 1178 2354 cohortatione
1214 2329 1420 2358 commemorat,
1443 2323 1599 2351 Graecorum
1629 2323 1750 2358 ipsorum
1770 2322 1928 2351 testimonia

297 2375 448 2411 proferens,
469 2382 550 2410 quem
566 2379 605 2407 tu,
621 2375 643 2401 si
658 2375 755 2408 placet,
770 2374 842 2401 hunc
856 2373 882 2400 in
897 2373 1008 2401 modum
1025 2381 1121 2400 rursus
1132 2374 1286 2408 loquentem
1298 2372 1372 2400 audi.

576 2423 628 2458 71
643 2421 757 2451 CAPUT
776 2421 822 2449 v1.

298 2469 426 2504 δέραισι-α
439 2474 601 2497 mortuorum
611 2477 676 2501 esse,
692 2476 751 2504 qua:
761 2468 869 2495 deorum
884 2467 981 2502 templa
999 2467 1084 2493 nomi-

638 2511 745 2530 "antur.

340 2559 350 2576 ι
363 2549 472 2583 Mirum,
482 2551 580 2586 inquit,
592 2549 714 2586 profecto
725 2549 811 2577 videri
826 2557 880 2576 non
898 2549 987 2581 debet,
999 2550 1022 2576 si
1039 2555 1087 2576 nc-

302 2597 389 2625 fandze
405 2598 607 2632 superstitionis
629 2605 717 2629 error,
731 2601 908 2631 posteaquam
921 2595 1029 2630 aliquod
1041 2601 1084 2622 se-

302 2644 356 2671 mel
369 2643 477 2671 initium
494 2644 660 2679 accepisset,
677 2642 817 2677 ﬂagitiosae
836 2642 954 2669 vesaniae
967 2641 1028 2668 fons
1039 2648 1086 2668 ex—

301 2690 410 2717 stiterit.
435 2689 579 2718 Enimvero
606 2698 668 2718 cum
691 2688 837 2717 intercisus
863 2688 908 2716 illc
922 2692 1016 2722 postea
1030 2694 1084 2714 non

302 2736 409 2768 fuisset,
419 2738 464 2764 sed
475 2738 566 2772 potius
581 2738 658 2766 novis
675 2738 701 2764 in
717 2738 776 2765 dies
792 2735 964 2764 incrementis
979 2739 1085 2764 auctus.

303 2789 400 2815 magna
422 2782 446 2808 vi
461 2783 568 2810 tandem
587 2790 617 2809 ac
640 2782 792 2809 vehementi
816 2789 896 2809 cursu
915 2779 978 2807 ferri
993 2779 1085 2814 coepit.

1403 2419 1599 2447 ΚΕΦΛΛΜΟΝ
1615 2419 1660 2452 ς’.

1139 2468 1208 2503 Περὶ
1238 2467 1290 2494 τοῦ
1314 2465 1426 2500 νεκρῶν
1449 2464 1525 2492 εἶναι
1554 2463 1728 2503 τάφους-τὰ
1756 2462 1928 2496 καλούμενα

1367 2503 1465 2531 αὐτῶν
1481 2503 1544 2537 ιερὰ
1559 2501 1618 2529 τῶν
1632 2501 1714 2529 θεῶν.

1179 2559 1188 2574 ι
1205 2547 1259 2584 (9l)
1271 2548 1388 2579 Εἰκότως
1398 2547 1452 2583 ἄρα
1461 2547 1548 2582 ἀρχήν
1562 2545 1642 2572 ποθεν
1653 2546 1669 2581 ή
1680 2543 1870 2578 δεισιδαιμονία
1880 2543 1928 2570 λα-

1140 2595 1235 2625 ϐοῦσα.
1252 2595 1350 2626 κακίας
1364 2594 1477 2629 ἀνοήτου
1496 2592 1591 2626 γέγονε
1607 2592 1693 2626 πηγή’
1707 2590 1801 2617 ἔπειτα
1814 2591 1851 2625 μὴ
1861 2590 1928 2616 ἀνα-

1140 2643 1266 2674 κοπεῖσα,
1294 2640 1350 2667 ἁλλ¹
1374 2641 1413 2672 εἰς
1433 2640 1551 2666 ἐπίδοσιν
1576 2637 1706 2669 ἐλθοῦσα,
1733 2636 1800 2662 πολὺ
1822 2635 1854 2671 δὴ
1869 2635 1925 2670 (9%)

1139 2689 1243 2723 ῥυεῖσα,
1270 2687 1433 2722 δημιουργὸς
1460 2685 1564 2712 πολλῶν
1587 2683 1745 2711 καθίσταται
1773 2681 1926 2716 δαιμόνων,

1139 2732 1292 2769 ἑκατόμϐας
1317 2732 1446 2764 ποιοῦσα,
1479 2731 1525 2758 καὶ
1557 2729 1722 2764 πανηγύρεις
1749 2726 1926 2758 ἐπιτελοῦσα,

1140 2779 1286 2814 ἀγάλματα
1299 2777 1445 2808 ἀνιστῶσα,
1460 2777 1507 2803 καὶ
1517 2776 1583 2807 νεὼς
1593 2774 1814 2810 ἁνοικοόομοῦσα,
1824 2773 1871 2805 οὓς
1895 2773 1927 2808 δὴ

338 2879 394 2913 (9l)
415 2880 503 2910 Locus
513 2885 555 2909 est
566 2881 697 2909 Clement.
709 2880 853 2907 Alexandr.
865 2888 896 2906 ex
909 2879 1082 2914 Protreptico,
1103 2885 1129 2912 ιι.
1145 2878 1190 2911 22,
1209 2877 1419 2909 Graeco-Latini,
1435 2876 1542 2904 Herveti
1555 2880 1643 2902 autem
1659 2874 1704 2902 47.

337 2914 393 2952 (91)
416 2916 530 2945 Hontac.
546 2917 649 2953 legend.
666 2916 749 2951 πολλὴ
760 2915 803 2950 δή,
816 2916 926 2943 rectius.
940 2948 943 2951 ἤ
