2064 3212
261 172 313 200 159

579 170 714 199 EUSEBI!
732 167 973 197 CESARIENSIS
992 168 1067 197 OPP.
1086 166 1178 196 PARS
1197 164 1230 194 li.
1247 181 1281 186 —
1293 163 1544 193 APOLOGETICA.

1841 160 1891 188 MO

261 228 406 266 labyrinthi
426 249 433 261 ,
456 229 507 256 alia
521 229 644 263 quaedam
663 232 727 255 sunt
749 227 847 262 templa
868 231 1050 259 mortuorum,

1102 226 1204 252 Φειδίου
1227 224 1304 255 Ζεύς.
1323 233 1333 250 ι
1359 222 1452 249 Ταῦτα
1483 222 1533 256 μὲν
1561 216 1648 251 οὗτος.
1672 219 1709 246 Σῠ
1729 218 1758 245 δὲ
1783 217 1830 245 τὸν
1846 218 1892 245 λό-

260 275 490 312 quemadmodum
515 275 569 308 illa,
587 275 701 302 deorum
728 273 865 308 sepulcra.
891 282 901 298 ι
924 273 1050 307 Idemque

260 323 342 358 paulo
355 326 428 358 post.
441 332 450 348 ι
463 322 518 356 Age
530 328 605 353 vero,
617 321 713 355 inquit,
723 319 872 346 certamina
885 327 993 354 quoque
1005 327 1051 346 ve-

260 373 318 396 stra
342 368 438 403 paucis
457 367 600 399 obeamus,
617 374 649 393 ac
664 365 829 401 sepulcrales
843 364 911 392 istos
932 372 1051 392 conven-

260 420 316 447 tus,
329 415 467 446 lsthmica,
485 413 596 446 Nemea,
604 412 712 446 Pythia,
724 412 982 448 Olympiadeniqne,
998 411 1052 438 dis-

260 459 391 494 sipemus.
403 458 536 494 ’Pythone
552 458 661 492 quidem
673 477 680 488 ,
696 457 823 493 Pythium
844 455 989 484 draconem
1005 464 1050 483 ve-

260 509 406 535 nerantur,
431 504 620 539 scrpentisque
632 508 796 531 conventum
812 503 922 531 nomine
939 503 1050 539 Pythio-

260 559 320 578 rum
330 552 463 579 indicunt.
473 551 550 586 Apud
562 551 693 578 Isthmum
702 555 804 583 autem,
812 558 888 578 mare
900 551 1049 586 cjectitiurn

260 603 293 624 ac
306 596 460 624 miserabile
484 596 601 623 cadaver
618 595 737 630 exspuit,
751 595 863 629 jamque
886 594 1048 621 Melicertem

260 642 373 670 Isthmia
389 642 583 670 lamentantur.
610 640 718 668 Nemea:
730 640 867 671 similiter,
885 647 946 667 cum
965 640 1048 666 alium

260 688 401 723 pusionem
421 687 618 714 Archemorum
633 686 838 717 condidissent,
856 685 938 720 hujus
958 684 1036 720 sepul

257 736 333 764 cralc
348 739 487 763 certamen
511 733 611 761 Nemea
628 737 834 768 nuncuparunt.
862 731 925 759 Pisa
941 738 1050 766 quoque

259 780 330 816 apud
346 787 404 813 vos,
427 787 444 807 ο
457 779 614 806 Graecorum
632 785 719 813 genus
745 778 921 809 universum,
947 776 1050 811 auriga:

260 824 370 860 Phrygii
393 823 515 851 tumulus
528 827 592 850 est':
609 827 692 856 atque
713 821 854 856 Olympia,
873 821 925 848 hoc
941 825 983 848 est
999 819 1047 847 Pe-

258 870 329 906 lopis
345 869 470 902 inferias,
480 867 629 896 Phidiacus
643 867 695 894 sibi
711 866 818 902 Jupiter
830 863 1052 893 vindicat.tlla"-

258 920 338 944 lenus
376 915 512 943 Clemens.
543 913 584 941 Tu
600 922 666 941 vero
688 913 855 949 superiorem
880 916 1003 940 nostram
1018 912 1052 939 de
1066 903 1087 931 Β

259 960 450 995 superstitioso
472 967 565 987 errore
588 959 801 994 disputationem
818 958 854 986 ab
870 958 950 985 initio
971 965 1051 993 repe-

260 1010 330 1038 tens,
340 1009 424 1033 totam
441 1005 511 1032 hunc
522 1004 685 1032 miserorum
695 1004 901 1039 prolapsionem
911 1011 967 1030 uno
977 1011 1053 1038 aspe-

254 1055 305 1079 ctu
320 1052 434 1079 intuere.
453 1050 491 1078 Ac
502 1051 620 1085 primunt
633 1051 741 1086 quidem
754 1050 885 1078 eximium
905 1050 971 1077 illud
988 1057 1052 1078 esse

258 1105 292 1125 ac
303 1097 423 1125 saiutare
440 1097 466 1124 in
482 1097 576 1132 primis
588 1117 596 1130 ,
621 1097 693 1132 quod
702 1096 755 1124 -Dei
771 1104 869 1123 nomen
888 1096 1052 1124 essentiam-

260 1152 314 1179 que
329 1144 476 1179 significat,
502 1143 588 1179 ipsius
613 1148 718 1170 naturae
734 1143 818 1170 ductu
830 1164 836 1175 ,
854 1143 1052 1179 impressisque

260 1190 353 1217 animo
368 1197 416 1224 per
444 1197 505 1217 sese
519 1189 688 1221 notionibus,
706 1189 747 1215 vel
763 1188 893 1215 divinitus
908 1189 998 1224 potius
1011 1190 1053 1216 in-

260 1236 371 1272 spiratis
383 1256 391 1268 ,
408 1243 489 1263 nemo
505 1243 558 1262 non
573 1235 700 1270 intelligit
713 1244 719 1261 :
739 1234 792 1262 hoc
807 1235 880 1262 enim
895 1243 991 1263 omnes
1003 1243 1053 1270 po—

259 1283 316 1319 puli
341 1282 481 1310 communi
504 1282 622 1317 quodam
646 1281 765 1308 rationis
787 1289 870 1309 sensu
887 1290 1050 1317 praecepere,

260 1337 322 1357 cum
340 1329 366 1356 id
382 1329 457 1356 omni
468 1328 561 1356 animo
574 1328 681 1354 ratione
692 1332 719 1354 et
735 1327 913 1363 intelligentia
927 1328 1049 1363 praedito,

259 1376 330 1403 idem
347 1374 429 1410 hujus
440 1374 625 1402 universitatis
641 1374 743 1401 Artifex
756 1375 925 1402 naturalibus
935 1375 1051 1410 quibus—

260 1422 323 1449 dam
339 1421 552 1456 cogitationibus
570 1421 710 1449 inseverit.
739 1420 772 1448 At
786 1428 862 1453 vero,
878 1428 1050 1456 nequaquam

260 1469 293 1495 ad
311 1467 445 1503 ejusmodi
463 1467 602 1503 religionis
626 1467 782 1494 institutum
804 1467 959 1500 adhtesere,
977 1467 1050 1502 quod

259 1515 374 1542 rationis
391 1515 481 1542 lumen
496 1513 664 1541 ostendebat.
678 1513 731 1549 73
750 1513 817 1540 Nam
835 1521 906 1541 lltlllS
924 1512 1051 1541 fortassis

260 1560 361 1589 alterve
377 1561 519 1593 duntaxat,
545 1565 593 1587 aut
613 1559 636 1586 si
659 1560 705 1594 qui
721 1560 778 1592 alii,
799 1567 865 1587 sane
881 1559 1049 1594 paucissimi,
1064 1575 1086 1604 ε

261 1615 329 1644 quos
351 1606 525 1635 Hebraeorum
546 1606 642 1633 litterae
657 1605 846 1638 celebrarunt,
862 1613 923 1632 cum
939 1606 971 1632 ad
986 1605 1048 1632 nul-

259 1653 314 1681 lam
329 1660 421 1680 rerum
434 1659 539 1683 earum,
556 1659 618 1686 quae
630 1651 718 1678 oculis
731 1656 908 1685 usurpantur,
923 1651 1048 1677 haustam

260 1698 361 1726 animis
377 1699 410 1725 de
427 1697 520 1725 divino
534 1696 652 1724 Numine
664 1697 802 1724 notionem
816 1696 973 1729 aﬂixisscnt,
1002 1697 1048 1724 sed

260 1753 323 1775 eam
337 1744 371 1771 ad
384 1751 512 1779 magnum
529 1743 605 1770 illum
618 1750 650 1770 ac
664 1746 856 1778 prapotentem
872 1742 952 1770 orbis
968 1743 1049 1777 hujus

260 1789 383 1818 universi
396 1789 571 1821 molitorem,
590 1789 624 1816 ab
643 1796 739 1816 eorum
762 1796 823 1824 qua:
844 1789 896 1815 sub
910 1793 1047 1823 aspectum

261 1837 365 1864 cadunt
381 1836 503 1863 omnium
519 1835 615 1869 turba,
639 1835 777 1863 constanti
797 1842 829 1862 ac
851 1839 923 1862 certa
949 1835 1049 1862 mentis

261 1883 419 1911 inductione
432 1883 618 1916 sustulissent,
634 1882 758 1910 eumdem
772 1889 856 1909 unum
870 1889 935 1908 esse
952 1880 1048 1914 Deum,

261 1928 397 1964 simulque
419 1928 542 1956 omnium
565 1933 747 1959 servatorem,
764 1936 797 1955 ac
812 1927 900 1955 solum
914 1928 1047 1954 bonorum

260 1979 399 2002 auctorem
425 1974 581 2010 purioribus
605 1973 791 2008 intelligentiae
811 1972 900 2000 oculis
922 1972 1048 2007 pervide-

260 2024 336 2048 runt.
355 2020 453 2048 Castori
470 2025 561 2048 autem
584 2015 728 2054 multiplici
745 2019 878 2054 variaque
894 2018 1048 2046 animorum

261 2066 288 2093 in
315 2067 432 2103 caligine
454 2066 585 2099 volutati,
610 2066 638 2093 in
655 2065 801 2100 impietatis
825 2065 985 2093 barathrum
1010 2064 1049 2090 ita

260 2117 433 2145 corruerunt,
449 2117 478 2139 ut
491 2112 634 2139 brutorum
651 2111 831 2138 animantium
849 2110 913 2143 ritu,
930 2108 1048 2141 honesti,

261 2159 336 2188 utilis
352 2158 471 2192 bonique
490 2157 622 2184 rationem
650 2164 704 2184 una
718 2157 860 2184 oculorum
885 2160 913 2183 et
927 2155 1048 2190 corporis

261 2203 399 2238 voluptate
413 2202 585 2230 metirentur.
606 2201 716 2237 ltaque,
730 2202 753 2229 si
772 2201 819 2235 qui
833 2201 875 2227 vel
890 2207 984 2228 eorum
1000 2200 1050 2226 ali-

1105 281 1152 307 γον
1184 272 1214 305 ἐξ
1245 271 1333 307 ἀρχῆς
1366 268 1509 296 ἀναλαϐὼν
1533 267 1582 302 τῆς
1607 265 1802 301 δεισιδαίμονος
1824 264 1893 292 πλά-

1102 328 1166 354 νης,
1206 317 1353 352 ἐπίσκεψαι
1378 315 1427 351 τὴν
1456 314 1614 342 διάπτωσιν.
1647 311 1730 338 Φύσει
1762 311 1810 347 μὲν
1845 308 1893 338 οὖν

1101 365 1149 393 καὶ
1181 364 1380 394 αὒτοδιδάκτοις
1414 361 1540 392 ἐννοίαις,
1571 359 1670 395 μᾶλλον
1696 358 1725 384 δὲ
1758 356 1894 384 θεοδιδάκ-

1101 419 1168 443 τοις,
1184 409 1265 437 καλόν
1279 417 1306 435 τι
1328 408 1375 435 καὶ
1389 406 1527 442 ὠφέλιμον
1540 404 1695 440 τυγχάνειν,
1711 403 1742 429 τὺ
1758 400 1892 438 σημαῖνον

1100 457 1149 491 τὴν
1163 456 1209 483 τοῦ
1217 453 1286 481 Θεοῦ
1301 453 1485 490 προσηγορίαν
1499 461 1528 478 τε
1545 452 1592 478 καὶ
1602 451 1706 477 οὐσίαν.
1724 449 1828 480 Πάντες
1837 448 1892 484 γὰρ

1101 499 1239 536 ἄνθρωποι
1259 499 1358 530 κοινοῖς
1383 497 1522 532 λογισμοῖς
1540 495 1750 531 προειλήφεσαν,
1764 493 1812 520 τοῦ
1837 493 1892 519 τῶν

1101 545 1169 573 ὅλων
1199 543 1370 580 Δημιουργοῦ
1420 542 1499 570 τοῦτο
1522 542 1596 577 πάσῃ
1622 542 1719 576 λογικῇ
1742 540 1789 567 καὶ
1810 540 1893 575 νοερᾷ

1100 593 1173 629 ψυχῇ
1223 593 1350 628 φυσικαῖς
1379 591 1494 622 ἐννοίαις
1522 588 1736 623 ὑποσπείραντος
1754 594 1761 601 ·
1782 586 1811 612 οὐ
1838 585 1892 620 μὴν

1101 639 1148 665 καὶ
1168 628 1209 675 τῇ
1232 638 1391 674 προαιρέσει
1412 638 1446 672 τῇ
1468 636 1538 663 κατὰ
1561 634 1640 668 λόγον
1662 632 1818 668 ἐκέχρηντο.
1844 628 1893 662 Εἷς

1102 684 1151 720 μὲν
1176 684 1230 721 γάρ
1255 693 1317 717 που,
1341 683 1411 718 τάχα
1433 691 1475 714 τις
1492 682 1538 709 καὶ
1560 681 1700 717 δεύτερος,
1717 679 1733 715 ἢ
1753 678 1799 705 καί
1820 685 1892 709 τινες

1100 731 1174 758 ἄλλοι
1188 729 1286 765 κομιδῆ
1311 729 1431 765 βραχεῖς,
1447 724 1484 755 ὢν
1508 727 1557 762 τὴν
1581 727 1690 762 μνήμην
1703 724 1739 752 τὰ
1758 723 1892 760 Ἐϐραίων

1101 779 1225 814 περιέχει
1249 777 1338 811 λόγια,
1361 777 1401 807 εις
1422 775 1497 802 οὐδὲν
1520 773 1574 800 τῶν
1600 771 1745 808 ὁρωμένων
1768 769 1893 806 ἐφαρμό-

1101 833 1197 856 σαντες
1217 823 1267 859 τὴν
1287 823 1350 858 περὶ
1366 820 1434 848 Θεοῦ
1448 820 1567 847 ἔννοιαν·
1583 818 1772 854 ἀδιαστρόφοις
1787 817 1815 843 δὲ
1835 817 1892 848 τοῖς

1100 871 1241 906 λογισμοῖς
1255 869 1300 896 ἐπὶ
1310 868 1355 895 τὸν
1369 867 1416 894 τοῦ
1432 867 1588 902 σύμπαντος
1603 865 1706 900 κόσμου
1714 862 1891 899 δημιουργὸν,

1102 917 1148 944 καὶ
1167 916 1212 943 τὸν
1236 915 1320 951 μέγαν
1333 914 1387 940 τῶν
1403 913 1471 940 ὅλων
1490 911 1615 947 ποιητὴν,
1631 910 1663 936 ἐκ
1676 909 1732 936 τῶν
1747 908 1892 945 ὁρωμένων

1102 961 1296 997 ἀναγαγόντες,
1314 959 1432 991 διανοίας
1454 958 1560 994 ὄμμασι
1582 955 1794 991 κεκαθαρμένοις
1811 954 1894 989 μόνον

1101 1007 1182 1033 αὐτὸν
1202 1005 1270 1033 εἶναι
1289 1006 1373 1037 Θεὸν,
1396 1005 1442 1031 τὸν
1461 1003 1568 1030 πάντων
1589 1002 1719 1038 Σωτῆρα,
1741 999 1788 1026 καὶ
1809 998 1891 1034 μόνον

1102 1052 1212 1086 ἀγαθῶν
1236 1052 1337 1087 δοτῆρα
1358 1049 1541 1084 συνενόησαν·
1561 1048 1586 1074 οἱ
1607 1046 1635 1073 δὲ
1658 1045 1756 1077 λοιποὶ,
1777 1042 1892 1078 παντοίᾳ.

1101 1099 1190 1134 ψυχῆς
1211 1096 1369 1133 ἀμαυρώσει
1393 1094 1617 1131 περιτραπέν-τες,
1633 1091 1703 1119 κατὰ
1725 1090 1805 1126 βυθὸν
1827 1090 1893 1116 ἀσε-

1101 1144 1177 1176 ϐείας
1188 1143 1351 1180 ἠνέχθησαν,
1368 1141 1438 1168 ὥστε
1451 1139 1540 1177 θηρῶν
1554 1139 1656 1175 ἀγρίων
1669 1137 1778 1174 τρόπον,
1795 1134 1826 1161 τὺ
1842 1142 1892 1160 κα-

1102 1190 1146 1217 λὸν
1162 1190 1210 1217 καὶ
1234 1189 1372 1224 συμφέρον
1394 1187 1441 1214 καὶ
1460 1186 1560 1220 ἀγαθὸν
1579 1184 1676 1220 μέχρις
1696 1182 1826 1218 ὀμμάτων
1843 1180 1894 1209 καὶ

1103 1236 1205 1272 σαρκὸς
1225 1235 1323 1271 ἡδονῆς
1343 1233 1451 1269 στῆσαι.
1469 1231 1560 1267 Ταύτῃ
1584 1231 1612 1257 δὲ
1625 1230 1696 1257 κατὰ
1709 1229 1743 1256 τὰ
1758 1236 1892 1264 προειρη-

1104 1283 1183 1319 μένα,
1197 1281 1259 1313 τοὺς
1270 1280 1324 1307 τῶν
1335 1277 1534 1314 νενομισμένων
1547 1276 1593 1304 τοῦ
1605 1275 1730 1311 σώματος
1741 1274 1830 1302 καλῶν
1842 1274 1891 1300 καὶ

1102 1329 1244 1365 χρησίμων
1261 1326 1386 1362 εὑρετὰς,
1403 1325 1420 1360 ἢ
1437 1324 1483 1351 καὶ
1496 1324 1629 1354 δυνάστας
1642 1322 1717 1353 τινὰς
1734 1321 1780 1348 καὶ
1794 1320 1892 1355 τυράν-

1102 1382 1173 1406 νους,
1187 1373 1203 1408 ἢ
1216 1373 1264 1399 καὶ
1275 1371 1376 1407 γόητας
1389 1370 1437 1396 καὶ⁹
1453 1368 1616 1405 φαρμακέας
1627 1367 1735 1403 ἄνδρας,
1747 1366 1797 1402 τὴν
1810 1365 1891 1399 φύσιν

1103 1420 1215 1455 θνητοὺς
1241 1418 1288 1445 καὶ
1311 1416 1494 1453 ἀνθρωπίναις
1517 1414 1702 1450 κεχρημένους
1727 1412 1890 1447 συμφοραῖς,

1101 1465 1139 1497 ὡς
1166 1464 1278 1499 ἀγαθῶν
1300 1463 1451 1499 χορηγοὺς,
1473 1461 1598 1497 σωτῆρας
1621 1460 1669 1486 καὶ
1692 1459 1768 1490 θεοὺς
1790 1459 1893 1491 ἁναγο»

1104 1511 1208 1548 ρεύειν,
1225 1509 1276 1545 τὴν
1297 1508 1444 1544 σεϐάσμιον
1463 1507 1566 1535 ἔννοιαν
1587 1505 1707 1541 φυσικῶς
1731 1505 1822 1536 αὐτοῖς
1847 1505 1892 1530 ὲν-

1103 1556 1287 1592 υπάρχουσαν,
1302 1556 1345 1589 ἐφ’
1365 1553 1412 1586 οὓς
1432 1553 1556 1589 ἐνόμιζον
1572 1551 1718 1588 εὐεργέτας
1735 1551 1893 1586 μετατεθει-

1103 1602 1190 1633 κότες.
1208 1600 1332 1636 Τοσαύτη
1349 1600 1371 1626 δ’
1385 1600 1439 1636 ἄρα
1454 1599 1573 1634 συνεῖχεν
1589 1598 1687 1629 αὐτοὺς
1699 1597 1805 1632 φρενῶν
1821 1597 1892 1623 ἁπο-

1103 1648 1214 1684 πληξία,
1229 1648 1266 1680 ὡς
1285 1647 1366 1683 μηδὲν
1383 1646 1437 1673 τῶν
1453 1643 1706 1681 πλημμελουμένων
1725 1644 1781 1674 τοῖς
1802 1641 1892 1668 θεολο-

1103 1695 1245 1730 γουμένοις
1269 1692 1486 1727 ὑπολογίζεσθαι,
1517 1690 1577 1726 μηδ’
1607 1689 1736 1725 ὲρυθριᾷν
1763 1688 1809 1714 ἐπὶ
1835 1689 1892 1719 τοῖς

1104 1740 1223 1776 αίσχρῶς
1239 1739 1302 1774 περὶ
1316 1737 1404 1764 αὐτῶν
1421 1735 1626 1772 φημιζομένοις·
1640 1734 1676 1761 τὰ
1689 1735 1777 1760 πάντα
1790 1732 1818 1759 δὲ
1829 1733 1892 1763 τοὺς

1104 1787 1204 1822 ἄνδρας
1227 1785 1270 1812 διὰ
1286 1785 1336 1817 τὰς
1357 1784 1422 1820 παρ’
1436 1782 1526 1809 αὐτῶν
1542 1781 1732 1817 παρεχομένας
1747 1778 1892 1814 ὠφελείας,

1103 1833 1120 1868 ἢ
1134 1833 1181 1859 καὶ
1194 1832 1238 1858 διὰ
1251 1830 1301 1862 τὰς
1316 1830 1378 1857 τότε
1397 1829 1505 1865 πρῶτον
1521 1826 1719 1863 συνισταμένας
1733 1823 1892 1854 δυναστείας

1103 1887 1133 1905 τε
1144 1878 1191 1905 καὶ
1201 1876 1362 1913 τυραννίδας
1373 1874 1586 1909 ἀποθαυμάζειν.
1596 1873 1695 1908 Νόμων
1710 1870 1785 1906 γοῦν,
1796 1869 1892 1904 ὥσπερ

1103 1925 1172 1960 ἔφην
1196 1924 1247 1959 ήδη
1260 1922 1402 1959 πρότερον,
1410 1920 1521 1956 μηδέπω
1531 1919 1591 1946 τότε
1607 1918 1635 1944 ὲν
1649 1916 1800 1953 ἀνθρώποις
1815 1914 1893 1941 πολι·-

1103 1971 1266 2006 τευομένων,
1286 1968 1346 2005 μηδ’
1361 1968 1408 1994 ἐπὶ
1427 1968 1483 1999 τοῖς
1497 1964 1731 2002 ἁμαρτανομένοις
1753 1961 1891 1998 ἁμαρτίας

1104 2015 1308 2052 ἀπῃωρημένης
1335 2013 1402 2050 (96),
1419 2013 1540 2049 μοιχείας
1562 2012 1609 2038 καὶ
1629 2011 1751 2046 ἀρρένων
1776 2007 1891 2043 φθορὰς,

1103 2061 1253 2096 ὲκθέσμους
1271 2069 1301 2086 τε
1321 2060 1369 2086 καὶ
1394 2058 1568 2095 παρανόμους
1589 2057 1710 2091 γάμους,
1733 2053 1892 2090 μιαιφονίας

1103 2116 1133 2134 τε
1144 2108 1191 2135 καὶ
1206 2106 1412 2143 πατροκτονίας.
1422 2105 1525 2131 τέκνων
1538 2112 1567 2130 τε
1579 2103 1626 2130 καὶ
1636 2100 1757 2135 ἀδελφῶν
1770 2099 1890 2143 σφαγὰςζ

1103 2154 1150 2180 καὶ
1168 2153 1220 2189 μὴν
1235 2138 1282 2180 κάκ
1302 2152 1438 2187 πολέμους
1452 2151 1498 2177 καὶ
1512 2150 1621 2180 στάσεις
1636 2146 1832 2183 πεπραγμένας
1847 2138 1895 2171 6νῖ

1102 2208 1156 2231 τως
1184 2200 1240 2231 τοῖς
1266 2198 1377 2229 οἰκείοις
1401 2195 1577 2232 προστάταις,
1602 2194 1648 2225 οὓς
1672 2192 1748 2224 θεοὺς
1776 2191 1891 2227 ὴγοῦντό

261 2250 329 2285 quid
345 2248 514 2280 invenirent,
531 2255 593 2283 qua;
608 2246 726 2274 fovendo
741 2246 918 2280 curandoque
941 2245 1049 2279 corpori

1102 2253 1130 2271 τε
1154 2245 1201 2271 καὶ
1227 2243 1391 2272 ἀπεκάλουν,
1408 2241 1503 2277 ὥσπερ
1525 2241 1553 2267 ὲν
1577 2239 1654 2275 μέρει
1669 2237 1891 2273 κατορθωμάτων

262 2296 339 2324 utilia
355 2297 527 2331 putarentur,
544 2293 584 2320 vel
600 2293 744 2328 imperium
761 2296 808 2319 aut
820 2291 989 2328 tyrannidem
1005 2297 1052 2318 oc-

261 2346 394 2378 cuparent
407 2363 414 2376 ,
437 2341 480 2369 vel
497 2340 641 2375 praestigiis
661 2339 855 2373 veneticiisque
872 2341 1049 2372 prarstareut;

261 2397 320 2423 eos,
329 2393 358 2417 ut
366 2388 492 2424 superius
501 2386 724 2417 commemoravi,
734 2386 797 2412 licet
806 2384 909 2419 alioqui
921 2383 1001 2411 morti
1017 2391 1050 2410 ac

262 2435 374 2470 reliquis
387 2435 512 2462 humanae
522 2437 627 2460 natura:
641 2431 751 2460 casibus
766 2429 909 2461 obnoxios,
919 2433 1049 2463 tanquam

261 2489 321 2514 eos,
339 2489 355 2508 a
368 2481 467 2516 quibus
483 2487 546 2508 cum
568 2478 672 2514 reliqua
695 2477 776 2509 bona,
802 2480 860 2503 tum
878 2475 965 2510 ipsam
981 2482 1051 2509 quo-

262 2535 316 2562 que
332 2528 447 2555 salutem
470 2527 616 2557 haberent,
635 2525 758 2558 adeoque
778 2527 907 2557 tanquam
925 2521 990 2548 deos
1003 2528 1050 2547 ce-

263 2573 405 2601 lebrarunt
417 2593 424 2606 ,
441 2581 474 2600 ac
488 2571 669 2600 venerandam
687 2570 761 2596 illam
785 2572 984 2603 augustamque
1001 2574 1050 2594 no-

264 2619 365 2646 tionem
376 2639 384 2651 ,
405 2625 486 2653 quam
500 2625 515 2644 a
530 2621 627 2644 natura
641 2617 790 2643 hauserant
814 2618 895 2647 atque
908 2619 1050 2646 expresse-

264 2667 336 2696 rant,
354 2663 381 2690 in
396 2671 458 2696 eos,
484 2670 552 2697 quos
566 2661 700 2697 ejusmodi
717 2659 910 2688 beneﬁciorum
926 2661 1052 2685 auctores

264 2716 324 2736 esse
347 2709 509 2742 censebant,
535 2708 720 2736 contulerunt.
740 2705 794 2733 Eos
810 2709 940 2740 praeterea
959 2706 1051 2729 tantus

263 2756 418 2783 animorum
433 2760 528 2791 stupor
542 2755 653 2786 invasit,
676 2758 705 2781 ut
718 2753 810 2781 omnia
826 2754 1050 2779 consecratorum

281 2823 360 2886 4196)
385 2824 536 2859 Ἀμαρτίας
558 2821 785 2857 ἀπῃωρημένης.
807 2819 878 2847 Verti
892 2816 1004 2854 perinde
1018 2823 1051 2843 ac

281 2867 290 2886 ι
323 2860 458 2886 aberetur.
474 2858 608 2886 τιμωρίας
621 2858 730 2886 ἀπηωβ.

265 2859 290 2889 si
305 2858 458 2900 haberetur,
474 2858 730 2900 τιμωρίας-άπῃωρ.
771 2891 777 2897 .

300 2886 356 2932 (97)
378 2886 571 2930 Θεραὲτεῦσάι.
594 2886 649 2922 lloc
665 2886 719 2924 ‘ést',
735 2891 841 2926 opinor,
858 2887 931 2925 quod
947 2886 1073 2932 Plutar-_

1101 2291 1148 2317 καὶ
1162 2289 1343 2325 ἀνδραγαθίας
1355 2287 1589 2323 ἀπεμνημόνευον,
1600 2286 1649 2321 τὴν
1664 2284 1764 2311 τούτων
1780 2283 1890 2318 μνήμην

1100 2336 1139 2368 ὡς
1151 2335 1257 2370 σεμνῶν
1274 2335 1321 2362 καὶ
1335 2333 1465 2369 ἀνδρείων
1479 2333 1535 2364 τοῖς
1547 2330 1684 2366 ὀψιγόνοις
1699 2328 1890 2360 ἀπολιπόντες.

1101 2380 1220 2407 Τοιαῦτα
1240 2378 1275 2415 ἦν
1297 2379 1332 2406 τὰ
1351 2379 1400 2414 τῆς
1419 2377 1537 2408 παλαιᾶς
1560 2376 1708 2409 θεολογίας,
1721 2374 1755 2410 ἢν
1773 2372 1891 2409 μεταϐα-

1101 2427 1192 2459 λόντες
1207 2426 1262 2452 νέοι
1281 2425 1362 2457 τινες,
1379 2424 1443 2460 χθὲς
1456 2423 1503 2450 καλ¹
1523 2422 1618 2458 πρώην
1637 2421 1796 2456 ὲπιφυέντες
1817 2419 1891 2453 λογι-

1101 2473 1220 2508 κώτερόν
1234 2480 1265 2498 τε
1283 2471 1435 2506 φιλοσοφεῖν
1455 2468 1612 2505 αὐχοῦντες,
1627 2467 1677 2503 τὴν
1689 2467 1721 2501 δὴ
1738 2464 1891 2500 φυσικωτέ-

1103 2527 1152 2554 ραν
1164 2518 1214 2552 τῆς
1231 2518 1295 2553 περὶ
1317 2516 1386 2543 θεῶν
1407 2515 1528 2552 ἱστορίας
1541 2514 1620 2546 δόξαν
1636 2513 1826 2548 εἰσηγήσαντο,
1844 2517 1892 2536 σε·

1103 2564 1235 2600 μνοτέρας
1251 2562 1452 2598 εὑρεσιολογίας
1474 2563 1530 2593 τοῖς
1554 2559 1648 2595 μύθοις
1662 2558 1892 2594 προσεπινοήσαν-

1101 2618 1156 2642 τες,
1170 2610 1217 2636 καὶ
1239 2609 1308 2644 μήτε
1322 2608 1411 2643 πάντη
1431 2607 1486 2634 τῶν
1499 2604 1676 2642 προπατόρων
1688 2603 1718 2630 τὸ
1732 2601 1892 2637 πλημμελὲς

1100 2655 1150 2690 τῆς
1169 2654 1327 2684 δυσσεϐείας
1342 2652 1515 2687 ἐκφυγόντες,
1535 2651 1596 2686 μήτ’
1608 2647 1642 2676 αὖ
1656 2648 1736 2675 πάλιν
1750 2647 1798 2682 τὴν
1812 2647 1891 2673 αὐτό-

1102 2701 1148 2728 θεν
1173 2698 1392 2736 προφαινομένην
1417 2698 1470 2724 τῶν
1501 2695 1717 2731 θεολογουμένων
1742 2691 1892 2729 μοχθηρίαν

1102 2747 1308 2783 ὑπομείναντες.
1326 2744 1499 2781 Θεραπεῧσαι
1521 2743 1575 2779 (97)
1590 2743 1612 2769 δ’
1628 2739 1675 2768 οὗν
1696 2741 1770 2776 ὅμως
1791 2739 1845 2766 οίδε
1861 2737 1893 2765 τὸ

1102 2815 1182 2847 chus,
1200 2813 1346 2846 Alexand.,
1363 2813 1500 2848 eleganter
1522 2811 1598 2848 dixit,
1615 2809 1677 2848 τδνη
1683 2809 1767 2848 μῦθον
1783 2806 1892 2848 άνασώο

1103 2842 1159 2882 ζειν
1171 2842 1240 2886 τυρὸς
1256 2842 1394 2886 άλῄθειαν,
1406 2842 1457 2874 ἶώὶ
1481 2842 1605 2886 naphtha
1626 2842 1773 2886 delibutam
1791 2842 1893 2886 Medete

1103 2879 1236 2913 coronam
1266 2879 1361 2917 fuisse,
1387 2879 1533 2910 nonnullos
1555 2880 1661 2916 opinari
1685 2879 1777 2911 tradit,
1803 2883 1892 2911 eoque
