2064 3212
182 159 231 186 ιιι

757 159 918 188 ΡΒᾸΞΡΔΒ.
939 159 1065 187 EVANG.
1086 159 1148 186 LIB.
1170 158 1202 187 ll.

1753 160 1803 187 ΗΞ

179 218 313 256 πατρικὸν
341 218 492 255 ἁμάρτημα
524 217 753 253 προθυμηθέντες,
779 219 824 244 ἐπὶ
852 217 968 252 φυσικὰς

1022 218 1068 245 abs
1081 225 1139 245 sese
1155 217 1297 244 numinum
1314 217 1415 245 scelera
1433 217 1510 245 facile
1525 221 1691 252 paterentur,
1705 224 1755 244 nec
1768 218 1802 244 ad

179 265 319 301 διηγήσεις
336 265 384 292 καὶ
403 263 520 300 θεωρίας
531 264 594 295 τοὺς
607 264 710 300 μύθους
724 264 966 299 μετεσκευπαντο,

180 311 216 338 τὰ
225 309 362 347 θρεπτικά
374 309 423 337 καὶ
437 308 571 344 αὐξητικὰ
587 309 636 344 τῆς
648 309 701 336 τῶν
718 310 851 344 σωμάτων
863 309 967 343 φύσεως

179 356 255 383 ταῦτ’
268 354 340 383 εἶναι
355 355 389 383 τὰ
401 355 447 382 διὰ
460 355 514 382 τῶν
531 354 622 390 μύθων
636 355 797 390 δηλούμενα,
814 356 851 386 ὡς
871 354 903 390 δὴ
919 363 968 390 μυ-

181 403 346 439 στικώτερον
367 403 567 438 κομπάσαντες.
595 402 691 429 Ἔνθεν
711 402 831 433 ἀνιόντες
851 402 895 428 καὶ
915 401 968 427 οἵδε

181 449 215 477 τὰ
232 451 353 485 στοιχεῖα
365 449 412 476 τοῦ
426 450 529 486 κόσμου
542 449 618 480 θεοὺς
631 449 818 483 ἐπεφήμισαν·
827 448 876 475 οὐκ
889 447 969 474 αὐτὸν

181 496 261 532 μόνον
273 495 361 532 ἥλιον,
378 496 425 523 καὶ
437 496 564 531 σελήνην,
582 495 629 522 καὶ
645 495 742 529 ἄστρα,
757 493 868 529 προσέτι
879 493 908 520 δὲ
919 492 970 527 γῆν

181 542 228 569 καὶ
248 540 332 578 ὕδωρ,
346 541 416 578 ἀέρα
439 550 469 568 τε
489 541 536 567 καὶ
562 540 627 576 πῦρ,
641 540 676 567 τά
694 548 723 565 τε
740 540 773 565 ὲκ
786 538 886 565 τούτων
907 546 971 572 συγ-

182 587 306 624 κρίματά
331 595 363 614 τε
382 587 430 614 καὶ
451 587 674 622 ἀποτελέσματα·
696 586 739 612 ναὶ
765 584 818 620 μὴν
840 585 886 611 καὶ
909 585 970 614 τοὺς

181 633 299 669 ὡραίους
317 633 373 660 ἀπὸ
393 633 445 668 γῆς
465 634 596 669 καρποὺς,
618 632 664 659 καὶ
684 631 812 664 τάςλοιπά
824 631 872 666 τῆς
885 629 970 665 ξηρᾶς

180 680 227 706 καὶ
237 679 324 715 ὑγρᾶς
332 679 435 715 τροφῆς
445 678 621 714 βλαστήματα
630 687 636 693 ·
649 678 666 705 ἃ
678 678 723 704 καὶ
736 676 816 710 αὐτὰ,
828 676 866 708 ὡς
877 675 910 702 ἂν
922 675 971 710 τῆς

179 724 234 751 τῶν
249 724 385 759 σωμάτων
397 722 470 759 ζωῆς
486 724 570 755 αἴτια,
584 723 740 759 Δήμητραν,
749 723 796 749 καὶ
808 721 911 756 Κόρην,
925 720 971 746 καὶ

181 769 318 801 Διόνυσον,
332 769 379 797 καὶ
392 769 442 797 ὅσα
457 769 524 797 ἀλλα
539 769 643 801 τούτοις
649 768 755 804 ἐμφερῆ
767 766 969 804 προσειπόντες,

179 815 348 848 τεθσιάκασι,
370 815 559 851 βεσιασμένον,
574 815 621 842 καὶ
637 815 686 841 οὐκ
702 814 788 850 ἀληθῆ
803 813 857 840 τῶν
880 811 971 848 μύθων

180 861 226 888 τὸν
236 860 429 897 καλλωπσμδν
440 861 659 896 εἰσηγησάμενοι.
685 860 754 886 ’Λλλ“
771 857 843 886 οὗτοι
860 859 909 894 μὲν
921 856 970 891 ὀψέ

181 915 258 939 ποτε,
268 906 343 933 ὼσὰν
358 907 582 942 ὲπαισχυνόμενοι
601 906 651 939 τὰς
667 907 720 933 τῶν
734 905 872 943 προγόνων
887 903 973 931 θεολο-
989 899 1009 926 Β

181 953 255 988 γίας,
275 951 383 980 οἴκοθεν
407 952 441 985 ἀς
462 952 576 985 ἕκαστος
597 952 696 988 ἐφεῦρε
720 951 894 988 σεμνολογίας
915 952 972 982 τοῖς

182 999 248 1035 περὶ
259 998 330 1026 θεῶν
345 999 441 1036 μύθοις
458 999 688 1035 προσεπνόησαν,
702 1000 787 1026 κινεῖν
809 997 843 1024 τὰ
869 997 971 1032 πάτρια

181 1045 336 1081 τολμῶντος
358 1045 476 1078 οὐδενὸς,
493 1045 557 1080 περὶ
578 1044 674 1072 πολλοῦ
695 1044 723 1071 δὲ
741 1043 788 1080 τὴν
806 1044 972 1080 ἀρχαιότητα

182 1090 264 1124 εἶναι,
278 1092 328 1120 καὶ
337 1092 390 1128 τὴν
403 1092 505 1128 συνήθη
521 1092 568 1119 καὶ
581 1091 727 1127 σύντροφον
739 1092 770 1118 ὲκ
785 1090 885 1117 παίδων
900 1090 971 1123 ἀγω-

182 1139 236 1176 γὴν
254 1139 415 1175 τιμώμενοι.
432 1139 466 1167 Οῖ
485 1148 517 1175 γε
544 1139 596 1175 μὴν
615 1137 717 1165 τούτων
739 1138 918 1174 πρεσϐύτεροι
943 1138 971 1163 ἐν

184 1184 235 1220 [ap
243 1186 277 1222 τῇ
289 1185 344 1212 τῶν
352 1184 456 1221 ἀνδρῶν
467 1184 587 1220 θεοποιίᾳ
599 1184 704 1216 καὶτὰς
714 1184 768 1210 τῶν
780 1184 884 1218 ἀλόγων
895 1183 971 1216 ζώων

183 1229 330 1262 ὲκθεώσεις
341 1229 507 1262 διετάξαντο,
521 1230 566 1256 διὰ
581 1230 612 1256 τὺ
628 1230 674 1256 καὶ
690 1229 719 1262 ἐξ
733 1228 822 1256 αὐτῶν
837 1229 971 1264 χρήσιμον

184 1275 256 1303 κατά
271 1275 322 1308 τὰς
338 1275 454 1312 πρόσθεν
473 1274 650 1307 ἁποδοθείσας
663 1275 768 1307 αἰτίας·
784 1275 829 1301 καὶ
843 1276 899 1306 τοῖς
913 1274 972 1300 ἀλό-

184 1330 244 1356 γοις
260 1321 366 1358 θηρίοις
386 1322 436 1354 τὰς
455 1322 514 1354 ἴσας
536 1322 691 1357 ἀφιέρωσαν
715 1320 873 1357 θρησκείας,
892 1328 973 1346 σπον-

183 1367 256 1400 δαῖς,
271 1367 320 1394 καὶ
335 1365 452 1399 θυσίαις,
468 1367 515 1394 καὶ
528 1368 670 1402 μυστικαῖς
682 1367 812 1398 τελεταῖς,
829 1365 923 1400 ὕμνοις
942 1373 972 1391 τε

182 1413 233 1440 καὶ
255 1413 347 1449 ᾠδαῖς,
361 1413 461 1449 ὁμοίως
474 1415 530 1445 τοῖς
544 1413 777 1448 τεθεοποιημένοις
789 1412 912 1448 ἀνδράσι,
926 1412 972 1438 καὶ

182 1458 234 1490 τὰς
251 1457 355 1485 τούτων
377 1457 460 1492 τιμάς
483 1458 647 1494 ἐπάραντες·
668 1459 708 1489 είς
727 1457 852 1484 τοσοῦτον
873 1457 901 1483 δὲ
917 1456 971 1492 ἄρα

182 1503 278 1531 κακῶν
290 1504 419 1540 ἤλαυνον,
433 1503 470 1536 ὼς
486 1503 519 1530 δι’
537 1504 688 1540 ὑπερϐολὴν
705 1503 868 1539 ἡδυπαθείας
886 1504 972 1539 ἁχρα-

182 1549 257 1582 τοῦς,
268 1548 304 1576 τὰ
310 1548 378 1576 ὸλκὰ
387 1549 455 1584 πρὸς
462 1550 655 1585 αἰσχρουργίαν
666 1549 735 1585 μέρη
742 1548 788 1575 τοῦ
799 1548 971 1584 σώματος,τὰ

182 1603 214 1622 τε
221 1595 358 1622 ἀκόλαστα
364 1595 392 1622 ἐν
399 1593 552 1630 ἀνθρώποις
558 1594 704 1630 πάθη,ταῖς
713 1594 825 1626 ἰσοθέοις
831 1593 970 1620 ὲκθειάσαι

181 1642 287 1677 τιμαῖς,
300 1641 383 1678 μηδὲν
395 1641 425 1668 τὸ
438 1640 571 1677 παράπαν,
579 1641 608 1667 ἐν
626 1640 729 1672 τούτοις
741 1640 837 1676 χρῆναι
850 1639 971 1675 σεμνολο-

181 1690 242 1723 γείν
249 1688 303 1715 τῶν
314 1688 347 1724 δὴ
361 1687 492 1722 θεολόγων
500 1686 590 1714 αὐτῶν
599 1688 825 1722 ἀποφηναμένων.
834 1687 970 1723 Τηρητέον

179 1734 258 1770 γοῦν,
267 1735 305 1767 ὡς
316 1735 357 1761 ὅτι
371 1733 487 1769 μάλιστα
499 1735 523 1760 οἱ
538 1734 696 1761 παλαίτατοι
709 1733 783 1759 οὐδέν
795 1742 821 1759 τι
831 1733 911 1759 πλέον
921 1733 970 1768 τῆς

181 1781 305 1818 ἱστορίας
318 1780 429 1812 εἰδότες,
441 1779 531 1815 μόνοις
546 1780 575 1807 δὲ
586 1781 640 1811 τοῖς
652 1779 747 1814 μύθοις
758 1778 970 1815 προσανέχοντες

180 1826 423 1864 ἐμαρτυρήθησαν.
433 1826 501 1852 Ἀλλ’
519 1825 633 1861 ἐπείπερ
649 1825 722 1856 an:
735 1825 913 1860 ὡρμήθημεν,
924 1824 970 1850 καὶ

177 1874 216 1901 τὰ
230 1873 318 1909 σεμνά
331 1874 379 1900 καὶ
391 1873 536 1909 ἀπόρρητα
550 1872 604 1899 τῶν
617 1872 748 1906 γενναίων
763 1871 914 1905 φιλοσόφων
926 1879 971 1896 κα-

178 1920 365 1955 τασκοπῆσαι,
381 1919 447 1954 φέρε
472 1919 519 1945 καὶ
535 1917 620 1944 ταῦτα
634 1917 873 1952 ὲπιθεωρήσωμεν,
889 1916 925 1947 ὡς
938 1916 970 1942 ἂν

181 1966 221 2002 μὴ
237 1965 365 2001 δοκῶμεν
378 1965 485 1999 ἀγνοεῖν
501 1964 547 1990 καὶ
562 1964 612 1995 τὰς
628 1963 786 1998 θαυμαστὰς
798 1963 887 1989 αὐτῶν
901 1963 971 1996 φιλο-

179 2010 287 2045 σοφίας,
308 2002 386 2046 ¹Πρὶν
410 2010 439 2036 δὲ
465 2010 514 2046 τὴν
536 2009 638 2036 τούτων
665 2008 771 2034 ἔκθεσιν
798 2007 969 2043 ποιήσασθαι,

178 2057 242 2092 ἐμοὶ
257 2056 331 2083 δοκεῖ
352 2054 651 2092 προσεπισημαίνεσθαι
674 2054 721 2080 καὶ
744 2053 794 2089 τὴν
817 2053 900 2088 αὐτὴν
916 2052 970 2078 τῶν

179 2102 346 2138 θαυμαστῶν
369 2103 538 2137 φιλοσόφων,
557 2102 608 2128 κάν
631 2100 737 2131 τούτοις
763 2099 831 2135 πρὸς
857 2099 970 2129 ἑαυτοὺς

178 2151 389 2186 ὲναντιολογίαν.
406 2150 437 2177 Οἱ
452 2151 500 2186 μὲν
518 2150 572 2185 γὰρ
586 2149 723 2185 τηνάλλως
736 2147 904 2183 διηγοῦνται,
925 2148 971 2174 καὶ

178 2198 253 2225 κατά
263 2197 296 2225 τὸ
310 2197 456 2234 παραστὰν
468 2197 583 2228 ἕκαστος
598 2197 670 2228 ίόίως
684 2195 894 2229 ἀποφαίνονται·
911 2193 969 2220 οὐδὲ

1021 264 1169 299 quidquam
1182 271 1286 295 eorum,
1300 271 1360 299 quae
1373 263 1406 291 de
1421 264 1488 299 ipsis
1503 263 1650 291 foedissime
1661 262 1803 298 iactaban-

1021 315 1076 342 tur,
1091 310 1297 342 erubescerent;
1317 309 1363 338 sed
1385 310 1476 344 potius
1490 309 1621 345 quidquid
1636 309 1670 337 ad
1683 316 1731 336 eos
1745 316 1805 343 per-

1022 356 1139 387 tineret,
1161 355 1218 382 sive
1243 360 1353 390 propter
1376 355 1497 390 ipsorum
1520 355 1547 383 in
1566 355 1706 382 hominum
1721 362 1805 390 genus

1023 403 1119 430 merita
1130 423 1138 435 ,
1154 402 1210 430 sive
1226 405 1335 437 propter
1348 401 1461 436 imperia
1477 401 1516 428 vel
1530 400 1685 436 tyrannides
1700 407 1733 428 eo
1750 400 1805 436 pri-

1023 456 1097 476 mum
1113 453 1232 483 tempore
1254 448 1433 480 constitutas,
1449 447 1580 481 singulari
1593 455 1654 475 cum
1670 446 1804 482 approba-

1023 494 1096 522 tione
1119 494 1296 529 suspicerent.
1325 493 1393 520 Cum
1416 492 1498 528 igitur
1526 493 1658 524 necdum.
1682 497 1712 519 ut.
1738 497 1801 519 ante

1023 539 1090 571 dixi,
1115 539 1219 574 legibus
1242 538 1304 566 ullis
1318 537 1460 565 hominum
1483 537 1536 565 vita
1550 542 1696 573 regeretur,
1712 544 1805 572 poena-

1024 592 1076 619 que
1088 583 1196 620 llagitiis
1211 584 1284 611 nulla
1299 583 1468 616 immineret;
1482 583 1623 615 adulteria,
1635 583 1805 618 mariumqm:

1024 631 1200 664 concubitus,
1226 630 1356 658 nefandas
1377 630 1440 656 item
1466 630 1665 666 t‘tagitiosasque
1686 630 1803 664 nuptias.

1026 678 1123 709 caedes.
1135 677 1291 713 parricidia,
1307 676 1464 709 liberorum,
1478 675 1646 710 fratrumque
1656 675 1805 711 jugulatio-

1024 731 1082 756 nes,
1100 723 1167 751 bella
1182 723 1297 758 denique
1318 727 1345 749 et
1366 722 1519 749 animorum
1537 721 1663 749 intestina
1681 721 1804 751 dissidia.

1024 770 1124 804 quibus
1136 777 1230 797 eorum
1249 770 1395 804 principes,
1413 775 1482 802 quos
1499 767 1537 795 illi
1547 767 1611 795 deos
1623 767 1806 802 opinabantur

1023 820 1051 842 et
1064 816 1213 848 vocabant,
1231 823 1260 842 se
1277 815 1350 849 ipsos
1366 822 1428 842 vere
1444 814 1660 845 obstrinxerat“,
1685 813 1724 840 sic
1744 818 1805 840 tan—

1025 869 1106 896 quam
1122 869 1212 888 rerum
1226 860 1260 888 ab
1273 860 1306 888 iis
1321 860 1450 895 prteclare
1462 864 1598 895 gestarum
1611 878 1618 889 .
1646 859 1805 894 eximiteqnu

1024 907 1130 935 virtutis
1147 907 1310 934 monimenta
1325 907 1516 939 celebrabant,
1539 913 1705 940 eorumque,
1727 907 1803 940 quasi

1022 953 1192 989 egregiorum
1205 953 1383 986 quorumdam
1396 952 1545 981 facinorum
1557 960 1588 980 ae
1598 952 1732 987 pracipua
1742 960 1804 979 eum

1024 997 1190 1026 fortitudinis
1204 998 1283 1026 laude
1296 998 1516 1033 conjunclorum,
1531 998 1690 1025 memoriam
1706 998 1739 1025 ad
1756 1006 1804 1032 po-

1022 1050 1110 1073 steros
1123 1044 1173 1080 ipsi
1187 1053 1252 1073 suos
1269 1045 1463 1081 propagabant.
1484 1044 1572 1079 Atque
1585 1043 1740 1078 hujusmodi
1754 1043 1806 1071 l'uit

1022 1090 1174 1126 priscorum
1196 1091 1336 1118 hominum
1361 1089 1513 1125 theologia,
1537 1097 1617 1124 quam
1635 1089 1729 1124 nuperi
1743 1089 1805 1124 qui-

1021 1137 1083 1163 dam
1098 1143 1129 1163 ac
1144 1136 1341 1164 nudiustertius
1358 1135 1461 1163 exclusi
1484 1135 1524 1163 sic
1541 1135 1720 1162 immutarunt
1731 1154 1738 1166 ,
1763 1139 1802 1164 ιιι,

1022 1182 1187 1210 subtiliorem
1200 1183 1292 1210 nescio
1303 1190 1384 1217 quam
1397 1180 1605 1217 philosophandi
1618 1180 1748 1208 rationem
1762 1180 1804 1215 ja-

1021 1233 1135 1260 etantes,
1147 1227 1201 1264 74
1208 1236 1299 1256 rerum
1308 1227 1411 1256 scilicet
1418 1232 1522 1255 natura:
1531 1227 1682 1262 propiorem
1696 1227 1728 1254 de
1736 1227 1801 1254 deo-

1023 1282 1083 1301 rum
1100 1274 1214 1302 historia
1227 1274 1383 1310 opinionem
1398 1273 1567 1305 inveherent,
1579 1277 1606 1300 et
1620 1273 1803 1300 honestiorem

1022 1322 1141 1357 aliquam
1169 1329 1302 1348 novorum
1328 1325 1545 1348 commentorum
1568 1319 1684 1354 speciem
1706 1318 1804 1346 fabulis

1023 1374 1172 1397 attexercnt
1195 1378 1202 1396 :
1229 1370 1280 1396 hoc
1301 1369 1431 1395 nimirum
1448 1368 1544 1401 secuti,
1562 1372 1653 1395 utnec
1666 1368 1777 1394 omnino
1789 1375 1803 1393 a

1024 1415 1152 1442 scelerata
1175 1414 1309 1449 majorum
1335 1421 1444 1440 suorum
1468 1413 1604 1447 impietate
1625 1413 1804 1443 discederent.

1024 1468 1073 1487 nec
1086 1459 1197 1487 omnino
1213 1464 1302 1486 tamen
1319 1467 1350 1485 cx
1364 1459 1470 1485 illorum
1486 1457 1662 1493 religionibus
1673 1458 1804 1484 exsisten-

1023 1512 1076 1534 tem
1102 1510 1322 1533 consecratorum
1346 1504 1489 1532 numinum
1514 1504 1713 1538 improbitatem
1730 1507 1806 1538 pate-

1024 1555 1127 1579 rentur.
1149 1550 1181 1577 lli
1196 1557 1261 1584 ergo
1272 1570 1279 1582 ,
1298 1557 1358 1577 cum
1375 1549 1457 1577 semel
1473 1550 1589 1584 patrium
1602 1556 1719 1576 errorem
1735 1555 1805 1583 quo-

1023 1606 1078 1633 quo
1091 1597 1172 1625 modo
1184 1604 1330 1632 procurare
1345 1595 1512 1627 statuissent,
1525 1595 1558 1622 atl
1569 1594 1731 1622 naturalium
1743 1602 1805 1622 cau-

1022 1653 1114 1673 sarum
1139 1648 1220 1678 atque
1242 1643 1379 1670 rationum
1405 1641 1613 1676 explicationem
1634 1639 1738 1667 fabulas
1750 1644 1804 1667 tra-

1022 1691 1133 1719 duxere.
1154 1690 1192 1717 Ac
1208 1689 1334 1724 primam,
1353 1687 1453 1723 quibus
1468 1687 1557 1714 alendi
1572 1687 1694 1722 corporis
1707 1694 1805 1721 augen-

1021 1738 1103 1772 dique
1127 1737 1168 1764 vis
1194 1736 1312 1767 inesset,
1336 1743 1366 1762 ca
1391 1734 1490 1761 fabulis
1517 1733 1660 1767 signiﬁcari
1684 1740 1755 1760 novo
1777 1736 1805 1758 et

1022 1782 1148 1810 insolenti
1163 1781 1234 1808 fastu
1255 1780 1413 1815 iactabant,
1440 1779 1551 1813 perinde
1563 1785 1594 1805 ac
1609 1777 1632 1805 si
1648 1777 1712 1812 quid
1728 1784 1804 1804 arca-

1022 1835 1086 1855 num
1102 1827 1189 1862 magis
1206 1827 1344 1860 magisque
1362 1824 1530 1852 reconditum
1549 1822 1704 1850 attulissent
1720 1831 1727 1849 :
1742 1830 1804 1849 mox

1021 1881 1086 1901 vero
1099 1872 1234 1908 progressi
1251 1872 1376 1903 ulterius,
1394 1869 1487 1896 mundi
1501 1869 1582 1896 etiam
1595 1869 1727 1896 elementa
1740 1868 1806 1895 dco-

1022 1927 1081 1946 rum
1105 1919 1131 1945 in
1148 1925 1262 1945 numero
1279 1917 1316 1944 ita
1337 1916 1525 1946 collocarunt,
1542 1919 1572 1942 ut
1587 1922 1620 1941 ne
1636 1915 1662 1941 in
1676 1914 1733 1941 sole
1745 1914 1806 1948 qui-

1021 1965 1080 1991 dem
1094 1972 1126 1991 ac
1142 1964 1203 1990 luna
1216 1968 1367 1997 emteraque
1386 1966 1523 1989 astrorum
1539 1960 1712 1987 multitudine
1728 1959 1807 1986 sister

1021 2015 1096 2042 rent,
1115 2010 1160 2037 sed
1177 2010 1261 2043 ipsam
1276 2014 1386 2043 quoque
1403 2011 1502 2034 terram
1514 2013 1601 2038 ,.cum
1621 2012 1690 2039 aqua
1703 2024 1712 2037 ,
1733 2012 1805 2034 aere.

1021 2057 1091 2091 igne.
1109 2056 1230 2090 adeoque
1243 2062 1304 2082 cum
1322 2054 1366 2085 iis.
1379 2060 1440 2088 qua
1454 2053 1550 2079 horum
1565 2059 1597 2078 ex
1610 2050 1806 2085 temperatione

1021 2110 1052 2128 ac
1065 2101 1240 2136 permistione
1252 2099 1414 2129 conﬂantur,
1433 2098 1619 2133 adjungerent.
1638 2096 1708 2129 Quin
1722 2096 1804 2122 etiam

1022 2147 1195 2182 tempestivos
1219 2151 1297 2174 terra:
1322 2145 1446 2176 fructus,
1463 2144 1570 2178 aliaque
1594 2148 1650 2170 tum
1671 2142 1804 2171 siccioris.

1021 2197 1078 2219 tum
1096 2192 1258 2220 humidioris
1269 2191 1390 2219 alimenti
1409 2190 1531 2226 germina
1546 2200 1551 2217 :
1566 2197 1640 2224 quae,
1656 2188 1729 2223 quod
1746 2188 1804 2223 ipsa

179 2244 236 2280 γὰρ
261 2243 386 2279 ἀλλήλοις
401 2243 534 2278 σύμφωνα
553 2240 771 2276 φυσιολογοῦῶν·
787 2240 812 2266 οἰ
825 2239 852 2266 δὲ
869 2239 969 2272 εὐγνω-

1022 2247 1130 2274 quoque
1157 2243 1314 2266 nostrorum
1339 2244 1484 2272 corporum
1500 2236 1584 2262 vitam
1602 2238 1803 2263 conservarent,

181 2289 341 2325 μονέστεροι
365 2288 396 2315 τὸ
425 2288 534 2323 σύμπαν
555 2287 722 2322 ἀναιροῦσιν,
738 2286 784 2312 καὶ
802 2285 851 2321 τῆς
867 2284 969 2315 οἰκείας

179 2334 318 2365 πολιτείας
333 2334 363 2361 οὐ
382 2334 462 2369 μόνον
477 2334 525 2365 τὰς
548 2334 681 2368 ἀπρεπεῖς
698 2332 762 2368 περὶ
783 2331 850 2357 θεῶν
875 2330 969 2365 διηγή-

180 2389 249 2413 σεις,
267 2380 337 2407 ἀλλά
352 2381 399 2407 καὶ
412 2379 462 2411 τὰς
478 2379 579 2406 τούτων
593 2378 740 2414 ἑρμηνείας
754 2377 950 2404 ἀπελαύνουσιν
960 2385 966 2391 -

180 2426 239 2454 ἐστι
251 2427 274 2454 δ’
288 2427 333 2454 ὅτε
348 2426 424 2462 φόϐῳ
436 2426 484 2462 τῆς
505 2426 558 2453 ἀπὸ
578 2425 632 2451 τῶν
653 2425 742 2460 νόμων
757 2424 890 2460 τιμωρίας
907 2424 969 2454 τοὺς

182 2472 283 2508 μύθους
298 2471 620 2508 ὑποκορίζονται.”Ακουε
635 2471 656 2497 δ*
671 2469 716 2498 οὖν
731 2469 819 2497 αὐτῶν
837 2469 969 2504 Ἑλλήνων

179 2518 214 2546 δι’
238 2518 298 2551 ἑνὸς
317 2517 366 2545 τοῦ
389 2518 497 2545 πάντων
511 2517 633 2553 ἀρίστου,
648 2517 708 2543 τοτὲ
725 2517 773 2552 μὲν
792 2515 966 2548 ἐξωθοῦντος,

179 2564 242 2592 τοτὲ
264 2564 287 2591 δ’
303 2562 351 2591 οὖν
375 2564 457 2591 πάλιν
483 2563 686 2599 είσποιουμὲνου
705 2563 767 2594 τοὺς
785 2561 894 2597 μύθους.
904 2561 932 2587 '0
946 2561 967 2586 δ’

179 2608 226 2637 οὖν
240 2610 392 2646 θαυμάσιος
414 2609 504 2636 αὐτῶν
520 2609 642 2640 Πλάτων,
658 2610 701 2635 ὅτε
721 2608 769 2644 μὲν
793 2607 842 2642 τὴν
866 2606 968 2632 οἰκείαν

158 2667 163 2671 ·
178 2656 333 2692 ἀπογυμνοῖ
347 2655 516 2691 προαίρεσιν,
529 2655 726 2690 τολμηρότερον
741 2652 906 2688 ἀπαγορεύει
925 2661 969 2677 κα-

179 2701 257 2729 θόλου
273 2702 338 2736 περὶ
358 2701 428 2728 θεῶν
444 2701 557 2728 τοιαῦτα
578 2702 686 2737 φρονεῖν
701 2709 729 2727 τε
747 2700 793 2726 καὶ
806 2699 907 2733 λέγειν.
924 2697 967 2724 οἷα

178 2749 235 2780 τοῖς
253 2748 379 2780 παλαιοϊς
398 2748 516 2784 εἴρηται,
536 2748 590 2774 εἴτε
607 2746 759 2783 περιέχοιέν
774 2754 800 2772 τι
812 2745 923 2781 λεληθὸς
939 2746 967 2771 ἐν

178 2819 233 2843 tam
260 2815 352 2843 subito
379 2815 516 2842 ﬂammam
541 2814 708 2849 concepisse.
724 2813 843 2849 Εἰκότως
854 2810 967 2849 οὖνμίη-

179 2851 247 2886 tulit,
266 2850 333 2878 ινιοι
356 2850 403 2877 τὸν
422 2850 506 2886 μῦθον
529 2847 715 2886 ἁνασώζοντεγς
728 2848 807 2886 λπρὸς
830 2848 877 2886 τὴν
903 2847 967 2882 ἁλή-

179 2883 262 2920 θιιαν,
275 2886 354 2913 τοῦτό
369 2883 449 2921 φασιν
466 2884 533 2912 ε’ναι
555 2886 585 2911 τὸ
607 2885 655 2919 τῆς
679 2883 797 2920 Μηδείας
812 2883 965 2918 φάρμακον.

1021 2285 1130 2312 Cereris
1143 2304 1150 2315 ,
1168 2283 1352 2318 Proserpinze,
1370 2282 1488 2314 Bacchi,
1505 2289 1536 2308 ac
1552 2281 1656 2308 cmteris
1670 2279 1803 2314 ejusmodi

1022 2330 1178 2358 nominibus
1191 2333 1396 2359 consecrarunt,
1415 2331 1540 2355 coactum
1555 2325 1648 2353 nescio
1661 2332 1739 2359 quem
1754 2325 1806 2350 mi-

1022 2377 1149 2411 nimeque
1162 2383 1254 2402 verum
1268 2374 1366 2402 fabulis
1378 2374 1481 2400 vultum
1501 2376 1528 2399 et
1542 2371 1658 2398 colorem
1675 2369 1804 2405 allingen-

1021 2428 1071 2450 tes.
1085 2421 1196 2454 Verum.
1206 2422 1268 2449 licet
1280 2421 1324 2448 isti
1337 2421 1436 2452 serius,
1449 2418 1520 2453 quod
1532 2425 1580 2444 eos
1594 2416 1726 2451 majorum
1741 2423 1805 2442 suo-

1020 2476 1080 2495 rum
1094 2467 1234 2502 theologia:
1256 2466 1430 2502 suppuderet.
1450 2464 1633 2491 honestiorem
1647 2461 1803 2496 quemdam.

1022 2518 1103 2548 prout
1126 2521 1205 2540 suum
1231 2512 1329 2547 cuique
1344 2511 1484 2538 cerebrum
1501 2509 1629 2539 cuderet.
1655 2516 1686 2534 ac
1701 2512 1805 2534 \‘eten's

1022 2560 1081 2586 illas
1095 2559 1205 2586 deorum
1225 2557 1330 2585 fabulas
1346 2557 1508 2591 explicatum
1525 2554 1713 2589 adjungerent,
1724 2559 1806 2579 nemo

1021 2610 1112 2631 tamen
1135 2604 1201 2631 ritus
1223 2603 1325 2638 patrios
1345 2606 1450 2629 mutare
1474 2608 1557 2627 ausus
1572 2604 1628 2631 est,
1649 2598 1695 2625 sed
1711 2605 1805 2624 omnes

1020 2651 1110 2686 potius
1127 2658 1188 2678 cum
1202 2650 1353 2684 priscorum
1371 2648 1505 2679 instituta,
1517 2652 1574 2674 tum
1591 2646 1717 2673 usitatam
1731 2644 1803 2670 illam

1020 2704 1134 2731 quaeque
1155 2703 1247 2723 secum
1271 2703 1286 2722 a
1311 2694 1402 2729 pueris
1420 2689 1573 2721 adoleverat
1589 2698 1729 2719 sacrorum
1742 2689 1806 2716 reli-

1020 2742 1162 2778 gionisque
1177 2740 1458 2775 rationem,pr2ecipuo
1474 2739 1563 2766 studio
1572 2737 1739 2764 retinendam
1753 2735 1804 2762 sibi

1021 2811 1115 2845 Itaque
1128 2809 1248 2836 nonnulli
1267 2807 1536 2845 comnxoderfqbnlam
1559 2805 1593 2832 ad
1614 2805 1747 2845 veritatem
1763 2810 1804 2845 ζε-

1020 2838 1152 2876 t-ncnttlcs,
1169 2850 1215 2871 aut
1230 2852 1294 2870 vero
1317 2846 1375 2879 ipso
1395 2838 1579 2871 defendentes,
1595 2844 1706 2873 satiram
1723 2839 1748 2864 la
1763 2838 1805 2872 {a-

1021 2882 1060 2909 ble
1075 2889 1123 2916 νην
1140 2881 1166 2906 la
1182 2880 1270 2906 mm.
