2064 3212
272 174 324 201 NT-

585 175 722 209 EUSEBII
741 175 979 204 CESARIENSIS
997 175 1072 205 OPP.
1093 175 1182 204 PARS
1202 175 1234 203 ll.
1257 191 1291 196 —
1308 176 1558 204 APOLOGETICA.

1834 176 1886 204 IN

269 231 464 266 colcndamque
477 236 649 266 putaverunt.
661 234 695 261 At
709 233 756 268 qui
771 233 879 261 eosdem
891 237 970 260 atate
983 240 1044 268 prae-

1103 233 1239 265 ὑπονοίαις
1248 232 1421 268 δηλούμενον,
1435 232 1490 260 εἴτε
1507 233 1583 265 ἐκτὸς
1599 233 1689 268 πάσης
1701 231 1826 263 ὑπονοίας
1840 231 1886 258 λέ·

269 282 426 310 cesserant,
453 277 594 305 brutorum
629 279 786 305 animalium
818 278 1050 306 consecrationem

268 323 366 358 aequali
380 324 460 359 plane
474 331 536 351 eum
553 323 693 351 hominum
713 324 834 359 ipsorum
854 325 994 359 apotheosi
1009 325 1050 352 di-

270 368 379 403 gnitatis
398 369 458 403 jure
472 376 533 396 esse
547 368 690 396 voluerunt
701 389 709 402 ,
734 370 830 404 partim
849 377 882 397 ea
895 391 902 403 ,
919 377 1001 405 quam
1017 377 1050 397 ex

270 414 334 449 ipsis
347 414 497 449 capiebant,
515 414 639 446 utilitate,
665 415 762 449 partim
778 420 936 442 caaterarum
952 423 1051 443 causa-

268 467 340 492 rum,
355 468 424 495 quas
438 465 501 487 ante
514 460 688 494 protulimus,
712 461 906 496 conjunctione
922 461 1047 496 permoti.

267 505 359 541 Itaque
368 526 376 538 ,
388 514 468 541 pares
480 507 591 533 omnino
607 506 755 541 pecudibus
775 508 880 535 ratione
893 508 1048 535 carentibus

267 551 462 585 superstitiosa:
483 551 665 579 venerationis
693 551 810 579 honores
833 553 919 579 sacris
945 552 1048 588 legibus

267 597 304 623 ita
321 601 450 629 statuere,
475 601 506 624 ut
519 596 706 629 libationibus,
734 597 885 631 sacriﬁciis,
903 602 930 626 et
942 598 1049 626 arcanis

267 641 391 668 initiandi
415 641 532 675 ritibus,
557 642 666 677 hymnis
687 642 804 678 denique
825 647 852 670 et
871 643 1049 675 carminibus,

266 688 377 722 perinde
387 692 469 722 atque
479 687 620 715 hominum
632 689 763 723 ipsorum,
775 689 874 724 quibus
882 689 1049 716 divinitatem

1101 287 1188 314 γοιτο·
1211 280 1255 306 ὅτε
1280 279 1309 306 δὲ
1329 280 1393 312 τοὺς
1416 280 1515 315 νόμους
1537 279 1737 315 ὑποκορίζεται,
1762 278 1810 305 καὶ
1831 278 1888 304 δεῖν

1103 335 1169 362 φησι
1191 327 1246 358 τοῖς
1270 325 1335 361 περὶ
1360 325 1428 352 θεῶν
1456 325 1549 360 μύθοις
1576 325 1722 355 πιστεύειν,
1738 324 1776 356 ὡς
1804 323 1887 359 μηδὲν

1103 372 1209 407 ἔχουσιν
1232 372 1261 397 ὲν
1282 371 1420 403 ὑπονοίαις
1438 371 1466 404 ἐξ
1481 370 1570 398 αὐτῶν
1591 369 1838 405 δηλούμενον.Ἦδη
1856 368 1887 395 δέ

1102 426 1166 444 ποτε
1182 417 1236 444 τῶν
1253 416 1376 443 παλαιῶν
1391 416 1482 452 μύθων
1492 417 1542 452 τὴν
1554 416 1657 442 οἰκείαν
1670 414 1809 448 θεολογίαν
1820 415 1888 449 ἀφο-

1103 464 1189 499 ρίσας,
1201 463 1264 499 περί
1279 471 1308 489 τε
1322 462 1448 498 οὐρανοῦ,
1467 463 1514 489 καὶ
1531 460 1616 494 ἡλίου.
1631 462 1677 487 καὶ
1695 460 1819 496 σελήνης,
1838 460 1886 486 καὶ

1100 507 1218 543 ἄστρων,
1235 508 1282 534 καὶ
1293 508 1332 535 ἔτι
1344 507 1408 543 περὶ
1420 506 1467 533 τοῦ
1478 507 1634 542 σύμπαντος
1646 505 1761 540 κόσμου,
1775 505 1822 530 καὶ
1831 503 1887 531 τῶν

1100 552 1194 579 τούτου
1209 553 1299 588 μερῶν
1310 552 1518 588 κεχωρισμένως
1531 551 1740 585 φυσιολογήσας,
1753 549 1824 581 ἰδίως
1838 549 1888 576 πά-

1101 597 1143 624 λιν
1158 598 1204 624 καὶ
1219 599 1415 634 ἀερωρισμένως
1429 597 1494 633 περὶ
1509 597 1562 623 τῶν
1581 597 1664 623 πάλαι
1676 595 1886 630 γενεαλογηθέν-

1102 652 1155 670 των
1171 643 1250 676 θεῶν,
1264 641 1315 670 ὧδέ
1335 653 1393 676 πως
1415 644 1506 676 αὐτοῖς
1529 644 1648 679 ῥήμασιν
1671 643 1701 668 ὲν
1726 641 1764 676 τῷ
1781 641 1887 676 Τιμαίῳ

1102 689 1236 722 διέξεισιν.

265 733 406 767 dederunt,
419 742 513 761 earum
526 734 609 762 cultui
621 735 790 770 majestatem
800 736 987 763 conciliarent.
995 735 1114 764 Tandem
1133 744 1167 764 eo
1184 736 1349 772 ﬂagitiorum
1360 737 1503 768 devenere,
1519 740 1549 763 ut
1572 734 1714 771 impotenti
1730 734 1886 762 foedissima

265 781 384 808 libidinis
399 785 467 809 aestu
480 782 619 815 concitati,
644 787 735 817 partes
751 783 833 810 etiam
853 783 975 817 corporis
994 784 1189 818 turpitudinem
1204 792 1235 812 ac
1255 792 1379 812 venerem
1399 785 1512 816 cientes,
1536 784 1666 818 dirasque
1689 791 1720 810 ac
1742 787 1885 818 protervas

265 826 404 854 hominum
423 827 584 862 cupiditates
605 827 704 855 divinis
726 828 806 862 plane
828 828 978 856 honoribus
993 819 1233 864 prosequerentur,
1259 837 1320 857 cum
1343 831 1370 856 in
1395 830 1529 865 ejusmodi
1544 829 1626 857 rebus
1645 829 1749 856 nullum
1769 828 1885 863 quaesito

264 873 443 908 all‘ectatoque
464 874 611 902 verborum
635 875 733 910 pudori
755 883 814 903 esse
840 876 930 904 locum
952 880 1078 911 oportere
1097 877 1219 912 praeclari
1240 878 1356 913 theologi
1378 878 1570 905 decrevissent.
1591 877 1697 904 Maneat
1713 877 1794 912 igitur
1810 880 1886 903 vete-

263 929 307 949 res
319 943 326 955 ,
341 926 372 949 ut
395 922 463 949 nihil
481 927 578 957 praeter
593 923 693 950 nudam
716 931 807 951 rerum
829 924 970 951 historiam
990 930 1130 957 noverant,
1142 925 1182 952 sic
1196 926 1230 952 ad
1252 926 1325 960 ipsas
1345 930 1449 953 tantum
1470 925 1577 954 fabulas
1598 933 1705 960 semper
1725 924 1883 961 adhuisse_

263 968 357 996 multis
391 967 522 996 hactenus
555 969 718 997 testimoniis
741 977 802 997 esse
828 970 1043 1005 comprobatum.
1075 971 1127 1006 75
1162 969 1214 999 Sed
1238 972 1366 1006 quoniam
1393 972 1516 1006 speciosa
1546 979 1655 1007 quoque
1686 979 1718 999 ac
1745 971 1884 999 recondita

263 1015 432 1051 egregiorum
454 1015 677 1051 philosophorum
693 1017 819 1052 dogmata
838 1017 894 1052 jam
921 1019 1004 1046 semel
1028 1019 1170 1053 explorare
1183 1020 1330 1054 coepimus,
1358 1027 1418 1054 age,
1442 1019 1553 1055 propius
1578 1020 1659 1047 etiam
1684 1019 1729 1047 illa
1759 1025 1884 1047 content-

263 1063 379 1098 plemur,
402 1072 437 1092 ne
459 1065 554 1092 saltem
577 1065 691 1092 eximias
717 1073 811 1093 eorum
838 1066 1047 1102 philosophandi
1074 1068 1192 1095 rationes
1218 1068 1343 1102 ignorare
1359 1067 1510 1094 videamur.
1530 1067 1611 1095 Prius
1629 1072 1719 1095 tamen
1738 1076 1820 1103 quam
1837 1076 1885 1096 eas

264 1112 293 1139 in
315 1110 435 1138 medium
457 1110 614 1145 aﬂ'eramus,
637 1111 748 1146 juverit,
771 1112 883 1147 opinor,
906 1121 989 1148 quam
1011 1113 1129 1148 graviter
1152 1114 1242 1149 magni
1264 1114 1308 1142 isti
1329 1114 1481 1149 philosophi
1500 1122 1554 1141 non
1574 1113 1656 1142 modo
1675 1122 1736 1142 cum
1751 1115 1813 1142 aliis
1832 1115 1886 1143 hoc

263 1155 291 1182 in
312 1163 422 1190 genere,
446 1157 492 1184 sed
515 1157 596 1184 etiam
620 1165 712 1185 secum
738 1158 789 1191 ipsi
811 1164 941 1194 pugnent,
961 1159 1116 1186 observare.
1140 1158 1206 1186 Nam
1231 1168 1292 1187 cum
1325 1160 1376 1188 hac
1407 1160 1434 1186 in
1465 1160 1633 1195 physiologia
1658 1160 1731 1187 nulla
1757 1160 1793 1187 sit
1814 1160 1886 1188 inter

261 1210 311 1231 eos
335 1204 531 1232 sententiarum
555 1205 769 1240 opinionumque
796 1206 966 1241 conjunctio,
997 1207 1041 1233 alii
1073 1211 1171 1234 temere
1197 1215 1229 1235 ac
1259 1211 1339 1243 prout
1375 1214 1424 1234 sua
1459 1207 1558 1242 cuique
1589 1214 1666 1234 mens
1700 1207 1884 1242 suggesserit,

261 1257 319 1278 rem
346 1255 430 1279 totam
451 1251 600 1286 deﬁniunt;
631 1253 676 1280 alii
702 1254 822 1281 melioris
856 1255 948 1289 utique
973 1254 1046 1286 ﬁdei,
1079 1254 1160 1282 simul
1176 1256 1302 1283 universa
1323 1255 1432 1287 tollunt,
1449 1263 1499 1283 nec
1529 1263 1561 1282 ea
1585 1255 1673 1282 solum
1693 1255 1801 1286 omnia,
1822 1262 1885 1290 quae

262 1297 297 1326 de
311 1298 365 1326 diis
381 1304 455 1327 tanta
472 1307 534 1327 cum
558 1300 717 1336 indignitate
734 1302 880 1336 jactantur,
905 1302 951 1329 sed
979 1310 1073 1330 eorum
1101 1310 1208 1338 quoque
1235 1303 1428 1338 explicationes
1451 1294 1606 1338 rei'publica'.
1630 1309 1688 1330 suae
1708 1301 1807 1328 ﬁnibus
1835 1300 1886 1335 eji—

261 1346 353 1380 ciunt;
385 1347 491 1374 tametsi
525 1355 666 1382 poenarum
700 1349 805 1384 legibus
835 1350 1043 1377 constitutarum
1070 1356 1143 1378 metu
1178 1350 1275 1378 fabulis
1303 1351 1438 1378 interdum
1469 1351 1535 1385 ipsis
1561 1347 1884 1377 lenocinentur.Gr&cos

260 1400 326 1428 ergo
351 1394 529 1430 philosophos
550 1395 626 1429 audi,
651 1396 732 1424 unius
755 1402 846 1424 tamen
871 1405 918 1424 ore
941 1398 1064 1424 omnium
1083 1398 1329 1433 praestantissimi,
1355 1398 1519 1432 easdemque
1547 1396 1655 1424 fabulas
1681 1397 1762 1424 modo
1786 1395 1884 1430 procul

261 1439 445 1473 amandantis,
462 1440 542 1467 modo
558 1445 652 1468 contra
667 1442 788 1469 studiose
809 1443 960 1471 retinentis.
987 1442 1064 1470 Plato
1095 1444 1139 1470 ille
1153 1448 1205 1478 est,
1226 1452 1306 1479 quem
1328 1448 1469 1478 tantopere
1490 1441 1654 1477 suspiciunt,
1671 1441 1717 1477 qui
1733 1441 1756 1468 si
1773 1441 1883 1476 quando

261 1493 338 1513 suam
364 1486 422 1521 ipse
443 1492 561 1514 mentem
585 1495 616 1516 ac
635 1496 746 1516 sensum
768 1490 891 1524 aperiat,
909 1494 967 1517 tum
989 1497 1054 1517 vero
1078 1491 1174 1526 majori
1199 1499 1261 1518 cum
1287 1491 1410 1518 libertate
1428 1497 1542 1525 prorsus
1557 1487 1709 1521 interdicit,
1723 1494 1778 1522 quo
1793 1487 1884 1514 minus

260 1540 292 1561 ea
306 1541 367 1568 qua:
387 1541 402 1561 a
419 1535 555 1562 veteribus
574 1535 715 1562 decantata
731 1535 796 1562 olim
816 1535 933 1568 fuerant,
962 1536 995 1563 de
1019 1536 1072 1564 diis
1093 1537 1118 1563 in
1141 1541 1277 1571 posterum
1301 1537 1470 1569 sentiantur;
1495 1535 1552 1562 sive
1573 1534 1762 1562 reconditioris
1780 1533 1883 1568 aliquid

260 1580 294 1608 iis
316 1581 451 1608 inclusum
478 1581 570 1613 lateat,
589 1582 661 1616 quod
684 1582 828 1609 verborum
860 1590 892 1609 ac
916 1583 1112 1610 sententiarum
1140 1583 1276 1618 allegoriis
1295 1583 1438 1615 indicetur,
1461 1582 1519 1609 sive
1548 1581 1641 1609 eadem
1667 1585 1744 1607 extra
1774 1586 1882 1606 omnem

259 1627 416 1663 allegoriam
446 1627 615 1663 ﬁguramque
643 1629 778 1656 dicantur.
806 1627 858 1656 Ubi
881 1635 971 1656 autem
997 1629 1032 1657 ad
1059 1630 1132 1664 leges
1153 1638 1212 1658 sese
1227 1631 1432 1664 orationemque
1452 1636 1529 1656 suam
1547 1628 1628 1655 homo
1643 1626 1818 1654 meticulosus
1835 1632 1882 1652 ac-

260 1673 428 1704 commodat.
441 1672 522 1700 simul
533 1673 643 1708 jactatis
657 1675 690 1702 de
707 1679 804 1701 natura
825 1675 938 1702 deorum
959 1675 1057 1703 fabulis
1085 1676 1235 1703 habendam
1256 1683 1316 1704 esse
1338 1676 1418 1703 ﬁderit
1434 1674 1606 1710 pronuntiat,
1624 1673 1723 1709 quippe
1736 1681 1796 1707 qua:
1815 1672 1882 1700 nihil

260 1728 308 1755 per
321 1728 381 1748 sese
397 1721 469 1749 aliud
482 1721 630 1756 ﬁgurarum
649 1721 841 1757 integumentis
858 1722 1039 1757 signiﬁcatum
1062 1726 1264 1757 repraesentem.
1287 1721 1359 1749 ldem
1387 1726 1515 1756 praetcrea
1538 1726 1713 1756 posteaquam
1730 1727 1806 1748 suam
1825 1720 1884 1755 ipso

260 1767 424 1802 theologiam
463 1768 498 1795 ab
533 1768 706 1804 antiquarum
743 1768 895 1796 fabularum
931 1770 1062 1797 societate
1089 1770 1307 1804 eommercioque
1327 1769 1456 1804 sejunxit,
1485 1768 1573 1803 deque
1599 1768 1680 1800 ccelo,
1714 1768 1781 1801 sole,
1805 1767 1882 1802 luna,

259 1813 405 1846 sideribus,
427 1813 483 1841 imo
505 1813 539 1842 de
557 1818 613 1842 tota
630 1815 681 1843 hac
705 1815 892 1848 universitate,
909 1823 941 1843 ac
959 1817 1074 1852 singulis
1090 1817 1150 1851 ejus
1178 1816 1298 1852 partibus
1319 1815 1434 1843 seorsim
1455 1813 1608 1850 physiologi
1628 1821 1704 1840 more
1724 1813 1883 1848 disputavit,

259 1867 338 1887 suam
362 1859 460 1887 iterum
475 1860 509 1887 de
524 1860 587 1892 diis,
605 1867 720 1895 quorum
742 1860 926 1896 genealogiam
943 1867 1046 1890 veteres
1065 1862 1105 1890 illi
1126 1866 1278 1895 temerant,
1297 1861 1453 1896 opinionem
1470 1860 1513 1888 his
1534 1859 1624 1887 verbis
1639 1859 1720 1894 plane
1736 1859 1882 1894 explicate-

261 1913 314 1941 que
334 1911 491 1941 concrptam
506 1907 532 1933 in
547 1905 644 1934 Tima’o
657 1907 838 1942 prosequitur.

558 1951 672 1979 CAPUT
693 1951 747 1980 VII.

345 1997 416 2031 Quid
433 1998 466 2025 de
480 2002 593 2025 ceterum
608 1997 736 2033 theologia
753 1997 830 2025 Plato
845 1999 964 2025 senserit.

293 2077 349 2112 (98)
369 2085 379 2103 ι
393 2076 451 2104 Jam
470 2085 534 2105 vero
554 2077 588 2105 de
605 2078 726 2111 caeteris,
747 2078 846 2113 inquit,
870 2078 1039 2106 daemonibus

257 2121 400 2154 disserere,
414 2126 462 2149 aut
478 2130 573 2150 eorum
589 2130 671 2150 nosse
684 2123 912 2157 procreationem,
929 2131 983 2150 non
998 2128 1040 2151 est

1357 1951 1556 1979 ΚΕΦΑΛΑΙΟΝ
1576 1952 1614 1979 Ζ’.

1097 1999 1191 2032 ὀπως
1202 2000 1219 2026 ό
1228 1997 1354 2026 Πλάτων
1367 1996 1569 2064 περέὃῗὲἓέειὶν
1581 1996 1715 2024 παλαιῶν
1727 1995 1882 2031 θεολογίας

1129 2087 1138 2103 t
1155 2077 1223 2114 Περὶ
1240 2078 1268 2104 δὲ
1282 2077 1336 2104 τῶν
1351 2077 1437 2104 mm
1459 2077 1594 2112 δαιμόνων
1608 2077 1703 2107 εἰπεῖν,
1719 2076 1765 2102 καὶ
1779 2074 1880 2109 γνῶναι

1092 2123 1141 2159 τὴν
1157 2123 1274 2157 γένεσιν,
1290 2122 1381 2158 μεῖζον
1398 2123 1414 2158 ἢ
1432 2122 1494 2149 καθ’
1505 2123 1520 2157 ἡ
1526 2123 1578 2157 μᾶς
1589 2131 1595 2138 ·
1610 2121 1766 2148 πιστευτέον
1780 2121 1808 2147 δὲ
1823 2121 1880 2152 τοῖς

257 2167 394 2195 facultatis
414 2168 569 2203 viriumque
591 2173 755 2196 nostrarum.
781 2169 874 2204 Itaque
893 2169 971 2196 ﬁdem
994 2170 1037 2203 iis,

1095 2170 1227 2204 είρηκόσιν
1252 2168 1415 2204 ἔμπροσθεν,
1435 2168 1561 2202 ἐκγόνοις
1579 2168 1627 2203 μὲν
1649 2167 1718 2193 θεῶν
1733 2165 1820 2200 οὖσιν,
1840 2166 1880 2198 ὼς

257 2213 303 2248 qui
320 2218 445 2240 naturam
463 2213 571 2240 illorum
589 2213 646 2248 jam
661 2213 725 2240 olim
741 2214 926 2248 explicarunt,
942 2214 1041 2242 habere

257 2267 308 2287 nos
325 2263 442 2294 oportet,
462 2260 516 2295 76
532 2259 630 2294 quippe
649 2260 695 2294 qui
712 2260 825 2287 deorum
848 2264 959 2294 nepotes
978 2268 1041 2287 cum

257 2305 370 2338 fuerint,
385 2308 415 2332 ut
432 2306 482 2341 ipsi
505 2305 677 2337 conﬁrmant,
701 2313 767 2332 suos
787 2313 896 2340 quoque
925 2305 1041 2339 majores

257 2351 359 2386 optime
378 2351 514 2378 noverint.
535 2350 568 2378 Et
589 2358 654 2378 sane
672 2350 730 2378 ﬁeri
751 2351 825 2378 nullo
844 2351 924 2378 modo
942 2355 1040 2386 potest,

257 2403 287 2425 ut
300 2397 413 2425 deorum
431 2397 524 2424 liberis
546 2396 612 2424 ﬁdes
634 2401 758 2432 negetur,
774 2397 800 2423 in
824 2396 856 2423 iis
871 2397 964 2430 etiam,
982 2404 1042 2431 qua:

256 2443 315 2471 sine
329 2443 383 2470 ulla
399 2443 589 2470 verisimilium
610 2446 657 2469 aut
671 2442 886 2470 necessariarum
900 2442 1041 2477 probatio-

256 2497 321 2516 num
333 2489 359 2515 vi
375 2493 457 2524 atque
470 2488 632 2516 auctoritate
646 2488 756 2522 dicunt;
770 2488 818 2515 sed
832 2488 866 2515 iis
880 2488 972 2522 potius
986 2492 1042 2514 tan-

255 2542 338 2570 quam
359 2535 505 2562 domestica
531 2534 721 2566 referentibus,
742 2533 971 2569 quemadmodum
1000 2534 1042 2561 lex

256 2582 315 2615 ipsa
331 2581 417 2616 jubet,
433 2582 545 2608 omnino
567 2581 730 2608 credendum
745 2585 796 2609 est.
820 2580 928 2608 Maneat
949 2580 1040 2616 igitur,

255 2635 342 2662 eoque
357 2626 438 2662 plane
451 2627 532 2654 modo
554 2631 783 2655 commemoretur
803 2635 818 2654 a
835 2627 914 2654 nobis
927 2627 1041 2654 deorum

256 2672 369 2698 istorum
391 2671 547 2706 generatio,
570 2680 625 2707 quo
653 2672 725 2699 illam
749 2672 784 2699 ab
813 2672 909 2700 iisdem
933 2671 1041 2706 accepi-

255 2726 326 2744 mus.
343 2716 381 2744 Ex
394 2717 477 2745 Terra
494 2718 602 2753 quidem
618 2726 649 2745 ac
662 2719 737 2745 (Icelo
749 2717 876 2745 Oceanus
887 2717 1042 2752 Tethysque

255 2763 311 2791 nati
333 2767 411 2797 sunt;
437 2772 471 2791 ex
486 2764 529 2791 his
548 2772 611 2791 vero
627 2763 766 2799 Phorcys,
785 2763 938 2794 Saturnus,
953 2762 1038 2795 Rhea,

253 2816 287 2837 ac
297 2810 403 2842 ueteri,
423 2810 469 2846 qui
487 2810 520 2837 ad
538 2815 592 2838 tres
615 2810 676 2838 illos
694 2810 835 2846 aggregari
858 2809 957 2837 solent.
977 2808 1038 2836 Jam

1091 2214 1205 2248 ἔφασαν,
1222 2215 1314 2248 σαφῶς
1339 2214 1367 2240 δὲ
1389 2214 1452 2245 τοὺς
1478 2214 1580 2239 ἑαυτῶν
1601 2213 1749 2248 προγόνους
1771 2211 1878 2239 εἰδόσιν.

1097 2261 1238 2288 Ἀδύνατον
1253 2259 1299 2287 οὖν
1325 2259 1394 2286 θεῶν
1420 2260 1513 2286 παισὶν
1540 2259 1672 2290 ἀπιστεῖν,
1691 2259 1791 2294 καίπερ
1814 2258 1878 2285 ἄνευ

1091 2307 1203 2333 εἰκότων
1216 2306 1263 2332 καὶ
1276 2306 1432 2339 ἀναγκαίων
1448 2305 1611 2337 ἀποδείξεων
1623 2304 1757 2338 λέγουσιν,
1774 2303 1831 2331 ἀλλ’
1840 2304 1879 2336 ὼς

1090 2352 1177 2378 οἰκεῖα
1200 2351 1355 2385 φασκόντων
1376 2350 1567 2384 ἀπαγγέλλειν,
1583 2349 1730 2384 ἑπομένους
1745 2348 1784 2384 τῷ
1804 2348 1879 2383 νόμῳ

1092 2396 1260 2422 πιστευτέον.
1277 2395 1369 2426 Οὕτως
1382 2393 1429 2421 οὖν
1445 2396 1506 2421 κατ’
1520 2395 1643 2426 ἐκείνους
1659 2395 1724 2429 ἡμῖν
1740 2395 1756 2428 ή
1772 2393 1878 2428 γένεσις

1091 2442 1156 2477 περὶ
1168 2441 1268 2468 τούτων
1281 2440 1335 2467 τῶν
1349 2441 1416 2467 θεῶν
1430 2440 1514 2475 ἐχέτω
1525 2441 1572 2467 καὶ
1582 2440 1712 2474 λεγέσθω,
1724 2440 1776 2474 Γῆς
1787 2448 1817 2465 τε
1828 2439 1877 2466 καὶ

1092 2486 1212 2523 Οὐρανοῦ
1228 2486 1321 2518 παῖδες
1333 2487 1455 2518 Ὠκεανὸς
1465 2487 1511 2513 καὶ
1526 2486 1617 2522 Τηθὺς
1636 2485 1793 2521 ἐγενέσθην·
1816 2485 1877 2511 τού-

1091 2541 1144 2559 των
1165 2532 1193 2559 δὲ
1209 2532 1323 2568 Φόρκυς,
1339 2532 1442 2568 Κρόνος
1466 2541 1495 2558 τε
1519 2531 1566 2559 καὶ
1584 2531 1655 2563 Ῥέα,
1668 2531 1714 2558 καὶ
1733 2531 1789 2557 ὅσοι
1807 2530 1877 2565 μετὰ

1091 2578 1209 2604 τούτων·
1227 2578 1259 2604 ἐκ
1275 2577 1303 2604 δὲ
1317 2577 1421 2613 Κρόνου
1435 2586 1465 2604 τε
1483 2578 1530 2605 καὶ
1550 2577 1627 2609 Ῥέας
1647 2577 1811 2611 Ζεί›ς,Ἦρα,
1829 2575 1877 2603 καὶ

1091 2624 1191 2655 πάντες
1209 2624 1287 2654 ὅσους
1302 2623 1380 2658 ἴσμεν
1397 2624 1500 2655 πάντας
1511 2623 1640 2658 ἀδελφοὺς
1654 2622 1816 2657 λεγομένους
1827 2621 1877 2649 αὑ-

1091 2669 1156 2700 τῶν,
1174 2669 1214 2695 ἔτι
1228 2677 1258 2696 τε
1273 2669 1374 2696 τούτων
1388 2670 1516 2704 ἐκγόνους
1537 2669 1642 2700 ἄλλους.
1658 2678 1668 2694 ι
1685 2667 1777 2695 Ταῦτά
1793 2675 1875 2703 φησιν
1888 2680 1891 2683 ·

1091 2716 1105 2741 ό
1120 2715 1231 2742 Πλάτων
1252 2715 1394 2749 ἑπομένοις
1419 2715 1459 2750 τῷ
1475 2715 1549 2750 νόμῳ
1563 2714 1708 2741 πιστευτέα
1722 2712 1801 2745 εἶναι,
1815 2713 1876 2740 καί·

1091 2771 1144 2797 περ
1156 2763 1219 2789 ἄνευ
1239 2761 1352 2788 εἰκότών
1378 2762 1426 2788 καὶ
1441 2761 1597 2795 ἀναγκαίων
1617 2760 1780 2793 ἀποδείξεων
1799 2759 1875 2795 εἰρῆ-

1092 2807 1153 2834 σθαι
1181 2806 1251 2834 αὐτὰ
1274 2806 1454 2842 ὁμολογήσας.
1481 2807 1648 2842 Προσεκτέον
1672 2806 1710 2838 δὲ,
1733 2805 1770 2837 ὡς
1798 2805 1875 2832 οὐδὲν

288 2866 344 2902 (98)
365 2866 414 2896 Hic
430 2868 499 2896 idem
517 2868 594 2896 locus
609 2867 678 2895 intra
691 2868 830 2900 citabitur,
850 2867 897 2895 ubi
913 2866 1036 2895 Platonis
1056 2873 1163 2895 errores
1181 2865 1305 2901 pluribus
1320 2870 1512 2901 exponentur,
