2064 3212
174 182 227 211 M5

753 177 913 206 PRIEPAB.
935 176 1064 205 EVANG.
1080 177 1149 205 LIB.
1168 175 1201 204 l1.

1741 180 1794 208 ηε

172 240 245 276 [rem
258 239 414 276 ἀπόρρητον
426 239 477 271 τὰς
486 238 540 266 τῶν
554 238 621 266 θεῶν
632 237 664 274 δὴ
674 238 859 274 προσηγορίας
869 245 898 264 τε
913 238 960 264 καὶ

1013 236 1146 265 Saturnus
1168 244 1202 264 ex
1226 234 1301 262 Rhea
1325 235 1418 264 Jovem
1441 235 1631 272 Iunonemque
1661 244 1792 273 suscepit,

172 285 345 321 γενεαλογίας
373 287 403 312 ὲν
426 284 609 320 φυσιολογίαις
636 284 798 320 δηλούμενον
821 284 957 320 ἐμφαίνει.

171 330 255 364 Αὖθις
270 332 292 359 δ’
308 333 338 359 ὲν
352 331 456 368 ἑτέροις
471 332 485 358 ὁ
497 331 589 364 αὐτὸς,
606 331 655 366 τὴν
671 330 776 360 οἰκείαν
796 330 960 366 ἀπογυμνῶν

171 378 350 414 προαίρεσιν,
375 378 456 405 πάλιν
482 377 586 409 τούτοις
608 376 739 412 κέχρηται
763 378 818 408 τοῖς
844 377 958 411 ῥήμασι·

173 433 183 448 ι
199 423 256 460 (99)
270 423 380 459 Πρῶτον
397 424 456 458 μὲν,
474 421 507 458 ἦν
522 423 544 449 δ’
558 422 623 456 ἐγὼ,
638 423 668 448 τὺ
686 422 811 457 μέγιστον
829 422 875 448 καὶ
897 422 960 457 περὶ

169 469 225 495 τῶν
240 468 376 503 μεγίστων
387 468 483 503 ψεῦδος
494 469 507 494 ὁ
518 467 601 494 εἰπὼν
617 468 647 494 οὐ
661 468 750 499 καλῶς
763 466 894 501 ἐψεύσατο
903 476 909 482 ·
923 467 960 499 ὡς

171 513 294 548 Οὐρανός
320 521 350 539 τε
375 513 531 548 εἰργάσατο,
549 512 567 540 ἆ
584 522 650 548 φησι
665 513 762 546 δρᾶσαι
775 512 854 539 αὑτὸν
872 513 961 539 Ἠσίο-

170 558 225 590 δος,
247 559 261 585 ὅ
283 566 313 584 τε
329 556 363 586 αὖ
379 559 493 594 Κρόνος,
510 558 547 590 ὡς
563 559 750 594 ἐτιμωρήσατο
767 559 855 585 αὐτόν.
873 559 904 584 Τί
919 560 962 586 δαὶ

170 603 202 638 δὴ
219 603 258 639 (1)
272 604 308 630 τὰ
322 603 368 631 τοῦ
385 604 489 639 Κρόνου
503 604 571 639 ἔργα
586 605 631 630 καὶ
647 604 717 638 πάθη
732 604 784 631 ὑπὸ
803 603 849 630 τοῦ
864 605 938 636 υίέος
952 614 959 638 ;

169 649 268 676 οὐδ’ἂν
280 650 304 675 εἰ
319 647 353 684 ἦν
366 649 463 685 ἀληθῆ,
481 649 558 685 ᾣμην
572 649 626 676 δεῖν
642 649 739 685 ῥᾳδίως
754 650 880 684 λέγεσθαι
893 651 962 678 οὕτω

171 693 243 729 πρὸς
260 694 380 730 ἄφρονάς
394 703 423 721 τε
439 694 486 721 καὶ
503 695 579 726 νέους
589 703 595 710 ·
611 695 678 721 ἀλλὰ
693 696 809 730 μάλιστα
825 696 873 731 μὲν
888 697 963 730 σιγᾶ-

171 738 253 765 σθαι·
281 741 305 766 εί
330 740 353 767 δ’
366 740 473 776 ἀνάγκη
499 748 541 772 τις
566 737 600 776 ἦν
624 740 722 774 λέγειν,
750 740 784 766 δι’
801 741 962 777 ἀπορρήτων

170 786 284 813 ἀκούειν
297 786 336 818 ὡς
349 786 510 821 ὀλιγίστους,
523 786 692 821 θυσαμένους
704 787 734 813 οὐ
749 788 846 822 χοῖρον,
861 788 927 815 ἀλλὰ
937 797 963 814 τι

172 833 246 867 μέγα
257 833 303 859 καὶ
313 832 467 869 ἀπόρρητον
478 832 528 868 (1⁸)
544 832 626 867 θῦμα,
636 833 708 865 ὅπως
720 834 752 860 ἂν
768 834 917 869 ἐλαχίστοις
926 835 962 869 (2)

171 877 272 913 συνέϐη
296 876 421 904 ἀκοῦσαι.
437 877 492 904 Kal.
507 877 571 912 γὰρ,
587 875 628 912 ἧδ’
644 877 673 910 ὃς
689 878 737 913 (5),
763 876 834 905 οὗτοι
850 880 875 905 οἱ
890 879 962 913 λόγοι

170 924 205 960 δὴ
219 923 342 959 χαλεποί.
361 924 416 950 Καὶ
430 924 460 951 οὐ
478 924 581 951 λεκτέοι
598 925 636 960 (ιι)
651 934 693 959 γε,
710 922 732 952 ὦ
750 926 915 961 Ἀδείμαντε,
932 928 961 953 ὲν
978 916 998 942 Β

172 971 206 1006 τῇ
228 970 350 1006 ἡμετέρᾳ
372 970 448 996 πόλει
458 979 464 986 ·
480 970 540 997 οὐδὲ
554 971 642 997 δοτέον
657 971 694 1006 (5)
711 971 762 1006 νέῳ
776 972 909 1004 ἀκούοντι,
924 973 961 1004 ὡς

173 1015 272 1041 ἀδικῶν
281 1015 316 1042 τὰ
325 1015 426 1051 ἔσχατα
433 1024 475 1049 γε,
484 1015 537 1042 οὐδ’
548 1016 596 1051 (5')
613 1015 644 1042 ἂν
660 1015 813 1051 Θαυμαστὸν
829 1019 900 1044 ποιοῖ
912 1018 960 1053 (6),

174 1060 228 1087 οὐδ’
246 1058 279 1087 αὖ
305 1060 447 1088 ἀδικοῦντα
471 1061 576 1097 πατέρα
600 1062 720 1094 κολάζων
748 1063 828 1089 παντὶ
851 1063 958 1098 τρόπῳ·

174 1104 241 1131 ἀλλὰ
260 1104 334 1140 δρῴη
358 1104 401 1137 ἂν,
416 1106 484 1140 ὅπερ
506 1104 574 1131 θεῶν
598 1106 622 1131 οἱ
647 1105 750 1140 πρῶτοί
764 1114 794 1132 τε
812 1106 858 1132 ml.
881 1106 960 1141 μέγι-

174 1157 233 1175 στοι
249 1149 367 1184 (7).οὺδὲ
379 1148 452 1184 αὐτῷ
467 1158 511 1184 μοι
523 1149 598 1176 δοκεῖ
619 1150 756 1186 ἐπιτήδεια
774 1149 842 1176 εἶναι
862 1151 959 1184 λέγειν.

174 1193 242 1221 θ’δδέ
252 1201 295 1227 γε,
309 1191 343 1229 ἦν
360 1193 381 1220 δ’
398 1192 463 1227 ὲγὼ,
480 1193 511 1219 τὸ
529 1195 668 1230 παράπαν,
684 1195 720 1226 ὼς
732 1195 787 1221 Θεοὶ
800 1195 869 1226 θεοῖς
883 1196 961 1222 πολε-

178 1237 267 1274 μοῦσι,
280 1239 328 1265 καὶ
342 1238 561 1270 ἐπιϐουλεύουσι,
587 1240 634 1266 καὶ
651 1240 798 1275 μάκονταΓ
823 1240 884 1267 οὕτε
907 1241 961 1276 γὰρ

175 1284 274 1320 ἀληθῆ,
285 1285 312 1312 εῐ
321 1293 352 1320 γε
366 1285 406 1312 δεῖ
419 1286 484 1320 ἡμῖν
497 1286 561 1318 τοὺς
573 1286 717 1321 μέλλοντας
730 1287 779 1322 τὴν
790 1286 865 1313 πόλιν
879 1287 962 1321 φυλά-

177 1330 241 1364 ξειν,
257 1330 395 1366 αἴσχιστον
407 1331 526 1366 νομίζειν
540 1332 570 1358 τὸ
587 1332 684 1367 ῥᾳδίως
704 1332 828 1367 ἀλλήλοις
843 1333 962 1368 ἀπεχθά-

174 1376 282 1403 νεσθαι·
297 1376 395 1403 πολλοῦ
410 1376 450 1403 δεῖ
469 1377 682 1412 γιγαντομαχίας
708 1378 901 1414 μυθολογητέον
915 1379 962 1404 αὺ-

174 1423 242 1454 τοῖς,
264 1423 312 1449 καὶ
331 1423 456 1455 ποικίλας
475 1423 574 1459 ἔχθρας
591 1425 637 1450 καὶ
652 1424 825 1456 παντοδαπὰς
840 1425 908 1451 Θεῶν
932 1434 961 1450 τε

176 1469 224 1494 καὶ
363 1469 430 1504 πρὸς
458 1471 596 1504 συγγενεῖς
612 1479 641 1496 τε
663 1470 711 1496 καὶ
731 1470 846 1501 οἰκείους
863 1469 960 1496 αὐτῶν.

183 1514 253 1541 Ἀλλ’
271 1514 298 1540 εἴ
311 1523 369 1546 πως
383 1515 526 1550 μέλλοιμεν
541 1516 660 1547 πείσειν,
680 1515 717 1547 ὡς
741 1516 828 1547 οὐδεὶς
853 1515 961 1542 πώποτε

178 1560 289 1596 πολίτης
304 1559 398 1596 ἕτερος
413 1560 498 1596 ἑτέρῳ
505 1561 653 1596 ἀπήχθετο,
665 1562 719 1588 οὐδ’
735 1561 774 1588 ἔτι
790 1562 867 1588 τοῦτο
879 1562 961 1595 ὅσιον,

176 1604 289 1631 τοιαῦτα
315 1604 413 1641 μᾶλλον
432 1606 528 1633 λεκτέα
553 1607 621 1643 πρὸς
633 1606 668 1633 τὰ
688 1607 780 1634 παιδία
802 1608 892 1639 εὐθὺς,
916 1609 963 1635 καὶ
977 1593 997 1621 C

177 1651 288 1687 γέρουσι
299 1651 346 1678 καὶ
359 1652 460 1688 γραυσ).
474 1653 521 1679 καὶ
537 1653 731 1689 πρεσϐυτέροις
744 1654 908 1689 γενομένοις,
917 1654 963 1681 καὶ

175 1696 240 1728 τοὺς
253 1697 368 1732 ποιητὰς
380 1698 463 1732 ἐγγὺς
477 1698 578 1725 τούτων
597 1699 782 1732 ἀναγκαστέον
803 1699 962 1733 λογοποιεῖν.

177 1741 215 1768 Ἥ
220 1750 268 1776 ρας
280 1742 308 1768 δὲ
320 1743 435 1778 δεσμοὺς
450 1743 501 1770 ὑπὸ
511 1744 572 1776 Διὸς
581 1744 629 1780 (8),
647 1745 693 1771 καὶ
712 1744 857 1779 Ἡφαίστου
877 1745 964 1780 ῥίψεις

178 1787 231 1813 ὑπὸ
244 1788 347 1823 πατρὸς
364 1788 507 1823 μέλλοντος
521 1792 555 1825 τῇ
577 1791 659 1825 μητρὶ
671 1791 824 1826 τυπτομένῃ
839 1790 962 1825 ἀμύνειν,

177 1834 226 1860 καὶ
236 1834 393 1871 θεομαχίας,
406 1836 470 1868 ὅςας
490 1836 609 1872 "(lum/1;
626 1837 783 1872 πεποίηκεν,
805 1838 835 1864 οὐ
849 1838 965 1874 παραδε-

178 1879 257 1907 κτέον
267 1881 308 1911 εἰς
320 1881 369 1915 τὴν
383 1881 468 1914 πόλιν,
484 1882 538 1908 οὒτ’
564 1883 591 1908 ἐν
609 1883 746 1914 ὑπονοίαις
767 1884 962 1919 πεποιημένας,

179 1925 234 1952 οὔτ’
258 1926 327 1953 ἄνευ
339 1926 471 1954 ὑπονοιῶν
486 1926 534 1962 (9).
555 1937 563 1953 ι
597 1928 693 1962 Σαφῶς
714 1929 745 1964 δὴ
769 1929 811 1955 διὰ
826 1929 926 1955 τούτων
950 1930 964 1955 ὁ

179 1972 322 2007 φιλόσοφος
343 1972 391 1999 καὶ
410 1973 473 2004 τοὺς
492 1973 545 1999 τῶν
566 1974 686 2000 παλαιῶν
704 1974 802 2009 μύθους
816 1975 878 2006 τοὺς
901 1975 964 2010 περὶ

179 2016 260 2048 θεῶν,
276 2018 321 2044 καὶ
337 2017 386 2051 τὰς
399 2018 452 2045 τῶν
467 2018 558 2054 μύθων
575 2020 602 2045 ἐν
623 2020 759 2051 ὑπονοίαις
775 2020 900 2055 εἰρῆσθαι
921 2029 964 2046 νο-

181 2061 328 2097 μιζομένας
339 2063 510 2098 φυσιολογίας
529 2063 714 2100 παραιτητέας
735 2062 803 2090 εἶναι
825 2064 942 2091 διδάσκει
954 2074 961 2080 ·

179 2106 219 2138 ὡς
230 2107 324 2142 μηκέτ’
340 2109 444 2143 ἀλόγως
458 2110 522 2144 ἡμῖν
539 2110 586 2135 καὶ
597 2109 646 2145 τὴν
663 2110 694 2135 ἐκ
710 2108 811 2135 τούτων
822 2109 964 2144 ἀναχώρη-

182 2160 223 2179 σιν
234 2153 283 2189 τὴν
300 2154 346 2181 τοῦ
362 2155 486 2190 Σωτῆρος
501 2155 579 2191 ἡμῶν
594 2155 816 2190 εὐαγγελίζεσθαι
838 2155 963 2182 διδασκα-

179 2198 250 2231 λίαν,
262 2200 342 2227 ὁπότε
355 2201 402 2228 καὶ
414 2201 481 2236 πρὸς
491 2201 544 2228 τῶν
556 2202 662 2228 οἰκείων
679 2201 870 2238 ἁποϐέϐληται.
883 2202 963 2229 Ὅθεν

1010 289 1073 309 cum
1085 281 1198 316 reliquis
1210 281 1348 314 omnibus,
1362 289 1432 317 quos
1445 282 1587 310 amborum
1601 281 1699 311 fratres
1714 284 1795 320 vulgo

1010 327 1148 356 recenseri
1168 327 1313 360 novimus;
1335 327 1427 362 itaque
1440 327 1567 363 deinceps
1585 328 1682 364 reliqui
1697 336 1793 358 eorum

1010 373 1112 409 posteri
1130 378 1318 401 numerantur.
1333 382 1342 399 ι
1370 372 1432 401 Haec
1453 378 1528 406 sunt,
1550 374 1648 409 quibus
1661 374 1737 402 Plato
1762 383 1793 402 et

1012 419 1119 454 placitis
1152 419 1323 455 decretisque
1357 419 1445 455 legum
1472 419 1550 448 ﬁdem
1582 421 1681 449 habere
1704 422 1791 456 jubet.

1013 465 1120 492 tametsi
1140 473 1172 492 ca
1192 465 1274 493 nullis
1294 470 1340 493 aut
1361 466 1576 493 necessariorum
1598 471 1645 494 aut
1664 467 1792 502 probabi-

1012 511 1077 538 lium
1093 516 1313 544 argumentorum
1328 512 1471 540 momentis
1485 511 1534 539 niti
1553 511 1678 539 fateatur.
1697 513 1725 539 In
1739 521 1793 548 quo

1013 557 1162 584 notandum
1186 556 1251 583 illud
1270 557 1297 584 in
1317 558 1424 592 primis,
1444 558 1516 593 quod
1537 558 1602 585 nihil
1625 558 1737 585 omnino
1752 567 1794 586 re-

1012 602 1113 629 conditi
1138 602 1164 629 in
1187 602 1237 629 ista
1258 602 1429 637 egregiorum
1448 603 1592 630 numinum
1612 603 1654 630 vel
1675 603 1794 637 appella-

1012 648 1095 680 tione,
1113 647 1154 674 vel
1175 647 1281 682 generis
1301 648 1370 675 serie
1390 648 1533 682 contineri,
1560 648 1632 683 quod
1654 649 1792 684 physiolo-

1012 693 1062 729 gia:
1078 693 1227 720 rationibus
1243 693 1403 727 explicetur,
1418 695 1519 722 diserte
1533 695 1701 729 pronuntiat.
1721 694 1792 722 Idem

1012 747 1077 767 vero
1096 739 1159 766 alibi
1179 747 1256 766 suam
1274 740 1331 774 ipse
1351 744 1469 767 mentem
1490 740 1605 775 ingenue
1627 740 1794 775 candideque

1014 785 1147 819 aperiens,
1165 785 1201 812 ita
1225 785 1345 821 loquitur
1367 795 1397 812 τι
1413 784 1481 812 Tum
1495 792 1556 820 ego,
1579 786 1605 812 in
1626 786 1730 820 primis,
1753 786 1794 813 in-

1013 838 1106 865 quam,
1130 832 1277 858 maximum
1302 831 1367 858 illud
1389 839 1421 859 ac
1440 832 1473 858 de
1488 831 1614 858 maximis
1628 832 1708 859 rebus
1722 839 1795 859 men-

1014 877 1120 904 dacium
1139 877 1185 912 qui
1202 878 1315 913 protulit
1334 877 1478 911 Hesiodus,
1495 886 1548 905 non
1569 878 1635 905 satis
1650 878 1795 912 prudenter

1013 923 1143 950 mentitus
1157 929 1207 956 est,
1226 924 1282 951 sive
1293 924 1356 951 dum
1373 932 1415 955 ea,
1432 932 1492 958 qua:
1507 924 1734 957 comminiscitur,
1752 924 1794 951 fa-

1014 968 1106 995 cinora
1117 968 1192 998 Caelo
1203 969 1306 1001 tribuit,
1321 969 1378 997 sive
1388 969 1452 996 dum
1470 977 1537 1005 quas
1550 969 1684 997 Saturnus
1698 970 1732 997 de
1746 970 1792 997 illo

1014 1020 1109 1047 poenas
1126 1016 1295 1049 expetivcrit.
1318 1020 1522 1045 commemorat.
1540 1015 1607 1043 Nam
1630 1024 1690 1051 qua:
1705 1015 1796 1043 Satur-

1014 1067 1065 1086 nus
1085 1060 1154 1087 idem
1178 1061 1219 1088 vel
1239 1066 1409 1096 perpetrasse
1432 1062 1542 1095 dicitur,
1562 1062 1603 1089 vel
1625 1070 1639 1089 a
1659 1062 1715 1089 filio
1738 1070 1796 1097 pcr-

1015 1106 1119 1138 tulisse,
1142 1114 1173 1134 ea
1195 1114 1229 1134 ne
1245 1107 1267 1134 si
1281 1115 1344 1134 vera
1366 1107 1474 1142 quidem
1500 1112 1602 1141 essent,
1619 1112 1707 1135 tamen
1724 1108 1796 1142 apud

1015 1151 1139 1179 homines
1163 1152 1264 1179 nullius
1289 1153 1395 1179 consilii
1418 1160 1519 1187 eosque
1546 1153 1739 1183 adolescentes.
1767 1156 1796 1179 ut

1015 1197 1093 1224 facile
1113 1198 1180 1224 adeo
1196 1202 1351 1232 temereque
1371 1197 1548 1232 jactarentur,
1567 1206 1621 1225 non
1642 1199 1795 1233 probarem,

1015 1243 1061 1270 sed
1074 1243 1172 1278 potius,
1183 1248 1229 1270 aut
1240 1243 1390 1270 utomnino
1403 1243 1545 1270 silerentur
1558 1245 1675 1271 maxime
1685 1244 1794 1277 vellem;

1015 1292 1062 1314 aut
1083 1288 1106 1314 si
1129 1287 1238 1322 quando
1264 1287 1309 1314 illa
1331 1286 1448 1322 proferri
1472 1294 1582 1314 necesse
1605 1291 1688 1320 esset,
1702 1287 1795 1314 saltem

1015 1338 1044 1360 ut
1063 1338 1167 1361 secreto
1183 1337 1265 1367 atque
1284 1341 1299 1360 a
1314 1332 1409 1367 paucis
1429 1332 1597 1365 audirentur,
1612 1333 1657 1367 qui
1676 1340 1729 1359 non
1739 1332 1796 1366 jam

1015 1386 1138 1413 porcum,
1154 1378 1200 1405 sed
1216 1378 1344 1404 eximiam
1360 1377 1478 1411 aliquam
1500 1384 1644 1411 raramque
1659 1377 1796 1404 victimam

1015 1424 1210 1457 sacriﬁcarent,
1233 1428 1263 1450 ut
1287 1423 1339 1450 hoc
1359 1427 1439 1458 pacto
1460 1430 1515 1449 non
1542 1422 1594 1449 nisi
1617 1422 1797 1457 paucissimos

1016 1470 1150 1505 ejusmodi
1170 1469 1341 1497 sermonibus
1362 1470 1493 1497 interesse
1515 1469 1692 1504 contingeret.
1715 1469 1797 1501 Sane,

1015 1513 1103 1549 inquit
1125 1514 1179 1546 ille,
1198 1521 1293 1549 graves
1314 1514 1385 1541 enim
1408 1521 1440 1541 ac
1455 1514 1612 1548 perniciosae
1626 1514 1723 1541 fabula:
1739 1514 1798 1541 ista:

1016 1565 1089 1587 sunt.
1116 1559 1182 1592 lmo,
1211 1568 1261 1587 nec
1291 1559 1425 1587 ullatenus
1451 1560 1584 1595 (inquam,
1606 1567 1622 1587 ο
1645 1560 1796 1595 Adimante)

1015 1610 1107 1632 nostra
1123 1605 1150 1632 in
1164 1605 1302 1640 republica
1320 1605 1468 1632 audieudze.
1489 1604 1543 1632 Nec
1556 1606 1628 1633 enim
1645 1605 1796 1638 ferendum,

1016 1655 1045 1678 ut
1063 1651 1162 1685 juvene
1179 1651 1270 1685 aliquo
1287 1655 1418 1685 praesente
1435 1651 1550 1682 dicatur,
1563 1651 1604 1677 vel
1621 1651 1668 1685 qui
1690 1651 1797 1678 teterri-

1014 1696 1066 1723 mis
1083 1696 1237 1730 quibusque
1254 1695 1402 1723 sceleribus
1420 1696 1540 1730 seipsurn
1560 1695 1730 1730 obstringat,
1754 1695 1796 1723 vel

1014 1743 1061 1778 qui
1089 1748 1213 1778 acceptas
1244 1751 1259 1770 a
1287 1749 1363 1778 patre
1400 1743 1513 1777 injurias
1547 1743 1635 1770 modis
1668 1743 1796 1771 omnibus

1014 1790 1172 1824 ulciscatur,
1187 1797 1249 1817 eum
1271 1790 1338 1817 nihil
1355 1790 1499 1817 admodum
1518 1789 1660 1817 insolentis
1683 1797 1714 1817 ac
1732 1790 1796 1817 novi

1014 1841 1168 1870 perpetrare
1190 1858 1197 1870 ,
1219 1845 1281 1864 cum
1303 1845 1333 1864 ea
1348 1842 1453 1864 tantum
1482 1836 1579 1869 faciat,
1606 1844 1666 1871 qua:
1689 1844 1704 1863 a
1725 1835 1797 1870 prin-

1014 1880 1120 1915 cipibus
1146 1883 1328 1917 maximisque
1360 1883 1474 1910 deorum
1505 1880 1576 1908 facta
1599 1889 1658 1909 csse
1680 1885 1794 1909 constet.

1015 1926 1082 1953 Tum
1107 1927 1171 1955 ille:
1191 1927 1322 1962 Equidem
1350 1928 1400 1954 ista
1421 1935 1529 1962 quoque
1552 1934 1663 1962 prorsus
1688 1927 1796 1960 indigna

1014 1980 1121 2005 censeo,
1136 1981 1196 2007 qua:
1210 1974 1351 2000 hominum
1365 1974 1476 2001 auribus
1489 1974 1657 2001 occinantur.
1676 1972 1727 2006 77
1741 1971 1808 2006 Ego

1013 2028 1088 2054 vero,
1102 2021 1155 2048 Nec
1172 2021 1254 2053 illud,
1271 2021 1393 2056 inquam,
1408 2021 1463 2048 ullo
1484 2020 1565 2047 modo
1586 2019 1656 2047 lerre
1675 2026 1795 2053 possum,

1013 2071 1043 2093 ut
1066 2071 1160 2093 mutua
1180 2066 1294 2094 deorum
1314 2066 1401 2098 bella,
1425 2066 1545 2097 insidiae,
1563 2065 1708 2101 prmliaque
1734 2072 1797 2091 nar-

1014 2116 1117 2144 rentur,
1131 2120 1192 2139 cum
1207 2113 1233 2140 id
1245 2121 1339 2140 verum
1352 2121 1412 2141 esse
1427 2116 1552 2148 nequeut,
1562 2112 1584 2139 si
1598 2113 1678 2139 modo
1686 2111 1796 2146 quiser-

1013 2158 1129 2185 vandam
1154 2158 1414 2193 custodiendamque
1433 2158 1625 2192 rempublicam
1642 2158 1796 2192 suscepturi

1014 2209 1088 2237 sunt,
1110 2211 1157 2231 eos
1177 2209 1287 2232 mutuas
1313 2204 1460 2238 facilesque
1477 2204 1591 2230 nimium
1612 2203 1796 2231 dissensiones

180 2243 267 2271 ιπεισί
285 2253 330 2281 μοι
345 2246 392 2273 καὶ
406 2247 470 2278 τοὺς
486 2247 614 2280 παλαιοὺς
631 2247 684 2274 τῶν
702 2247 842 2282 Ῥωμαίων
859 2247 963 2283 θαυμά-

1016 2255 1143 2286 tanquam
1178 2250 1340 2278 foedissimas
1368 2250 1468 2277 habere
1503 2249 1645 2284 oportebit.
1680 2248 1796 2275 Tantum

228 2313 274 2348 99)
294 2312 383 2349 Locus
395 2319 481 2341 estex
496 2322 514 2341 ιι
528 2314 566 2341 De
577 2314 689 2348 republ.,
706 2322 733 2349 p.
748 2315 810 2342 429.

277 2349 307 2384 Τί
322 2348 368 2375 δαὶ
386 2349 433 2381 δή.
455 2349 541 2381 Plato,
560 2349 599 2375 Τὰ
613 2350 640 2375 δὲ
659 2348 825 2384 δήίῐηειίυδ.

216 2383 265 2419 (ν)
291 2383 481 2418 Ἀπόρῤητον.
502 2384 542 2411 PI.
559 2390 586 2411 el.
603 2392 664 2415 ms.,
685 2383 802 2419 ἄπορον,
828 2389 910 2417 recte,
933 2386 962 2413 ni

183 2415 269 2450 fallor,
293 2418 320 2445 id
343 2415 395 2451 est,
411 2415 501 2446 raram
522 2420 653 2446 victimam
671 2415 818 2454 paratuque
839 2415 963 2454 difficilli-

182 2461 312 2486 mam;ex
327 2461 382 2488 quo
397 2455 477 2481 etiam
493 2456 595 2489 optime
611 2455 743 2488 sequitur,
755 2463 855 2489 paucos
867 2456 963 2483 admo-

182 2489 245 2516 dum
260 2489 312 2516 hoc
329 2489 463 2516 sermonis
478 2497 563 2516 uenus
582 2489 731 2516 audituros.

201 2497 245 2516 um
260 2497 312 2516 HOC
329 2497 463 2516 SCI‘IIIOIIIS
478 2497 563 2516 εεηυε
582 2497 731 2516 auuuuros.

219 2497 245 2515 ru
260 2497 312 2516 noc
329 2497 463 2516 sermonis
478 2497 563 2524 genus
582 2497 731 2516 auuuuros.

218 2523 255 2556 (ἓ)
277 2524 371 2559 Ὅπως
382 2523 421 2550 ἂν
435 2524 520 2558 ἐλαχ.
541 2524 645 2556 Melius,
669 2533 749 2559 qualn
771 2529 801 2552 ut
822 2524 874 2557 PL,
902 2525 916 2551 ὃ
936 2535 962 2552 τι

181 2558 308 2620 meast}.
330 2557 411 2586 Forte
433 2561 590 2594 scripserat,
607 2557 685 2591 ὅπως
699 2560 731 2586 ἂν
748 2560 789 2586 ὅτι
812 2560 962 2595 ἐλαχίστοις

183 2601 239 2620 cuti.
284 2602 312 2620 τι.

183 2601 215 2620 συ
218 2601 300 2620 unum
304 2612 312 2619 .

216 2602 338 2667 Eadm:
359 2628 404 2662 ὅς.
435 2629 475 2667 ita
499 2629 673 2667 reposuimus
696 2638 731 2658 ex
753 2628 822 2658 Plat.
847 2637 897 2665 pro
919 2628 961 2667 ἧδ’

181 2663 253 2699 ὅσον,
268 2663 339 2696 quod
352 2665 496 2699 perspicue
512 2663 671 2692 mendosum
689 2670 756 2692 erat.

210 2698 247 2733 (4)
263 2698 430 2735 Καὶοῦλωέ.
437 2699 476 2727 Ita
482 2705 555 2728 recte
563 2699 883 2735 distinguitPlLoquitur
889 2700 961 2728 enim

183 2732 315 2760 Socrates.
330 2733 386 2761 lmo
407 2735 488 2768 e_tiam
510 2735 582 2770 apud
606 2732 675 2763 Plat.
697 2732 878 2770 interponitur
893 2735 961 2771 ἔφην

183 2773 243 2795 ante
254 2765 278 2795 ὧ
296 2769 400 2796 ’Δδείυη

182 2773 243 2795 ante
254 2769 278 2795 ὡ
296 2769 400 2795 ’Δίςείιι⁵

229 2777 243 2795 e
254 2777 278 2795 ω
303 2777 400 2804 Δοειμ.

227 2804 253 2838 5)
273 2804 391 2832 Δοτέον.
412 2803 593 2837 Ρ1.,λεκτέον,
603 2804 675 2839 quod
690 2803 795 2832 facilius
805 2809 856 2838 est,
869 2809 963 2833 tamet-

179 2838 202 2866 si
214 2838 303 2875 δοτέον
315 2840 419 2875 optinto
434 2848 514 2869 sensu
531 2840 583 2870 dici
597 2838 724 2875 potuerit.

214 2874 264 2908 (Β)
286 2873 367 2901 οὐδ’.
385 2873 467 2902 Forte
480 2875 541 2904 οὐκ,
553 2873 633 2903 Eois.

215 2910 252 2944 (li,
271 2908 334 2937 Hac
357 2909 429 2945 apud
449 2910 516 2938 Plat.
538 2910 578 2939 sic
601 2910 736 2946 leguntur,
750 2910 786 2944 ὡς
802 2910 901 2937 ἀδικῶν
925 2910 960 2938 τὰ

1013 2319 1123 2355 ἔσχατα,
1137 2319 1213 2347 οὐδὲν
1226 2319 1259 2346 ἂν
1271 2318 1426 2354 θαυμαστὸν
1439 2318 1520 2350 ποιοῖ,
1534 2325 1594 2352 qua:
1610 2317 1689 2345 lectio
1703 2317 1798 2352 purior

1013 2355 1128 2382 videtur.

1050 2390 1171 2425 (7)7Post
1190 2390 1311 2425 μέγιστοι
1325 2388 1402 2425 Plato
1430 2389 1465 2415 ita
1493 2387 1608 2415 scribit:
1626 2387 1663 2413 Οὐ
1687 2386 1725 2421 μὰ
1752 2386 1797 2412 τὸν

1013 2425 1072 2456 Δία,
1087 2424 1128 2460 ἧδ’
1144 2424 1251 2457 ὃςίοὺδ
1265 2424 1338 2460 αρτῷ
1355 2433 1408 2460 μοι,
1426 2429 1478 2460 etc:

1049 2460 1085 2494 (8)
1100 2456 1176 2486 ’Ὑπὸ
1189 2460 1264 2492 Διός.
1286 2456 1337 2490 Ρι.’,
1355 2456 1414 2485 ’ὑπὸ
1435 2457 1515 2488 υἱέος.
1549 2456 1654 2492 Jupiter
1672 2456 1797 2491 quidem,

1014 2494 1096 2523 Iliad.
1111 2496 1144 2527 0,
1157 2495 1199 2522 sui
1214 2500 1317 2521 tantum
1334 2494 1472 2520 meminit:

1032 2549 1039 2556 .
1051 2549 1057 2555 .
1069 2550 1076 2556 .
1097 2530 1165 2564 Περὶ
1176 2529 1261 2564 χερσὶ
1269 2529 1382 2562 δεσμὸν
1392 2528 1462 2564 ἴηλα
1471 2527 1609 2564 χρύσεοτ-
1617 2526 1775 2560 ἇρῤιηκτον.

1013 2563 1096 2626 Forte
1107 2562 1142 2592 ari
1158 2562 1269 2591 vulcani
1296 2571 1404 2599 quoque
1429 2563 1543 2590 lunonis
1565 2562 1611 2589 lilii
1633 2569 1714 2597 opera
1729 2569 1795 2589 risus

1026 2607 1081 2626 ueri
1097 2619 1106 2626 .

1026 2601 1106 2628 uerit.
1798 2623 1801 2628 .

1048 2634 1087 2671 (9)
1107 2636 1199 2671 Ἄνευ
1209 2633 1368 2671 ὐποη-οιιῖἱνΓ
1388 2632 1531 2671 Rationem
1548 2631 1795 2671 subjungitglatp,

1013 2665 1113 2698 sumini
1133 2668 1471 2705 philosophiteogitatione
1483 2665 1669 2705 dignissimam
1683 2667 1727 2693 :'0
1741 2665 1777 2701 τὰ

1012 2705 1082 2736 νέος,
1096 2701 1195 2738 inquit.
1209 2701 1258 2739 οὺῇ(
1270 2701 1326 2735 οἷός
1346 2701 1378 2739 ἷξε
1393 2703 1495 2739 κρίνειν
1506 2701 1559 2739 Ῠτί
1572 2711 1603 2729 τε
1617 2701 1738 2739 ὑπόνοια,
1749 2701 1785 2728 καὶ

1011 2740 1026 2767 δ
1043 2741 1096 2775 μή·
1113 2736 1170 2775 ἀλλξ
1184 2739 1202 2767 ἃ
1213 2736 1419 2775 armatam:
1433 2737 1470 2766 ὣν
1487 2738 1556 2775 λάὸῃ
1569 2739 1600 2775 εν
1615 2738 1677 2775 ταῖς
1688 2736 1796 2775 δόξειε.

1012 2768 1175 2801 δυοέὶινιπτά
1198 2782 1228 2800 τε
1251 2768 1296 2800 καί.
1319 2768 1493 2809 ἀμετάστατα
1509 2768 1580 2807 φιλεῖ
1591 2768 1796 2809 γίγνεσθαιξαν

1012 2809 1043 2846 δὴ
1059 2809 1106 2846 οιαὶ
1124 2809 1195 2846 ἴσως.
1210 2809 1302 2846 ἕνεκα,
1319 2806 1383 2844 περὶ
1399 2808 1498 2846 πανιεὸς
1517 2806 1651 2846 uetustior,
1668 2806 1796 2846 &_np_Grr¢

1011 2841 1164 2876 diououctv,
1176 2844 1217 2871 ὅτι
1235 2841 1365 2870 κάλλιστα
1380 2841 1622 2879 μεμυθολογημένα
1649 2841 1717 2879 πρὸς
1725 2841 1796 2877 ἀρε·-

1011 2879 1060 2916 τὴν
1075 2879 1190 2906 ἀκούειν.

1011 2887 1060 2906 ττιν
1075 2887 1190 2906 ακουειν.
