  <div class='ocr_page' id='page_1' title='image "/cluster/home/n/w/nwhite01/storage/ocr_20150623/21/njp.32101077772489/079.png"; bbox 0 0 2064 3212; ppageno 0'>
   <div class='ocr_carea' id='block_1_1' title="bbox 265 183 316 210">
    <p class='ocr_par' dir='ltr' id='par_1_1' title="bbox 265 183 316 210">
     <span class='ocr_line' id='line_1_1' title="bbox 265 183 316 210; baseline -0.039 0"><span class='ocrx_word' id='word_1_1' title='bbox 265 183 316 210; x_wconf 72' lang='lat' dir='ltr'><strong>N7</strong></span> 
     </span>
    </p>
   </div>
   <div class='ocr_carea' id='block_1_2' title="bbox 580 184 1554 216">
    <p class='ocr_par' dir='ltr' id='par_1_2' title="bbox 580 184 1554 216">
     <span class='ocr_line' id='line_1_2' title="bbox 580 184 1554 216; baseline 0.004 -4"><span class='ocrx_word' id='word_1_2' title='bbox 580 184 713 213; x_wconf 83' lang='lat' dir='ltr'><strong>EUSEBll</strong></span> <span class='ocrx_word' id='word_1_3' title='bbox 733 185 972 214; x_wconf 60' lang='lat' dir='ltr'><strong>CESARIENSIS</strong></span> <span class='ocrx_word' id='word_1_4' title='bbox 990 186 1064 215; x_wconf 83' lang='grc' dir='ltr'><strong>ΟΡΡ.</strong></span> <span class='ocrx_word' id='word_1_5' title='bbox 1087 186 1177 214; x_wconf 78' lang='lat' dir='ltr'><strong>PARS</strong></span> <span class='ocrx_word' id='word_1_6' title='bbox 1197 187 1228 214; x_wconf 87' lang='lat' dir='ltr'><strong>ll.</strong></span> <span class='ocrx_word' id='word_1_7' title='bbox 1250 201 1284 207; x_wconf 89' lang='lat'><strong>—</strong></span> <span class='ocrx_word' id='word_1_8' title='bbox 1301 187 1554 216; x_wconf 76' lang='lat' dir='ltr'><strong>APOLOGETICA.</strong></span> 
     </span>
    </p>
   </div>
   <div class='ocr_carea' id='block_1_3' title="bbox 1835 189 1884 219">
    <p class='ocr_par' dir='ltr' id='par_1_3' title="bbox 1835 189 1884 219">
     <span class='ocr_line' id='line_1_3' title="bbox 1835 189 1884 219; baseline 0.02 -1"><span class='ocrx_word' id='word_1_9' title='bbox 1835 189 1884 219; x_wconf 76' lang='lat' dir='ltr'><strong>ns</strong></span> 
     </span>
    </p>
   </div>
   <div class='ocr_carea' id='block_1_4' title="bbox 263 241 1033 283">
    <p class='ocr_par' dir='ltr' id='par_1_4' title="bbox 263 241 1033 279">
     <span class='ocr_line' id='line_1_4' title="bbox 263 241 1033 279; baseline 0.008 -13"><span class='ocrx_word' id='word_1_10' title='bbox 263 241 349 271; x_wconf 83' lang='lat' dir='ltr'><strong>abest.</strong></span> <span class='ocrx_word' id='word_1_11' title='bbox 365 245 394 267; x_wconf 92' lang='lat' dir='ltr'><strong>ut</strong></span> <span class='ocrx_word' id='word_1_12' title='bbox 410 241 443 268; x_wconf 90' lang='lat' dir='ltr'><strong>iis</strong></span> <span class='ocrx_word' id='word_1_13' title='bbox 461 245 507 268; x_wconf 91' lang='lat' dir='ltr'><strong>aut</strong></span> <span class='ocrx_word' id='word_1_14' title='bbox 531 242 670 277; x_wconf 81' lang='lat' dir='ltr'><strong>gigantum</strong></span> <span class='ocrx_word' id='word_1_15' title='bbox 688 250 793 278; x_wconf 81' lang='lat' dir='ltr'><strong>pugnas</strong></span> <span class='ocrx_word' id='word_1_16' title='bbox 808 244 951 279; x_wconf 72' lang='lat' dir='ltr'><strong>multiplici</strong></span> <span class='ocrx_word' id='word_1_17' title='bbox 971 244 1033 272; x_wconf 81' lang='lat' dir='ltr'><strong>fabu</strong></span> 
     </span>
    </p>
   </div>
   <div class='ocr_carea' id='block_1_5' title="bbox 1084 241 1885 283">
    <p class='ocr_par' dir='ltr' id='par_1_5' title="bbox 1097 245 1885 283">
     <span class='ocr_line' id='line_1_5' title="bbox 1097 245 1885 283; baseline 0.005 -13"><span class='ocrx_word' id='word_1_18' title='bbox 1097 245 1163 278; x_wconf 82' lang='grc' dir='ltr'>ζειν,</span> <span class='ocrx_word' id='word_1_19' title='bbox 1174 245 1234 271; x_wconf 87' lang='grc' dir='ltr'>τίνα</span> <span class='ocrx_word' id='word_1_20' title='bbox 1250 245 1349 280; x_wconf 72' lang='grc' dir='ltr'>τρόπον</span> <span class='ocrx_word' id='word_1_21' title='bbox 1361 245 1470 278; x_wconf 79' lang='grc' dir='ltr'>ἁπάσας</span> <span class='ocrx_word' id='word_1_22' title='bbox 1483 245 1532 278; x_wconf 81' lang='grc' dir='ltr'>τὰς</span> <span class='ocrx_word' id='word_1_23' title='bbox 1563 245 1716 281; x_wconf 74' lang='grc' dir='ltr'>Ἐλληνιγὶις</span> <span class='ocrx_word' id='word_1_24' title='bbox 1739 247 1801 283; x_wconf 74' lang='grc' dir='ltr'>περὶ</span> <span class='ocrx_word' id='word_1_25' title='bbox 1815 247 1885 276; x_wconf 70' lang='grc' dir='ltr'>θεῶν</span> 
     </span>
    </p>
   </div>
   <div class='ocr_carea' id='block_1_6' title="bbox 262 287 1046 327">
    <p class='ocr_par' dir='ltr' id='par_1_6' title="bbox 262 287 1046 327">
     <span class='ocr_line' id='line_1_6' title="bbox 262 287 1046 327; baseline 0.006 -13"><span class='ocrx_word' id='word_1_26' title='bbox 262 287 349 314; x_wconf 73' lang='lat' dir='ltr'><strong>larum</strong></span> <span class='ocrx_word' id='word_1_27' title='bbox 365 288 496 316; x_wconf 89' lang='lat' dir='ltr'><strong>varietate</strong></span> <span class='ocrx_word' id='word_1_28' title='bbox 510 296 677 323; x_wconf 87' lang='lat' dir='ltr'><strong>perspersas,</strong></span> <span class='ocrx_word' id='word_1_29' title='bbox 691 294 739 317; x_wconf 91' lang='lat' dir='ltr'><strong>aut</strong></span> <span class='ocrx_word' id='word_1_30' title='bbox 755 290 822 318; x_wconf 84' lang='lat' dir='ltr'><strong>alias</strong></span> <span class='ocrx_word' id='word_1_31' title='bbox 835 291 924 318; x_wconf 90' lang='lat' dir='ltr'><strong>omnis</strong></span> <span class='ocrx_word' id='word_1_32' title='bbox 939 291 1046 327; x_wconf 80' lang='lat' dir='ltr'><strong>generis</strong></span> 
     </span>
    </p>
   </div>
   <div class='ocr_carea' id='block_1_7' title="bbox 263 333 1045 370">
    <p class='ocr_par' dir='ltr' id='par_1_7' title="bbox 263 333 1045 370">
     <span class='ocr_line' id='line_1_7' title="bbox 263 333 1045 370; baseline 0.006 -10"><span class='ocrx_word' id='word_1_33' title='bbox 263 333 429 367; x_wconf 69' lang='lat' dir='ltr'><strong>inimicitias,</strong></span> <span class='ocrx_word' id='word_1_34' title='bbox 447 335 481 361; x_wconf 92' lang='lat' dir='ltr'><strong>ab</strong></span> <span class='ocrx_word' id='word_1_35' title='bbox 494 335 560 369; x_wconf 86' lang='lat' dir='ltr'><strong>ipsis</strong></span> <span class='ocrx_word' id='word_1_36' title='bbox 573 335 626 362; x_wconf 89' lang='lat' dir='ltr'><strong>diis</strong></span> <span class='ocrx_word' id='word_1_37' title='bbox 644 339 725 370; x_wconf 89' lang='lat' dir='ltr'><strong>atque</strong></span> <span class='ocrx_word' id='word_1_38' title='bbox 738 336 868 364; x_wconf 82' lang='lat' dir='ltr'><strong>heroibus</strong></span> <span class='ocrx_word' id='word_1_39' title='bbox 880 344 941 364; x_wconf 91' lang='lat' dir='ltr'><strong>cum</strong></span> <span class='ocrx_word' id='word_1_40' title='bbox 958 337 1045 364; x_wconf 78' lang='lat' dir='ltr'><strong>aﬂini-</strong></span> 
     </span>
    </p>
   </div>
   <div class='ocr_carea' id='block_1_8' title="bbox 262 379 1044 416">
    <p class='ocr_par' dir='ltr' id='par_1_8' title="bbox 262 379 1044 416">
     <span class='ocr_line' id='line_1_8' title="bbox 262 379 1044 416; baseline 0.006 -10"><span class='ocrx_word' id='word_1_41' title='bbox 262 379 313 406; x_wconf 91' lang='lat' dir='ltr'><strong>bus</strong></span> <span class='ocrx_word' id='word_1_42' title='bbox 338 381 551 415; x_wconf 67' lang='lat' dir='ltr'><strong>necessariisque</strong></span> <span class='ocrx_word' id='word_1_43' title='bbox 574 385 663 416; x_wconf 83' lang='lat' dir='ltr'><strong>gestas</strong></span> <span class='ocrx_word' id='word_1_44' title='bbox 685 381 822 410; x_wconf 89' lang='lat' dir='ltr'><strong>inculcare</strong></span> <span class='ocrx_word' id='word_1_45' title='bbox 845 383 948 410; x_wconf 85' lang='lat' dir='ltr'><strong>deceat.</strong></span> <span class='ocrx_word' id='word_1_46' title='bbox 973 382 1044 416; x_wconf 86' lang='lat' dir='ltr'><strong>Quin</strong></span> 
     </span>
    </p>
   </div>
   <div class='ocr_carea' id='block_1_9' title="bbox 262 425 1045 464">
    <p class='ocr_par' dir='ltr' id='par_1_9' title="bbox 262 425 1045 464">
     <span class='ocr_line' id='line_1_9' title="bbox 262 425 1045 464; baseline 0.006 -13"><span class='ocrx_word' id='word_1_47' title='bbox 262 425 328 457; x_wconf 86' lang='lat' dir='ltr'><strong>imo,</strong></span> <span class='ocrx_word' id='word_1_48' title='bbox 348 425 371 452; x_wconf 88' lang='lat' dir='ltr'><strong>si</strong></span> <span class='ocrx_word' id='word_1_49' title='bbox 387 429 504 452; x_wconf 85' lang='lat' dir='ltr'><strong>mentem</strong></span> <span class='ocrx_word' id='word_1_50' title='bbox 535 425 606 453; x_wconf 86' lang='lat' dir='ltr'><strong>hanc</strong></span> <span class='ocrx_word' id='word_1_51' title='bbox 630 427 734 454; x_wconf 76' lang='lat' dir='ltr'><strong>nostris</strong></span> <span class='ocrx_word' id='word_1_52' title='bbox 751 427 907 456; x_wconf 85' lang='lat' dir='ltr'><strong>hominibus</strong></span> <span class='ocrx_word' id='word_1_53' title='bbox 932 429 1045 464; x_wconf 84' lang='lat' dir='ltr'><strong>injicere</strong></span> 
     </span>
    </p>
   </div>
   <div class='ocr_carea' id='block_1_10' title="bbox 261 470 1042 508">
    <p class='ocr_par' dir='ltr' id='par_1_10' title="bbox 261 470 1042 508">
     <span class='ocr_line' id='line_1_10' title="bbox 261 470 1042 508; baseline 0.008 -12"><span class='ocrx_word' id='word_1_54' title='bbox 261 470 412 504; x_wconf 78' lang='lat' dir='ltr'><strong>cupiamus,</strong></span> <span class='ocrx_word' id='word_1_55' title='bbox 430 478 510 498; x_wconf 89' lang='lat' dir='ltr'><strong>nemo</strong></span> <span class='ocrx_word' id='word_1_56' title='bbox 528 477 558 498; x_wconf 90' lang='lat' dir='ltr'><strong>ut</strong></span> <span class='ocrx_word' id='word_1_57' title='bbox 575 479 694 507; x_wconf 83' lang='lat' dir='ltr'><strong>unquam</strong></span> <span class='ocrx_word' id='word_1_58' title='bbox 707 473 775 500; x_wconf 82' lang='lat' dir='ltr'><strong>civis</strong></span> <span class='ocrx_word' id='word_1_59' title='bbox 789 474 948 508; x_wconf 83' lang='lat' dir='ltr'><strong>popularem</strong></span> <span class='ocrx_word' id='word_1_60' title='bbox 962 483 1042 502; x_wconf 90' lang='lat' dir='ltr'><strong>suum</strong></span> 
     </span>
    </p>
   </div>
   <div class='ocr_carea' id='block_1_11' title="bbox 260 516 1043 555">
    <p class='ocr_par' dir='ltr' id='par_1_11' title="bbox 260 516 1043 555">
     <span class='ocr_line' id='line_1_11' title="bbox 260 516 1043 555; baseline 0.006 -12"><span class='ocrx_word' id='word_1_61' title='bbox 260 516 323 544; x_wconf 90' lang='lat' dir='ltr'><strong>odio</strong></span> <span class='ocrx_word' id='word_1_62' title='bbox 341 522 531 552; x_wconf 86' lang='lat' dir='ltr'><strong>prosequatur,</strong></span> <span class='ocrx_word' id='word_1_63' title='bbox 558 518 664 553; x_wconf 89' lang='lat' dir='ltr'><strong>hocque</strong></span> <span class='ocrx_word' id='word_1_64' title='bbox 677 518 753 547; x_wconf 78' lang='lat' dir='ltr'><strong>nefas</strong></span> <span class='ocrx_word' id='word_1_65' title='bbox 773 519 824 546; x_wconf 87' lang='lat' dir='ltr'><strong>sibi</strong></span> <span class='ocrx_word' id='word_1_66' title='bbox 851 524 880 547; x_wconf 90' lang='lat' dir='ltr'><strong>ut</strong></span> <span class='ocrx_word' id='word_1_67' title='bbox 899 528 960 548; x_wconf 88' lang='lat' dir='ltr'><strong>esse</strong></span> <span class='ocrx_word' id='word_1_68' title='bbox 981 528 1043 555; x_wconf 88' lang='lat' dir='ltr'><strong>per-</strong></span> 
     </span>
    </p>
   </div>
   <div class='ocr_carea' id='block_1_12' title="bbox 258 563 1041 600">
    <p class='ocr_par' dir='ltr' id='par_1_12' title="bbox 258 563 1041 600">
     <span class='ocr_line' id='line_1_12' title="bbox 258 563 1041 600; baseline 0.005 -11"><span class='ocrx_word' id='word_1_69' title='bbox 258 563 391 590; x_wconf 75' lang='lat' dir='ltr'><strong>suadeant</strong></span> <span class='ocrx_word' id='word_1_70' title='bbox 404 573 410 590; x_wconf 88' lang='lat'><strong>:</strong></span> <span class='ocrx_word' id='word_1_71' title='bbox 423 563 508 591; x_wconf 77' lang='lat' dir='ltr'><strong>danda</strong></span> <span class='ocrx_word' id='word_1_72' title='bbox 527 571 609 599; x_wconf 85' lang='lat' dir='ltr'><strong>opera</strong></span> <span class='ocrx_word' id='word_1_73' title='bbox 627 563 718 598; x_wconf 79' lang='lat' dir='ltr'><strong>fuerit,</strong></span> <span class='ocrx_word' id='word_1_74' title='bbox 732 569 764 592; x_wconf 88' lang='lat' dir='ltr'><strong>ut</strong></span> <span class='ocrx_word' id='word_1_75' title='bbox 776 572 837 600; x_wconf 69' lang='lat' dir='ltr'><strong>quae</strong></span> <span class='ocrx_word' id='word_1_76' title='bbox 853 565 923 593; x_wconf 88' lang='lat' dir='ltr'><strong>hanc</strong></span> <span class='ocrx_word' id='word_1_77' title='bbox 939 566 967 593; x_wconf 92' lang='lat' dir='ltr'><strong>in</strong></span> <span class='ocrx_word' id='word_1_78' title='bbox 983 574 1041 593; x_wconf 88' lang='lat' dir='ltr'><strong>rem</strong></span> 
     </span>
    </p>
   </div>
   <div class='ocr_carea' id='block_1_13' title="bbox 258 610 1042 648">
    <p class='ocr_par' dir='ltr' id='par_1_13' title="bbox 258 610 1042 648">
     <span class='ocr_line' id='line_1_13' title="bbox 258 610 1042 648; baseline 0.006 -13"><span class='ocrx_word' id='word_1_79' title='bbox 258 614 408 644; x_wconf 87' lang='lat' dir='ltr'><strong>opportuna</strong></span> <span class='ocrx_word' id='word_1_80' title='bbox 426 610 598 644; x_wconf 91' lang='lat' dir='ltr'><strong>videbuntur,</strong></span> <span class='ocrx_word' id='word_1_81' title='bbox 615 619 649 638; x_wconf 85' lang='lat' dir='ltr'><strong>ea</strong></span> <span class='ocrx_word' id='word_1_82' title='bbox 671 619 726 639; x_wconf 92' lang='lat' dir='ltr'><strong>non</strong></span> <span class='ocrx_word' id='word_1_83' title='bbox 749 612 832 639; x_wconf 89' lang='lat' dir='ltr'><strong>modo</strong></span> <span class='ocrx_word' id='word_1_84' title='bbox 855 619 936 640; x_wconf 90' lang='lat' dir='ltr'><strong>senes</strong></span> <span class='ocrx_word' id='word_1_85' title='bbox 961 617 1042 648; x_wconf 88' lang='lat' dir='ltr'><strong>atque</strong></span> 
     </span>
    </p>
   </div>
   <div class='ocr_carea' id='block_1_14' title="bbox 257 657 1040 692">
    <p class='ocr_par' dir='ltr' id='par_1_14' title="bbox 257 657 1040 692">
     <span class='ocr_line' id='line_1_14' title="bbox 257 657 1040 692; baseline 0.006 -11"><span class='ocrx_word' id='word_1_86' title='bbox 257 663 344 687; x_wconf 84' lang='lat' dir='ltr'><strong>anus,</strong></span> <span class='ocrx_word' id='word_1_87' title='bbox 368 657 469 691; x_wconf 81' lang='lat' dir='ltr'><strong>quique</strong></span> <span class='ocrx_word' id='word_1_88' title='bbox 497 657 564 685; x_wconf 86' lang='lat' dir='ltr'><strong>adeo</strong></span> <span class='ocrx_word' id='word_1_89' title='bbox 584 657 640 692; x_wconf 89' lang='lat' dir='ltr'><strong>jam</strong></span> <span class='ocrx_word' id='word_1_90' title='bbox 661 662 738 686; x_wconf 63' lang='lat' dir='ltr'><strong>aetate</strong></span> <span class='ocrx_word' id='word_1_91' title='bbox 761 658 924 686; x_wconf 76' lang='lat' dir='ltr'><strong>maturiores</strong></span> <span class='ocrx_word' id='word_1_92' title='bbox 948 663 1040 690; x_wconf 82' lang='lat' dir='ltr'><strong>erunt,</strong></span> 
     </span>
    </p>
   </div>
   <div class='ocr_carea' id='block_1_15' title="bbox 1099 292 1884 328">
    <p class='ocr_par' dir='ltr' id='par_1_15' title="bbox 1099 292 1884 328">
     <span class='ocr_line' id='line_1_15' title="bbox 1099 292 1884 328; baseline 0.003 -10"><span class='ocrx_word' id='word_1_93' title='bbox 1099 292 1271 326; x_wconf 74' lang='grc' dir='ltr'>φυσιολογίας</span> <span class='ocrx_word' id='word_1_94' title='bbox 1280 292 1396 324; x_wconf 83' lang='grc' dir='ltr'><strong>ἀτόπους</strong></span> <span class='ocrx_word' id='word_1_95' title='bbox 1405 292 1487 324; x_wconf 75' lang='grc' dir='ltr'>οὔσας</span> <span class='ocrx_word' id='word_1_96' title='bbox 1501 293 1548 319; x_wconf 82' lang='grc' dir='ltr'>καὶ</span> <span class='ocrx_word' id='word_1_97' title='bbox 1562 292 1719 327; x_wconf 80' lang='grc' dir='ltr'><strong>ἀνωφελεῖς,</strong></span> <span class='ocrx_word' id='word_1_98' title='bbox 1740 293 1842 328; x_wconf 80' lang='grc' dir='ltr'>μᾶλλον</span> <span class='ocrx_word' id='word_1_99' title='bbox 1854 293 1884 320; x_wconf 70' lang='grc' dir='ltr'><strong>δέ</strong></span> 
     </span>
    </p>
   </div>
   <div class='ocr_carea' id='block_1_16' title="bbox 1100 338 1883 375">
    <p class='ocr_par' dir='ltr' id='par_1_16' title="bbox 1100 338 1883 375">
     <span class='ocr_line' id='line_1_16' title="bbox 1100 338 1883 375; baseline 0.001 -10"><span class='ocrx_word' id='word_1_100' title='bbox 1100 338 1280 374; x_wconf 77' lang='grc' dir='ltr'>βεϐιασμένας</span> <span class='ocrx_word' id='word_1_101' title='bbox 1294 338 1342 365; x_wconf 70' lang='grc' dir='ltr'>καὶ</span> <span class='ocrx_word' id='word_1_102' title='bbox 1358 338 1524 371; x_wconf 83' lang='grc' dir='ltr'>ἀσυστάτους</span> <span class='ocrx_word' id='word_1_103' title='bbox 1542 340 1757 375; x_wconf 81' lang='grc' dir='ltr'><strong>κατανοήσαντες</strong></span> <span class='ocrx_word' id='word_1_104' title='bbox 1769 359 1776 371; x_wconf 84' lang='grc'><strong>,</strong></span> <span class='ocrx_word' id='word_1_105' title='bbox 1791 340 1883 372; x_wconf 76' lang='grc' dir='ltr'>αὐτοῖς</span> 
     </span>
    </p>
   </div>
   <div class='ocr_carea' id='block_1_17' title="bbox 1100 384 1882 421">
    <p class='ocr_par' dir='ltr' id='par_1_17' title="bbox 1100 384 1882 421">
     <span class='ocr_line' id='line_1_17' title="bbox 1100 384 1882 421; baseline 0.001 -9"><span class='ocrx_word' id='word_1_106' title='bbox 1100 385 1194 420; x_wconf 79' lang='grc' dir='ltr'><strong>μύθοις</strong></span> <span class='ocrx_word' id='word_1_107' title='bbox 1206 385 1254 420; x_wconf 82' lang='grc' dir='ltr'><strong>τῆς</strong></span> <span class='ocrx_word' id='word_1_108' title='bbox 1269 384 1370 416; x_wconf 69' lang='grc' dir='ltr'>οἰκείας</span> <span class='ocrx_word' id='word_1_109' title='bbox 1384 385 1570 421; x_wconf 76' lang='grc' dir='ltr'>περιέγραψαν</span> <span class='ocrx_word' id='word_1_110' title='bbox 1586 385 1731 420; x_wconf 79' lang='grc' dir='ltr'><strong>θεολογίας.</strong></span> <span class='ocrx_word' id='word_1_111' title='bbox 1741 386 1795 412; x_wconf 76' lang='grc' dir='ltr'>Καὶ</span> <span class='ocrx_word' id='word_1_112' title='bbox 1804 385 1882 413; x_wconf 82' lang='grc' dir='ltr'>τοῦτο</span> 
     </span>
    </p>
   </div>
   <div class='ocr_carea' id='block_1_18' title="bbox 1097 431 1883 468">
    <p class='ocr_par' dir='ltr' id='par_1_18' title="bbox 1097 431 1883 468">
     <span class='ocr_line' id='line_1_18' title="bbox 1097 431 1883 468; baseline -0.001 -9"><span class='ocrx_word' id='word_1_113' title='bbox 1097 433 1126 459; x_wconf 76' lang='grc' dir='ltr'><strong>δέ</strong></span> <span class='ocrx_word' id='word_1_114' title='bbox 1146 441 1186 459; x_wconf 75' lang='grc' dir='ltr'><strong>σοι</strong></span> <span class='ocrx_word' id='word_1_115' title='bbox 1200 431 1300 466; x_wconf 81' lang='grc' dir='ltr'>γνῶναι</span> <span class='ocrx_word' id='word_1_116' title='bbox 1316 432 1448 468; x_wconf 84' lang='grc' dir='ltr'>πάρεστιν</span> <span class='ocrx_word' id='word_1_117' title='bbox 1465 431 1518 458; x_wconf 79' lang='grc' dir='ltr'><strong>ἀπδ</strong></span> <span class='ocrx_word' id='word_1_118' title='bbox 1530 432 1578 467; x_wconf 86' lang='grc' dir='ltr'>τῆς</span> <span class='ocrx_word' id='word_1_119' title='bbox 1589 431 1726 458; x_wconf 75' lang='grc' dir='ltr'>Διονυσίου</span> <span class='ocrx_word' id='word_1_120' title='bbox 1743 431 1790 458; x_wconf 74' lang='grc' dir='ltr'><strong>τοῦ</strong></span> <span class='ocrx_word' id='word_1_121' title='bbox 1810 431 1883 458; x_wconf 75' lang='grc' dir='ltr'>Ἀλι-</span> 
     </span>
    </p>
   </div>
   <div class='ocr_carea' id='block_1_19' title="bbox 1098 473 1882 512">
    <p class='ocr_par' dir='ltr' id='par_1_19' title="bbox 1098 473 1882 512">
     <span class='ocr_line' id='line_1_19' title="bbox 1098 473 1882 512; baseline 0 -8"><span class='ocrx_word' id='word_1_122' title='bbox 1098 477 1253 512; x_wconf 82' lang='grc' dir='ltr'>καρνασέως</span> <span class='ocrx_word' id='word_1_123' title='bbox 1276 476 1434 512; x_wconf 78' lang='grc' dir='ltr'>Ῥωμαῖκῆς</span> <span class='ocrx_word' id='word_1_124' title='bbox 1449 476 1647 511; x_wconf 73' lang='grc' dir='ltr'>ἀρχαιολογίας.</span> <span class='ocrx_word' id='word_1_125' title='bbox 1671 473 1757 508; x_wconf 72' lang='grc' dir='ltr'>Οὗτος</span> <span class='ocrx_word' id='word_1_126' title='bbox 1773 476 1827 512; x_wconf 76' lang='grc' dir='ltr'><strong>γὰρ</strong></span> <span class='ocrx_word' id='word_1_127' title='bbox 1852 477 1882 504; x_wconf 79' lang='grc' dir='ltr'>ὲν</span> 
     </span>
    </p>
   </div>
   <div class='ocr_carea' id='block_1_20' title="bbox 1095 522 1882 558">
    <p class='ocr_par' dir='ltr' id='par_1_20' title="bbox 1095 522 1882 558">
     <span class='ocr_line' id='line_1_20' title="bbox 1095 522 1882 558; baseline 0.001 -9"><span class='ocrx_word' id='word_1_128' title='bbox 1095 522 1135 558; x_wconf 81' lang='grc' dir='ltr'>τῷ</span> <span class='ocrx_word' id='word_1_129' title='bbox 1146 522 1273 558; x_wconf 80' lang='grc' dir='ltr'><strong>δευτέρῳ,</strong></span> <span class='ocrx_word' id='word_1_130' title='bbox 1286 522 1320 549; x_wconf 76' lang='grc' dir='ltr'><strong>τὰ</strong></span> <span class='ocrx_word' id='word_1_131' title='bbox 1335 522 1405 549; x_wconf 76' lang='grc' dir='ltr'><strong>κατά</strong></span> <span class='ocrx_word' id='word_1_132' title='bbox 1425 523 1562 558; x_wconf 85' lang='grc' dir='ltr'><strong>Ῥωμύλον</strong></span> <span class='ocrx_word' id='word_1_133' title='bbox 1578 523 1623 549; x_wconf 79' lang='grc' dir='ltr'><strong>τὸν</strong></span> <span class='ocrx_word' id='word_1_134' title='bbox 1638 522 1745 557; x_wconf 80' lang='grc' dir='ltr'>πρῶτον</span> <span class='ocrx_word' id='word_1_135' title='bbox 1769 523 1882 558; x_wconf 75' lang='grc' dir='ltr'>κτίστην</span> 
     </span>
    </p>
   </div>
   <div class='ocr_carea' id='block_1_21' title="bbox 1095 565 1880 602">
    <p class='ocr_par' dir='ltr' id='par_1_21' title="bbox 1095 565 1880 602">
     <span class='ocr_line' id='line_1_21' title="bbox 1095 565 1880 602; baseline 0.003 -10"><span class='ocrx_word' id='word_1_136' title='bbox 1095 565 1258 601; x_wconf 80' lang='grc' dir='ltr'>τῆςῬώμης</span> <span class='ocrx_word' id='word_1_137' title='bbox 1269 565 1393 602; x_wconf 76' lang='grc' dir='ltr'>ἱστορῶν,</span> <span class='ocrx_word' id='word_1_138' title='bbox 1404 566 1438 593; x_wconf 87' lang='grc' dir='ltr'>τά</span> <span class='ocrx_word' id='word_1_139' title='bbox 1454 575 1483 593; x_wconf 85' lang='grc' dir='ltr'><strong>τε</strong></span> <span class='ocrx_word' id='word_1_140' title='bbox 1498 567 1564 594; x_wconf 78' lang='grc' dir='ltr'>ἀλλα</span> <span class='ocrx_word' id='word_1_141' title='bbox 1577 566 1701 598; x_wconf 76' lang='grc' dir='ltr'>διέξεισιν</span> <span class='ocrx_word' id='word_1_142' title='bbox 1719 566 1801 593; x_wconf 78' lang='grc' dir='ltr'>αὐτοῦ</span> <span class='ocrx_word' id='word_1_143' title='bbox 1813 576 1880 594; x_wconf 86' lang='grc' dir='ltr'>κατ-</span> 
     </span>
    </p>
   </div>
   <div class='ocr_carea' id='block_1_22' title="bbox 1093 611 1881 649">
    <p class='ocr_par' dir='ltr' id='par_1_22' title="bbox 1093 611 1881 649">
     <span class='ocr_line' id='line_1_22' title="bbox 1093 611 1881 649; baseline 0.003 -11"><span class='ocrx_word' id='word_1_144' title='bbox 1093 611 1249 648; x_wconf 84' lang='grc' dir='ltr'>ορθώματα,</span> <span class='ocrx_word' id='word_1_145' title='bbox 1269 612 1287 639; x_wconf 75' lang='grc' dir='ltr'><strong>ἀ</strong></span> <span class='ocrx_word' id='word_1_146' title='bbox 1303 621 1332 640; x_wconf 85' lang='grc' dir='ltr'><strong>τε</strong></span> <span class='ocrx_word' id='word_1_147' title='bbox 1353 613 1400 639; x_wconf 80' lang='grc' dir='ltr'>καὶ</span> <span class='ocrx_word' id='word_1_148' title='bbox 1414 612 1448 639; x_wconf 72' lang='grc' dir='ltr'>τὰ</span> <span class='ocrx_word' id='word_1_149' title='bbox 1466 613 1529 648; x_wconf 72' lang='grc' dir='ltr'>περὶ</span> <span class='ocrx_word' id='word_1_150' title='bbox 1545 613 1626 640; x_wconf 84' lang='grc' dir='ltr'>τῶνδε</span> <span class='ocrx_word' id='word_1_151' title='bbox 1646 613 1740 640; x_wconf 62' lang='grc' dir='ltr'>τοῦτον</span> <span class='ocrx_word' id='word_1_152' title='bbox 1765 614 1881 649; x_wconf 70' lang='grc' dir='ltr'>γράφων</span> 
     </span>
    </p>
   </div>
   <div class='ocr_carea' id='block_1_23' title="bbox 1094 657 1264 692">
    <p class='ocr_par' dir='ltr' id='par_1_23' title="bbox 1094 657 1264 692">
     <span class='ocr_line' id='line_1_23' title="bbox 1094 657 1264 692; baseline 0 -9"><span class='ocrx_word' id='word_1_153' title='bbox 1094 657 1139 684; x_wconf 70' lang='grc' dir='ltr'>τὸν</span> <span class='ocrx_word' id='word_1_154' title='bbox 1154 657 1264 692; x_wconf 80' lang='grc' dir='ltr'>τρόπον.</span> 
     </span>
    </p>
   </div>
   <div class='ocr_carea' id='block_1_24' title="bbox 258 701 1879 743">
    <p class='ocr_par' dir='ltr' id='par_1_24' title="bbox 258 701 1879 743">
     <span class='ocr_line' id='line_1_24' title="bbox 258 701 1879 743; baseline 0.003 -15"><span class='ocrx_word' id='word_1_155' title='bbox 258 701 348 736; x_wconf 84' lang='lat' dir='ltr'><strong>pueris</strong></span> <span class='ocrx_word' id='word_1_156' title='bbox 379 703 476 730; x_wconf 88' lang='lat' dir='ltr'><strong>crebro</strong></span> <span class='ocrx_word' id='word_1_157' title='bbox 503 709 735 739; x_wconf 81' lang='lat' dir='ltr'><strong>commemOrent;</strong></span> <span class='ocrx_word' id='word_1_158' title='bbox 771 713 865 733; x_wconf 89' lang='lat' dir='ltr'><strong>verum</strong></span> <span class='ocrx_word' id='word_1_159' title='bbox 904 706 986 733; x_wconf 88' lang='lat' dir='ltr'><strong>etiam</strong></span> <span class='ocrx_word' id='word_1_160' title='bbox 1019 710 1051 732; x_wconf 93' lang='lat' dir='ltr'><strong>ut</strong></span> <span class='ocrx_word' id='word_1_161' title='bbox 1081 709 1168 739; x_wconf 80' lang='lat' dir='ltr'><strong>poetae</strong></span> <span class='ocrx_word' id='word_1_162' title='bbox 1194 704 1298 732; x_wconf 82' lang='lat' dir='ltr'><strong>similes</strong></span> <span class='ocrx_word' id='word_1_163' title='bbox 1323 712 1431 740; x_wconf 86' lang='lat' dir='ltr'><strong>quoque</strong></span> <span class='ocrx_word' id='word_1_164' title='bbox 1459 704 1566 732; x_wconf 81' lang='lat' dir='ltr'><strong>fabulas</strong></span> <span class='ocrx_word' id='word_1_165' title='bbox 1595 705 1714 734; x_wconf 85' lang='lat' dir='ltr'><strong>scribere</strong></span> <span class='ocrx_word' id='word_1_166' title='bbox 1735 710 1879 743; x_wconf 76' lang='lat' dir='ltr'><strong>cogantur.</strong></span> 
     </span>
    </p>
   </div>
   <div class='ocr_carea' id='block_1_25' title="bbox 255 745 1878 787">
    <p class='ocr_par' dir='ltr' id='par_1_25' title="bbox 255 745 1878 787">
     <span class='ocr_line' id='line_1_25' title="bbox 255 745 1878 787; baseline 0.004 -13"><span class='ocrx_word' id='word_1_167' title='bbox 255 745 323 774; x_wconf 81' lang='lat' dir='ltr'><strong>Nam</strong></span> <span class='ocrx_word' id='word_1_168' title='bbox 351 747 448 782; x_wconf 81' lang='lat' dir='ltr'><strong>injecta</strong></span> <span class='ocrx_word' id='word_1_169' title='bbox 470 749 581 784; x_wconf 87' lang='lat' dir='ltr'><strong>quidem</strong></span> <span class='ocrx_word' id='word_1_170' title='bbox 602 748 702 776; x_wconf 80' lang='lat' dir='ltr'><strong>Juliani</strong></span> <span class='ocrx_word' id='word_1_171' title='bbox 727 757 742 777; x_wconf 90' lang='lat' dir='ltr'><strong>a</strong></span> <span class='ocrx_word' id='word_1_172' title='bbox 768 751 824 778; x_wconf 82' lang='lat' dir='ltr'><strong>tilio</strong></span> <span class='ocrx_word' id='word_1_173' title='bbox 847 751 972 784; x_wconf 86' lang='lat' dir='ltr'><strong>vincula,</strong></span> <span class='ocrx_word' id='word_1_174' title='bbox 995 755 1042 778; x_wconf 85' lang='lat' dir='ltr'><strong>aut</strong></span> <span class='ocrx_word' id='word_1_175' title='bbox 1066 749 1219 778; x_wconf 80' lang='lat' dir='ltr'><strong>Vulcanum</strong></span> <span class='ocrx_word' id='word_1_176' title='bbox 1239 749 1404 785; x_wconf 65' lang='lat' dir='ltr'><strong>praecipitem</strong></span> <span class='ocrx_word' id='word_1_177' title='bbox 1429 757 1444 777; x_wconf 89' lang='lat' dir='ltr'><strong>a</strong></span> <span class='ocrx_word' id='word_1_178' title='bbox 1462 755 1541 786; x_wconf 84' lang='lat' dir='ltr'><strong>patre</strong></span> <span class='ocrx_word' id='word_1_179' title='bbox 1567 755 1673 784; x_wconf 78' lang='lat' dir='ltr'><strong>actum,</strong></span> <span class='ocrx_word' id='word_1_180' title='bbox 1703 753 1776 787; x_wconf 87' lang='lat' dir='ltr'><strong>quod</strong></span> <span class='ocrx_word' id='word_1_181' title='bbox 1804 752 1878 780; x_wconf 92' lang='lat' dir='ltr'><strong>ini-</strong></span> 
     </span>
    </p>
   </div>
   <div class='ocr_carea' id='block_1_26' title="bbox 254 792 1878 831">
    <p class='ocr_par' dir='ltr' id='par_1_26' title="bbox 254 792 1878 831">
     <span class='ocr_line' id='line_1_26' title="bbox 254 792 1878 831; baseline 0.002 -10"><span class='ocrx_word' id='word_1_182' title='bbox 254 798 313 821; x_wconf 89' lang='lat' dir='ltr'><strong>ctas</strong></span> <span class='ocrx_word' id='word_1_183' title='bbox 333 794 412 821; x_wconf 87' lang='lat' dir='ltr'><strong>matri</strong></span> <span class='ocrx_word' id='word_1_184' title='bbox 439 794 533 829; x_wconf 82' lang='lat' dir='ltr'><strong>plagas</strong></span> <span class='ocrx_word' id='word_1_185' title='bbox 549 795 711 830; x_wconf 87' lang='lat' dir='ltr'><strong>propulsare</strong></span> <span class='ocrx_word' id='word_1_186' title='bbox 738 800 894 829; x_wconf 77' lang='lat' dir='ltr'><strong>conaretur,</strong></span> <span class='ocrx_word' id='word_1_187' title='bbox 914 801 963 823; x_wconf 83' lang='lat' dir='ltr'><strong>aut</strong></span> <span class='ocrx_word' id='word_1_188' title='bbox 983 795 1119 831; x_wconf 86' lang='lat' dir='ltr'><strong>ejusmodi</strong></span> <span class='ocrx_word' id='word_1_189' title='bbox 1140 795 1284 823; x_wconf 88' lang='lat' dir='ltr'><strong>numinum</strong></span> <span class='ocrx_word' id='word_1_190' title='bbox 1315 792 1436 830; x_wconf 75' lang='lat' dir='ltr'><strong>pugnas,</strong></span> <span class='ocrx_word' id='word_1_191' title='bbox 1456 796 1550 831; x_wconf 82' lang='lat' dir='ltr'><strong>quales</strong></span> <span class='ocrx_word' id='word_1_192' title='bbox 1579 797 1658 825; x_wconf 90' lang='lat' dir='ltr'><strong>nobis</strong></span> <span class='ocrx_word' id='word_1_193' title='bbox 1680 796 1813 825; x_wconf 76' lang='lat' dir='ltr'><strong>Homerus</strong></span> <span class='ocrx_word' id='word_1_194' title='bbox 1835 798 1878 825; x_wconf 76' lang='lat' dir='ltr'><strong>la-</strong></span> 
     </span>
    </p>
   </div>
   <div class='ocr_carea' id='block_1_27' title="bbox 256 839 1879 879">
    <p class='ocr_par' dir='ltr' id='par_1_27' title="bbox 256 839 1879 879">
     <span class='ocr_line' id='line_1_27' title="bbox 256 839 1879 879; baseline 0.002 -12"><span class='ocrx_word' id='word_1_195' title='bbox 256 839 374 873; x_wconf 87' lang='lat' dir='ltr'><strong>bulatur,</strong></span> <span class='ocrx_word' id='word_1_196' title='bbox 403 847 450 866; x_wconf 91' lang='lat' dir='ltr'><strong>seu</strong></span> <span class='ocrx_word' id='word_1_197' title='bbox 473 840 589 868; x_wconf 81' lang='lat' dir='ltr'><strong>latentes</strong></span> <span class='ocrx_word' id='word_1_198' title='bbox 618 840 751 875; x_wconf 87' lang='lat' dir='ltr'><strong>quosdam</strong></span> <span class='ocrx_word' id='word_1_199' title='bbox 777 840 914 876; x_wconf 78' lang='lat' dir='ltr'><strong>allegoria:</strong></span> <span class='ocrx_word' id='word_1_200' title='bbox 944 848 1042 868; x_wconf 88' lang='lat' dir='ltr'><strong>sensus</strong></span> <span class='ocrx_word' id='word_1_201' title='bbox 1072 840 1247 873; x_wconf 82' lang='lat' dir='ltr'><strong>contineant,</strong></span> <span class='ocrx_word' id='word_1_202' title='bbox 1266 848 1314 868; x_wconf 91' lang='lat' dir='ltr'><strong>seu</strong></span> <span class='ocrx_word' id='word_1_203' title='bbox 1329 841 1547 871; x_wconf 79' lang='lat' dir='ltr'><strong>nullos,aditum</strong></span> <span class='ocrx_word' id='word_1_204' title='bbox 1574 848 1696 870; x_wconf 88' lang='lat' dir='ltr'><strong>nostram</strong></span> <span class='ocrx_word' id='word_1_205' title='bbox 1720 844 1754 871; x_wconf 89' lang='lat' dir='ltr'><strong>ad</strong></span> <span class='ocrx_word' id='word_1_206' title='bbox 1768 852 1879 879; x_wconf 79' lang='lat' dir='ltr'><strong>rempu-</strong></span> 
     </span>
    </p>
   </div>
   <div class='ocr_carea' id='block_1_28' title="bbox 254 886 1876 925">
    <p class='ocr_par' dir='ltr' id='par_1_28' title="bbox 254 886 1876 925">
     <span class='ocr_line' id='line_1_28' title="bbox 254 886 1876 925; baseline 0.002 -11"><span class='ocrx_word' id='word_1_207' title='bbox 254 888 355 914; x_wconf 81' lang='lat' dir='ltr'><strong>blicant</strong></span> <span class='ocrx_word' id='word_1_208' title='bbox 367 887 466 914; x_wconf 86' lang='lat' dir='ltr'><strong>habere</strong></span> <span class='ocrx_word' id='word_1_209' title='bbox 488 894 622 921; x_wconf 81' lang='lat' dir='ltr'><strong>nusquam</strong></span> <span class='ocrx_word' id='word_1_210' title='bbox 643 886 742 914; x_wconf 86' lang='lat' dir='ltr'><strong>debere</strong></span> <span class='ocrx_word' id='word_1_211' title='bbox 767 887 924 922; x_wconf 89' lang='lat' dir='ltr'><strong>pronuntio.</strong></span> <span class='ocrx_word' id='word_1_212' title='bbox 939 896 949 913; x_wconf 75' lang='grc' dir='ltr'><strong>ι</strong></span> <span class='ocrx_word' id='word_1_213' title='bbox 983 886 1064 916; x_wconf 86' lang='lat' dir='ltr'><strong>Vides</strong></span> <span class='ocrx_word' id='word_1_214' title='bbox 1093 887 1188 922; x_wconf 81' lang='lat' dir='ltr'><strong>utique</strong></span> <span class='ocrx_word' id='word_1_215' title='bbox 1206 887 1307 915; x_wconf 81' lang='lat' dir='ltr'><strong>diserte</strong></span> <span class='ocrx_word' id='word_1_216' title='bbox 1328 887 1505 923; x_wconf 90' lang='lat' dir='ltr'><strong>philosophus</strong></span> <span class='ocrx_word' id='word_1_217' title='bbox 1522 895 1658 924; x_wconf 85' lang='lat' dir='ltr'><strong>quamque</strong></span> <span class='ocrx_word' id='word_1_218' title='bbox 1677 889 1809 925; x_wconf 80' lang='lat' dir='ltr'><strong>explicate</strong></span> <span class='ocrx_word' id='word_1_219' title='bbox 1824 889 1876 917; x_wconf 89' lang='lat' dir='ltr'><strong>do-</strong></span> 
     </span>
    </p>
   </div>
   <div class='ocr_carea' id='block_1_29' title="bbox 254 933 1876 972">
    <p class='ocr_par' dir='ltr' id='par_1_29' title="bbox 254 933 1876 972">
     <span class='ocr_line' id='line_1_29' title="bbox 254 933 1876 972; baseline 0.002 -11"><span class='ocrx_word' id='word_1_220' title='bbox 254 940 325 968; x_wconf 83' lang='lat' dir='ltr'><strong>ceat,</strong></span> <span class='ocrx_word' id='word_1_221' title='bbox 341 942 403 961; x_wconf 90' lang='lat' dir='ltr'><strong>cum</strong></span> <span class='ocrx_word' id='word_1_222' title='bbox 418 934 541 968; x_wconf 81' lang='lat' dir='ltr'><strong>volgatas</strong></span> <span class='ocrx_word' id='word_1_223' title='bbox 555 933 616 961; x_wconf 88' lang='lat' dir='ltr'><strong>illas</strong></span> <span class='ocrx_word' id='word_1_224' title='bbox 632 941 647 961; x_wconf 87' lang='lat' dir='ltr'><strong>a</strong></span> <span class='ocrx_word' id='word_1_225' title='bbox 668 934 806 962; x_wconf 86' lang='lat' dir='ltr'><strong>veteribus</strong></span> <span class='ocrx_word' id='word_1_226' title='bbox 825 934 860 961; x_wconf 86' lang='lat' dir='ltr'><strong>de</strong></span> <span class='ocrx_word' id='word_1_227' title='bbox 881 934 934 962; x_wconf 89' lang='lat' dir='ltr'><strong>diis</strong></span> <span class='ocrx_word' id='word_1_228' title='bbox 956 934 1075 967; x_wconf 82' lang='lat' dir='ltr'><strong>fabulas,</strong></span> <span class='ocrx_word' id='word_1_229' title='bbox 1093 939 1149 961; x_wconf 92' lang='lat' dir='ltr'><strong>tum</strong></span> <span class='ocrx_word' id='word_1_230' title='bbox 1171 933 1253 961; x_wconf 74' lang='lat' dir='ltr'><strong>etiam</strong></span> <span class='ocrx_word' id='word_1_231' title='bbox 1278 941 1374 961; x_wconf 88' lang='lat' dir='ltr'><strong>omnes</strong></span> <span class='ocrx_word' id='word_1_232' title='bbox 1395 933 1519 969; x_wconf 88' lang='lat' dir='ltr'><strong>cujusvis</strong></span> <span class='ocrx_word' id='word_1_233' title='bbox 1536 935 1672 971; x_wconf 64' lang='lat' dir='ltr'><strong>allegoriae</strong></span> <span class='ocrx_word' id='word_1_234' title='bbox 1683 943 1791 968; x_wconf 87' lang='lat' dir='ltr'><strong>sensus,</strong></span> <span class='ocrx_word' id='word_1_235' title='bbox 1805 944 1876 972; x_wconf 89' lang='lat' dir='ltr'><strong>quos</strong></span> 
     </span>
    </p>
   </div>
   <div class='ocr_carea' id='block_1_30' title="bbox 253 980 1874 1018">
    <p class='ocr_par' dir='ltr' id='par_1_30' title="bbox 253 980 1874 1018">
     <span class='ocr_line' id='line_1_30' title="bbox 253 980 1874 1018; baseline 0 -8"><span class='ocrx_word' id='word_1_236' title='bbox 253 983 287 1010; x_wconf 88' lang='lat' dir='ltr'><strong>ad</strong></span> <span class='ocrx_word' id='word_1_237' title='bbox 315 981 514 1018; x_wconf 77' lang='lat' dir='ltr'><strong>physiologiam</strong></span> <span class='ocrx_word' id='word_1_238' title='bbox 547 981 768 1009; x_wconf 85' lang='lat' dir='ltr'><strong>accommodatus</strong></span> <span class='ocrx_word' id='word_1_239' title='bbox 792 987 854 1009; x_wconf 87' lang='lat' dir='ltr'><strong>esse</strong></span> <span class='ocrx_word' id='word_1_240' title='bbox 882 985 997 1015; x_wconf 88' lang='lat' dir='ltr'><strong>putant,</strong></span> <span class='ocrx_word' id='word_1_241' title='bbox 1022 980 1129 1008; x_wconf 81' lang='lat' dir='ltr'><strong>excludi</strong></span> <span class='ocrx_word' id='word_1_242' title='bbox 1163 980 1269 1015; x_wconf 86' lang='lat' dir='ltr'><strong>penitus</strong></span> <span class='ocrx_word' id='word_1_243' title='bbox 1297 985 1378 1015; x_wconf 90' lang='lat' dir='ltr'><strong>atque</strong></span> <span class='ocrx_word' id='word_1_244' title='bbox 1404 980 1492 1008; x_wconf 88' lang='lat' dir='ltr'><strong>arceri</strong></span> <span class='ocrx_word' id='word_1_245' title='bbox 1523 985 1658 1016; x_wconf 88' lang='lat' dir='ltr'><strong>oportere.</strong></span> <span class='ocrx_word' id='word_1_246' title='bbox 1691 982 1874 1016; x_wconf 84' lang='lat' dir='ltr'><strong>Quamobrem</strong></span> 
     </span>
    </p>
   </div>
   <div class='ocr_carea' id='block_1_31' title="bbox 255 1027 1874 1065">
    <p class='ocr_par' dir='ltr' id='par_1_31' title="bbox 255 1027 1874 1065">
     <span class='ocr_line' id='line_1_31' title="bbox 255 1027 1874 1065; baseline 0 -9"><span class='ocrx_word' id='word_1_247' title='bbox 255 1030 323 1056; x_wconf 86' lang='lat' dir='ltr'><strong>nihil</strong></span> <span class='ocrx_word' id='word_1_248' title='bbox 339 1029 461 1065; x_wconf 74' lang='lat' dir='ltr'><strong>proiecto</strong></span> <span class='ocrx_word' id='word_1_249' title='bbox 475 1034 564 1056; x_wconf 75' lang='lat' dir='ltr'><strong>causa:</strong></span> <span class='ocrx_word' id='word_1_250' title='bbox 574 1031 716 1063; x_wconf 86' lang='lat' dir='ltr'><strong>est.quam</strong></span> <span class='ocrx_word' id='word_1_251' title='bbox 728 1034 777 1054; x_wconf 90' lang='lat' dir='ltr'><strong>cur</strong></span> <span class='ocrx_word' id='word_1_252' title='bbox 785 1035 926 1063; x_wconf 81' lang='lat' dir='ltr'><strong>perperam</strong></span> <span class='ocrx_word' id='word_1_253' title='bbox 941 1033 987 1055; x_wconf 89' lang='lat' dir='ltr'><strong>aut</strong></span> <span class='ocrx_word' id='word_1_254' title='bbox 999 1029 1135 1057; x_wconf 86' lang='lat' dir='ltr'><strong>immerito</strong></span> <span class='ocrx_word' id='word_1_255' title='bbox 1153 1029 1232 1058; x_wconf 71' lang='lat' dir='ltr'><strong>nobis</strong></span> <span class='ocrx_word' id='word_1_256' title='bbox 1249 1029 1364 1056; x_wconf 83' lang='lat' dir='ltr'><strong>istorum</strong></span> <span class='ocrx_word' id='word_1_257' title='bbox 1381 1027 1503 1054; x_wconf 91' lang='lat' dir='ltr'><strong>omnium</strong></span> <span class='ocrx_word' id='word_1_258' title='bbox 1514 1027 1613 1063; x_wconf 82' lang='lat' dir='ltr'><strong>&#39;i&#39;ugam</strong></span> <span class='ocrx_word' id='word_1_259' title='bbox 1631 1029 1784 1063; x_wconf 81' lang='lat' dir='ltr'><strong>evangelica</strong></span> <span class='ocrx_word' id='word_1_260' title='bbox 1811 1027 1874 1056; x_wconf 83' lang='lat' dir='ltr'><strong>Ser—</strong></span> 
     </span>
    </p>
   </div>
   <div class='ocr_carea' id='block_1_32' title="bbox 253 1075 1871 1112">
    <p class='ocr_par' dir='ltr' id='par_1_32' title="bbox 253 1075 1871 1112">
     <span class='ocr_line' id='line_1_32' title="bbox 253 1075 1871 1112; baseline 0.001 -9"><span class='ocrx_word' id='word_1_261' title='bbox 253 1076 355 1104; x_wconf 87' lang='lat' dir='ltr'><strong>vatoris</strong></span> <span class='ocrx_word' id='word_1_262' title='bbox 376 1075 464 1104; x_wconf 87' lang='lat' dir='ltr'><strong>nostri</strong></span> <span class='ocrx_word' id='word_1_263' title='bbox 486 1075 611 1103; x_wconf 80' lang='lat' dir='ltr'><strong>doctrina</strong></span> <span class='ocrx_word' id='word_1_264' title='bbox 635 1076 798 1111; x_wconf 56' lang='lat' dir='ltr'><strong>praecepisse</strong></span> <span class='ocrx_word' id='word_1_265' title='bbox 817 1076 955 1110; x_wconf 73' lang='lat' dir='ltr'><strong>videatur;</strong></span> <span class='ocrx_word' id='word_1_266' title='bbox 976 1083 1039 1103; x_wconf 88' lang='lat' dir='ltr'><strong>cum</strong></span> <span class='ocrx_word' id='word_1_267' title='bbox 1056 1075 1149 1104; x_wconf 82' lang='lat' dir='ltr'><strong>eadem</strong></span> <span class='ocrx_word' id='word_1_268' title='bbox 1173 1082 1188 1102; x_wconf 91' lang='lat' dir='ltr'><strong>a</strong></span> <span class='ocrx_word' id='word_1_269' title='bbox 1206 1075 1265 1102; x_wconf 85' lang='lat' dir='ltr'><strong>suis</strong></span> <span class='ocrx_word' id='word_1_270' title='bbox 1287 1082 1397 1110; x_wconf 83' lang='lat' dir='ltr'><strong>quoque</strong></span> <span class='ocrx_word' id='word_1_271' title='bbox 1418 1075 1517 1110; x_wconf 85' lang='lat' dir='ltr'><strong>rejecta</strong></span> <span class='ocrx_word' id='word_1_272' title='bbox 1539 1075 1651 1103; x_wconf 83' lang='lat' dir='ltr'><strong>fuerint.</strong></span> <span class='ocrx_word' id='word_1_273' title='bbox 1673 1076 1712 1103; x_wconf 85' lang='lat' dir='ltr'><strong>Ac</strong></span> <span class='ocrx_word' id='word_1_274' title='bbox 1729 1076 1797 1105; x_wconf 88' lang='lat' dir='ltr'><strong>mihi</strong></span> <span class='ocrx_word' id='word_1_275' title='bbox 1812 1075 1871 1112; x_wconf 81' lang='lat' dir='ltr'><strong>qui-</strong></span> 
     </span>
    </p>
   </div>
   <div class='ocr_carea' id='block_1_33' title="bbox 252 1121 1875 1158">
    <p class='ocr_par' dir='ltr' id='par_1_33' title="bbox 252 1121 1875 1158">
     <span class='ocr_line' id='line_1_33' title="bbox 252 1121 1875 1158; baseline -0.001 -8"><span class='ocrx_word' id='word_1_276' title='bbox 252 1124 313 1150; x_wconf 91' lang='lat' dir='ltr'><strong>dem</strong></span> <span class='ocrx_word' id='word_1_277' title='bbox 329 1123 479 1158; x_wconf 86' lang='lat' dir='ltr'><strong>priscorum</strong></span> <span class='ocrx_word' id='word_1_278' title='bbox 492 1122 681 1150; x_wconf 80' lang='lat' dir='ltr'><strong>Romanorum</strong></span> <span class='ocrx_word' id='word_1_279' title='bbox 704 1123 756 1151; x_wconf 89' lang='lat' dir='ltr'><strong>hoc</strong></span> <span class='ocrx_word' id='word_1_280' title='bbox 781 1124 808 1150; x_wconf 91' lang='lat' dir='ltr'><strong>in</strong></span> <span class='ocrx_word' id='word_1_281' title='bbox 829 1131 928 1158; x_wconf 80' lang='lat' dir='ltr'><strong>genere</strong></span> <span class='ocrx_word' id='word_1_282' title='bbox 946 1122 1103 1154; x_wconf 69' lang='lat' dir='ltr'><strong>collsilium,</strong></span> <span class='ocrx_word' id='word_1_283' title='bbox 1128 1121 1187 1149; x_wconf 83' lang='lat' dir='ltr'><strong>ﬁeri</strong></span> <span class='ocrx_word' id='word_1_284' title='bbox 1211 1129 1267 1149; x_wconf 87' lang='lat' dir='ltr'><strong>non</strong></span> <span class='ocrx_word' id='word_1_285' title='bbox 1296 1125 1396 1156; x_wconf 87' lang='lat' dir='ltr'><strong>potest,</strong></span> <span class='ocrx_word' id='word_1_286' title='bbox 1411 1121 1478 1156; x_wconf 84' lang='lat' dir='ltr'><strong>quin</strong></span> <span class='ocrx_word' id='word_1_287' title='bbox 1508 1129 1542 1148; x_wconf 90' lang='lat' dir='ltr'><strong>eo</strong></span> <span class='ocrx_word' id='word_1_288' title='bbox 1567 1122 1679 1149; x_wconf 87' lang='lat' dir='ltr'><strong>nomine</strong></span> <span class='ocrx_word' id='word_1_289' title='bbox 1700 1122 1875 1149; x_wconf 82' lang='lat' dir='ltr'><strong>vehementer</strong></span> 
     </span>
    </p>
   </div>
   <div class='ocr_carea' id='block_1_34' title="bbox 252 1170 1879 1208">
    <p class='ocr_par' dir='ltr' id='par_1_34' title="bbox 252 1170 1879 1208">
     <span class='ocr_line' id='line_1_34' title="bbox 252 1170 1879 1208; baseline -0.002 -8"><span class='ocrx_word' id='word_1_290' title='bbox 252 1173 398 1208; x_wconf 80' lang='lat' dir='ltr'><strong>probetur;</strong></span> <span class='ocrx_word' id='word_1_291' title='bbox 426 1172 473 1207; x_wconf 89' lang='lat' dir='ltr'><strong>qui</strong></span> <span class='ocrx_word' id='word_1_292' title='bbox 499 1180 562 1200; x_wconf 91' lang='lat' dir='ltr'><strong>cum</strong></span> <span class='ocrx_word' id='word_1_293' title='bbox 587 1172 654 1200; x_wconf 85' lang='lat' dir='ltr'><strong>satis</strong></span> <span class='ocrx_word' id='word_1_294' title='bbox 677 1172 858 1208; x_wconf 75' lang='lat' dir='ltr'><strong>intelligerent</strong></span> <span class='ocrx_word' id='word_1_295' title='bbox 883 1173 1038 1200; x_wconf 86' lang='lat' dir='ltr'><strong>universam</strong></span> <span class='ocrx_word' id='word_1_296' title='bbox 1062 1171 1137 1198; x_wconf 89' lang='lat' dir='ltr'><strong>illam</strong></span> <span class='ocrx_word' id='word_1_297' title='bbox 1161 1170 1189 1198; x_wconf 91' lang='lat' dir='ltr'><strong>in</strong></span> <span class='ocrx_word' id='word_1_298' title='bbox 1209 1170 1308 1198; x_wconf 84' lang='lat' dir='ltr'><strong>fabulis</strong></span> <span class='ocrx_word' id='word_1_299' title='bbox 1327 1170 1439 1198; x_wconf 81' lang='lat' dir='ltr'><strong>deorum</strong></span> <span class='ocrx_word' id='word_1_300' title='bbox 1452 1170 1620 1205; x_wconf 81' lang='lat' dir='ltr'><strong>explicandis</strong></span> <span class='ocrx_word' id='word_1_301' title='bbox 1637 1170 1793 1198; x_wconf 75' lang='lat' dir='ltr'><strong>Graecorum</strong></span> <span class='ocrx_word' id='word_1_302' title='bbox 1809 1170 1879 1207; x_wconf 80' lang='lat' dir='ltr'><strong>pi)y—.</strong></span> 
     </span>
    </p>
   </div>
   <div class='ocr_carea' id='block_1_35' title="bbox 252 1218 1872 1254">
    <p class='ocr_par' dir='ltr' id='par_1_35' title="bbox 252 1218 1872 1254">
     <span class='ocr_line' id='line_1_35' title="bbox 252 1218 1872 1254; baseline 0 -8"><span class='ocrx_word' id='word_1_303' title='bbox 252 1219 394 1254; x_wconf 82' lang='lat' dir='ltr'><strong>siologiam</strong></span> <span class='ocrx_word' id='word_1_304' title='bbox 411 1227 472 1247; x_wconf 85' lang='lat' dir='ltr'><strong>cum</strong></span> <span class='ocrx_word' id='word_1_305' title='bbox 492 1218 639 1246; x_wconf 85' lang='lat' dir='ltr'><strong>absurdam</strong></span> <span class='ocrx_word' id='word_1_306' title='bbox 660 1224 741 1254; x_wconf 86' lang='lat' dir='ltr'><strong>atque</strong></span> <span class='ocrx_word' id='word_1_307' title='bbox 761 1219 895 1253; x_wconf 88' lang='lat' dir='ltr'><strong>inutilem,</strong></span> <span class='ocrx_word' id='word_1_308' title='bbox 914 1225 971 1247; x_wconf 91' lang='lat' dir='ltr'><strong>tum</strong></span> <span class='ocrx_word' id='word_1_309' title='bbox 995 1227 1058 1247; x_wconf 88' lang='lat' dir='ltr'><strong>vero</strong></span> <span class='ocrx_word' id='word_1_310' title='bbox 1081 1223 1204 1247; x_wconf 86' lang='lat' dir='ltr'><strong>coactam</strong></span> <span class='ocrx_word' id='word_1_311' title='bbox 1224 1218 1390 1253; x_wconf 85' lang='lat' dir='ltr'><strong>minimeque</strong></span> <span class='ocrx_word' id='word_1_312' title='bbox 1416 1218 1531 1246; x_wconf 88' lang='lat' dir='ltr'><strong>solidam</strong></span> <span class='ocrx_word' id='word_1_313' title='bbox 1550 1222 1578 1245; x_wconf 90' lang='lat' dir='ltr'><strong>et</strong></span> <span class='ocrx_word' id='word_1_314' title='bbox 1595 1219 1776 1246; x_wconf 68' lang='lat' dir='ltr'><strong>cohaerentem</strong></span> <span class='ocrx_word' id='word_1_315' title='bbox 1799 1226 1872 1251; x_wconf 80' lang='lat' dir='ltr'><strong>esse,</strong></span> 
     </span>
    </p>
   </div>
   <div class='ocr_carea' id='block_1_36' title="bbox 251 1261 1873 1302">
    <p class='ocr_par' dir='ltr' id='par_1_36' title="bbox 251 1261 1873 1302">
     <span class='ocr_line' id='line_1_36' title="bbox 251 1261 1873 1302; baseline 0 -9"><span class='ocrx_word' id='word_1_316' title='bbox 251 1275 311 1295; x_wconf 64' lang='lat' dir='ltr'><strong>ram</strong></span> <span class='ocrx_word' id='word_1_317' title='bbox 335 1266 417 1294; x_wconf 90' lang='lat' dir='ltr'><strong>simul</strong></span> <span class='ocrx_word' id='word_1_318' title='bbox 439 1274 502 1294; x_wconf 88' lang='lat' dir='ltr'><strong>cum</strong></span> <span class='ocrx_word' id='word_1_319' title='bbox 522 1261 591 1301; x_wconf 78' lang='lat' dir='ltr'><strong>ipsis</strong></span> <span class='ocrx_word' id='word_1_320' title='bbox 609 1266 691 1293; x_wconf 89' lang='lat' dir='ltr'><strong>etiam</strong></span> <span class='ocrx_word' id='word_1_321' title='bbox 713 1266 813 1293; x_wconf 80' lang='lat' dir='ltr'><strong>fabulis</strong></span> <span class='ocrx_word' id='word_1_322' title='bbox 838 1267 981 1302; x_wconf 73' lang='lat' dir='ltr'><strong>theologia:</strong></span> <span class='ocrx_word' id='word_1_323' title='bbox 1001 1273 1057 1293; x_wconf 66' lang='lat' dir='ltr'><strong>suae</strong></span> <span class='ocrx_word' id='word_1_324' title='bbox 1079 1265 1179 1292; x_wconf 81' lang='lat' dir='ltr'><strong>ﬁnibus</strong></span> <span class='ocrx_word' id='word_1_325' title='bbox 1200 1265 1345 1292; x_wconf 87' lang='lat' dir='ltr'><strong>arcendam</strong></span> <span class='ocrx_word' id='word_1_326' title='bbox 1365 1272 1425 1292; x_wconf 89' lang='lat' dir='ltr'><strong>esse</strong></span> <span class='ocrx_word' id='word_1_327' title='bbox 1449 1269 1611 1293; x_wconf 88' lang='lat' dir='ltr'><strong>statuerunt.</strong></span> <span class='ocrx_word' id='word_1_328' title='bbox 1638 1264 1665 1292; x_wconf 85' lang='lat' dir='ltr'><strong>Id</strong></span> <span class='ocrx_word' id='word_1_329' title='bbox 1679 1265 1752 1300; x_wconf 82' lang='lat' dir='ltr'><strong>quod</strong></span> <span class='ocrx_word' id='word_1_330' title='bbox 1774 1265 1815 1292; x_wconf 87' lang='lat' dir='ltr'><strong>vel</strong></span> <span class='ocrx_word' id='word_1_331' title='bbox 1839 1273 1873 1293; x_wconf 79' lang='lat' dir='ltr'><strong>ex</strong></span> 
     </span>
    </p>
   </div>
   <div class='ocr_carea' id='block_1_37' title="bbox 253 1310 1872 1349">
    <p class='ocr_par' dir='ltr' id='par_1_37' title="bbox 253 1310 1872 1349">
     <span class='ocr_line' id='line_1_37' title="bbox 253 1310 1872 1349; baseline -0.001 -9"><span class='ocrx_word' id='word_1_332' title='bbox 253 1313 334 1340; x_wconf 87' lang='lat' dir='ltr'><strong>unius</strong></span> <span class='ocrx_word' id='word_1_333' title='bbox 352 1312 473 1348; x_wconf 87' lang='lat' dir='ltr'><strong>Dionysii</strong></span> <span class='ocrx_word' id='word_1_334' title='bbox 489 1311 739 1341; x_wconf 81' lang='lat' dir='ltr'><strong>Halicarnassensis</strong></span> <span class='ocrx_word' id='word_1_335' title='bbox 763 1310 802 1339; x_wconf 86' lang='lat' dir='ltr'><strong>De</strong></span> <span class='ocrx_word' id='word_1_336' title='bbox 823 1315 932 1349; x_wconf 80' lang='lat' dir='ltr'><strong>antiqua</strong></span> <span class='ocrx_word' id='word_1_337' title='bbox 956 1319 1044 1340; x_wconf 80' lang='lat' dir='ltr'><strong>rerum</strong></span> <span class='ocrx_word' id='word_1_338' title='bbox 1067 1313 1244 1342; x_wconf 78' lang='lat' dir='ltr'><strong>Romanarum</strong></span> <span class='ocrx_word' id='word_1_339' title='bbox 1267 1314 1379 1342; x_wconf 71' lang='lat' dir='ltr'><strong>historia</strong></span> <span class='ocrx_word' id='word_1_340' title='bbox 1413 1312 1490 1340; x_wconf 88' lang='lat' dir='ltr'><strong>libris</strong></span> <span class='ocrx_word' id='word_1_341' title='bbox 1506 1311 1614 1340; x_wconf 82' lang='lat' dir='ltr'><strong>auferre</strong></span> <span class='ocrx_word' id='word_1_342' title='bbox 1635 1317 1721 1348; x_wconf 84' lang='lat' dir='ltr'><strong>potes.</strong></span> <span class='ocrx_word' id='word_1_343' title='bbox 1740 1312 1784 1339; x_wconf 87' lang='lat' dir='ltr'><strong>Ille</strong></span> <span class='ocrx_word' id='word_1_344' title='bbox 1798 1313 1872 1340; x_wconf 89' lang='lat' dir='ltr'><strong>enim</strong></span> 
     </span>
    </p>
   </div>
   <div class='ocr_carea' id='block_1_38' title="bbox 252 1359 1872 1398">
    <p class='ocr_par' dir='ltr' id='par_1_38' title="bbox 252 1359 1872 1398">
     <span class='ocr_line' id='line_1_38' title="bbox 252 1359 1872 1398; baseline -0.001 -11"><span class='ocrx_word' id='word_1_345' title='bbox 252 1360 389 1388; x_wconf 84' lang='lat' dir='ltr'><strong>volumine</strong></span> <span class='ocrx_word' id='word_1_346' title='bbox 406 1360 496 1395; x_wconf 85' lang='lat' dir='ltr'><strong>operis</strong></span> <span class='ocrx_word' id='word_1_347' title='bbox 512 1360 641 1392; x_wconf 87' lang='lat' dir='ltr'><strong>secundo,</strong></span> <span class='ocrx_word' id='word_1_348' title='bbox 659 1360 705 1388; x_wconf 86' lang='lat' dir='ltr'><strong>ubi</strong></span> <span class='ocrx_word' id='word_1_349' title='bbox 725 1369 786 1397; x_wconf 67' lang='lat' dir='ltr'><strong>quae</strong></span> <span class='ocrx_word' id='word_1_350' title='bbox 809 1370 824 1389; x_wconf 88' lang='lat' dir='ltr'><strong>a</strong></span> <span class='ocrx_word' id='word_1_351' title='bbox 839 1362 956 1392; x_wconf 82' lang='lat' dir='ltr'><strong>Romqu</strong></span> <span class='ocrx_word' id='word_1_352' title='bbox 977 1361 1098 1398; x_wconf 87' lang='lat' dir='ltr'><strong>principe</strong></span> <span class='ocrx_word' id='word_1_353' title='bbox 1118 1359 1201 1388; x_wconf 83' lang='lat' dir='ltr'><strong>Urbis</strong></span> <span class='ocrx_word' id='word_1_354' title='bbox 1220 1360 1362 1388; x_wconf 89' lang='lat' dir='ltr'><strong>conditore</strong></span> <span class='ocrx_word' id='word_1_355' title='bbox 1393 1362 1468 1394; x_wconf 85' lang='lat' dir='ltr'><strong>gesta</strong></span> <span class='ocrx_word' id='word_1_356' title='bbox 1491 1359 1556 1390; x_wconf 74' lang='lat' dir='ltr'><strong>sint.</strong></span> <span class='ocrx_word' id='word_1_357' title='bbox 1584 1362 1788 1391; x_wconf 85' lang='lat' dir='ltr'><strong>commemorat,</strong></span> <span class='ocrx_word' id='word_1_358' title='bbox 1808 1366 1872 1386; x_wconf 89' lang='lat' dir='ltr'><strong>cum</strong></span> 
     </span>
    </p>
   </div>
   <div class='ocr_carea' id='block_1_39' title="bbox 249 1405 1874 1444">
    <p class='ocr_par' dir='ltr' id='par_1_39' title="bbox 249 1405 1874 1444">
     <span class='ocr_line' id='line_1_39' title="bbox 249 1405 1874 1444; baseline -0.002 -8"><span class='ocrx_word' id='word_1_359' title='bbox 249 1409 303 1437; x_wconf 74' lang='lat' dir='ltr'><strong>alia</strong></span> <span class='ocrx_word' id='word_1_360' title='bbox 327 1408 455 1443; x_wconf 91' lang='lat' dir='ltr'><strong>pleraque</strong></span> <span class='ocrx_word' id='word_1_361' title='bbox 477 1407 571 1435; x_wconf 89' lang='lat' dir='ltr'><strong>laudat</strong></span> <span class='ocrx_word' id='word_1_362' title='bbox 586 1407 666 1435; x_wconf 90' lang='lat' dir='ltr'><strong>abeo</strong></span> <span class='ocrx_word' id='word_1_363' title='bbox 692 1408 830 1443; x_wconf 87' lang='lat' dir='ltr'><strong>sapienter</strong></span> <span class='ocrx_word' id='word_1_364' title='bbox 848 1410 982 1443; x_wconf 84' lang='lat' dir='ltr'><strong>instituta,</strong></span> <span class='ocrx_word' id='word_1_365' title='bbox 998 1415 1053 1437; x_wconf 89' lang='lat' dir='ltr'><strong>tum</strong></span> <span class='ocrx_word' id='word_1_366' title='bbox 1082 1416 1142 1444; x_wconf 69' lang='lat' dir='ltr'><strong>quae</strong></span> <span class='ocrx_word' id='word_1_367' title='bbox 1165 1408 1198 1435; x_wconf 92' lang='lat' dir='ltr'><strong>ad</strong></span> <span class='ocrx_word' id='word_1_368' title='bbox 1221 1411 1375 1442; x_wconf 84' lang='lat' dir='ltr'><strong>susceptam</strong></span> <span class='ocrx_word' id='word_1_369' title='bbox 1399 1407 1452 1443; x_wconf 64' lang='lat' dir='ltr'><strong>hpc</strong></span> <span class='ocrx_word' id='word_1_370' title='bbox 1472 1406 1532 1433; x_wconf 91' lang='lat' dir='ltr'><strong>loco</strong></span> <span class='ocrx_word' id='word_1_371' title='bbox 1562 1405 1772 1441; x_wconf 84' lang='lat' dir='ltr'><strong>disputationem</strong></span> <span class='ocrx_word' id='word_1_372' title='bbox 1792 1405 1874 1441; x_wconf 86' lang='lat' dir='ltr'><strong>perti-</strong></span> 
     </span>
    </p>
   </div>
   <div class='ocr_carea' id='block_1_40' title="bbox 250 1453 580 1488">
    <p class='ocr_par' dir='ltr' id='par_1_40' title="bbox 250 1453 580 1488">
     <span class='ocr_line' id='line_1_40' title="bbox 250 1453 580 1488; baseline 0.003 -8"><span class='ocrx_word' id='word_1_373' title='bbox 250 1458 325 1485; x_wconf 82' lang='lat' dir='ltr'><strong>nent,</strong></span> <span class='ocrx_word' id='word_1_374' title='bbox 341 1453 378 1480; x_wconf 89' lang='lat' dir='ltr'><strong>ita</strong></span> <span class='ocrx_word' id='word_1_375' title='bbox 395 1453 580 1488; x_wconf 85' lang='lat' dir='ltr'><strong>prosequitur.</strong></span> 
     </span>
    </p>
   </div>
   <div class='ocr_carea' id='block_1_41' title="bbox 505 1500 779 1536">
    <p class='ocr_par' dir='ltr' id='par_1_41' title="bbox 505 1500 779 1536">
     <span class='ocr_line' id='line_1_41' title="bbox 505 1500 779 1536; baseline 0.011 -9"><span class='ocrx_word' id='word_1_376' title='bbox 505 1500 560 1536; x_wconf 76' lang='lat'><strong>73</strong></span> <span class='ocrx_word' id='word_1_377' title='bbox 577 1501 691 1530; x_wconf 78' lang='lat' dir='ltr'><strong>CAPUT</strong></span> <span class='ocrx_word' id='word_1_378' title='bbox 712 1502 779 1531; x_wconf 87' lang='lat' dir='ltr'><strong>vm.</strong></span> 
     </span>
    </p>
   </div>
   <div class='ocr_carea' id='block_1_42' title="bbox 440 1545 837 1585">
    <p class='ocr_par' dir='ltr' id='par_1_42' title="bbox 440 1545 837 1585">
     <span class='ocr_line' id='line_1_42' title="bbox 440 1545 837 1585; baseline 0.008 -12"><span class='ocrx_word' id='word_1_379' title='bbox 440 1545 479 1573; x_wconf 86' lang='lat' dir='ltr'><strong>De</strong></span> <span class='ocrx_word' id='word_1_380' title='bbox 495 1546 676 1575; x_wconf 83' lang='lat' dir='ltr'><strong>Romanorum</strong></span> <span class='ocrx_word' id='word_1_381' title='bbox 696 1549 837 1585; x_wconf 74' lang='lat' dir='ltr'><strong>tlwolagia.</strong></span> 
     </span>
    </p>
   </div>
   <div class='ocr_carea' id='block_1_43' title="bbox 288 1591 1068 1631">
    <p class='ocr_par' dir='ltr' id='par_1_43' title="bbox 288 1591 1068 1631">
     <span class='ocr_line' id='line_1_43' title="bbox 288 1591 1068 1631; baseline 0.009 -14"><span class='ocrx_word' id='word_1_382' title='bbox 288 1602 298 1616; x_wconf 72' lang='grc' dir='ltr'>α</span> <span class='ocrx_word' id='word_1_383' title='bbox 310 1591 444 1620; x_wconf 80' lang='lat' dir='ltr'><strong>Romulus</strong></span> <span class='ocrx_word' id='word_1_384' title='bbox 466 1592 559 1628; x_wconf 85' lang='lat' dir='ltr'><strong>igitur.</strong></span> <span class='ocrx_word' id='word_1_385' title='bbox 577 1601 639 1622; x_wconf 90' lang='lat' dir='ltr'><strong>cum</strong></span> <span class='ocrx_word' id='word_1_386' title='bbox 655 1595 739 1629; x_wconf 88' lang='lat' dir='ltr'><strong>probe</strong></span> <span class='ocrx_word' id='word_1_387' title='bbox 761 1595 932 1630; x_wconf 79' lang='lat' dir='ltr'><strong>intelligeret,</strong></span> <span class='ocrx_word' id='word_1_388' title='bbox 947 1596 1032 1624; x_wconf 89' lang='lat' dir='ltr'><strong>hone-</strong></span> <span class='ocrx_word' id='word_1_389' title='bbox 1046 1601 1068 1631; x_wconf 76' lang='grc' dir='ltr'>ο</span> 
     </span>
    </p>
   </div>
   <div class='ocr_carea' id='block_1_44' title="bbox 248 1638 1031 1675">
    <p class='ocr_par' dir='ltr' id='par_1_44' title="bbox 248 1638 1031 1675">
     <span class='ocr_line' id='line_1_44' title="bbox 248 1638 1031 1675; baseline 0.006 -11"><span class='ocrx_word' id='word_1_390' title='bbox 248 1638 298 1665; x_wconf 81' lang='lat' dir='ltr'><strong>stis</strong></span> <span class='ocrx_word' id='word_1_391' title='bbox 316 1638 436 1673; x_wconf 81' lang='lat' dir='ltr'><strong>legibus,</strong></span> <span class='ocrx_word' id='word_1_392' title='bbox 458 1642 650 1675; x_wconf 80' lang='lat' dir='ltr'><strong>tectorumque</strong></span> <span class='ocrx_word' id='word_1_393' title='bbox 678 1641 831 1668; x_wconf 88' lang='lat' dir='ltr'><strong>studiorum</strong></span> <span class='ocrx_word' id='word_1_394' title='bbox 849 1642 1031 1675; x_wconf 64' lang='lat' dir='ltr'><strong>aemulatione,</strong></span> 
     </span>
    </p>
   </div>
   <div class='ocr_carea' id='block_1_45' title="bbox 248 1683 1033 1721">
    <p class='ocr_par' dir='ltr' id='par_1_45' title="bbox 248 1683 1033 1721">
     <span class='ocr_line' id='line_1_45' title="bbox 248 1683 1033 1721; baseline 0.005 -11"><span class='ocrx_word' id='word_1_395' title='bbox 248 1683 332 1717; x_wconf 85' lang='lat' dir='ltr'><strong>piam,</strong></span> <span class='ocrx_word' id='word_1_396' title='bbox 357 1687 550 1718; x_wconf 74' lang='lat' dir='ltr'><strong>temperatam,</strong></span> <span class='ocrx_word' id='word_1_397' title='bbox 571 1689 707 1714; x_wconf 87' lang='lat' dir='ltr'><strong>amantem</strong></span> <span class='ocrx_word' id='word_1_398' title='bbox 731 1685 868 1721; x_wconf 67' lang='lat' dir='ltr'><strong>aequitatis</strong></span> <span class='ocrx_word' id='word_1_399' title='bbox 877 1706 891 1718; x_wconf 19' lang='grc' dir='ltr'>,ι</span> <span class='ocrx_word' id='word_1_400' title='bbox 909 1686 1033 1721; x_wconf 85' lang='lat' dir='ltr'><strong>belloque</strong></span> 
     </span>
    </p>
   </div>
   <div class='ocr_carea' id='block_1_46' title="bbox 248 1729 1032 1766">
    <p class='ocr_par' dir='ltr' id='par_1_46' title="bbox 248 1729 1032 1766">
     <span class='ocr_line' id='line_1_46' title="bbox 248 1729 1032 1766; baseline 0.004 -10"><span class='ocrx_word' id='word_1_401' title='bbox 248 1733 389 1757; x_wconf 83' lang='lat' dir='ltr'><strong>strenuam</strong></span> <span class='ocrx_word' id='word_1_402' title='bbox 408 1729 545 1758; x_wconf 86' lang='lat' dir='ltr'><strong>civitatem</strong></span> <span class='ocrx_word' id='word_1_403' title='bbox 565 1730 648 1764; x_wconf 84' lang='lat' dir='ltr'><strong>ellici;</strong></span> <span class='ocrx_word' id='word_1_404' title='bbox 668 1732 834 1766; x_wconf 63' lang='lat' dir='ltr'><strong>praecipuam</strong></span> <span class='ocrx_word' id='word_1_405' title='bbox 849 1732 892 1760; x_wconf 88' lang='lat' dir='ltr'><strong>his</strong></span> <span class='ocrx_word' id='word_1_406' title='bbox 908 1731 935 1760; x_wconf 90' lang='lat' dir='ltr'><strong>in</strong></span> <span class='ocrx_word' id='word_1_407' title='bbox 950 1732 1032 1759; x_wconf 89' lang='lat' dir='ltr'><strong>rebus</strong></span> 
     </span>
    </p>
   </div>
   <div class='ocr_carea' id='block_1_47' title="bbox 248 1776 1032 1812">
    <p class='ocr_par' dir='ltr' id='par_1_47' title="bbox 248 1776 1032 1812">
     <span class='ocr_line' id='line_1_47' title="bbox 248 1776 1032 1812; baseline 0.004 -11"><span class='ocrx_word' id='word_1_408' title='bbox 248 1781 358 1809; x_wconf 82' lang='lat' dir='ltr'><strong>operam</strong></span> <span class='ocrx_word' id='word_1_409' title='bbox 373 1781 522 1809; x_wconf 88' lang='lat' dir='ltr'><strong>curamque</strong></span> <span class='ocrx_word' id='word_1_410' title='bbox 535 1776 639 1810; x_wconf 90' lang='lat' dir='ltr'><strong>posuit,</strong></span> <span class='ocrx_word' id='word_1_411' title='bbox 655 1784 670 1804; x_wconf 88' lang='lat' dir='ltr'><strong>a</strong></span> <span class='ocrx_word' id='word_1_412' title='bbox 684 1777 816 1812; x_wconf 88' lang='lat' dir='ltr'><strong>religione</strong></span> <span class='ocrx_word' id='word_1_413' title='bbox 829 1777 958 1812; x_wconf 89' lang='lat' dir='ltr'><strong>cultuque</strong></span> <span class='ocrx_word' id='word_1_414' title='bbox 967 1777 1032 1805; x_wconf 87' lang='lat' dir='ltr'><strong>deo—</strong></span> 
     </span>
    </p>
   </div>
   <div class='ocr_carea' id='block_1_48' title="bbox 249 1820 1031 1859">
    <p class='ocr_par' dir='ltr' id='par_1_48' title="bbox 249 1820 1031 1859">
     <span class='ocr_line' id='line_1_48' title="bbox 249 1820 1031 1859; baseline 0.004 -12"><span class='ocrx_word' id='word_1_415' title='bbox 249 1827 311 1848; x_wconf 82' lang='lat' dir='ltr'><strong>rum</strong></span> <span class='ocrx_word' id='word_1_416' title='bbox 331 1828 365 1848; x_wconf 86' lang='lat' dir='ltr'><strong>ac</strong></span> <span class='ocrx_word' id='word_1_417' title='bbox 382 1820 538 1850; x_wconf 67' lang='lat' dir='ltr'><strong>daemonum</strong></span> <span class='ocrx_word' id='word_1_418' title='bbox 563 1822 731 1859; x_wconf 84' lang='lat' dir='ltr'><strong>auspicatus.</strong></span> <span class='ocrx_word' id='word_1_419' title='bbox 755 1823 794 1850; x_wconf 88' lang='lat' dir='ltr'><strong>Ac</strong></span> <span class='ocrx_word' id='word_1_420' title='bbox 806 1823 908 1858; x_wconf 86' lang='lat' dir='ltr'><strong>templa</strong></span> <span class='ocrx_word' id='word_1_421' title='bbox 922 1823 1031 1857; x_wconf 86' lang='lat' dir='ltr'><strong>quidem</strong></span> 
     </span>
    </p>
   </div>
   <div class='ocr_carea' id='block_1_49' title="bbox 247 1865 1031 1901">
    <p class='ocr_par' dir='ltr' id='par_1_49' title="bbox 247 1865 1031 1901">
     <span class='ocr_line' id='line_1_49' title="bbox 247 1865 1031 1901; baseline 0.005 -9"><span class='ocrx_word' id='word_1_422' title='bbox 247 1870 275 1892; x_wconf 88' lang='lat' dir='ltr'><strong>et</strong></span> <span class='ocrx_word' id='word_1_423' title='bbox 284 1865 410 1899; x_wconf 87' lang='lat' dir='ltr'><strong>delubra,</strong></span> <span class='ocrx_word' id='word_1_424' title='bbox 425 1874 487 1894; x_wconf 90' lang='lat' dir='ltr'><strong>aras</strong></span> <span class='ocrx_word' id='word_1_425' title='bbox 502 1867 576 1901; x_wconf 86' lang='lat' dir='ltr'><strong>item,</strong></span> <span class='ocrx_word' id='word_1_426' title='bbox 592 1873 619 1896; x_wconf 92' lang='lat' dir='ltr'><strong>et</strong></span> <span class='ocrx_word' id='word_1_427' title='bbox 632 1868 839 1896; x_wconf 87' lang='lat' dir='ltr'><strong>simulacrorum</strong></span> <span class='ocrx_word' id='word_1_428' title='bbox 860 1869 918 1896; x_wconf 87' lang='lat' dir='ltr'><strong>suis</strong></span> <span class='ocrx_word' id='word_1_429' title='bbox 940 1869 967 1895; x_wconf 93' lang='lat' dir='ltr'><strong>in</strong></span> <span class='ocrx_word' id='word_1_430' title='bbox 987 1876 1031 1896; x_wconf 88' lang='lat' dir='ltr'><strong>se-</strong></span> 
     </span>
    </p>
   </div>
   <div class='ocr_carea' id='block_1_50' title="bbox 248 1912 1028 1949">
    <p class='ocr_par' dir='ltr' id='par_1_50' title="bbox 248 1912 1028 1949">
     <span class='ocr_line' id='line_1_50' title="bbox 248 1912 1028 1949; baseline 0.004 -10"><span class='ocrx_word' id='word_1_431' title='bbox 248 1912 328 1949; x_wconf 78' lang='lat' dir='ltr'><strong>dibus</strong></span> <span class='ocrx_word' id='word_1_432' title='bbox 340 1912 534 1941; x_wconf 80' lang='lat' dir='ltr'><strong>collocationes</strong></span> <span class='ocrx_word' id='word_1_433' title='bbox 542 1934 550 1948; x_wconf 89' lang='lat'><strong>,</strong></span> <span class='ocrx_word' id='word_1_434' title='bbox 565 1914 777 1948; x_wconf 86' lang='lat' dir='ltr'><strong>eorumdemque</strong></span> <span class='ocrx_word' id='word_1_435' title='bbox 788 1914 1028 1949; x_wconf 81' lang='lat' dir='ltr'><strong>eonﬁgurationes,</strong></span> 
     </span>
    </p>
   </div>
   <div class='ocr_carea' id='block_1_51' title="bbox 247 1947 1028 1994">
    <p class='ocr_par' dir='ltr' id='par_1_51' title="bbox 247 1947 1028 1994">
     <span class='ocr_line' id='line_1_51' title="bbox 247 1947 1028 1994; baseline 0.001 -9"><span class='ocrx_word' id='word_1_436' title='bbox 247 1964 275 1987; x_wconf 80' lang='lat' dir='ltr'><strong>et</strong></span> <span class='ocrx_word' id='word_1_437' title='bbox 292 1947 421 1993; x_wconf 68' lang='lat' dir='ltr'><strong>insignia,</strong></span> <span class='ocrx_word' id='word_1_438' title='bbox 441 1959 578 1994; x_wconf 86' lang='lat' dir='ltr'><strong>simulque</strong></span> <span class='ocrx_word' id='word_1_439' title='bbox 599 1960 652 1987; x_wconf 89' lang='lat' dir='ltr'><strong>vim</strong></span> <span class='ocrx_word' id='word_1_440' title='bbox 672 1950 827 1994; x_wconf 80' lang='lat' dir='ltr'><strong>numenque</strong></span> <span class='ocrx_word' id='word_1_441' title='bbox 847 1960 1028 1994; x_wconf 82' lang='lat' dir='ltr'><strong>singulorum,</strong></span> 
     </span>
    </p>
   </div>
   <div class='ocr_carea' id='block_1_52' title="bbox 247 2004 1029 2041">
    <p class='ocr_par' dir='ltr' id='par_1_52' title="bbox 247 2004 1029 2041">
     <span class='ocr_line' id='line_1_52' title="bbox 247 2004 1029 2041; baseline 0.003 -10"><span class='ocrx_word' id='word_1_442' title='bbox 247 2009 329 2039; x_wconf 83' lang='lat' dir='ltr'><strong>atque</strong></span> <span class='ocrx_word' id='word_1_443' title='bbox 348 2004 417 2034; x_wconf 81' lang='lat' dir='ltr'><strong>adeo</strong></span> <span class='ocrx_word' id='word_1_444' title='bbox 428 2005 576 2040; x_wconf 85' lang='lat' dir='ltr'><strong>beneﬁcia,</strong></span> <span class='ocrx_word' id='word_1_445' title='bbox 591 2007 692 2041; x_wconf 85' lang='lat' dir='ltr'><strong>quibus</strong></span> <span class='ocrx_word' id='word_1_446' title='bbox 707 2006 847 2033; x_wconf 87' lang='lat' dir='ltr'><strong>hominum</strong></span> <span class='ocrx_word' id='word_1_447' title='bbox 865 2013 951 2041; x_wconf 85' lang='lat' dir='ltr'><strong>genus</strong></span> <span class='ocrx_word' id='word_1_448' title='bbox 965 2005 1029 2033; x_wconf 73' lang='lat' dir='ltr'><strong>alie-</strong></span> 
     </span>
    </p>
   </div>
   <div class='ocr_carea' id='block_1_53' title="bbox 245 2050 1029 2087">
    <p class='ocr_par' dir='ltr' id='par_1_53' title="bbox 245 2050 1029 2087">
     <span class='ocr_line' id='line_1_53' title="bbox 245 2050 1029 2087; baseline 0.003 -10"><span class='ocrx_word' id='word_1_449' title='bbox 245 2057 321 2083; x_wconf 73' lang='lat' dir='ltr'><strong>cere,</strong></span> <span class='ocrx_word' id='word_1_450' title='bbox 336 2050 394 2079; x_wconf 89' lang='lat' dir='ltr'><strong>dies</strong></span> <span class='ocrx_word' id='word_1_451' title='bbox 406 2058 516 2086; x_wconf 89' lang='lat' dir='ltr'><strong>quoque</strong></span> <span class='ocrx_word' id='word_1_452' title='bbox 530 2051 624 2084; x_wconf 76' lang='lat' dir='ltr'><strong>festos,</strong></span> <span class='ocrx_word' id='word_1_453' title='bbox 639 2052 734 2087; x_wconf 89' lang='lat' dir='ltr'><strong>quales</strong></span> <span class='ocrx_word' id='word_1_454' title='bbox 750 2051 863 2079; x_wconf 89' lang='lat' dir='ltr'><strong>deorum</strong></span> <span class='ocrx_word' id='word_1_455' title='bbox 882 2059 914 2079; x_wconf 86' lang='lat' dir='ltr'><strong>ac</strong></span> <span class='ocrx_word' id='word_1_456' title='bbox 928 2051 1029 2079; x_wconf 72' lang='lat' dir='ltr'><strong>daemo-</strong></span> 
     </span>
    </p>
   </div>
   <div class='ocr_carea' id='block_1_54' title="bbox 247 2096 1029 2132">
    <p class='ocr_par' dir='ltr' id='par_1_54' title="bbox 247 2096 1029 2132">
     <span class='ocr_line' id='line_1_54' title="bbox 247 2096 1029 2132; baseline -0.001 -9"><span class='ocrx_word' id='word_1_457' title='bbox 247 2103 312 2124; x_wconf 91' lang='lat' dir='ltr'><strong>num</strong></span> <span class='ocrx_word' id='word_1_458' title='bbox 328 2096 438 2124; x_wconf 88' lang='lat' dir='ltr'><strong>cuilibet</strong></span> <span class='ocrx_word' id='word_1_459' title='bbox 454 2097 629 2131; x_wconf 87' lang='lat' dir='ltr'><strong>conveniunt,</strong></span> <span class='ocrx_word' id='word_1_460' title='bbox 644 2102 703 2124; x_wconf 84' lang='lat' dir='ltr'><strong>tum</strong></span> <span class='ocrx_word' id='word_1_461' title='bbox 721 2097 866 2130; x_wconf 85' lang='lat' dir='ltr'><strong>sacriﬁcia,</strong></span> <span class='ocrx_word' id='word_1_462' title='bbox 879 2096 980 2132; x_wconf 90' lang='lat' dir='ltr'><strong>quibus</strong></span> <span class='ocrx_word' id='word_1_463' title='bbox 995 2096 1029 2123; x_wconf 88' lang='lat' dir='ltr'><strong>ab</strong></span> 
     </span>
    </p>
   </div>
   <div class='ocr_carea' id='block_1_55' title="bbox 246 2141 1030 2177">
    <p class='ocr_par' dir='ltr' id='par_1_55' title="bbox 246 2141 1030 2177">
     <span class='ocr_line' id='line_1_55' title="bbox 246 2141 1030 2177; baseline 0.001 -9"><span class='ocrx_word' id='word_1_464' title='bbox 246 2141 403 2169; x_wconf 81' lang='lat' dir='ltr'><strong>hominibus</strong></span> <span class='ocrx_word' id='word_1_465' title='bbox 413 2141 465 2170; x_wconf 94' lang='lat' dir='ltr'><strong>coli</strong></span> <span class='ocrx_word' id='word_1_466' title='bbox 475 2149 535 2169; x_wconf 90' lang='lat' dir='ltr'><strong>sese</strong></span> <span class='ocrx_word' id='word_1_467' title='bbox 546 2143 650 2176; x_wconf 88' lang='lat' dir='ltr'><strong>volunt,</strong></span> <span class='ocrx_word' id='word_1_468' title='bbox 660 2142 742 2170; x_wconf 81' lang='lat' dir='ltr'><strong>ferias</strong></span> <span class='ocrx_word' id='word_1_469' title='bbox 753 2142 869 2177; x_wconf 88' lang='lat' dir='ltr'><strong>denique</strong></span> <span class='ocrx_word' id='word_1_470' title='bbox 881 2142 1030 2169; x_wconf 87' lang='lat' dir='ltr'><strong>solemnes-</strong></span> 
     </span>
    </p>
   </div>
   <div class='ocr_carea' id='block_1_56' title="bbox 246 2187 1029 2222">
    <p class='ocr_par' dir='ltr' id='par_1_56' title="bbox 246 2187 1029 2222">
     <span class='ocr_line' id='line_1_56' title="bbox 246 2187 1029 2222; baseline 0.003 -9"><span class='ocrx_word' id='word_1_471' title='bbox 246 2194 300 2222; x_wconf 82' lang='lat' dir='ltr'><strong>que</strong></span> <span class='ocrx_word' id='word_1_472' title='bbox 315 2192 474 2220; x_wconf 80' lang='lat' dir='ltr'><strong>conventus,</strong></span> <span class='ocrx_word' id='word_1_473' title='bbox 491 2193 518 2215; x_wconf 89' lang='lat' dir='ltr'><strong>et</strong></span> <span class='ocrx_word' id='word_1_474' title='bbox 532 2192 618 2216; x_wconf 82' lang='lat' dir='ltr'><strong>statas</strong></span> <span class='ocrx_word' id='word_1_475' title='bbox 632 2196 648 2215; x_wconf 91' lang='lat' dir='ltr'><strong>a</strong></span> <span class='ocrx_word' id='word_1_476' title='bbox 662 2188 801 2215; x_wconf 84' lang='lat' dir='ltr'><strong>laboribus</strong></span> <span class='ocrx_word' id='word_1_477' title='bbox 814 2187 982 2221; x_wconf 86' lang='lat' dir='ltr'><strong>vacationes,</strong></span> <span class='ocrx_word' id='word_1_478' title='bbox 996 2196 1029 2215; x_wconf 91' lang='lat' dir='ltr'><strong>ac</strong></span> 
     </span>
    </p>
   </div>
   <div class='ocr_carea' id='block_1_57' title="bbox 1350 1499 1605 1528">
    <p class='ocr_par' dir='ltr' id='par_1_57' title="bbox 1350 1499 1605 1528">
     <span class='ocr_line' id='line_1_57' title="bbox 1350 1499 1605 1528; baseline -0.008 0"><span class='ocrx_word' id='word_1_479' title='bbox 1350 1500 1547 1528; x_wconf 76' lang='grc' dir='ltr'><strong>ΚΕΦΔΛΑΙΟΝ</strong></span> <span class='ocrx_word' id='word_1_480' title='bbox 1563 1499 1605 1526; x_wconf 78' lang='lat' dir='ltr'><strong>ll’.</strong></span> 
     </span>
    </p>
   </div>
   <div class='ocr_carea' id='block_1_58' title="bbox 1185 1546 1766 1582">
    <p class='ocr_par' dir='ltr' id='par_1_58' title="bbox 1185 1546 1766 1582">
     <span class='ocr_line' id='line_1_58' title="bbox 1185 1546 1766 1582; baseline -0.003 -7"><span class='ocrx_word' id='word_1_481' title='bbox 1185 1548 1254 1582; x_wconf 74' lang='grc' dir='ltr'><strong>Περὶ</strong></span> <span class='ocrx_word' id='word_1_482' title='bbox 1266 1547 1321 1582; x_wconf 82' lang='grc' dir='ltr'>τῆς</span> <span class='ocrx_word' id='word_1_483' title='bbox 1336 1548 1411 1574; x_wconf 83' lang='grc' dir='ltr'>κατὰ</span> <span class='ocrx_word' id='word_1_484' title='bbox 1431 1547 1589 1582; x_wconf 81' lang='grc' dir='ltr'><strong>Ῥωμαίους</strong></span> <span class='ocrx_word' id='word_1_485' title='bbox 1603 1546 1766 1581; x_wconf 68' lang='grc' dir='ltr'>θεολογίας.</span> 
     </span>
    </p>
   </div>
   <div class='ocr_carea' id='block_1_59' title="bbox 1122 1591 1873 1631">
    <p class='ocr_par' dir='ltr' id='par_1_59' title="bbox 1122 1591 1873 1631">
     <span class='ocr_line' id='line_1_59' title="bbox 1122 1591 1873 1631; baseline -0.005 -9"><span class='ocrx_word' id='word_1_486' title='bbox 1122 1595 1177 1631; x_wconf 82' lang='lat' dir='ltr'><strong>(l0)</strong></span> <span class='ocrx_word' id='word_1_487' title='bbox 1188 1604 1198 1621; x_wconf 76' lang='grc' dir='ltr'><strong>ι</strong></span> <span class='ocrx_word' id='word_1_488' title='bbox 1226 1594 1295 1621; x_wconf 72' lang='grc' dir='ltr'>Ἀλλ’</span> <span class='ocrx_word' id='word_1_489' title='bbox 1308 1593 1388 1628; x_wconf 76' lang='grc' dir='ltr'>ἔγνω,</span> <span class='ocrx_word' id='word_1_490' title='bbox 1404 1593 1444 1620; x_wconf 81' lang='grc' dir='ltr'><strong>ὅτι</strong></span> <span class='ocrx_word' id='word_1_491' title='bbox 1453 1593 1530 1628; x_wconf 76' lang='grc' dir='ltr'>νόμοι</span> <span class='ocrx_word' id='word_1_492' title='bbox 1546 1592 1694 1625; x_wconf 80' lang='grc' dir='ltr'>σπουδαῖοι,</span> <span class='ocrx_word' id='word_1_493' title='bbox 1717 1593 1762 1619; x_wconf 71' lang='grc' dir='ltr'><strong>καὶ</strong></span> <span class='ocrx_word' id='word_1_494' title='bbox 1776 1591 1873 1619; x_wconf 66' lang='grc' dir='ltr'>καλῶν</span> 
     </span>
    </p>
   </div>
   <div class='ocr_carea' id='block_1_60' title="bbox 1084 1637 1871 1677">
    <p class='ocr_par' dir='ltr' id='par_1_60' title="bbox 1084 1637 1871 1677">
     <span class='ocr_line' id='line_1_60' title="bbox 1084 1637 1871 1677; baseline -0.004 -10"><span class='ocrx_word' id='word_1_495' title='bbox 1084 1641 1163 1677; x_wconf 77' lang='grc' dir='ltr'>ζῆλος</span> <span class='ocrx_word' id='word_1_496' title='bbox 1174 1639 1407 1675; x_wconf 74' lang='grc' dir='ltr'>ἐπιτηδευμάτων,</span> <span class='ocrx_word' id='word_1_497' title='bbox 1422 1639 1521 1675; x_wconf 73' lang='grc' dir='ltr'>εὐσεϐῆ</span> <span class='ocrx_word' id='word_1_498' title='bbox 1541 1639 1589 1666; x_wconf 81' lang='grc' dir='ltr'><strong>καὶ</strong></span> <span class='ocrx_word' id='word_1_499' title='bbox 1604 1638 1730 1674; x_wconf 76' lang='grc' dir='ltr'>σώφρονα</span> <span class='ocrx_word' id='word_1_500' title='bbox 1742 1658 1750 1670; x_wconf 89' lang='grc'>,</span> <span class='ocrx_word' id='word_1_501' title='bbox 1763 1638 1810 1667; x_wconf 82' lang='grc' dir='ltr'>καὶ</span> <span class='ocrx_word' id='word_1_502' title='bbox 1835 1637 1871 1665; x_wconf 84' lang='grc' dir='ltr'><strong>τά</strong></span> 
     </span>
    </p>
   </div>
   <div class='ocr_carea' id='block_1_61' title="bbox 1084 1683 1869 1720">
    <p class='ocr_par' dir='ltr' id='par_1_61' title="bbox 1084 1683 1869 1720">
     <span class='ocr_line' id='line_1_61' title="bbox 1084 1683 1869 1720; baseline -0.004 -7"><span class='ocrx_word' id='word_1_503' title='bbox 1084 1687 1176 1714; x_wconf 84' lang='grc' dir='ltr'>δίκαια</span> <span class='ocrx_word' id='word_1_504' title='bbox 1189 1686 1336 1718; x_wconf 78' lang='grc' dir='ltr'>ἀσκοῦσαν,</span> <span class='ocrx_word' id='word_1_505' title='bbox 1351 1685 1398 1712; x_wconf 75' lang='grc' dir='ltr'>καὶ</span> <span class='ocrx_word' id='word_1_506' title='bbox 1407 1685 1442 1712; x_wconf 85' lang='grc' dir='ltr'>τὰ</span> <span class='ocrx_word' id='word_1_507' title='bbox 1453 1684 1570 1720; x_wconf 76' lang='grc' dir='ltr'>πολέμια</span> <span class='ocrx_word' id='word_1_508' title='bbox 1591 1683 1696 1719; x_wconf 79' lang='grc' dir='ltr'>ἀγαθὴν</span> <span class='ocrx_word' id='word_1_509' title='bbox 1712 1683 1869 1720; x_wconf 72' lang='grc' dir='ltr'>ἐξεργάζον-</span> 
     </span>
    </p>
   </div>
   <div class='ocr_carea' id='block_1_62' title="bbox 1082 1728 1871 1766">
    <p class='ocr_par' dir='ltr' id='par_1_62' title="bbox 1082 1728 1871 1766">
     <span class='ocr_line' id='line_1_62' title="bbox 1082 1728 1871 1766; baseline -0.005 -7"><span class='ocrx_word' id='word_1_510' title='bbox 1082 1741 1126 1759; x_wconf 85' lang='grc' dir='ltr'><strong>ται</strong></span> <span class='ocrx_word' id='word_1_511' title='bbox 1140 1733 1217 1759; x_wconf 87' lang='grc' dir='ltr'>πόλιν</span> <span class='ocrx_word' id='word_1_512' title='bbox 1229 1741 1234 1747; x_wconf 68' lang='grc'><strong><em>⁸</em></strong></span> <span class='ocrx_word' id='word_1_513' title='bbox 1248 1728 1286 1759; x_wconf 82' lang='grc' dir='ltr'>ὧν</span> <span class='ocrx_word' id='word_1_514' title='bbox 1298 1731 1398 1766; x_wconf 85' lang='grc' dir='ltr'>πολλὴν</span> <span class='ocrx_word' id='word_1_515' title='bbox 1410 1731 1472 1766; x_wconf 72' lang='grc' dir='ltr'>ἔσχε</span> <span class='ocrx_word' id='word_1_516' title='bbox 1487 1731 1625 1766; x_wconf 86' lang='grc' dir='ltr'>πρόνοιαν,</span> <span class='ocrx_word' id='word_1_517' title='bbox 1638 1730 1687 1766; x_wconf 83' lang='grc' dir='ltr'>τὴν</span> <span class='ocrx_word' id='word_1_518' title='bbox 1696 1730 1782 1765; x_wconf 83' lang='grc' dir='ltr'>ἀρχὴν</span> <span class='ocrx_word' id='word_1_519' title='bbox 1794 1738 1871 1764; x_wconf 80' lang='grc' dir='ltr'>ποιη-</span> 
     </span>
    </p>
   </div>
   <div class='ocr_carea' id='block_1_63' title="bbox 1085 1776 1875 1814">
    <p class='ocr_par' dir='ltr' id='par_1_63' title="bbox 1085 1776 1875 1814">
     <span class='ocr_line' id='line_1_63' title="bbox 1085 1776 1875 1814; baseline -0.005 -8"><span class='ocrx_word' id='word_1_520' title='bbox 1085 1779 1200 1814; x_wconf 83' lang='grc' dir='ltr'>σάμενος</span> <span class='ocrx_word' id='word_1_521' title='bbox 1217 1778 1270 1805; x_wconf 66' lang='grc' dir='ltr'><strong>ἀπὸ</strong></span> <span class='ocrx_word' id='word_1_522' title='bbox 1288 1777 1342 1804; x_wconf 84' lang='grc' dir='ltr'><strong>τῶν</strong></span> <span class='ocrx_word' id='word_1_523' title='bbox 1358 1778 1422 1813; x_wconf 80' lang='grc' dir='ltr'>περὶ</span> <span class='ocrx_word' id='word_1_524' title='bbox 1441 1777 1475 1804; x_wconf 82' lang='grc' dir='ltr'><strong>τὰ</strong></span> <span class='ocrx_word' id='word_1_525' title='bbox 1491 1777 1551 1803; x_wconf 85' lang='grc' dir='ltr'><strong>θεῖα</strong></span> <span class='ocrx_word' id='word_1_526' title='bbox 1576 1777 1623 1803; x_wconf 78' lang='grc' dir='ltr'>καὶ</span> <span class='ocrx_word' id='word_1_527' title='bbox 1648 1776 1774 1812; x_wconf 75' lang='grc' dir='ltr'>δαιμόνια</span> <span class='ocrx_word' id='word_1_528' title='bbox 1788 1776 1875 1803; x_wconf 70' lang='grc' dir='ltr'>σεῦα-ι</span> 
     </span>
    </p>
   </div>
   <div class='ocr_carea' id='block_1_64' title="bbox 1083 1822 1873 1861">
    <p class='ocr_par' dir='ltr' id='par_1_64' title="bbox 1083 1822 1873 1861">
     <span class='ocr_line' id='line_1_64' title="bbox 1083 1822 1873 1861; baseline -0.005 -9"><span class='ocrx_word' id='word_1_529' title='bbox 1083 1825 1168 1861; x_wconf 78' lang='grc' dir='ltr'>σμῶν.</span> <span class='ocrx_word' id='word_1_530' title='bbox 1191 1825 1263 1860; x_wconf 80' lang='grc' dir='ltr'><strong>ἰερά</strong></span> <span class='ocrx_word' id='word_1_531' title='bbox 1278 1824 1328 1860; x_wconf 80' lang='grc' dir='ltr'>μὲν</span> <span class='ocrx_word' id='word_1_532' title='bbox 1344 1822 1401 1855; x_wconf 85' lang='grc' dir='ltr'>οὖν,</span> <span class='ocrx_word' id='word_1_533' title='bbox 1416 1824 1461 1850; x_wconf 80' lang='grc' dir='ltr'>καὶ</span> <span class='ocrx_word' id='word_1_534' title='bbox 1475 1823 1592 1858; x_wconf 78' lang='grc' dir='ltr'><strong>τεμένη,</strong></span> <span class='ocrx_word' id='word_1_535' title='bbox 1610 1823 1656 1849; x_wconf 75' lang='grc' dir='ltr'>καὶ</span> <span class='ocrx_word' id='word_1_536' title='bbox 1671 1822 1778 1858; x_wconf 75' lang='grc' dir='ltr'>βωμοὺς</span> <span class='ocrx_word' id='word_1_537' title='bbox 1789 1843 1796 1853; x_wconf 85' lang='grc'>,</span> <span class='ocrx_word' id='word_1_538' title='bbox 1821 1823 1873 1851; x_wconf 63' lang='grc' dir='ltr'>καὶ</span> 
     </span>
    </p>
   </div>
   <div class='ocr_carea' id='block_1_65' title="bbox 1082 1869 1868 1907">
    <p class='ocr_par' dir='ltr' id='par_1_65' title="bbox 1082 1869 1868 1907">
     <span class='ocr_line' id='line_1_65' title="bbox 1082 1869 1868 1907; baseline -0.004 -9"><span class='ocrx_word' id='word_1_539' title='bbox 1082 1872 1183 1905; x_wconf 78' lang='grc' dir='ltr'>ξοάνων</span> <span class='ocrx_word' id='word_1_540' title='bbox 1195 1871 1322 1907; x_wconf 77' lang='grc' dir='ltr'><strong>ἱδρύσεις,</strong></span> <span class='ocrx_word' id='word_1_541' title='bbox 1338 1870 1445 1906; x_wconf 85' lang='grc' dir='ltr'>μορφάς</span> <span class='ocrx_word' id='word_1_542' title='bbox 1457 1878 1486 1896; x_wconf 88' lang='grc' dir='ltr'><strong>τε</strong></span> <span class='ocrx_word' id='word_1_543' title='bbox 1499 1869 1599 1900; x_wconf 75' lang='grc' dir='ltr'>αὐτῶν,</span> <span class='ocrx_word' id='word_1_544' title='bbox 1614 1870 1660 1896; x_wconf 77' lang='grc' dir='ltr'>καὶ</span> <span class='ocrx_word' id='word_1_545' title='bbox 1674 1869 1805 1904; x_wconf 76' lang='grc' dir='ltr'>σύμϐολα,</span> <span class='ocrx_word' id='word_1_546' title='bbox 1820 1869 1868 1895; x_wconf 75' lang='grc' dir='ltr'>καὶ</span> 
     </span>
    </p>
   </div>
   <div class='ocr_carea' id='block_1_66' title="bbox 1080 1913 1868 1953">
    <p class='ocr_par' dir='ltr' id='par_1_66' title="bbox 1080 1913 1868 1953">
     <span class='ocr_line' id='line_1_66' title="bbox 1080 1913 1868 1953; baseline -0.004 -9"><span class='ocrx_word' id='word_1_547' title='bbox 1080 1918 1218 1953; x_wconf 82' lang='grc' dir='ltr'>δυνάμεις,</span> <span class='ocrx_word' id='word_1_548' title='bbox 1236 1917 1283 1944; x_wconf 75' lang='grc' dir='ltr'>καὶ</span> <span class='ocrx_word' id='word_1_549' title='bbox 1296 1915 1410 1951; x_wconf 78' lang='grc' dir='ltr'>δωρεὰς,</span> <span class='ocrx_word' id='word_1_550' title='bbox 1427 1913 1472 1947; x_wconf 79' lang='grc' dir='ltr'>αἷς</span> <span class='ocrx_word' id='word_1_551' title='bbox 1485 1915 1516 1942; x_wconf 80' lang='grc' dir='ltr'><strong>τὸ</strong></span> <span class='ocrx_word' id='word_1_552' title='bbox 1534 1915 1613 1950; x_wconf 87' lang='grc' dir='ltr'>γένος</span> <span class='ocrx_word' id='word_1_553' title='bbox 1629 1915 1706 1951; x_wconf 84' lang='grc' dir='ltr'>ἡμῶν</span> <span class='ocrx_word' id='word_1_554' title='bbox 1719 1915 1868 1950; x_wconf 77' lang='grc' dir='ltr'><strong>εὐηργέτη-</strong></span> 
     </span>
    </p>
   </div>
   <div class='ocr_carea' id='block_1_67' title="bbox 1081 1959 1869 2000">
    <p class='ocr_par' dir='ltr' id='par_1_67' title="bbox 1081 1959 1869 2000">
     <span class='ocr_line' id='line_1_67' title="bbox 1081 1959 1869 2000; baseline -0.006 -9"><span class='ocrx_word' id='word_1_555' title='bbox 1081 1972 1141 1995; x_wconf 86' lang='grc' dir='ltr'>σαν,</span> <span class='ocrx_word' id='word_1_556' title='bbox 1156 1963 1254 2000; x_wconf 81' lang='grc' dir='ltr'>ἑορτάς</span> <span class='ocrx_word' id='word_1_557' title='bbox 1266 1971 1306 1995; x_wconf 85' lang='grc' dir='ltr'>τε,</span> <span class='ocrx_word' id='word_1_558' title='bbox 1321 1961 1415 1993; x_wconf 77' lang='grc' dir='ltr'>ὁποίας</span> <span class='ocrx_word' id='word_1_559' title='bbox 1435 1961 1511 1992; x_wconf 75' lang='grc' dir='ltr'>τινὰς</span> <span class='ocrx_word' id='word_1_560' title='bbox 1535 1961 1642 1996; x_wconf 78' lang='grc' dir='ltr'><strong>ἑκάστῳ</strong></span> <span class='ocrx_word' id='word_1_561' title='bbox 1658 1960 1726 1987; x_wconf 83' lang='grc' dir='ltr'>θεῶν</span> <span class='ocrx_word' id='word_1_562' title='bbox 1742 1960 1758 1996; x_wconf 77' lang='grc' dir='ltr'>ἢ</span> <span class='ocrx_word' id='word_1_563' title='bbox 1774 1959 1869 1995; x_wconf 82' lang='grc' dir='ltr'>δαιμό-</span> 
     </span>
    </p>
   </div>
   <div class='ocr_carea' id='block_1_68' title="bbox 1080 2005 1868 2044">
    <p class='ocr_par' dir='ltr' id='par_1_68' title="bbox 1080 2005 1868 2044">
     <span class='ocr_line' id='line_1_68' title="bbox 1080 2005 1868 2044; baseline -0.005 -7"><span class='ocrx_word' id='word_1_564' title='bbox 1080 2018 1132 2037; x_wconf 88' lang='grc' dir='ltr'>νων</span> <span class='ocrx_word' id='word_1_565' title='bbox 1144 2009 1257 2044; x_wconf 85' lang='grc' dir='ltr'>ᾰγεσθαι</span> <span class='ocrx_word' id='word_1_566' title='bbox 1273 2009 1417 2044; x_wconf 73' lang='grc' dir='ltr'>προσήκει,</span> <span class='ocrx_word' id='word_1_567' title='bbox 1434 2008 1481 2034; x_wconf 84' lang='grc' dir='ltr'>καὶ</span> <span class='ocrx_word' id='word_1_568' title='bbox 1497 2007 1601 2040; x_wconf 82' lang='grc' dir='ltr'>θυσίας,</span> <span class='ocrx_word' id='word_1_569' title='bbox 1614 2005 1658 2039; x_wconf 73' lang='grc' dir='ltr'>αἷς</span> <span class='ocrx_word' id='word_1_570' title='bbox 1676 2007 1798 2042; x_wconf 85' lang='grc' dir='ltr'>χαίρουσι</span> <span class='ocrx_word' id='word_1_571' title='bbox 1821 2014 1868 2040; x_wconf 78' lang='grc' dir='ltr'>γε·</span> 
     </span>
    </p>
   </div>
   <div class='ocr_carea' id='block_1_69' title="bbox 1080 2051 1868 2091">
    <p class='ocr_par' dir='ltr' id='par_1_69' title="bbox 1080 2051 1868 2091">
     <span class='ocr_line' id='line_1_69' title="bbox 1080 2051 1868 2091; baseline -0.005 -9"><span class='ocrx_word' id='word_1_572' title='bbox 1080 2055 1236 2091; x_wconf 79' lang='grc' dir='ltr'>ραιρόμενοι</span> <span class='ocrx_word' id='word_1_573' title='bbox 1247 2054 1314 2090; x_wconf 79' lang='grc' dir='ltr'>πρὸς</span> <span class='ocrx_word' id='word_1_574' title='bbox 1326 2053 1486 2090; x_wconf 58' lang='grc' dir='ltr'>ἀνθρώπων</span> <span class='ocrx_word' id='word_1_575' title='bbox 1498 2053 1650 2089; x_wconf 78' lang='grc' dir='ltr'><strong>ἐκεχειρίας</strong></span> <span class='ocrx_word' id='word_1_576' title='bbox 1659 2062 1688 2079; x_wconf 90' lang='grc' dir='ltr'>τε</span> <span class='ocrx_word' id='word_1_577' title='bbox 1701 2051 1734 2080; x_wconf 75' lang='grc' dir='ltr'>αὖ</span> <span class='ocrx_word' id='word_1_578' title='bbox 1754 2052 1802 2079; x_wconf 65' lang='grc' dir='ltr'><strong>καὶ⁵</strong></span> <span class='ocrx_word' id='word_1_579' title='bbox 1815 2061 1868 2078; x_wconf 66' lang='grc' dir='ltr'>παι</span> 
     </span>
    </p>
   </div>
   <div class='ocr_carea' id='block_1_70' title="bbox 1079 2097 1866 2136">
    <p class='ocr_par' dir='ltr' id='par_1_70' title="bbox 1079 2097 1866 2136">
     <span class='ocr_line' id='line_1_70' title="bbox 1079 2097 1866 2136; baseline -0.004 -9"><span class='ocrx_word' id='word_1_580' title='bbox 1079 2101 1217 2136; x_wconf 80' lang='grc' dir='ltr'>νηγύρεις,</span> <span class='ocrx_word' id='word_1_581' title='bbox 1225 2099 1271 2127; x_wconf 69' lang='grc' dir='ltr'>καὶ</span> <span class='ocrx_word' id='word_1_582' title='bbox 1284 2101 1372 2127; x_wconf 86' lang='grc' dir='ltr'>πόνων</span> <span class='ocrx_word' id='word_1_583' title='bbox 1383 2099 1549 2131; x_wconf 76' lang='grc' dir='ltr'>ἀναπαύλας,</span> <span class='ocrx_word' id='word_1_584' title='bbox 1559 2099 1606 2125; x_wconf 73' lang='grc' dir='ltr'>καὶ</span> <span class='ocrx_word' id='word_1_585' title='bbox 1615 2099 1703 2125; x_wconf 81' lang='grc' dir='ltr'>πάντα</span> <span class='ocrx_word' id='word_1_586' title='bbox 1712 2098 1746 2125; x_wconf 81' lang='grc' dir='ltr'><strong>τὰ</strong></span> <span class='ocrx_word' id='word_1_587' title='bbox 1754 2097 1866 2125; x_wconf 84' lang='grc' dir='ltr'>τοιαῦτα</span> 
     </span>
    </p>
   </div>
   <div class='ocr_carea' id='block_1_71' title="bbox 1078 2143 1865 2180">
    <p class='ocr_par' dir='ltr' id='par_1_71' title="bbox 1078 2143 1865 2180">
     <span class='ocr_line' id='line_1_71' title="bbox 1078 2143 1865 2180; baseline -0.003 -8"><span class='ocrx_word' id='word_1_588' title='bbox 1078 2145 1179 2180; x_wconf 86' lang='grc' dir='ltr'>ὁμοίως</span> <span class='ocrx_word' id='word_1_589' title='bbox 1197 2145 1399 2180; x_wconf 78' lang='grc' dir='ltr'>κατεστήσαντο</span> <span class='ocrx_word' id='word_1_590' title='bbox 1413 2143 1468 2179; x_wconf 84' lang='lat' dir='ltr'><strong>(ll)</strong></span> <span class='ocrx_word' id='word_1_591' title='bbox 1480 2143 1534 2170; x_wconf 82' lang='grc' dir='ltr'><strong>τῶν</strong></span> <span class='ocrx_word' id='word_1_592' title='bbox 1548 2144 1700 2180; x_wconf 81' lang='grc' dir='ltr'>κρατίστων</span> <span class='ocrx_word' id='word_1_593' title='bbox 1715 2143 1789 2180; x_wconf 84' lang='grc' dir='ltr'>παρὰ</span> <span class='ocrx_word' id='word_1_594' title='bbox 1809 2145 1865 2175; x_wconf 86' lang='grc' dir='ltr'>τοῖς</span> 
     </span>
    </p>
   </div>
   <div class='ocr_carea' id='block_1_72' title="bbox 1080 2187 1864 2225">
    <p class='ocr_par' dir='ltr' id='par_1_72' title="bbox 1080 2187 1864 2225">
     <span class='ocr_line' id='line_1_72' title="bbox 1080 2187 1864 2225; baseline -0.004 -9"><span class='ocrx_word' id='word_1_595' title='bbox 1080 2189 1193 2225; x_wconf 85' lang='grc' dir='ltr'>Ἕλλησι</span> <span class='ocrx_word' id='word_1_596' title='bbox 1210 2188 1348 2224; x_wconf 83' lang='grc' dir='ltr'>νομίμων·</span> <span class='ocrx_word' id='word_1_597' title='bbox 1365 2188 1428 2219; x_wconf 82' lang='grc' dir='ltr'>τοὺς</span> <span class='ocrx_word' id='word_1_598' title='bbox 1440 2188 1468 2214; x_wconf 84' lang='grc' dir='ltr'><strong>δὲ</strong></span> <span class='ocrx_word' id='word_1_599' title='bbox 1481 2187 1713 2223; x_wconf 79' lang='grc' dir='ltr'>παραδεδομένους</span> <span class='ocrx_word' id='word_1_600' title='bbox 1730 2187 1794 2222; x_wconf 72' lang='grc' dir='ltr'>περὶ</span> <span class='ocrx_word' id='word_1_601' title='bbox 1814 2187 1864 2213; x_wconf 81' lang='grc' dir='ltr'><strong>αὐ-</strong></span> 
     </span>
    </p>
   </div>
   <div class='ocr_carea' id='block_1_73' title="bbox 246 2232 1033 2271">
    <p class='ocr_par' dir='ltr' id='par_1_73' title="bbox 246 2232 1027 2269">
     <span class='ocr_line' id='line_1_73' title="bbox 246 2232 1027 2269; baseline 0 -9"><span class='ocrx_word' id='word_1_602' title='bbox 246 2237 343 2261; x_wconf 70' lang='lat' dir='ltr'><strong>aetera</strong></span> <span class='ocrx_word' id='word_1_603' title='bbox 366 2233 392 2260; x_wconf 92' lang='lat' dir='ltr'><strong>id</strong></span> <span class='ocrx_word' id='word_1_604' title='bbox 412 2240 498 2268; x_wconf 88' lang='lat' dir='ltr'><strong>genus</strong></span> <span class='ocrx_word' id='word_1_605' title='bbox 517 2241 551 2260; x_wconf 79' lang='lat' dir='ltr'><strong>ex</strong></span> <span class='ocrx_word' id='word_1_606' title='bbox 570 2234 681 2269; x_wconf 83' lang='lat' dir='ltr'><strong>optimis</strong></span> <span class='ocrx_word' id='word_1_607' title='bbox 701 2233 855 2269; x_wconf 88' lang='lat' dir='ltr'><strong>quibusque</strong></span> <span class='ocrx_word' id='word_1_608' title='bbox 872 2232 1027 2262; x_wconf 79' lang='lat' dir='ltr'><strong>Graecorum</strong></span> 
     </span>
    </p>
   </div>
   <div class='ocr_carea' id='block_1_74' title="bbox 1084 2232 1865 2271">
    <p class='ocr_par' dir='ltr' id='par_1_74' title="bbox 1084 2232 1865 2271">
     <span class='ocr_line' id='line_1_74' title="bbox 1084 2232 1865 2271; baseline -0.004 -9"><span class='ocrx_word' id='word_1_609' title='bbox 1084 2235 1134 2262; x_wconf 81' lang='grc' dir='ltr'><strong>τῶν</strong></span> <span class='ocrx_word' id='word_1_610' title='bbox 1148 2235 1204 2271; x_wconf 74' lang='grc'><strong>(12)</strong></span> <span class='ocrx_word' id='word_1_611' title='bbox 1218 2235 1329 2270; x_wconf 77' lang='grc' dir='ltr'>μύθους,</span> <span class='ocrx_word' id='word_1_612' title='bbox 1341 2236 1371 2262; x_wconf 83' lang='grc' dir='ltr'>ὲν</span> <span class='ocrx_word' id='word_1_613' title='bbox 1394 2232 1433 2267; x_wconf 73' lang='grc' dir='ltr'>οἷς</span> <span class='ocrx_word' id='word_1_614' title='bbox 1452 2234 1621 2270; x_wconf 79' lang='grc' dir='ltr'>βλασφημίαι</span> <span class='ocrx_word' id='word_1_615' title='bbox 1634 2233 1705 2265; x_wconf 79' lang='grc' dir='ltr'>τινές</span> <span class='ocrx_word' id='word_1_616' title='bbox 1726 2234 1778 2259; x_wconf 76' lang='grc' dir='ltr'>εἱσι</span> <span class='ocrx_word' id='word_1_617' title='bbox 1802 2233 1865 2268; x_wconf 81' lang='grc' dir='ltr'>περὶ</span> 
     </span>
    </p>
   </div>
   <div class='ocr_carea' id='block_1_75' title="bbox 247 2270 1033 2316">
    <p class='ocr_par' dir='ltr' id='par_1_75' title="bbox 247 2276 1028 2314">
     <span class='ocr_line' id='line_1_75' title="bbox 247 2276 1028 2314; baseline 0.006 -13"><span class='ocrx_word' id='word_1_618' title='bbox 247 2276 387 2305; x_wconf 84' lang='lat' dir='ltr'><strong>hominum</strong></span> <span class='ocrx_word' id='word_1_619' title='bbox 398 2277 495 2305; x_wconf 87' lang='lat' dir='ltr'><strong>ritibus</strong></span> <span class='ocrx_word' id='word_1_620' title='bbox 509 2278 634 2306; x_wconf 89' lang='lat' dir='ltr'><strong>instituit.</strong></span> <span class='ocrx_word' id='word_1_621' title='bbox 648 2281 682 2307; x_wconf 83' lang='lat' dir='ltr'><strong>At</strong></span> <span class='ocrx_word' id='word_1_622' title='bbox 695 2287 759 2307; x_wconf 86' lang='lat' dir='ltr'><strong>vero</strong></span> <span class='ocrx_word' id='word_1_623' title='bbox 771 2287 880 2314; x_wconf 86' lang='lat' dir='ltr'><strong>sparsas</strong></span> <span class='ocrx_word' id='word_1_624' title='bbox 891 2279 924 2306; x_wconf 90' lang='lat' dir='ltr'><strong>de</strong></span> <span class='ocrx_word' id='word_1_625' title='bbox 934 2279 1028 2307; x_wconf 88' lang='lat' dir='ltr'><strong>iisdem</strong></span> 
     </span>
    </p>
   </div>
   <div class='ocr_carea' id='block_1_76' title="bbox 1084 2270 1864 2316">
    <p class='ocr_par' dir='ltr' id='par_1_76' title="bbox 1084 2270 1864 2316">
     <span class='ocr_line' id='line_1_76' title="bbox 1084 2270 1864 2316; baseline -0.005 -9"><span class='ocrx_word' id='word_1_626' title='bbox 1084 2280 1170 2307; x_wconf 75' lang='grc' dir='ltr'>αὐτῶν</span> <span class='ocrx_word' id='word_1_627' title='bbox 1222 2279 1400 2316; x_wconf 77' lang='grc' dir='ltr'>κατηγορίαι,</span> <span class='ocrx_word' id='word_1_628' title='bbox 1421 2279 1555 2314; x_wconf 77' lang='grc' dir='ltr'>πονηροὺς</span> <span class='ocrx_word' id='word_1_629' title='bbox 1581 2278 1628 2304; x_wconf 79' lang='grc' dir='ltr'>καὶ</span> <span class='ocrx_word' id='word_1_630' title='bbox 1647 2277 1803 2312; x_wconf 79' lang='grc' dir='ltr'>ἀνωφελεῖς,</span> <span class='ocrx_word' id='word_1_631' title='bbox 1817 2277 1864 2304; x_wconf 78' lang='grc' dir='ltr'>καὶ</span> 
     </span>
    </p>
   </div>
   <div class='ocr_carea' id='block_1_77' title="bbox 247 2321 1029 2360">
    <p class='ocr_par' dir='ltr' id='par_1_77' title="bbox 247 2321 1029 2360">
     <span class='ocr_line' id='line_1_77' title="bbox 247 2321 1029 2360; baseline 0.008 -13"><span class='ocrx_word' id='word_1_632' title='bbox 247 2321 423 2356; x_wconf 79' lang='lat' dir='ltr'><strong>vulgatasque</strong></span> <span class='ocrx_word' id='word_1_633' title='bbox 434 2321 656 2358; x_wconf 66' lang='lat' dir='ltr'><strong>ﬁbulas,quibus</strong></span> <span class='ocrx_word' id='word_1_634' title='bbox 671 2325 765 2359; x_wconf 75' lang='lat' dir='ltr'><strong>aliqua</strong></span> <span class='ocrx_word' id='word_1_635' title='bbox 777 2325 897 2359; x_wconf 91' lang='lat' dir='ltr'><strong>ipsorum</strong></span> <span class='ocrx_word' id='word_1_636' title='bbox 914 2325 954 2352; x_wconf 85' lang='lat' dir='ltr'><strong>vel</strong></span> <span class='ocrx_word' id='word_1_637' title='bbox 965 2333 1029 2360; x_wconf 79' lang='lat' dir='ltr'><strong>pro—</strong></span> 
     </span>
    </p>
   </div>
   <div class='ocr_carea' id='block_1_78' title="bbox 249 2367 1031 2405">
    <p class='ocr_par' dir='ltr' id='par_1_78' title="bbox 249 2367 1031 2405">
     <span class='ocr_line' id='line_1_78' title="bbox 249 2367 1031 2405; baseline 0.005 -11"><span class='ocrx_word' id='word_1_638' title='bbox 249 2373 307 2400; x_wconf 71' lang='grc' dir='ltr'><strong>οη,</strong></span> <span class='ocrx_word' id='word_1_639' title='bbox 317 2367 359 2394; x_wconf 87' lang='lat' dir='ltr'><strong>vel</strong></span> <span class='ocrx_word' id='word_1_640' title='bbox 378 2368 491 2395; x_wconf 90' lang='lat' dir='ltr'><strong>crimina</strong></span> <span class='ocrx_word' id='word_1_641' title='bbox 502 2369 686 2400; x_wconf 88' lang='lat' dir='ltr'><strong>continentur.</strong></span> <span class='ocrx_word' id='word_1_642' title='bbox 699 2370 846 2405; x_wconf 85' lang='lat' dir='ltr'><strong>improbas,</strong></span> <span class='ocrx_word' id='word_1_643' title='bbox 872 2371 981 2398; x_wconf 80' lang='lat' dir='ltr'><strong>inutiles</strong></span> <span class='ocrx_word' id='word_1_644' title='bbox 998 2378 1031 2398; x_wconf 89' lang='lat' dir='ltr'><strong>ac</strong></span> 
     </span>
    </p>
   </div>
   <div class='ocr_carea' id='block_1_79' title="bbox 249 2412 1031 2449">
    <p class='ocr_par' dir='ltr' id='par_1_79' title="bbox 249 2412 1031 2449">
     <span class='ocr_line' id='line_1_79' title="bbox 249 2412 1031 2449; baseline 0.006 -10"><span class='ocrx_word' id='word_1_645' title='bbox 249 2412 334 2440; x_wconf 60' lang='lat' dir='ltr'><strong>[tedas</strong></span> <span class='ocrx_word' id='word_1_646' title='bbox 342 2421 403 2441; x_wconf 87' lang='lat' dir='ltr'><strong>esse</strong></span> <span class='ocrx_word' id='word_1_647' title='bbox 413 2419 499 2447; x_wconf 89' lang='lat' dir='ltr'><strong>ratus,</strong></span> <span class='ocrx_word' id='word_1_648' title='bbox 512 2423 562 2443; x_wconf 89' lang='lat' dir='ltr'><strong>nec</strong></span> <span class='ocrx_word' id='word_1_649' title='bbox 571 2415 623 2443; x_wconf 93' lang='lat' dir='ltr'><strong>diis</strong></span> <span class='ocrx_word' id='word_1_650' title='bbox 632 2416 721 2449; x_wconf 82' lang='lat' dir='ltr'><strong>modo,</strong></span> <span class='ocrx_word' id='word_1_651' title='bbox 733 2415 780 2442; x_wconf 88' lang='lat' dir='ltr'><strong>sed</strong></span> <span class='ocrx_word' id='word_1_652' title='bbox 787 2416 867 2443; x_wconf 85' lang='lat' dir='ltr'><strong>etiam</strong></span> <span class='ocrx_word' id='word_1_653' title='bbox 876 2416 940 2443; x_wconf 90' lang='lat' dir='ltr'><strong>viris</strong></span> <span class='ocrx_word' id='word_1_654' title='bbox 952 2416 1031 2444; x_wconf 89' lang='lat' dir='ltr'><strong>bonis</strong></span> 
     </span>
    </p>
   </div>
   <div class='ocr_carea' id='block_1_80' title="bbox 247 2461 1029 2496">
    <p class='ocr_par' dir='ltr' id='par_1_80' title="bbox 247 2461 1029 2496">
     <span class='ocr_line' id='line_1_80' title="bbox 247 2461 1029 2496; baseline 0.005 -10"><span class='ocrx_word' id='word_1_655' title='bbox 247 2467 359 2494; x_wconf 80' lang='lat' dir='ltr'><strong>prorsus</strong></span> <span class='ocrx_word' id='word_1_656' title='bbox 381 2461 524 2496; x_wconf 82' lang='lat' dir='ltr'><strong>indignas,</strong></span> <span class='ocrx_word' id='word_1_657' title='bbox 546 2462 655 2496; x_wconf 87' lang='lat' dir='ltr'><strong>rejectis</strong></span> <span class='ocrx_word' id='word_1_658' title='bbox 681 2463 821 2496; x_wconf 83' lang='lat' dir='ltr'><strong>omnibus,</strong></span> <span class='ocrx_word' id='word_1_659' title='bbox 849 2463 972 2491; x_wconf 81' lang='lat' dir='ltr'><strong>homines</strong></span> <span class='ocrx_word' id='word_1_660' title='bbox 995 2463 1029 2492; x_wconf 89' lang='lat' dir='ltr'><strong>ad</strong></span> 
     </span>
    </p>
   </div>
   <div class='ocr_carea' id='block_1_81' title="bbox 245 2505 1029 2542">
    <p class='ocr_par' dir='ltr' id='par_1_81' title="bbox 245 2505 1029 2542">
     <span class='ocr_line' id='line_1_81' title="bbox 245 2505 1029 2542; baseline 0.005 -10"><span class='ocrx_word' id='word_1_661' title='bbox 245 2505 346 2540; x_wconf 83' lang='lat' dir='ltr'><strong>optime</strong></span> <span class='ocrx_word' id='word_1_662' title='bbox 360 2507 393 2534; x_wconf 89' lang='lat' dir='ltr'><strong>de</strong></span> <span class='ocrx_word' id='word_1_663' title='bbox 403 2507 456 2534; x_wconf 90' lang='lat' dir='ltr'><strong>diis</strong></span> <span class='ocrx_word' id='word_1_664' title='bbox 473 2507 639 2542; x_wconf 89' lang='lat' dir='ltr'><strong>loquendum</strong></span> <span class='ocrx_word' id='word_1_665' title='bbox 659 2516 692 2536; x_wconf 91' lang='lat' dir='ltr'><strong>ac</strong></span> <span class='ocrx_word' id='word_1_666' title='bbox 711 2509 881 2536; x_wconf 85' lang='lat' dir='ltr'><strong>sentiendum</strong></span> <span class='ocrx_word' id='word_1_667' title='bbox 898 2509 1029 2536; x_wconf 82' lang='lat' dir='ltr'><strong>informa-</strong></span> 
     </span>
    </p>
   </div>
   <div class='ocr_carea' id='block_1_82' title="bbox 245 2553 1028 2591">
    <p class='ocr_par' dir='ltr' id='par_1_82' title="bbox 245 2553 1028 2591">
     <span class='ocr_line' id='line_1_82' title="bbox 245 2553 1028 2591; baseline 0.005 -13"><span class='ocrx_word' id='word_1_668' title='bbox 245 2553 295 2584; x_wconf 87' lang='lat' dir='ltr'><strong>vit,</strong></span> <span class='ocrx_word' id='word_1_669' title='bbox 309 2553 414 2581; x_wconf 87' lang='lat' dir='ltr'><strong>nullum</strong></span> <span class='ocrx_word' id='word_1_670' title='bbox 427 2554 460 2582; x_wconf 87' lang='lat' dir='ltr'><strong>iis</strong></span> <span class='ocrx_word' id='word_1_671' title='bbox 476 2554 594 2583; x_wconf 85' lang='lat' dir='ltr'><strong>studium</strong></span> <span class='ocrx_word' id='word_1_672' title='bbox 612 2556 688 2583; x_wconf 79' lang='lat' dir='ltr'><strong>beata</strong></span> <span class='ocrx_word' id='word_1_673' title='bbox 704 2560 799 2582; x_wconf 86' lang='lat' dir='ltr'><strong>natura</strong></span> <span class='ocrx_word' id='word_1_674' title='bbox 815 2556 905 2585; x_wconf 86' lang='lat' dir='ltr'><strong>minus</strong></span> <span class='ocrx_word' id='word_1_675' title='bbox 916 2556 1028 2591; x_wconf 78' lang='lat' dir='ltr'><strong>dignum</strong></span> 
     </span>
    </p>
   </div>
   <div class='ocr_carea' id='block_1_83' title="bbox 245 2598 1028 2633">
    <p class='ocr_par' dir='ltr' id='par_1_83' title="bbox 245 2598 1028 2633">
     <span class='ocr_line' id='line_1_83' title="bbox 245 2598 1028 2633; baseline 0.006 -9"><span class='ocrx_word' id='word_1_676' title='bbox 245 2598 385 2633; x_wconf 82' lang='lat' dir='ltr'><strong>allingens.</strong></span> <span class='ocrx_word' id='word_1_677' title='bbox 399 2598 455 2627; x_wconf 80' lang='lat' dir='ltr'><strong>Nec</strong></span> <span class='ocrx_word' id='word_1_678' title='bbox 468 2600 540 2627; x_wconf 88' lang='lat' dir='ltr'><strong>enim</strong></span> <span class='ocrx_word' id='word_1_679' title='bbox 557 2609 572 2628; x_wconf 87' lang='lat' dir='ltr'><strong>a</strong></span> <span class='ocrx_word' id='word_1_680' title='bbox 587 2600 719 2629; x_wconf 73' lang='lat' dir='ltr'><strong>Romanis</strong></span> <span class='ocrx_word' id='word_1_681' title='bbox 733 2607 779 2629; x_wconf 92' lang='lat' dir='ltr'><strong>aut</strong></span> <span class='ocrx_word' id='word_1_682' title='bbox 790 2607 916 2629; x_wconf 78' lang='lat' dir='ltr'><strong>exsuctus</strong></span> <span class='ocrx_word' id='word_1_683' title='bbox 929 2602 1028 2629; x_wconf 87' lang='lat' dir='ltr'><strong>libero-</strong></span> 
     </span>
    </p>
   </div>
   <div class='ocr_carea' id='block_1_84' title="bbox 245 2646 1025 2679">
    <p class='ocr_par' dir='ltr' id='par_1_84' title="bbox 245 2646 1025 2679">
     <span class='ocr_line' id='line_1_84' title="bbox 245 2646 1025 2679; baseline 0.005 -9"><span class='ocrx_word' id='word_1_684' title='bbox 245 2651 305 2671; x_wconf 91' lang='lat' dir='ltr'><strong>rum</strong></span> <span class='ocrx_word' id='word_1_685' title='bbox 326 2652 438 2671; x_wconf 85' lang='lat' dir='ltr'><strong>suorum</strong></span> <span class='ocrx_word' id='word_1_686' title='bbox 461 2653 543 2672; x_wconf 90' lang='lat' dir='ltr'><strong>manu</strong></span> <span class='ocrx_word' id='word_1_687' title='bbox 569 2646 660 2674; x_wconf 65' lang='lat' dir='ltr'><strong>Caelus</strong></span> <span class='ocrx_word' id='word_1_688' title='bbox 686 2647 784 2679; x_wconf 82' lang='lat' dir='ltr'><strong>fuisse,</strong></span> <span class='ocrx_word' id='word_1_689' title='bbox 811 2653 857 2674; x_wconf 92' lang='lat' dir='ltr'><strong>aut</strong></span> <span class='ocrx_word' id='word_1_690' title='bbox 881 2647 1025 2678; x_wconf 86' lang='lat' dir='ltr'><strong>Saturnus,</strong></span> 
     </span>
    </p>
   </div>
   <div class='ocr_carea' id='block_1_85' title="bbox 244 2689 1027 2726">
    <p class='ocr_par' dir='ltr' id='par_1_85' title="bbox 244 2689 1027 2726">
     <span class='ocr_line' id='line_1_85' title="bbox 244 2689 1027 2726; baseline 0.003 -10"><span class='ocrx_word' id='word_1_691' title='bbox 244 2689 316 2724; x_wconf 89' lang='lat' dir='ltr'><strong>quod</strong></span> <span class='ocrx_word' id='word_1_692' title='bbox 337 2689 388 2716; x_wconf 89' lang='lat' dir='ltr'><strong>sibi</strong></span> <span class='ocrx_word' id='word_1_693' title='bbox 410 2689 444 2716; x_wconf 91' lang='lat' dir='ltr'><strong>ab</strong></span> <span class='ocrx_word' id='word_1_694' title='bbox 465 2697 559 2717; x_wconf 88' lang='lat' dir='ltr'><strong>eorum</strong></span> <span class='ocrx_word' id='word_1_695' title='bbox 584 2691 684 2726; x_wconf 82' lang='lat' dir='ltr'><strong>impetu</strong></span> <span class='ocrx_word' id='word_1_696' title='bbox 707 2691 778 2718; x_wconf 91' lang='lat' dir='ltr'><strong>male</strong></span> <span class='ocrx_word' id='word_1_697' title='bbox 798 2696 940 2723; x_wconf 89' lang='lat' dir='ltr'><strong>metueret,</strong></span> <span class='ocrx_word' id='word_1_698' title='bbox 962 2699 1027 2718; x_wconf 82' lang='lat' dir='ltr'><strong>suos</strong></span> 
     </span>
    </p>
   </div>
   <div class='ocr_carea' id='block_1_86' title="bbox 244 2756 1025 2820">
    <p class='ocr_par' dir='ltr' id='par_1_86' title="bbox 244 2756 1025 2820">
     <span class='ocr_line' id='line_1_86' title="bbox 244 2756 1025 2820; baseline 0.004 -37"><span class='ocrx_word' id='word_1_699' title='bbox 244 2757 345 2820; x_wconf 35' lang='lat' dir='ltr'><strong>male;</strong></span> <span class='ocrx_word' id='word_1_700' title='bbox 355 2756 444 2785; x_wconf 85' lang='lat' dir='ltr'><strong>Locus</strong></span> <span class='ocrx_word' id='word_1_701' title='bbox 455 2758 499 2784; x_wconf 87' lang='lat' dir='ltr'><strong>hic</strong></span> <span class='ocrx_word' id='word_1_702' title='bbox 512 2762 602 2785; x_wconf 82' lang='lat' dir='ltr'><strong>exstat</strong></span> <span class='ocrx_word' id='word_1_703' title='bbox 615 2758 661 2785; x_wconf 90' lang='lat' dir='ltr'><strong>lib.</strong></span> <span class='ocrx_word' id='word_1_704' title='bbox 681 2767 711 2789; x_wconf 88' lang='grc' dir='ltr'>ιι,</span> <span class='ocrx_word' id='word_1_705' title='bbox 729 2767 791 2794; x_wconf 80' lang='lat' dir='ltr'><strong>pag.</strong></span> <span class='ocrx_word' id='word_1_706' title='bbox 805 2759 821 2785; x_wconf 91' lang='lat'><strong>9</strong></span> <span class='ocrx_word' id='word_1_707' title='bbox 836 2759 902 2787; x_wconf 89' lang='lat' dir='ltr'><strong>edit.</strong></span> <span class='ocrx_word' id='word_1_708' title='bbox 917 2758 1025 2786; x_wconf 67' lang='lat' dir='ltr'><strong>Graeco-</strong></span> 
     </span>
     <span class='ocr_line' id='line_1_87' title="bbox 295 2800 355 2818; baseline -0.017 0"><span class='ocrx_word' id='word_1_709' title='bbox 295 2800 320 2818; x_wconf 83' lang='lat' dir='ltr'><strong>lll</strong></span> <span class='ocrx_word' id='word_1_710' title='bbox 348 2809 355 2817; x_wconf 77' lang='grc' dir='ltr'><strong>ι</strong></span> 
     </span>
    </p>
   </div>
   <div class='ocr_carea' id='block_1_87' title="bbox 295 2800 355 2818">
    <p class='ocr_par' dir='ltr' id='par_1_87' title="bbox 295 2800 355 2818">
     <span class='ocr_line' id='line_1_88' title="bbox 295 2800 355 2818; baseline -0.017 0"><span class='ocrx_word' id='word_1_711' title='bbox 295 2800 355 2818; x_wconf 56' lang='lat' dir='ltr'><strong>illi?-</strong></span> 
     </span>
    </p>
   </div>
   <div class='ocr_carea' id='block_1_88' title="bbox 279 2827 1026 2863">
    <p class='ocr_par' dir='ltr' id='par_1_88' title="bbox 279 2827 1026 2863">
     <span class='ocr_line' id='line_1_89' title="bbox 279 2827 1026 2863; baseline 0.001 -10"><span class='ocrx_word' id='word_1_712' title='bbox 279 2827 334 2863; x_wconf 69' lang='grc' dir='ltr'><strong>(μ)</strong></span> <span class='ocrx_word' id='word_1_713' title='bbox 355 2827 445 2860; x_wconf 88' lang='lat' dir='ltr'><strong>Dion.,</strong></span> <span class='ocrx_word' id='word_1_714' title='bbox 459 2829 653 2863; x_wconf 82' lang='grc' dir='ltr'>κατεστήσατο,</span> <span class='ocrx_word' id='word_1_715' title='bbox 671 2836 751 2861; x_wconf 87' lang='lat' dir='ltr'><strong>quam</strong></span> <span class='ocrx_word' id='word_1_716' title='bbox 766 2828 908 2856; x_wconf 78' lang='lat' dir='ltr'><strong>lectionem</strong></span> <span class='ocrx_word' id='word_1_717' title='bbox 925 2833 1026 2862; x_wconf 68' lang='lat' dir='ltr'><strong>prmlu-</strong></span> 
     </span>
    </p>
   </div>
   <div class='ocr_carea' id='block_1_89' title="bbox 244 2861 1025 2899">
    <p class='ocr_par' dir='ltr' id='par_1_89' title="bbox 244 2861 1025 2899">
     <span class='ocr_line' id='line_1_90' title="bbox 244 2861 1025 2899; baseline 0.001 -12"><span class='ocrx_word' id='word_1_718' title='bbox 244 2862 271 2887; x_wconf 92' lang='lat' dir='ltr'><strong>li.</strong></span> <span class='ocrx_word' id='word_1_719' title='bbox 294 2861 318 2888; x_wconf 83' lang='lat' dir='ltr'><strong>IIl</strong></span> <span class='ocrx_word' id='word_1_720' title='bbox 341 2863 424 2893; x_wconf 66' lang='lat' dir='ltr'><strong>lugit.,</strong></span> <span class='ocrx_word' id='word_1_721' title='bbox 438 2865 493 2895; x_wconf 80' lang='grc' dir='ltr'>τοῖς</span> <span class='ocrx_word' id='word_1_722' title='bbox 509 2861 662 2899; x_wconf 67' lang='grc' dir='ltr'>κρατίστοις</span> <span class='ocrx_word' id='word_1_723' title='bbox 677 2863 731 2889; x_wconf 74' lang='grc' dir='ltr'><strong>τῶν</strong></span> <span class='ocrx_word' id='word_1_724' title='bbox 747 2864 811 2899; x_wconf 74' lang='grc' dir='ltr'>παρ’</span> <span class='ocrx_word' id='word_1_725' title='bbox 825 2861 935 2898; x_wconf 70' lang='grc' dir='ltr'>Ἕλλησι</span> <span class='ocrx_word' id='word_1_726' title='bbox 950 2863 1025 2897; x_wconf 75' lang='grc' dir='ltr'>νομε-</span> 
     </span>
    </p>
   </div>
   <div class='ocr_carea' id='block_1_90' title="bbox 244 2898 773 2934">
    <p class='ocr_par' dir='ltr' id='par_1_90' title="bbox 244 2898 773 2934">
     <span class='ocr_line' id='line_1_91' title="bbox 244 2898 773 2934; baseline 0.006 -11"><span class='ocrx_word' id='word_1_727' title='bbox 244 2906 314 2930; x_wconf 75' lang='grc' dir='ltr'>μων’</span> <span class='ocrx_word' id='word_1_728' title='bbox 339 2903 446 2932; x_wconf 65' lang='lat' dir='ltr'><strong>illaque</strong></span> <span class='ocrx_word' id='word_1_729' title='bbox 461 2898 538 2926; x_wconf 75' lang='lat' dir='ltr'><strong>lectio</strong></span> <span class='ocrx_word' id='word_1_730' title='bbox 551 2898 658 2934; x_wconf 79' lang='lat' dir='ltr'><strong>probari</strong></span> <span class='ocrx_word' id='word_1_731' title='bbox 676 2904 773 2933; x_wconf 70' lang='lat' dir='ltr'><strong>potest.</strong></span> 
     </span>
    </p>
   </div>
   <div class='ocr_carea' id='block_1_91' title="bbox 1079 2321 1862 2361">
    <p class='ocr_par' dir='ltr' id='par_1_91' title="bbox 1079 2321 1862 2361">
     <span class='ocr_line' id='line_1_92' title="bbox 1079 2321 1862 2361; baseline -0.005 -9"><span class='ocrx_word' id='word_1_732' title='bbox 1079 2327 1237 2361; x_wconf 82' lang='grc' dir='ltr'>ἀσχήμονας</span> <span class='ocrx_word' id='word_1_733' title='bbox 1256 2324 1398 2352; x_wconf 74' lang='grc' dir='ltr'>ὑπολαϐὼν</span> <span class='ocrx_word' id='word_1_734' title='bbox 1421 2321 1490 2350; x_wconf 78' lang='grc' dir='ltr'>εἶναι</span> <span class='ocrx_word' id='word_1_735' title='bbox 1502 2344 1509 2356; x_wconf 84' lang='grc'>,</span> <span class='ocrx_word' id='word_1_736' title='bbox 1523 2324 1570 2350; x_wconf 73' lang='grc' dir='ltr'><strong>καὶ</strong></span> <span class='ocrx_word' id='word_1_737' title='bbox 1583 2324 1632 2359; x_wconf 77' lang='grc' dir='ltr'>οὐχ</span> <span class='ocrx_word' id='word_1_738' title='bbox 1651 2324 1690 2350; x_wconf 81' lang='grc' dir='ltr'>ὅτι</span> <span class='ocrx_word' id='word_1_739' title='bbox 1703 2323 1758 2349; x_wconf 90' lang='grc' dir='ltr'>τῶν</span> <span class='ocrx_word' id='word_1_740' title='bbox 1774 2321 1841 2349; x_wconf 81' lang='grc' dir='ltr'>θεῶν</span> <span class='ocrx_word' id='word_1_741' title='bbox 1853 2341 1862 2354; x_wconf 83' lang='grc'><em>,</em></span> 
     </span>
    </p>
   </div>
   <div class='ocr_carea' id='block_1_92' title="bbox 1080 2368 1862 2407">
    <p class='ocr_par' dir='ltr' id='par_1_92' title="bbox 1080 2368 1862 2407">
     <span class='ocr_line' id='line_1_93' title="bbox 1080 2368 1862 2407; baseline -0.005 -9"><span class='ocrx_word' id='word_1_742' title='bbox 1080 2371 1136 2403; x_wconf 80' lang='grc' dir='ltr'>ἀλλ’</span> <span class='ocrx_word' id='word_1_743' title='bbox 1147 2372 1200 2398; x_wconf 75' lang='grc' dir='ltr'>οὐδ’</span> <span class='ocrx_word' id='word_1_744' title='bbox 1212 2371 1362 2407; x_wconf 84' lang='grc' dir='ltr'>ἀνθρώπων</span> <span class='ocrx_word' id='word_1_745' title='bbox 1372 2371 1481 2406; x_wconf 78' lang='grc' dir='ltr'>ἀγαθῶν</span> <span class='ocrx_word' id='word_1_746' title='bbox 1495 2370 1597 2404; x_wconf 82' lang='grc' dir='ltr'>ἀξίους,</span> <span class='ocrx_word' id='word_1_747' title='bbox 1607 2370 1728 2401; x_wconf 66' lang='grc' dir='ltr'>ἅπαντας</span> <span class='ocrx_word' id='word_1_748' title='bbox 1742 2368 1862 2402; x_wconf 75' lang='grc' dir='ltr'><strong>ἐξέϐαλε,</strong></span> 
     </span>
    </p>
   </div>
   <div class='ocr_carea' id='block_1_93' title="bbox 1080 2415 1864 2453">
    <p class='ocr_par' dir='ltr' id='par_1_93' title="bbox 1080 2415 1864 2453">
     <span class='ocr_line' id='line_1_94' title="bbox 1080 2415 1864 2453; baseline -0.001 -10"><span class='ocrx_word' id='word_1_749' title='bbox 1080 2418 1126 2444; x_wconf 80' lang='grc' dir='ltr'>καὶ</span> <span class='ocrx_word' id='word_1_750' title='bbox 1143 2417 1332 2452; x_wconf 79' lang='grc' dir='ltr'>παρεσκεύασε</span> <span class='ocrx_word' id='word_1_751' title='bbox 1347 2418 1410 2449; x_wconf 78' lang='grc' dir='ltr'>τοὺς</span> <span class='ocrx_word' id='word_1_752' title='bbox 1424 2417 1584 2453; x_wconf 76' lang='grc' dir='ltr'>ἀνθρώπους</span> <span class='ocrx_word' id='word_1_753' title='bbox 1598 2416 1634 2443; x_wconf 75' lang='grc' dir='ltr'><strong>τὰ.</strong></span> <span class='ocrx_word' id='word_1_754' title='bbox 1655 2416 1784 2443; x_wconf 83' lang='grc' dir='ltr'>κάλλιστα</span> <span class='ocrx_word' id='word_1_755' title='bbox 1807 2415 1864 2452; x_wconf 76' lang='lat' dir='ltr'><strong>(l3)</strong></span> 
     </span>
    </p>
   </div>
   <div class='ocr_carea' id='block_1_94' title="bbox 1079 2462 1864 2498">
    <p class='ocr_par' dir='ltr' id='par_1_94' title="bbox 1079 2462 1864 2498">
     <span class='ocr_line' id='line_1_95' title="bbox 1079 2462 1864 2498; baseline 0 -11"><span class='ocrx_word' id='word_1_756' title='bbox 1079 2462 1143 2498; x_wconf 77' lang='grc' dir='ltr'>περὶ</span> <span class='ocrx_word' id='word_1_757' title='bbox 1159 2462 1226 2488; x_wconf 78' lang='grc' dir='ltr'>θεῶν</span> <span class='ocrx_word' id='word_1_758' title='bbox 1238 2462 1325 2496; x_wconf 84' lang='grc' dir='ltr'>λέγειν</span> <span class='ocrx_word' id='word_1_759' title='bbox 1341 2471 1370 2489; x_wconf 87' lang='grc' dir='ltr'>τε</span> <span class='ocrx_word' id='word_1_760' title='bbox 1386 2464 1433 2489; x_wconf 74' lang='grc' dir='ltr'>καὶ</span> <span class='ocrx_word' id='word_1_761' title='bbox 1449 2464 1567 2498; x_wconf 79' lang='grc' dir='ltr'>φρονεῖν,</span> <span class='ocrx_word' id='word_1_762' title='bbox 1585 2462 1664 2498; x_wconf 83' lang='grc' dir='ltr'>μηδὲν</span> <span class='ocrx_word' id='word_1_763' title='bbox 1681 2462 1770 2493; x_wconf 80' lang='grc' dir='ltr'>αὐτοῖς</span> <span class='ocrx_word' id='word_1_764' title='bbox 1780 2469 1864 2497; x_wconf 82' lang='grc' dir='ltr'>προσ-</span> 
     </span>
    </p>
   </div>
   <div class='ocr_carea' id='block_1_95' title="bbox 1079 2506 1862 2543">
    <p class='ocr_par' dir='ltr' id='par_1_95' title="bbox 1079 2506 1862 2543">
     <span class='ocr_line' id='line_1_96' title="bbox 1079 2506 1862 2543; baseline 0.001 -10"><span class='ocrx_word' id='word_1_765' title='bbox 1079 2507 1184 2542; x_wconf 79' lang='grc' dir='ltr'>ανάψας</span> <span class='ocrx_word' id='word_1_766' title='bbox 1212 2507 1267 2542; x_wconf 75' lang='grc' dir='ltr'><strong>(Η)</strong></span> <span class='ocrx_word' id='word_1_767' title='bbox 1280 2508 1388 2540; x_wconf 83' lang='grc' dir='ltr'>ἀνάξιον</span> <span class='ocrx_word' id='word_1_768' title='bbox 1408 2509 1576 2543; x_wconf 76' lang='grc' dir='ltr'>ἐπιτήδευμα</span> <span class='ocrx_word' id='word_1_769' title='bbox 1594 2508 1643 2543; x_wconf 82' lang='grc' dir='ltr'>τῆς</span> <span class='ocrx_word' id='word_1_770' title='bbox 1657 2510 1792 2543; x_wconf 79' lang='grc' dir='ltr'>μακαρίας</span> <span class='ocrx_word' id='word_1_771' title='bbox 1811 2506 1862 2541; x_wconf 75' lang='grc' dir='ltr'><strong>φύ-</strong></span> 
     </span>
    </p>
   </div>
   <div class='ocr_carea' id='block_1_96' title="bbox 1079 2551 1862 2589">
    <p class='ocr_par' dir='ltr' id='par_1_96' title="bbox 1079 2551 1862 2589">
     <span class='ocr_line' id='line_1_97' title="bbox 1079 2551 1862 2589; baseline 0 -11"><span class='ocrx_word' id='word_1_772' title='bbox 1079 2561 1147 2584; x_wconf 84' lang='grc' dir='ltr'>σεως</span> <span class='ocrx_word' id='word_1_773' title='bbox 1159 2561 1165 2567; x_wconf 86' lang='grc'><strong>”</strong></span> <span class='ocrx_word' id='word_1_774' title='bbox 1181 2552 1242 2580; x_wconf 79' lang='grc' dir='ltr'>οὔτε</span> <span class='ocrx_word' id='word_1_775' title='bbox 1259 2553 1313 2589; x_wconf 82' lang='grc' dir='ltr'><strong>γὰρ</strong></span> <span class='ocrx_word' id='word_1_776' title='bbox 1327 2554 1448 2589; x_wconf 81' lang='grc' dir='ltr'>Οὐρανὸς</span> <span class='ocrx_word' id='word_1_777' title='bbox 1460 2554 1656 2589; x_wconf 73' lang='grc' dir='ltr'>ἐκτεμνόμενος</span> <span class='ocrx_word' id='word_1_778' title='bbox 1667 2552 1719 2581; x_wconf 68' lang='grc' dir='ltr'><strong>ὑπὸ</strong></span> <span class='ocrx_word' id='word_1_779' title='bbox 1732 2551 1785 2578; x_wconf 85' lang='grc' dir='ltr'><strong>τῶν</strong></span> <span class='ocrx_word' id='word_1_780' title='bbox 1798 2553 1862 2578; x_wconf 81' lang='grc' dir='ltr'>ἑαυ-</span> 
     </span>
    </p>
   </div>
   <div class='ocr_carea' id='block_1_97' title="bbox 1078 2598 1864 2636">
    <p class='ocr_par' dir='ltr' id='par_1_97' title="bbox 1078 2598 1864 2636">
     <span class='ocr_line' id='line_1_98' title="bbox 1078 2598 1864 2636; baseline 0 -11"><span class='ocrx_word' id='word_1_781' title='bbox 1078 2599 1125 2625; x_wconf 83' lang='grc' dir='ltr'>τοῦ</span> <span class='ocrx_word' id='word_1_782' title='bbox 1140 2600 1243 2626; x_wconf 81' lang='grc' dir='ltr'>παίδων</span> <span class='ocrx_word' id='word_1_783' title='bbox 1258 2600 1332 2636; x_wconf 90' lang='grc' dir='ltr'><strong>παρά</strong></span> <span class='ocrx_word' id='word_1_784' title='bbox 1352 2601 1497 2636; x_wconf 85' lang='grc' dir='ltr'>Ῥωμαίοις</span> <span class='ocrx_word' id='word_1_785' title='bbox 1510 2600 1628 2634; x_wconf 81' lang='grc' dir='ltr'>λέγεται,</span> <span class='ocrx_word' id='word_1_786' title='bbox 1644 2598 1706 2626; x_wconf 76' lang='grc' dir='ltr'>οὔτε</span> <span class='ocrx_word' id='word_1_787' title='bbox 1729 2599 1743 2625; x_wconf 82' lang='grc' dir='ltr'><strong><em>ὁ</em></strong></span> <span class='ocrx_word' id='word_1_788' title='bbox 1759 2599 1864 2634; x_wconf 84' lang='grc' dir='ltr'>Κρόνος</span> 
     </span>
    </p>
   </div>
   <div class='ocr_carea' id='block_1_98' title="bbox 1078 2639 1864 2681">
    <p class='ocr_par' dir='ltr' id='par_1_98' title="bbox 1078 2639 1864 2681">
     <span class='ocr_line' id='line_1_99' title="bbox 1078 2639 1864 2681; baseline -0.003 -10"><span class='ocrx_word' id='word_1_789' title='bbox 1078 2645 1216 2677; x_wconf 72' lang='grc' dir='ltr'>ἀφανίζων</span> <span class='ocrx_word' id='word_1_790' title='bbox 1231 2645 1280 2677; x_wconf 80' lang='grc' dir='ltr'>τὰς</span> <span class='ocrx_word' id='word_1_791' title='bbox 1292 2646 1388 2673; x_wconf 65' lang='grc' dir='ltr'>ἑαυτοῦ</span> <span class='ocrx_word' id='word_1_792' title='bbox 1402 2639 1483 2680; x_wconf 79' lang='grc' dir='ltr'>γονὰς</span> <span class='ocrx_word' id='word_1_793' title='bbox 1501 2645 1574 2681; x_wconf 76' lang='grc' dir='ltr'>φόϐῳ</span> <span class='ocrx_word' id='word_1_794' title='bbox 1586 2645 1636 2679; x_wconf 87' lang='grc' dir='ltr'>τῆς</span> <span class='ocrx_word' id='word_1_795' title='bbox 1648 2644 1679 2677; x_wconf 77' lang='grc' dir='ltr'>ἐξ</span> <span class='ocrx_word' id='word_1_796' title='bbox 1696 2643 1785 2670; x_wconf 82' lang='grc' dir='ltr'>αὐτῶν</span> <span class='ocrx_word' id='word_1_797' title='bbox 1804 2644 1864 2670; x_wconf 74' lang='grc' dir='ltr'><strong>ἑπι-</strong></span> 
     </span>
    </p>
   </div>
   <div class='ocr_carea' id='block_1_99' title="bbox 1078 2689 1861 2727">
    <p class='ocr_par' dir='ltr' id='par_1_99' title="bbox 1078 2689 1861 2727">
     <span class='ocr_line' id='line_1_100' title="bbox 1078 2689 1861 2727; baseline 0 -11"><span class='ocrx_word' id='word_1_798' title='bbox 1078 2689 1187 2724; x_wconf 81' lang='grc' dir='ltr'>θέσεως,</span> <span class='ocrx_word' id='word_1_799' title='bbox 1200 2691 1261 2718; x_wconf 82' lang='grc' dir='ltr'>οὔτε</span> <span class='ocrx_word' id='word_1_800' title='bbox 1275 2692 1343 2723; x_wconf 86' lang='grc' dir='ltr'>Ζεὺς</span> <span class='ocrx_word' id='word_1_801' title='bbox 1356 2692 1496 2723; x_wconf 80' lang='grc' dir='ltr'>καταλύων</span> <span class='ocrx_word' id='word_1_802' title='bbox 1512 2691 1562 2727; x_wconf 86' lang='grc' dir='ltr'>τὴν</span> <span class='ocrx_word' id='word_1_803' title='bbox 1577 2691 1680 2726; x_wconf 86' lang='grc' dir='ltr'>Κρόνου</span> <span class='ocrx_word' id='word_1_804' title='bbox 1693 2689 1861 2722; x_wconf 81' lang='grc' dir='ltr'>δυναστείαν,</span> 
     </span>
    </p>
   </div>
   <div class='ocr_carea' id='block_1_100' title="bbox 1113 2755 1863 2794">
    <p class='ocr_par' dir='ltr' id='par_1_100' title="bbox 1113 2755 1863 2794">
     <span class='ocr_line' id='line_1_101' title="bbox 1113 2755 1863 2794; baseline 0 -10"><span class='ocrx_word' id='word_1_805' title='bbox 1113 2757 1168 2791; x_wconf 69' lang='grc'><strong>(12)</strong></span> <span class='ocrx_word' id='word_1_806' title='bbox 1188 2758 1257 2792; x_wconf 73' lang='grc' dir='ltr'>Περὶ</span> <span class='ocrx_word' id='word_1_807' title='bbox 1283 2759 1390 2786; x_wconf 72' lang='grc' dir='ltr'>αὐτῶν.</span> <span class='ocrx_word' id='word_1_808' title='bbox 1413 2758 1566 2794; x_wconf 81' lang='lat' dir='ltr'><strong>Dionysius,</strong></span> <span class='ocrx_word' id='word_1_809' title='bbox 1591 2755 1764 2790; x_wconf 69' lang='grc' dir='ltr'>κατ’μὺτῶν,</span> <span class='ocrx_word' id='word_1_810' title='bbox 1787 2755 1863 2791; x_wconf 83' lang='lat' dir='ltr'><strong>quod</strong></span> 
     </span>
    </p>
   </div>
   <div class='ocr_carea' id='block_1_101' title="bbox 1077 2793 1297 2826">
    <p class='ocr_par' dir='ltr' id='par_1_101' title="bbox 1077 2793 1297 2826">
     <span class='ocr_line' id='line_1_102' title="bbox 1077 2793 1297 2826; baseline 0.009 -8"><span class='ocrx_word' id='word_1_811' title='bbox 1077 2793 1167 2826; x_wconf 75' lang='lat' dir='ltr'><strong>aptius</strong></span> <span class='ocrx_word' id='word_1_812' title='bbox 1181 2793 1297 2820; x_wconf 80' lang='lat' dir='ltr'><strong>videtur.</strong></span> 
     </span>
    </p>
   </div>
   <div class='ocr_carea' id='block_1_102' title="bbox 1113 2827 1735 2862">
    <p class='ocr_par' dir='ltr' id='par_1_102' title="bbox 1113 2827 1735 2862">
     <span class='ocr_line' id='line_1_103' title="bbox 1113 2827 1735 2862; baseline -0.003 -8"><span class='ocrx_word' id='word_1_813' title='bbox 1113 2827 1169 2862; x_wconf 78' lang='grc'><strong>(15)</strong></span> <span class='ocrx_word' id='word_1_814' title='bbox 1193 2828 1230 2854; x_wconf 85' lang='grc' dir='ltr'><strong>Τὰ</strong></span> <span class='ocrx_word' id='word_1_815' title='bbox 1243 2827 1400 2855; x_wconf 70' lang='grc' dir='ltr'>κάλλιστα.</span> <span class='ocrx_word' id='word_1_816' title='bbox 1425 2827 1580 2862; x_wconf 84' lang='lat' dir='ltr'><strong>Dionysius,</strong></span> <span class='ocrx_word' id='word_1_817' title='bbox 1592 2827 1735 2862; x_wconf 80' lang='grc' dir='ltr'>κράτιστα.</span> 
     </span>
    </p>
   </div>
   <div class='ocr_carea' id='block_1_103' title="bbox 1112 2862 1864 2898">
    <p class='ocr_par' dir='ltr' id='par_1_103' title="bbox 1112 2862 1864 2898">
     <span class='ocr_line' id='line_1_104' title="bbox 1112 2862 1864 2898; baseline -0.005 -8"><span class='ocrx_word' id='word_1_818' title='bbox 1112 2862 1166 2898; x_wconf 74' lang='grc'><strong>(16)</strong></span> <span class='ocrx_word' id='word_1_819' title='bbox 1187 2862 1399 2898; x_wconf 65' lang='grc' dir='ltr'>Προσαγιὶψτις.</span> <span class='ocrx_word' id='word_1_820' title='bbox 1424 2862 1512 2894; x_wconf 86' lang='grc' dir='ltr'>υιοιι.,</span> <span class='ocrx_word' id='word_1_821' title='bbox 1528 2862 1743 2897; x_wconf 77' lang='grc' dir='ltr'>προσάπτοντας,</span> <span class='ocrx_word' id='word_1_822' title='bbox 1759 2865 1864 2890; x_wconf 68' lang='grc' dir='ltr'>υιιύιοι</span> 
     </span>
    </p>
   </div>
   <div class='ocr_carea' id='block_1_104' title="bbox 1076 2903 1256 2932">
    <p class='ocr_par' dir='ltr' id='par_1_104' title="bbox 1076 2903 1256 2932">
     <span class='ocr_line' id='line_1_105' title="bbox 1076 2903 1256 2932; baseline -0.006 -7"><span class='ocrx_word' id='word_1_823' title='bbox 1076 2906 1129 2932; x_wconf 73' lang='lat' dir='ltr'><strong>que</strong></span> <span class='ocrx_word' id='word_1_824' title='bbox 1144 2903 1256 2925; x_wconf 82' lang='lat' dir='ltr'><strong>rectum.</strong></span> 
     </span>
    </p>
   </div>
  </div>
