  <div class='ocr_page' id='page_1' title='image "/cluster/home/n/w/nwhite01/storage/ocr_20150623/21/njp.32101077772489/083.png"; bbox 0 0 2064 3212; ppageno 0'>
   <div class='ocr_carea' id='block_1_1' title="bbox 261 183 313 212">
    <p class='ocr_par' dir='ltr' id='par_1_1' title="bbox 261 183 313 212">
     <span class='ocr_line' id='line_1_1' title="bbox 261 183 313 212; baseline 0.019 -1"><span class='ocrx_word' id='word_1_1' title='bbox 261 183 313 212; x_wconf 70' lang='grc'><strong>155</strong></span> 
     </span>
    </p>
   </div>
   <div class='ocr_carea' id='block_1_2' title="bbox 260 285 1042 321">
    <p class='ocr_par' dir='ltr' id='par_1_2' title="bbox 260 285 1042 321">
     <span class='ocr_line' id='line_1_2' title="bbox 260 285 1042 321; baseline -0.003 -7"><span class='ocrx_word' id='word_1_2' title='bbox 260 287 344 315; x_wconf 83' lang='lat' dir='ltr'><strong>storia</strong></span> <span class='ocrx_word' id='word_1_3' title='bbox 370 287 552 319; x_wconf 83' lang='lat' dir='ltr'><strong>decantatum,</strong></span> <span class='ocrx_word' id='word_1_4' title='bbox 568 286 647 321; x_wconf 85' lang='lat' dir='ltr'><strong>cujus</strong></span> <span class='ocrx_word' id='word_1_5' title='bbox 663 285 802 320; x_wconf 83' lang='lat' dir='ltr'><strong>superiore</strong></span> <span class='ocrx_word' id='word_1_6' title='bbox 821 285 891 313; x_wconf 89' lang='lat' dir='ltr'><strong>libro</strong></span> <span class='ocrx_word' id='word_1_7' title='bbox 915 287 1042 313; x_wconf 89' lang='lat' dir='ltr'><strong>memini-</strong></span> 
     </span>
    </p>
   </div>
   <div class='ocr_carea' id='block_1_3' title="bbox 259 331 1042 366">
    <p class='ocr_par' dir='ltr' id='par_1_3' title="bbox 259 331 1042 366">
     <span class='ocr_line' id='line_1_3' title="bbox 259 331 1042 366; baseline -0.003 -6"><span class='ocrx_word' id='word_1_8' title='bbox 259 341 322 361; x_wconf 85' lang='lat' dir='ltr'><strong>mus</strong></span> <span class='ocrx_word' id='word_1_9' title='bbox 335 342 341 359; x_wconf 91' lang='lat'><strong>:</strong></span> <span class='ocrx_word' id='word_1_10' title='bbox 362 331 499 359; x_wconf 88' lang='lat' dir='ltr'><strong>Junonem</strong></span> <span class='ocrx_word' id='word_1_11' title='bbox 510 336 611 363; x_wconf 88' lang='lat' dir='ltr'><strong>autem,</strong></span> <span class='ocrx_word' id='word_1_12' title='bbox 623 335 745 357; x_wconf 85' lang='lat' dir='ltr'><strong>mutuam</strong></span> <span class='ocrx_word' id='word_1_13' title='bbox 755 331 806 357; x_wconf 67' lang='lat' dir='ltr'><strong>viri</strong></span> <span class='ocrx_word' id='word_1_14' title='bbox 819 331 966 366; x_wconf 84' lang='lat' dir='ltr'><strong>uxorisque</strong></span> <span class='ocrx_word' id='word_1_15' title='bbox 977 339 1042 359; x_wconf 90' lang='lat' dir='ltr'><strong>con-</strong></span> 
     </span>
    </p>
   </div>
   <div class='ocr_carea' id='block_1_4' title="bbox 260 376 1040 409">
    <p class='ocr_par' dir='ltr' id='par_1_4' title="bbox 260 376 1040 409">
     <span class='ocr_line' id='line_1_4' title="bbox 260 376 1040 409; baseline -0.001 -4"><span class='ocrx_word' id='word_1_16' title='bbox 260 378 432 406; x_wconf 73' lang='lat' dir='ltr'><strong>suetudinem</strong></span> <span class='ocrx_word' id='word_1_17' title='bbox 456 377 622 404; x_wconf 76' lang='lat' dir='ltr'><strong>matrimonii</strong></span> <span class='ocrx_word' id='word_1_18' title='bbox 645 376 752 404; x_wconf 90' lang='lat' dir='ltr'><strong>vinculo</strong></span> <span class='ocrx_word' id='word_1_19' title='bbox 768 377 908 404; x_wconf 87' lang='lat' dir='ltr'><strong>sociatam.</strong></span> <span class='ocrx_word' id='word_1_20' title='bbox 931 376 1040 409; x_wconf 90' lang='lat' dir='ltr'><strong>Deinde,</strong></span> 
     </span>
    </p>
   </div>
   <div class='ocr_carea' id='block_1_5' title="bbox 588 179 1567 217">
    <p class='ocr_par' dir='ltr' id='par_1_5' title="bbox 588 179 1567 217">
     <span class='ocr_line' id='line_1_5' title="bbox 588 179 1567 217; baseline 0.005 -6"><span class='ocrx_word' id='word_1_21' title='bbox 588 184 721 212; x_wconf 78' lang='lat' dir='ltr'><strong>EUSEBII</strong></span> <span class='ocrx_word' id='word_1_22' title='bbox 741 183 982 212; x_wconf 68' lang='lat' dir='ltr'><strong>CAESARIENSIS</strong></span> <span class='ocrx_word' id='word_1_23' title='bbox 1000 186 1074 213; x_wconf 86' lang='lat' dir='ltr'><strong>OPP.</strong></span> <span class='ocrx_word' id='word_1_24' title='bbox 1096 186 1186 213; x_wconf 70' lang='lat' dir='ltr'><strong>PARS</strong></span> <span class='ocrx_word' id='word_1_25' title='bbox 1205 185 1237 214; x_wconf 91' lang='grc' dir='ltr'><strong>ΙΙ.</strong></span> <span class='ocrx_word' id='word_1_26' title='bbox 1259 203 1293 207; x_wconf 92' lang='lat'>—</span> <span class='ocrx_word' id='word_1_27' title='bbox 1311 179 1567 217; x_wconf 44' lang='lat' dir='ltr'><strong>APOLOGETICA:</strong></span> 
     </span>
    </p>
   </div>
   <div class='ocr_carea' id='block_1_6' title="bbox 258 240 1079 276">
    <p class='ocr_par' dir='ltr' id='par_1_6' title="bbox 258 240 1079 276">
     <span class='ocr_line' id='line_1_6' title="bbox 258 240 1079 276; baseline 0 -8"><span class='ocrx_word' id='word_1_28' title='bbox 258 242 314 276; x_wconf 86' lang='lat' dir='ltr'><strong>jam</strong></span> <span class='ocrx_word' id='word_1_29' title='bbox 330 241 468 269; x_wconf 84' lang='lat' dir='ltr'><strong>hominem</strong></span> <span class='ocrx_word' id='word_1_30' title='bbox 485 241 560 269; x_wconf 90' lang='lat' dir='ltr'><strong>illum</strong></span> <span class='ocrx_word' id='word_1_31' title='bbox 575 240 630 276; x_wconf 77' lang='lat'><strong>83</strong></span> <span class='ocrx_word' id='word_1_32' title='bbox 647 240 728 267; x_wconf 90' lang='lat' dir='ltr'><strong>morti</strong></span> <span class='ocrx_word' id='word_1_33' title='bbox 740 241 899 274; x_wconf 75' lang='lat' dir='ltr'><strong>obnoxium,</strong></span> <span class='ocrx_word' id='word_1_34' title='bbox 915 246 940 268; x_wconf 81' lang='lat' dir='ltr'><strong>et</strong></span> <span class='ocrx_word' id='word_1_35' title='bbox 957 241 983 268; x_wconf 95' lang='lat' dir='ltr'><strong>in</strong></span> <span class='ocrx_word' id='word_1_36' title='bbox 999 241 1042 268; x_wconf 88' lang='lat' dir='ltr'><strong>hi-</strong></span> <span class='ocrx_word' id='word_1_37' title='bbox 1056 249 1079 276; x_wconf 73' lang='grc' dir='ltr'>Α</span> 
     </span>
    </p>
   </div>
   <div class='ocr_carea' id='block_1_7' title="bbox 1827 187 1880 216">
    <p class='ocr_par' dir='ltr' id='par_1_7' title="bbox 1827 187 1880 216">
     <span class='ocr_line' id='line_1_7' title="bbox 1827 187 1880 216; baseline 0 -1"><span class='ocrx_word' id='word_1_38' title='bbox 1827 187 1880 216; x_wconf 77' lang='lat' dir='ltr'><strong>I56</strong></span> 
     </span>
    </p>
   </div>
   <div class='ocr_carea' id='block_1_8' title="bbox 1093 243 1880 281">
    <p class='ocr_par' dir='ltr' id='par_1_8' title="bbox 1093 243 1880 281">
     <span class='ocr_line' id='line_1_8' title="bbox 1093 243 1880 281; baseline 0.003 -12"><span class='ocrx_word' id='word_1_39' title='bbox 1093 244 1141 278; x_wconf 75' lang='grc' dir='ltr'>τὴν</span> <span class='ocrx_word' id='word_1_40' title='bbox 1155 244 1239 278; x_wconf 82' lang='grc' dir='ltr'>αὐτὴν</span> <span class='ocrx_word' id='word_1_41' title='bbox 1254 245 1285 279; x_wconf 80' lang='grc' dir='ltr'>τῇ</span> <span class='ocrx_word' id='word_1_42' title='bbox 1308 245 1390 279; x_wconf 81' lang='grc' dir='ltr'><strong>Λητοῖ</strong></span> <span class='ocrx_word' id='word_1_43' title='bbox 1404 253 1486 280; x_wconf 81' lang='grc' dir='ltr'>φησιν</span> <span class='ocrx_word' id='word_1_44' title='bbox 1502 244 1570 272; x_wconf 69' lang='grc' dir='ltr'>εἶναι</span> <span class='ocrx_word' id='word_1_45' title='bbox 1587 245 1635 281; x_wconf 85' lang='grc' dir='ltr'>τὴν</span> <span class='ocrx_word' id='word_1_46' title='bbox 1652 245 1749 280; x_wconf 84' lang='grc' dir='ltr'>Ἥραν.</span> <span class='ocrx_word' id='word_1_47' title='bbox 1764 243 1819 271; x_wconf 82' lang='grc' dir='ltr'>Εἶτ’</span> <span class='ocrx_word' id='word_1_48' title='bbox 1832 246 1880 272; x_wconf 70' lang='grc' dir='ltr'><strong>ἐπὶ</strong></span> 
     </span>
    </p>
   </div>
   <div class='ocr_carea' id='block_1_9' title="bbox 1094 287 1879 326">
    <p class='ocr_par' dir='ltr' id='par_1_9' title="bbox 1094 287 1879 326">
     <span class='ocr_line' id='line_1_9' title="bbox 1094 287 1879 326; baseline 0.004 -12"><span class='ocrx_word' id='word_1_49' title='bbox 1094 287 1197 320; x_wconf 81' lang='grc' dir='ltr'><strong>τούτοις</strong></span> <span class='ocrx_word' id='word_1_50' title='bbox 1215 289 1352 323; x_wconf 75' lang='grc' dir='ltr'><strong>εἰσάγεται</strong></span> <span class='ocrx_word' id='word_1_51' title='bbox 1372 290 1445 325; x_wconf 79' lang='grc' dir='ltr'>αὐτῷ</span> <span class='ocrx_word' id='word_1_52' title='bbox 1464 292 1477 317; x_wconf 85' lang='grc' dir='ltr'>ὁ</span> <span class='ocrx_word' id='word_1_53' title='bbox 1492 291 1558 322; x_wconf 79' lang='grc' dir='ltr'>Ζεὺς</span> <span class='ocrx_word' id='word_1_54' title='bbox 1573 290 1620 326; x_wconf 87' lang='grc' dir='ltr'>τὴν</span> <span class='ocrx_word' id='word_1_55' title='bbox 1634 290 1752 326; x_wconf 77' lang='grc' dir='ltr'><strong>αἰθέριον</strong></span> <span class='ocrx_word' id='word_1_56' title='bbox 1765 289 1879 326; x_wconf 85' lang='grc' dir='ltr'>δύναμιν</span> 
     </span>
    </p>
   </div>
   <div class='ocr_carea' id='block_1_10' title="bbox 1094 333 1880 371">
    <p class='ocr_par' dir='ltr' id='par_1_10' title="bbox 1094 333 1880 371">
     <span class='ocr_line' id='line_1_10' title="bbox 1094 333 1880 371; baseline 0.004 -12"><span class='ocrx_word' id='word_1_57' title='bbox 1094 333 1325 370; x_wconf 80' lang='grc' dir='ltr'>ἀλληγορούμενος</span> <span class='ocrx_word' id='word_1_58' title='bbox 1345 335 1409 370; x_wconf 80' lang='grc'>(27).</span> <span class='ocrx_word' id='word_1_59' title='bbox 1428 336 1482 362; x_wconf 77' lang='grc' dir='ltr'><strong>Καὶ</strong></span> <span class='ocrx_word' id='word_1_60' title='bbox 1497 336 1522 362; x_wconf 91' lang='grc' dir='ltr'><strong>τί</strong></span> <span class='ocrx_word' id='word_1_61' title='bbox 1536 344 1569 371; x_wconf 87' lang='grc' dir='ltr'><strong>με</strong></span> <span class='ocrx_word' id='word_1_62' title='bbox 1588 336 1628 362; x_wconf 87' lang='grc' dir='ltr'>δεῖ</span> <span class='ocrx_word' id='word_1_63' title='bbox 1647 335 1733 362; x_wconf 75' lang='grc' dir='ltr'>ταῦτα</span> <span class='ocrx_word' id='word_1_64' title='bbox 1753 335 1880 371; x_wconf 87' lang='grc' dir='ltr'>προλαμ-</span> 
     </span>
    </p>
   </div>
   <div class='ocr_carea' id='block_1_11' title="bbox 1094 378 1880 417">
    <p class='ocr_par' dir='ltr' id='par_1_11' title="bbox 1094 378 1880 417">
     <span class='ocr_line' id='line_1_11' title="bbox 1094 378 1880 417; baseline 0.005 -13"><span class='ocrx_word' id='word_1_65' title='bbox 1094 379 1195 411; x_wconf 71' lang='grc' dir='ltr'>ϐάνειν,</span> <span class='ocrx_word' id='word_1_66' title='bbox 1218 380 1300 406; x_wconf 77' lang='grc' dir='ltr'>αὑτοῦ</span> <span class='ocrx_word' id='word_1_67' title='bbox 1324 381 1409 416; x_wconf 82' lang='grc' dir='ltr'>παρὸν</span> <span class='ocrx_word' id='word_1_68' title='bbox 1437 381 1550 408; x_wconf 77' lang='grc' dir='ltr'>ἀκοῦσαι</span> <span class='ocrx_word' id='word_1_69' title='bbox 1571 381 1617 407; x_wconf 79' lang='grc' dir='ltr'>τοῦ</span> <span class='ocrx_word' id='word_1_70' title='bbox 1640 381 1735 417; x_wconf 74' lang='grc' dir='ltr'>ἀνδρὸς</span> <span class='ocrx_word' id='word_1_71' title='bbox 1752 378 1804 408; x_wconf 76' lang='grc' dir='ltr'><strong>ὧδέ</strong></span> <span class='ocrx_word' id='word_1_72' title='bbox 1820 389 1880 410; x_wconf 80' lang='grc' dir='ltr'><strong>πως</strong></span> 
     </span>
    </p>
   </div>
   <div class='ocr_carea' id='block_1_12' title="bbox 258 420 1042 461">
    <p class='ocr_par' dir='ltr' id='par_1_12' title="bbox 258 422 1041 459">
     <span class='ocr_line' id='line_1_12' title="bbox 258 422 1041 459; baseline -0.001 -10"><span class='ocrx_word' id='word_1_73' title='bbox 258 424 337 459; x_wconf 88' lang='lat' dir='ltr'><strong>quasi</strong></span> <span class='ocrx_word' id='word_1_74' title='bbox 358 431 415 450; x_wconf 63' lang='lat' dir='ltr'><strong>suae</strong></span> <span class='ocrx_word' id='word_1_75' title='bbox 444 423 525 457; x_wconf 90' lang='lat' dir='ltr'><strong>hujus</strong></span> <span class='ocrx_word' id='word_1_76' title='bbox 542 422 802 449; x_wconf 84' lang='lat' dir='ltr'><strong>accommodationis</strong></span> <span class='ocrx_word' id='word_1_77' title='bbox 829 422 940 454; x_wconf 88' lang='lat' dir='ltr'><strong>oblitus,</strong></span> <span class='ocrx_word' id='word_1_78' title='bbox 960 422 1041 449; x_wconf 92' lang='lat' dir='ltr'><strong>aliam</strong></span> 
     </span>
    </p>
   </div>
   <div class='ocr_carea' id='block_1_13' title="bbox 1093 420 1877 461">
    <p class='ocr_par' dir='ltr' id='par_1_13' title="bbox 1095 420 1877 461">
     <span class='ocr_line' id='line_1_13' title="bbox 1095 420 1877 461; baseline 0.005 -12"><span class='ocrx_word' id='word_1_79' title='bbox 1095 423 1123 449; x_wconf 79' lang='grc' dir='ltr'>ὲν</span> <span class='ocrx_word' id='word_1_80' title='bbox 1140 420 1179 455; x_wconf 65' lang='grc' dir='ltr'><strong>οἷς</strong></span> <span class='ocrx_word' id='word_1_81' title='bbox 1195 425 1335 460; x_wconf 70' lang='grc' dir='ltr'>ἐπέγραψε</span> <span class='ocrx_word' id='word_1_82' title='bbox 1358 426 1421 461; x_wconf 78' lang='grc' dir='ltr'>περὶ</span> <span class='ocrx_word' id='word_1_83' title='bbox 1444 425 1497 452; x_wconf 82' lang='grc' dir='ltr'><strong>τῶν</strong></span> <span class='ocrx_word' id='word_1_84' title='bbox 1520 428 1549 453; x_wconf 86' lang='grc' dir='ltr'><strong>ἐν</strong></span> <span class='ocrx_word' id='word_1_85' title='bbox 1564 426 1712 457; x_wconf 81' lang='grc' dir='ltr'><strong>Πλαταιαῖς</strong></span> <span class='ocrx_word' id='word_1_86' title='bbox 1731 426 1877 458; x_wconf 74' lang='grc' dir='ltr'><strong>Δαιδάλων,</strong></span> 
     </span>
    </p>
   </div>
   <div class='ocr_carea' id='block_1_14' title="bbox 258 466 1042 512">
    <p class='ocr_par' dir='ltr' id='par_1_14' title="bbox 258 466 1040 501">
     <span class='ocr_line' id='line_1_14' title="bbox 258 466 1040 501; baseline -0.001 -6"><span class='ocrx_word' id='word_1_87' title='bbox 258 469 390 496; x_wconf 87' lang='lat' dir='ltr'><strong>continuo</strong></span> <span class='ocrx_word' id='word_1_88' title='bbox 407 469 553 496; x_wconf 85' lang='lat' dir='ltr'><strong>subtexens</strong></span> <span class='ocrx_word' id='word_1_89' title='bbox 567 467 721 501; x_wconf 76' lang='lat' dir='ltr'><strong>historiam,</strong></span> <span class='ocrx_word' id='word_1_90' title='bbox 738 466 871 495; x_wconf 77' lang='lat' dir='ltr'><strong>lunonem</strong></span> <span class='ocrx_word' id='word_1_91' title='bbox 892 468 971 495; x_wconf 86' lang='lat' dir='ltr'><strong>istam</strong></span> <span class='ocrx_word' id='word_1_92' title='bbox 987 475 1040 494; x_wconf 89' lang='lat' dir='ltr'><strong>non</strong></span> 
     </span>
    </p>
   </div>
   <div class='ocr_carea' id='block_1_15' title="bbox 1093 466 1880 512">
    <p class='ocr_par' dir='ltr' id='par_1_15' title="bbox 1095 469 1880 512">
     <span class='ocr_line' id='line_1_15' title="bbox 1095 469 1880 512; baseline 0.004 -17"><span class='ocrx_word' id='word_1_93' title='bbox 1095 469 1129 495; x_wconf 76' lang='grc' dir='ltr'>τὰ</span> <span class='ocrx_word' id='word_1_94' title='bbox 1154 469 1318 497; x_wconf 76' lang='grc' dir='ltr'><strong>λανθάνοντα</strong></span> <span class='ocrx_word' id='word_1_95' title='bbox 1341 472 1404 503; x_wconf 78' lang='grc' dir='ltr'>τοὺς</span> <span class='ocrx_word' id='word_1_96' title='bbox 1433 472 1546 504; x_wconf 74' lang='grc' dir='ltr'>πολλοὺς</span> <span class='ocrx_word' id='word_1_97' title='bbox 1566 472 1615 507; x_wconf 85' lang='grc' dir='ltr'>τῆς</span> <span class='ocrx_word' id='word_1_98' title='bbox 1638 473 1793 508; x_wconf 75' lang='grc' dir='ltr'>ἀπορρήτου</span> <span class='ocrx_word' id='word_1_99' title='bbox 1814 471 1880 512; x_wconf 62' lang='grc' dir='ltr'>περὶ</span> 
     </span>
    </p>
   </div>
   <div class='ocr_carea' id='block_1_16' title="bbox 257 512 1042 551">
    <p class='ocr_par' dir='ltr' id='par_1_16' title="bbox 257 512 1041 548">
     <span class='ocr_line' id='line_1_16' title="bbox 257 512 1041 548; baseline 0 -8"><span class='ocrx_word' id='word_1_100' title='bbox 257 514 313 547; x_wconf 84' lang='lat' dir='ltr'><strong>jam</strong></span> <span class='ocrx_word' id='word_1_101' title='bbox 331 514 369 541; x_wconf 87' lang='lat' dir='ltr'><strong>uti</strong></span> <span class='ocrx_word' id='word_1_102' title='bbox 386 514 470 548; x_wconf 87' lang='lat' dir='ltr'><strong>prius,</strong></span> <span class='ocrx_word' id='word_1_103' title='bbox 487 513 534 540; x_wconf 85' lang='lat' dir='ltr'><strong>sed</strong></span> <span class='ocrx_word' id='word_1_104' title='bbox 550 512 661 539; x_wconf 90' lang='lat' dir='ltr'><strong>Terram</strong></span> <span class='ocrx_word' id='word_1_105' title='bbox 675 514 815 546; x_wconf 80' lang='lat' dir='ltr'><strong>nominat;</strong></span> <span class='ocrx_word' id='word_1_106' title='bbox 832 513 962 540; x_wconf 87' lang='lat' dir='ltr'><strong>Latonam</strong></span> <span class='ocrx_word' id='word_1_107' title='bbox 976 520 1041 540; x_wconf 88' lang='lat' dir='ltr'><strong>vero</strong></span> 
     </span>
    </p>
   </div>
   <div class='ocr_carea' id='block_1_17' title="bbox 1093 512 1551 551">
    <p class='ocr_par' dir='ltr' id='par_1_17' title="bbox 1095 514 1551 551">
     <span class='ocr_line' id='line_1_17' title="bbox 1095 514 1551 551; baseline 0.009 -11"><span class='ocrx_word' id='word_1_108' title='bbox 1095 514 1162 540; x_wconf 85' lang='grc' dir='ltr'>θεῶν</span> <span class='ocrx_word' id='word_1_109' title='bbox 1176 516 1348 550; x_wconf 78' lang='grc' dir='ltr'>φυσιολογίας</span> <span class='ocrx_word' id='word_1_110' title='bbox 1362 517 1551 551; x_wconf 69' lang='grc' dir='ltr'>ἐκφαίνοντος;</span> 
     </span>
    </p>
   </div>
   <div class='ocr_carea' id='block_1_18' title="bbox 258 558 1877 595">
    <p class='ocr_par' dir='ltr' id='par_1_18' title="bbox 258 558 1877 595">
     <span class='ocr_line' id='line_1_18' title="bbox 258 558 1877 595; baseline 0.002 -8"><span class='ocrx_word' id='word_1_111' title='bbox 258 560 426 587; x_wconf 86' lang='lat' dir='ltr'><strong>Oblivionem</strong></span> <span class='ocrx_word' id='word_1_112' title='bbox 444 563 471 586; x_wconf 91' lang='lat' dir='ltr'><strong>et</strong></span> <span class='ocrx_word' id='word_1_113' title='bbox 483 558 610 592; x_wconf 79' lang='lat' dir='ltr'><strong>Noctem;</strong></span> <span class='ocrx_word' id='word_1_114' title='bbox 633 567 751 594; x_wconf 79' lang='lat' dir='ltr'><strong>moxque</strong></span> <span class='ocrx_word' id='word_1_115' title='bbox 766 559 899 587; x_wconf 78' lang='lat' dir='ltr'><strong>Jttnonem</strong></span> <span class='ocrx_word' id='word_1_116' title='bbox 923 559 1045 586; x_wconf 79' lang='lat' dir='ltr'><strong>eamdem</strong></span> <span class='ocrx_word' id='word_1_117' title='bbox 1065 566 1126 586; x_wconf 87' lang='lat' dir='ltr'><strong>cum</strong></span> <span class='ocrx_word' id='word_1_118' title='bbox 1145 560 1201 595; x_wconf 92' lang='lat' dir='ltr'><strong>ipsa</strong></span> <span class='ocrx_word' id='word_1_119' title='bbox 1218 561 1318 589; x_wconf 87' lang='lat' dir='ltr'><strong>Latona</strong></span> <span class='ocrx_word' id='word_1_120' title='bbox 1333 562 1406 590; x_wconf 86' lang='lat' dir='ltr'><strong>facit.</strong></span> <span class='ocrx_word' id='word_1_121' title='bbox 1425 563 1465 590; x_wconf 87' lang='lat' dir='ltr'><strong>Ad</strong></span> <span class='ocrx_word' id='word_1_122' title='bbox 1477 564 1533 590; x_wconf 73' lang='lat' dir='ltr'><strong>haec</strong></span> <span class='ocrx_word' id='word_1_123' title='bbox 1548 563 1640 591; x_wconf 81' lang='lat' dir='ltr'><strong>Jovem</strong></span> <span class='ocrx_word' id='word_1_124' title='bbox 1667 564 1746 591; x_wconf 90' lang='lat' dir='ltr'><strong>nobis</strong></span> <span class='ocrx_word' id='word_1_125' title='bbox 1764 564 1877 590; x_wconf 73' lang='lat' dir='ltr'><strong>inducitv</strong></span> 
     </span>
    </p>
   </div>
   <div class='ocr_carea' id='block_1_19' title="bbox 259 605 1877 646">
    <p class='ocr_par' dir='ltr' id='par_1_19' title="bbox 259 605 1877 646">
     <span class='ocr_line' id='line_1_19' title="bbox 259 605 1877 646; baseline 0.002 -13"><span class='ocrx_word' id='word_1_126' title='bbox 259 613 339 640; x_wconf 85' lang='lat' dir='ltr'><strong>quem</strong></span> <span class='ocrx_word' id='word_1_127' title='bbox 358 605 465 633; x_wconf 69' lang='lat' dir='ltr'><strong>aetheris</strong></span> <span class='ocrx_word' id='word_1_128' title='bbox 490 606 543 633; x_wconf 85' lang='lat' dir='ltr'><strong>vim</strong></span> <span class='ocrx_word' id='word_1_129' title='bbox 569 606 712 641; x_wconf 77' lang='lat' dir='ltr'><strong>allegorice</strong></span> <span class='ocrx_word' id='word_1_130' title='bbox 733 606 935 641; x_wconf 80' lang='lat' dir='ltr'><strong>interpretatur.</strong></span> <span class='ocrx_word' id='word_1_131' title='bbox 968 606 1069 634; x_wconf 80' lang='lat' dir='ltr'><strong>Verum</strong></span> <span class='ocrx_word' id='word_1_132' title='bbox 1090 607 1154 642; x_wconf 92' lang='lat' dir='ltr'><strong>quid</strong></span> <span class='ocrx_word' id='word_1_133' title='bbox 1177 616 1245 644; x_wconf 85' lang='lat' dir='ltr'><strong>opus</strong></span> <span class='ocrx_word' id='word_1_134' title='bbox 1272 610 1329 638; x_wconf 65' lang='lat' dir='ltr'><strong>haec</strong></span> <span class='ocrx_word' id='word_1_135' title='bbox 1355 611 1510 638; x_wconf 87' lang='lat' dir='ltr'><strong>summatim</strong></span> <span class='ocrx_word' id='word_1_136' title='bbox 1533 611 1702 646; x_wconf 75' lang='lat' dir='ltr'><strong>strictimque</strong></span> <span class='ocrx_word' id='word_1_137' title='bbox 1724 611 1877 646; x_wconf 68' lang='lat' dir='ltr'><strong>praelibare,</strong></span> 
     </span>
    </p>
   </div>
   <div class='ocr_carea' id='block_1_20' title="bbox 258 652 1879 692">
    <p class='ocr_par' dir='ltr' id='par_1_20' title="bbox 258 652 1879 692">
     <span class='ocr_line' id='line_1_20' title="bbox 258 652 1879 692; baseline 0.004 -13"><span class='ocrx_word' id='word_1_138' title='bbox 258 660 320 679; x_wconf 84' lang='lat' dir='ltr'><strong>cum</strong></span> <span class='ocrx_word' id='word_1_139' title='bbox 338 652 482 687; x_wconf 87' lang='lat' dir='ltr'><strong>ipsummet</strong></span> <span class='ocrx_word' id='word_1_140' title='bbox 500 653 593 680; x_wconf 88' lang='lat' dir='ltr'><strong>audire</strong></span> <span class='ocrx_word' id='word_1_141' title='bbox 606 653 685 680; x_wconf 85' lang='lat' dir='ltr'><strong>liceat</strong></span> <span class='ocrx_word' id='word_1_142' title='bbox 703 653 729 680; x_wconf 92' lang='lat' dir='ltr'><strong>in</strong></span> <span class='ocrx_word' id='word_1_143' title='bbox 745 654 778 680; x_wconf 88' lang='lat' dir='ltr'><strong>iis</strong></span> <span class='ocrx_word' id='word_1_144' title='bbox 804 661 865 688; x_wconf 66' lang='lat' dir='ltr'><strong>qua:</strong></span> <span class='ocrx_word' id='word_1_145' title='bbox 889 653 921 680; x_wconf 85' lang='lat' dir='ltr'><strong>de</strong></span> <span class='ocrx_word' id='word_1_146' title='bbox 950 652 1144 682; x_wconf 65' lang='lat' dir='ltr'><strong>Plataeensibus</strong></span> <span class='ocrx_word' id='word_1_147' title='bbox 1165 655 1279 683; x_wconf 66' lang='lat' dir='ltr'><strong>Daedalis</strong></span> <span class='ocrx_word' id='word_1_148' title='bbox 1303 658 1441 684; x_wconf 67' lang='lat' dir='ltr'><strong>memoriae</strong></span> <span class='ocrx_word' id='word_1_149' title='bbox 1451 657 1579 692; x_wconf 84' lang='lat' dir='ltr'><strong>prodidit,</strong></span> <span class='ocrx_word' id='word_1_150' title='bbox 1598 658 1630 685; x_wconf 91' lang='lat' dir='ltr'><strong>de</strong></span> <span class='ocrx_word' id='word_1_151' title='bbox 1651 657 1740 685; x_wconf 83' lang='lat' dir='ltr'><strong>abdita</strong></span> <span class='ocrx_word' id='word_1_152' title='bbox 1756 658 1800 685; x_wconf 90' lang='lat' dir='ltr'><strong>illa</strong></span> <span class='ocrx_word' id='word_1_153' title='bbox 1819 658 1879 685; x_wconf 88' lang='lat' dir='ltr'><strong>vul-</strong></span> 
     </span>
    </p>
   </div>
   <div class='ocr_carea' id='block_1_21' title="bbox 258 700 1403 736">
    <p class='ocr_par' dir='ltr' id='par_1_21' title="bbox 258 700 1403 736">
     <span class='ocr_line' id='line_1_21' title="bbox 258 700 1403 736; baseline 0.004 -10"><span class='ocrx_word' id='word_1_154' title='bbox 258 708 346 735; x_wconf 75' lang='lat' dir='ltr'><strong>goque</strong></span> <span class='ocrx_word' id='word_1_155' title='bbox 358 700 498 727; x_wconf 91' lang='lat' dir='ltr'><strong>hominum</strong></span> <span class='ocrx_word' id='word_1_156' title='bbox 512 701 603 736; x_wconf 83' lang='lat' dir='ltr'><strong>ignota</strong></span> <span class='ocrx_word' id='word_1_157' title='bbox 617 701 729 727; x_wconf 85' lang='lat' dir='ltr'><strong>deorum</strong></span> <span class='ocrx_word' id='word_1_158' title='bbox 748 701 915 736; x_wconf 63' lang='lat' dir='ltr'><strong>physiologia</strong></span> <span class='ocrx_word' id='word_1_159' title='bbox 932 700 1042 728; x_wconf 81' lang='lat' dir='ltr'><strong>disertis</strong></span> <span class='ocrx_word' id='word_1_160' title='bbox 1061 702 1150 730; x_wconf 87' lang='lat' dir='ltr'><strong>verbis</strong></span> <span class='ocrx_word' id='word_1_161' title='bbox 1166 702 1201 729; x_wconf 90' lang='lat' dir='ltr'><strong>ita</strong></span> <span class='ocrx_word' id='word_1_162' title='bbox 1217 703 1403 731; x_wconf 83' lang='lat' dir='ltr'><strong>disserentem.</strong></span> 
     </span>
    </p>
   </div>
   <div class='ocr_carea' id='block_1_22' title="bbox 574 745 728 773">
    <p class='ocr_par' dir='ltr' id='par_1_22' title="bbox 574 745 728 773">
     <span class='ocr_line' id='line_1_22' title="bbox 574 745 728 773; baseline 0 -1"><span class='ocrx_word' id='word_1_163' title='bbox 574 745 690 772; x_wconf 76' lang='lat' dir='ltr'><strong>CAPUT</strong></span> <span class='ocrx_word' id='word_1_164' title='bbox 708 747 728 773; x_wconf 90' lang='grc' dir='ltr'><strong>Ι.</strong></span> 
     </span>
    </p>
   </div>
   <div class='ocr_carea' id='block_1_23' title="bbox 405 791 897 827">
    <p class='ocr_par' dir='ltr' id='par_1_23' title="bbox 405 791 897 827">
     <span class='ocr_line' id='line_1_23' title="bbox 405 791 897 827; baseline 0 -9"><span class='ocrx_word' id='word_1_165' title='bbox 405 793 443 819; x_wconf 87' lang='lat' dir='ltr'><strong>De</strong></span> <span class='ocrx_word' id='word_1_166' title='bbox 456 792 574 818; x_wconf 81' lang='lat' dir='ltr'><strong>naturali</strong></span> <span class='ocrx_word' id='word_1_167' title='bbox 589 791 739 819; x_wconf 83' lang='lat' dir='ltr'><strong>Crwcorum</strong></span> <span class='ocrx_word' id='word_1_168' title='bbox 756 792 897 827; x_wconf 80' lang='lat' dir='ltr'><strong>theologia.</strong></span> 
     </span>
    </p>
   </div>
   <div class='ocr_carea' id='block_1_24' title="bbox 295 836 1045 873">
    <p class='ocr_par' dir='ltr' id='par_1_24' title="bbox 295 836 1045 873">
     <span class='ocr_line' id='line_1_24' title="bbox 295 836 1045 873; baseline -0.001 -8"><span class='ocrx_word' id='word_1_169' title='bbox 295 849 305 865; x_wconf 72' lang='grc' dir='ltr'><strong>ι</strong></span> <span class='ocrx_word' id='word_1_170' title='bbox 325 839 483 873; x_wconf 80' lang='lat' dir='ltr'><strong>Antiquam,</strong></span> <span class='ocrx_word' id='word_1_171' title='bbox 509 837 606 872; x_wconf 80' lang='lat' dir='ltr'><strong>inquit,</strong></span> <span class='ocrx_word' id='word_1_172' title='bbox 633 846 687 864; x_wconf 87' lang='lat' dir='ltr'><strong>non</strong></span> <span class='ocrx_word' id='word_1_173' title='bbox 708 837 864 865; x_wconf 65' lang='lat' dir='ltr'><strong>Grmcm-um</strong></span> <span class='ocrx_word' id='word_1_174' title='bbox 882 837 980 870; x_wconf 91' lang='lat' dir='ltr'><strong>modo,</strong></span> <span class='ocrx_word' id='word_1_175' title='bbox 998 836 1045 865; x_wconf 89' lang='lat' dir='ltr'><strong>sed</strong></span> 
     </span>
    </p>
   </div>
   <div class='ocr_carea' id='block_1_25' title="bbox 261 884 1043 920">
    <p class='ocr_par' dir='ltr' id='par_1_25' title="bbox 261 884 1043 920">
     <span class='ocr_line' id='line_1_25' title="bbox 261 884 1043 920; baseline -0.003 -7"><span class='ocrx_word' id='word_1_176' title='bbox 261 887 344 914; x_wconf 87' lang='lat' dir='ltr'><strong>etiam</strong></span> <span class='ocrx_word' id='word_1_177' title='bbox 358 886 538 913; x_wconf 89' lang='lat' dir='ltr'><strong>barbarorum</strong></span> <span class='ocrx_word' id='word_1_178' title='bbox 561 885 757 920; x_wconf 76' lang='lat' dir='ltr'><strong>physiologiam</strong></span> <span class='ocrx_word' id='word_1_179' title='bbox 777 884 849 912; x_wconf 88' lang='lat' dir='ltr'><strong>aliud</strong></span> <span class='ocrx_word' id='word_1_180' title='bbox 867 884 934 911; x_wconf 87' lang='lat' dir='ltr'><strong>nihil</strong></span> <span class='ocrx_word' id='word_1_181' title='bbox 948 884 1043 917; x_wconf 83' lang='lat' dir='ltr'><strong>fuisse,</strong></span> 
     </span>
    </p>
   </div>
   <div class='ocr_carea' id='block_1_26' title="bbox 258 931 1041 966">
    <p class='ocr_par' dir='ltr' id='par_1_26' title="bbox 258 931 1041 966">
     <span class='ocr_line' id='line_1_26' title="bbox 258 931 1041 966; baseline -0.003 -7"><span class='ocrx_word' id='word_1_182' title='bbox 258 941 341 966; x_wconf 83' lang='lat' dir='ltr'><strong>quam</strong></span> <span class='ocrx_word' id='word_1_183' title='bbox 360 932 493 959; x_wconf 85' lang='lat' dir='ltr'><strong>rationem</strong></span> <span class='ocrx_word' id='word_1_184' title='bbox 517 933 661 965; x_wconf 85' lang='lat' dir='ltr'><strong>quamdam</strong></span> <span class='ocrx_word' id='word_1_185' title='bbox 686 931 836 958; x_wconf 84' lang='lat' dir='ltr'><strong>naturalem</strong></span> <span class='ocrx_word' id='word_1_186' title='bbox 851 931 950 958; x_wconf 84' lang='lat' dir='ltr'><strong>fabulis</strong></span> <span class='ocrx_word' id='word_1_187' title='bbox 966 931 1041 958; x_wconf 92' lang='lat' dir='ltr'><strong>invo-</strong></span> 
     </span>
    </p>
   </div>
   <div class='ocr_carea' id='block_1_27' title="bbox 259 971 1042 1011">
    <p class='ocr_par' dir='ltr' id='par_1_27' title="bbox 259 971 1042 1011">
     <span class='ocr_line' id='line_1_27' title="bbox 259 971 1042 1011; baseline -0.003 -7"><span class='ocrx_word' id='word_1_188' title='bbox 259 978 355 1009; x_wconf 89' lang='lat' dir='ltr'><strong>lutam,</strong></span> <span class='ocrx_word' id='word_1_189' title='bbox 372 977 493 1011; x_wconf 83' lang='lat' dir='ltr'><strong>adeoque</strong></span> <span class='ocrx_word' id='word_1_190' title='bbox 514 977 639 1003; x_wconf 85' lang='lat' dir='ltr'><strong>latentem</strong></span> <span class='ocrx_word' id='word_1_191' title='bbox 659 982 684 1003; x_wconf 88' lang='lat' dir='ltr'><strong>et</strong></span> <span class='ocrx_word' id='word_1_192' title='bbox 706 971 850 1004; x_wconf 75' lang='lat' dir='ltr'><strong>obscuram</strong></span> <span class='ocrx_word' id='word_1_193' title='bbox 866 976 1042 1011; x_wconf 78' lang='lat' dir='ltr'><strong>theologiam,</strong></span> 
     </span>
    </p>
   </div>
   <div class='ocr_carea' id='block_1_28' title="bbox 259 1022 1042 1058">
    <p class='ocr_par' dir='ltr' id='par_1_28' title="bbox 259 1022 1042 1058">
     <span class='ocr_line' id='line_1_28' title="bbox 259 1022 1042 1058; baseline -0.001 -8"><span class='ocrx_word' id='word_1_194' title='bbox 259 1023 338 1058; x_wconf 84' lang='lat' dir='ltr'><strong>cujus</strong></span> <span class='ocrx_word' id='word_1_195' title='bbox 359 1023 509 1058; x_wconf 78' lang='lat' dir='ltr'><strong>:enigmatis</strong></span> <span class='ocrx_word' id='word_1_196' title='bbox 524 1027 550 1049; x_wconf 91' lang='lat' dir='ltr'><strong>et</strong></span> <span class='ocrx_word' id='word_1_197' title='bbox 567 1022 701 1057; x_wconf 74' lang='lat' dir='ltr'><strong>allegoriis</strong></span> <span class='ocrx_word' id='word_1_198' title='bbox 718 1030 815 1049; x_wconf 85' lang='lat' dir='ltr'><strong>arcana</strong></span> <span class='ocrx_word' id='word_1_199' title='bbox 840 1022 895 1049; x_wconf 89' lang='lat' dir='ltr'><strong>fere</strong></span> <span class='ocrx_word' id='word_1_200' title='bbox 916 1022 1042 1058; x_wconf 78' lang='lat' dir='ltr'><strong>mysteria</strong></span> 
     </span>
    </p>
   </div>
   <div class='ocr_carea' id='block_1_29' title="bbox 260 1067 1043 1103">
    <p class='ocr_par' dir='ltr' id='par_1_29' title="bbox 260 1067 1043 1103">
     <span class='ocr_line' id='line_1_29' title="bbox 260 1067 1043 1103; baseline 0 -9"><span class='ocrx_word' id='word_1_201' title='bbox 260 1070 296 1096; x_wconf 84' lang='lat' dir='ltr'><strong>ita</strong></span> <span class='ocrx_word' id='word_1_202' title='bbox 312 1069 477 1103; x_wconf 77' lang='lat' dir='ltr'><strong>tegebantur.</strong></span> <span class='ocrx_word' id='word_1_203' title='bbox 504 1073 532 1095; x_wconf 90' lang='lat' dir='ltr'><strong>ut</strong></span> <span class='ocrx_word' id='word_1_204' title='bbox 546 1076 606 1095; x_wconf 90' lang='lat' dir='ltr'><strong>cum</strong></span> <span class='ocrx_word' id='word_1_205' title='bbox 627 1076 657 1094; x_wconf 86' lang='lat' dir='ltr'><strong>ca</strong></span> <span class='ocrx_word' id='word_1_206' title='bbox 683 1076 743 1103; x_wconf 76' lang='lat' dir='ltr'><strong>qua:</strong></span> <span class='ocrx_word' id='word_1_207' title='bbox 761 1068 920 1095; x_wconf 85' lang='lat' dir='ltr'><strong>dicebantur</strong></span> <span class='ocrx_word' id='word_1_208' title='bbox 937 1067 1043 1095; x_wconf 81' lang='lat' dir='ltr'><strong>facilius</strong></span> 
     </span>
    </p>
   </div>
   <div class='ocr_carea' id='block_1_30' title="bbox 258 1114 1043 1151">
    <p class='ocr_par' dir='ltr' id='par_1_30' title="bbox 258 1114 1043 1151">
     <span class='ocr_line' id='line_1_30' title="bbox 258 1114 1043 1151; baseline -0.001 -9"><span class='ocrx_word' id='word_1_209' title='bbox 258 1124 340 1151; x_wconf 87' lang='lat' dir='ltr'><strong>quam</strong></span> <span class='ocrx_word' id='word_1_210' title='bbox 355 1123 415 1150; x_wconf 79' lang='lat' dir='ltr'><strong>quae</strong></span> <span class='ocrx_word' id='word_1_211' title='bbox 433 1115 593 1145; x_wconf 88' lang='lat' dir='ltr'><strong>silebantur,</strong></span> <span class='ocrx_word' id='word_1_212' title='bbox 617 1114 741 1149; x_wconf 86' lang='lat' dir='ltr'><strong>imperita</strong></span> <span class='ocrx_word' id='word_1_213' title='bbox 763 1114 906 1141; x_wconf 88' lang='lat' dir='ltr'><strong>multitudo</strong></span> <span class='ocrx_word' id='word_1_214' title='bbox 925 1119 1043 1149; x_wconf 84' lang='lat' dir='ltr'><strong>caperet,</strong></span> 
     </span>
    </p>
   </div>
   <div class='ocr_carea' id='block_1_31' title="bbox 259 1159 1042 1194">
    <p class='ocr_par' dir='ltr' id='par_1_31' title="bbox 259 1159 1042 1194">
     <span class='ocr_line' id='line_1_31' title="bbox 259 1159 1042 1194; baseline -0.003 -7"><span class='ocrx_word' id='word_1_215' title='bbox 259 1167 315 1188; x_wconf 92' lang='lat' dir='ltr'><strong>tum</strong></span> <span class='ocrx_word' id='word_1_216' title='bbox 331 1169 394 1187; x_wconf 84' lang='lat' dir='ltr'><strong>vero</strong></span> <span class='ocrx_word' id='word_1_217' title='bbox 409 1160 442 1187; x_wconf 83' lang='lat' dir='ltr'><strong>de</strong></span> <span class='ocrx_word' id='word_1_218' title='bbox 454 1161 487 1187; x_wconf 89' lang='lat' dir='ltr'><strong>iis</strong></span> <span class='ocrx_word' id='word_1_219' title='bbox 504 1167 564 1194; x_wconf 68' lang='lat' dir='ltr'><strong>qua:</strong></span> <span class='ocrx_word' id='word_1_220' title='bbox 580 1160 728 1187; x_wconf 86' lang='lat' dir='ltr'><strong>silebantur</strong></span> <span class='ocrx_word' id='word_1_221' title='bbox 745 1160 834 1194; x_wconf 86' lang='lat' dir='ltr'><strong>majus</strong></span> <span class='ocrx_word' id='word_1_222' title='bbox 846 1159 947 1194; x_wconf 88' lang='lat' dir='ltr'><strong>aliquid</strong></span> <span class='ocrx_word' id='word_1_223' title='bbox 962 1167 1042 1194; x_wconf 89' lang='lat' dir='ltr'><strong>quam</strong></span> 
     </span>
    </p>
   </div>
   <div class='ocr_carea' id='block_1_32' title="bbox 258 1205 1043 1243">
    <p class='ocr_par' dir='ltr' id='par_1_32' title="bbox 258 1205 1043 1243">
     <span class='ocr_line' id='line_1_32' title="bbox 258 1205 1043 1243; baseline -0.005 -8"><span class='ocrx_word' id='word_1_224' title='bbox 258 1216 319 1243; x_wconf 67' lang='lat' dir='ltr'><strong>qua:</strong></span> <span class='ocrx_word' id='word_1_225' title='bbox 334 1207 502 1239; x_wconf 84' lang='lat' dir='ltr'><strong>dicebantur,</strong></span> <span class='ocrx_word' id='word_1_226' title='bbox 530 1206 686 1240; x_wconf 86' lang='lat' dir='ltr'><strong>suspicione</strong></span> <span class='ocrx_word' id='word_1_227' title='bbox 711 1205 867 1239; x_wconf 87' lang='lat' dir='ltr'><strong>conjiceret,</strong></span> <span class='ocrx_word' id='word_1_228' title='bbox 882 1205 972 1240; x_wconf 89' lang='lat' dir='ltr'><strong>quivis</strong></span> <span class='ocrx_word' id='word_1_229' title='bbox 988 1209 1043 1231; x_wconf 91' lang='lat' dir='ltr'><strong>tam</strong></span> 
     </span>
    </p>
   </div>
   <div class='ocr_carea' id='block_1_33' title="bbox 259 1251 1045 1289">
    <p class='ocr_par' dir='ltr' id='par_1_33' title="bbox 259 1251 1045 1289">
     <span class='ocr_line' id='line_1_33' title="bbox 259 1251 1045 1289; baseline -0.005 -8"><span class='ocrx_word' id='word_1_230' title='bbox 259 1263 292 1281; x_wconf 81' lang='lat' dir='ltr'><strong>ex</strong></span> <span class='ocrx_word' id='word_1_231' title='bbox 319 1254 421 1289; x_wconf 83' lang='lat' dir='ltr'><strong>Orphei</strong></span> <span class='ocrx_word' id='word_1_232' title='bbox 451 1253 629 1285; x_wconf 89' lang='lat' dir='ltr'><strong>carminibus,</strong></span> <span class='ocrx_word' id='word_1_233' title='bbox 657 1260 737 1287; x_wconf 91' lang='lat' dir='ltr'><strong>quam</strong></span> <span class='ocrx_word' id='word_1_234' title='bbox 756 1260 789 1279; x_wconf 82' lang='lat' dir='ltr'><strong>ex</strong></span> <span class='ocrx_word' id='word_1_235' title='bbox 810 1251 998 1286; x_wconf 68' lang='lat' dir='ltr'><strong>Egyptiorum</strong></span> <span class='ocrx_word' id='word_1_236' title='bbox 1017 1255 1045 1278; x_wconf 87' lang='lat' dir='ltr'><strong>et</strong></span> 
     </span>
    </p>
   </div>
   <div class='ocr_carea' id='block_1_34' title="bbox 258 1297 1043 1336">
    <p class='ocr_par' dir='ltr' id='par_1_34' title="bbox 258 1297 1043 1336">
     <span class='ocr_line' id='line_1_34' title="bbox 258 1297 1043 1336; baseline -0.004 -9"><span class='ocrx_word' id='word_1_237' title='bbox 258 1300 395 1336; x_wconf 75' lang='lat' dir='ltr'><strong>Phrygum</strong></span> <span class='ocrx_word' id='word_1_238' title='bbox 416 1298 590 1326; x_wconf 86' lang='lat' dir='ltr'><strong>monimentis</strong></span> <span class='ocrx_word' id='word_1_239' title='bbox 614 1298 722 1325; x_wconf 88' lang='lat' dir='ltr'><strong>auferre</strong></span> <span class='ocrx_word' id='word_1_240' title='bbox 735 1302 833 1332; x_wconf 81' lang='lat' dir='ltr'><strong>potest.</strong></span> <span class='ocrx_word' id='word_1_241' title='bbox 846 1297 961 1324; x_wconf 80' lang='lat' dir='ltr'><strong>Maxime</strong></span> <span class='ocrx_word' id='word_1_242' title='bbox 981 1304 1043 1324; x_wconf 88' lang='lat' dir='ltr'><strong>vero</strong></span> 
     </span>
    </p>
   </div>
   <div class='ocr_carea' id='block_1_35' title="bbox 258 1343 1044 1379">
    <p class='ocr_par' dir='ltr' id='par_1_35' title="bbox 258 1343 1044 1379">
     <span class='ocr_line' id='line_1_35' title="bbox 258 1343 1044 1379; baseline -0.005 -5"><span class='ocrx_word' id='word_1_243' title='bbox 258 1355 321 1374; x_wconf 86' lang='lat' dir='ltr'><strong>eum</strong></span> <span class='ocrx_word' id='word_1_244' title='bbox 335 1346 470 1373; x_wconf 82' lang='lat' dir='ltr'><strong>solemnes</strong></span> <span class='ocrx_word' id='word_1_245' title='bbox 493 1344 616 1371; x_wconf 90' lang='lat' dir='ltr'><strong>initiandi</strong></span> <span class='ocrx_word' id='word_1_246' title='bbox 631 1344 710 1376; x_wconf 85' lang='lat' dir='ltr'><strong>ritus,</strong></span> <span class='ocrx_word' id='word_1_247' title='bbox 725 1349 782 1371; x_wconf 84' lang='lat' dir='ltr'><strong>tum</strong></span> <span class='ocrx_word' id='word_1_248' title='bbox 800 1352 860 1379; x_wconf 79' lang='lat' dir='ltr'><strong>qua:</strong></span> <span class='ocrx_word' id='word_1_249' title='bbox 879 1344 943 1371; x_wconf 90' lang='lat' dir='ltr'><strong>dum</strong></span> <span class='ocrx_word' id='word_1_250' title='bbox 959 1343 1044 1371; x_wconf 86' lang='lat' dir='ltr'><strong>sacris</strong></span> 
     </span>
    </p>
   </div>
   <div class='ocr_carea' id='block_1_36' title="bbox 259 1389 1045 1426">
    <p class='ocr_par' dir='ltr' id='par_1_36' title="bbox 259 1389 1045 1426">
     <span class='ocr_line' id='line_1_36' title="bbox 259 1389 1045 1426; baseline -0.004 -8"><span class='ocrx_word' id='word_1_251' title='bbox 259 1392 442 1426; x_wconf 76' lang='lat' dir='ltr'><strong>oper-abantur</strong></span> <span class='ocrx_word' id='word_1_252' title='bbox 460 1389 582 1417; x_wconf 86' lang='lat' dir='ltr'><strong>adhiberi</strong></span> <span class='ocrx_word' id='word_1_253' title='bbox 608 1390 731 1425; x_wconf 88' lang='lat' dir='ltr'><strong>symbola</strong></span> <span class='ocrx_word' id='word_1_254' title='bbox 750 1393 956 1421; x_wconf 83' lang='lat' dir='ltr'><strong>consueverant,</strong></span> <span class='ocrx_word' id='word_1_255' title='bbox 983 1396 1045 1423; x_wconf 69' lang='lat' dir='ltr'><strong>qua:</strong></span> 
     </span>
    </p>
   </div>
   <div class='ocr_carea' id='block_1_37' title="bbox 260 1434 1045 1471">
    <p class='ocr_par' dir='ltr' id='par_1_37' title="bbox 260 1434 1045 1471">
     <span class='ocr_line' id='line_1_37' title="bbox 260 1434 1045 1471; baseline -0.006 -5"><span class='ocrx_word' id='word_1_256' title='bbox 260 1446 336 1466; x_wconf 88' lang='lat' dir='ltr'><strong>mens</strong></span> <span class='ocrx_word' id='word_1_257' title='bbox 353 1442 473 1464; x_wconf 82' lang='lat' dir='ltr'><strong>veterum</strong></span> <span class='ocrx_word' id='word_1_258' title='bbox 486 1437 588 1471; x_wconf 88' lang='lat' dir='ltr'><strong>quique</strong></span> <span class='ocrx_word' id='word_1_259' title='bbox 600 1443 697 1463; x_wconf 86' lang='lat' dir='ltr'><strong>sensus</strong></span> <span class='ocrx_word' id='word_1_260' title='bbox 713 1435 804 1467; x_wconf 87' lang='lat' dir='ltr'><strong>fuerit,</strong></span> <span class='ocrx_word' id='word_1_261' title='bbox 818 1435 974 1462; x_wconf 87' lang='lat' dir='ltr'><strong>ostendunt.</strong></span> <span class='ocrx_word' id='word_1_262' title='bbox 992 1434 1045 1462; x_wconf 87' lang='lat' dir='ltr'><strong>Cu-</strong></span> 
     </span>
    </p>
   </div>
   <div class='ocr_carea' id='block_1_38' title="bbox 257 1482 1044 1519">
    <p class='ocr_par' dir='ltr' id='par_1_38' title="bbox 257 1482 1044 1519">
     <span class='ocr_line' id='line_1_38' title="bbox 257 1482 1044 1519; baseline -0.003 -8"><span class='ocrx_word' id='word_1_263' title='bbox 257 1483 389 1519; x_wconf 86' lang='lat' dir='ltr'><strong>jusmodi,</strong></span> <span class='ocrx_word' id='word_1_264' title='bbox 404 1491 437 1510; x_wconf 92' lang='lat' dir='ltr'><strong>ne</strong></span> <span class='ocrx_word' id='word_1_265' title='bbox 450 1482 558 1518; x_wconf 78' lang='lat' dir='ltr'><strong>longius</strong></span> <span class='ocrx_word' id='word_1_266' title='bbox 572 1482 605 1509; x_wconf 91' lang='lat' dir='ltr'><strong>ab</strong></span> <span class='ocrx_word' id='word_1_267' title='bbox 625 1482 748 1509; x_wconf 85' lang='lat' dir='ltr'><strong>instituta</strong></span> <span class='ocrx_word' id='word_1_268' title='bbox 769 1482 952 1516; x_wconf 87' lang='lat' dir='ltr'><strong>disputatione</strong></span> <span class='ocrx_word' id='word_1_269' title='bbox 963 1483 1044 1509; x_wconf 86' lang='lat' dir='ltr'><strong>abea-</strong></span> 
     </span>
    </p>
   </div>
   <div class='ocr_carea' id='block_1_39' title="bbox 260 1527 1042 1563">
    <p class='ocr_par' dir='ltr' id='par_1_39' title="bbox 260 1527 1042 1563">
     <span class='ocr_line' id='line_1_39' title="bbox 260 1527 1042 1563; baseline -0.003 -7"><span class='ocrx_word' id='word_1_270' title='bbox 260 1538 331 1562; x_wconf 85' lang='lat' dir='ltr'><strong>mus,</strong></span> <span class='ocrx_word' id='word_1_271' title='bbox 349 1529 414 1556; x_wconf 89' lang='lat' dir='ltr'><strong>illud</strong></span> <span class='ocrx_word' id='word_1_272' title='bbox 437 1533 489 1560; x_wconf 85' lang='lat' dir='ltr'><strong>est,</strong></span> <span class='ocrx_word' id='word_1_273' title='bbox 516 1529 589 1563; x_wconf 87' lang='lat' dir='ltr'><strong>quod</strong></span> <span class='ocrx_word' id='word_1_274' title='bbox 606 1528 707 1555; x_wconf 87' lang='lat' dir='ltr'><strong>nullam</strong></span> <span class='ocrx_word' id='word_1_275' title='bbox 726 1535 839 1563; x_wconf 79' lang='lat' dir='ltr'><strong>prorsus</strong></span> <span class='ocrx_word' id='word_1_276' title='bbox 863 1527 962 1555; x_wconf 88' lang='lat' dir='ltr'><strong>Junoni</strong></span> <span class='ocrx_word' id='word_1_277' title='bbox 980 1535 1042 1555; x_wconf 91' lang='lat' dir='ltr'><strong>cum</strong></span> 
     </span>
    </p>
   </div>
   <div class='ocr_carea' id='block_1_40' title="bbox 1358 751 1612 777">
    <p class='ocr_par' dir='ltr' id='par_1_40' title="bbox 1358 751 1612 777">
     <span class='ocr_line' id='line_1_40' title="bbox 1358 751 1612 777; baseline 0 0"><span class='ocrx_word' id='word_1_278' title='bbox 1358 751 1556 777; x_wconf 79' lang='grc' dir='ltr'><strong>ΚΕΦΛᾹΑΙΟΝ</strong></span> <span class='ocrx_word' id='word_1_279' title='bbox 1575 752 1612 777; x_wconf 80' lang='grc' dir='ltr'><strong>Α’.</strong></span> 
     </span>
    </p>
   </div>
   <div class='ocr_carea' id='block_1_41' title="bbox 1164 794 1804 833">
    <p class='ocr_par' dir='ltr' id='par_1_41' title="bbox 1164 794 1804 833">
     <span class='ocr_line' id='line_1_41' title="bbox 1164 794 1804 833; baseline 0.009 -12"><span class='ocrx_word' id='word_1_280' title='bbox 1164 795 1234 829; x_wconf 81' lang='grc' dir='ltr'><strong>Περὶ</strong></span> <span class='ocrx_word' id='word_1_281' title='bbox 1255 794 1310 829; x_wconf 84' lang='grc' dir='ltr'>τῆς</span> <span class='ocrx_word' id='word_1_282' title='bbox 1330 794 1482 828; x_wconf 79' lang='grc' dir='ltr'><em>Ἐλλήνων</em></span> <span class='ocrx_word' id='word_1_283' title='bbox 1494 796 1627 831; x_wconf 79' lang='grc' dir='ltr'><em>φυσικῆς</em></span> <span class='ocrx_word' id='word_1_284' title='bbox 1642 799 1804 833; x_wconf 71' lang='grc' dir='ltr'>θεολογίας.</span> 
     </span>
    </p>
   </div>
   <div class='ocr_carea' id='block_1_42' title="bbox 1132 839 1880 882">
    <p class='ocr_par' dir='ltr' id='par_1_42' title="bbox 1132 839 1880 882">
     <span class='ocr_line' id='line_1_42' title="bbox 1132 839 1880 882; baseline 0.008 -16"><span class='ocrx_word' id='word_1_285' title='bbox 1132 840 1188 875; x_wconf 72' lang='lat'><strong>(‘28)</strong></span> <span class='ocrx_word' id='word_1_286' title='bbox 1208 851 1217 866; x_wconf 90' lang='grc'><strong>‹</strong></span> <span class='ocrx_word' id='word_1_287' title='bbox 1234 842 1292 868; x_wconf 88' lang='grc' dir='ltr'><strong>Ὅτι</strong></span> <span class='ocrx_word' id='word_1_288' title='bbox 1308 841 1356 877; x_wconf 76' lang='grc' dir='ltr'><strong>μὲν</strong></span> <span class='ocrx_word' id='word_1_289' title='bbox 1370 839 1416 868; x_wconf 77' lang='grc' dir='ltr'>οὖν</span> <span class='ocrx_word' id='word_1_290' title='bbox 1430 843 1446 877; x_wconf 81' lang='grc' dir='ltr'>ἡ</span> <span class='ocrx_word' id='word_1_291' title='bbox 1463 842 1564 869; x_wconf 79' lang='grc' dir='ltr'>παλαιὰ</span> <span class='ocrx_word' id='word_1_292' title='bbox 1582 843 1739 878; x_wconf 84' lang='grc' dir='ltr'>φυσιολογία</span> <span class='ocrx_word' id='word_1_293' title='bbox 1753 845 1799 871; x_wconf 81' lang='grc' dir='ltr'>καὶ</span> <span class='ocrx_word' id='word_1_294' title='bbox 1813 847 1880 882; x_wconf 80' lang='grc' dir='ltr'>παρ’</span> 
     </span>
    </p>
   </div>
   <div class='ocr_carea' id='block_1_43' title="bbox 1059 885 1880 929">
    <p class='ocr_par' dir='ltr' id='par_1_43' title="bbox 1059 885 1880 929">
     <span class='ocr_line' id='line_1_43' title="bbox 1059 885 1880 929; baseline 0.007 -18"><span class='ocrx_word' id='word_1_295' title='bbox 1059 901 1080 929; x_wconf 76' lang='grc' dir='ltr'>Β</span> <span class='ocrx_word' id='word_1_296' title='bbox 1097 885 1210 922; x_wconf 85' lang='grc' dir='ltr'>Ἕλλησι</span> <span class='ocrx_word' id='word_1_297' title='bbox 1227 887 1274 913; x_wconf 78' lang='grc' dir='ltr'>καὶ</span> <span class='ocrx_word' id='word_1_298' title='bbox 1291 886 1437 922; x_wconf 77' lang='grc' dir='ltr'>βαρϐάροις</span> <span class='ocrx_word' id='word_1_299' title='bbox 1450 887 1526 922; x_wconf 80' lang='grc' dir='ltr'><strong>λόγος</strong></span> <span class='ocrx_word' id='word_1_300' title='bbox 1542 886 1575 923; x_wconf 78' lang='grc' dir='ltr'>ἦν</span> <span class='ocrx_word' id='word_1_301' title='bbox 1588 889 1699 923; x_wconf 75' lang='grc' dir='ltr'>φυσικὸς</span> <span class='ocrx_word' id='word_1_302' title='bbox 1711 890 1880 926; x_wconf 83' lang='grc' dir='ltr'>ἐγκεκαλυμ-</span> 
     </span>
    </p>
   </div>
   <div class='ocr_carea' id='block_1_44' title="bbox 1096 932 1879 970">
    <p class='ocr_par' dir='ltr' id='par_1_44' title="bbox 1096 932 1879 970">
     <span class='ocr_line' id='line_1_44' title="bbox 1096 932 1879 970; baseline 0.008 -12"><span class='ocrx_word' id='word_1_303' title='bbox 1096 932 1174 967; x_wconf 81' lang='grc' dir='ltr'><strong>μένος</strong></span> <span class='ocrx_word' id='word_1_304' title='bbox 1182 932 1247 968; x_wconf 74' lang='lat'><strong>(28‘)</strong></span> <span class='ocrx_word' id='word_1_305' title='bbox 1252 933 1354 967; x_wconf 77' lang='grc' dir='ltr'><strong>μύθοις,</strong></span> <span class='ocrx_word' id='word_1_306' title='bbox 1360 933 1393 960; x_wconf 71' lang='grc' dir='ltr'><strong>τὰ</strong></span> <span class='ocrx_word' id='word_1_307' title='bbox 1402 933 1485 960; x_wconf 80' lang='grc' dir='ltr'>πολλὰ</span> <span class='ocrx_word' id='word_1_308' title='bbox 1490 934 1540 961; x_wconf 85' lang='grc' dir='ltr'>διά</span> <span class='ocrx_word' id='word_1_309' title='bbox 1545 936 1596 969; x_wconf 82' lang='grc' dir='ltr'>ίνιγ</span> <span class='ocrx_word' id='word_1_310' title='bbox 1599 936 1689 970; x_wconf 79' lang='grc' dir='ltr'>μάτων</span> <span class='ocrx_word' id='word_1_311' title='bbox 1696 936 1741 963; x_wconf 71' lang='grc' dir='ltr'>καὶ</span> <span class='ocrx_word' id='word_1_312' title='bbox 1748 938 1879 964; x_wconf 80' lang='grc' dir='ltr'><strong>ὑπονοιῶν</strong></span> 
     </span>
    </p>
   </div>
   <div class='ocr_carea' id='block_1_45' title="bbox 1094 978 1878 1016">
    <p class='ocr_par' dir='ltr' id='par_1_45' title="bbox 1094 978 1878 1016">
     <span class='ocr_line' id='line_1_45' title="bbox 1094 978 1878 1016; baseline 0.008 -12"><span class='ocrx_word' id='word_1_313' title='bbox 1094 978 1245 1014; x_wconf 77' lang='grc' dir='ltr'>ὲπίκρυφος</span> <span class='ocrx_word' id='word_1_314' title='bbox 1264 980 1310 1005; x_wconf 83' lang='grc' dir='ltr'>καὶ</span> <span class='ocrx_word' id='word_1_315' title='bbox 1333 980 1522 1016; x_wconf 85' lang='grc' dir='ltr'>μυστηριώδης</span> <span class='ocrx_word' id='word_1_316' title='bbox 1541 980 1672 1015; x_wconf 82' lang='grc' dir='ltr'>θεολογία,</span> <span class='ocrx_word' id='word_1_317' title='bbox 1690 983 1723 1009; x_wconf 83' lang='grc' dir='ltr'>τά</span> <span class='ocrx_word' id='word_1_318' title='bbox 1736 992 1764 1009; x_wconf 83' lang='grc' dir='ltr'><strong>τε</strong></span> <span class='ocrx_word' id='word_1_319' title='bbox 1783 983 1878 1010; x_wconf 78' lang='grc' dir='ltr'>λαλού-</span> 
     </span>
    </p>
   </div>
   <div class='ocr_carea' id='block_1_46' title="bbox 1096 1025 1878 1064">
    <p class='ocr_par' dir='ltr' id='par_1_46' title="bbox 1096 1025 1878 1064">
     <span class='ocr_line' id='line_1_46' title="bbox 1096 1025 1878 1064; baseline 0.005 -13"><span class='ocrx_word' id='word_1_320' title='bbox 1096 1034 1164 1060; x_wconf 89' lang='grc' dir='ltr'>μενα</span> <span class='ocrx_word' id='word_1_321' title='bbox 1180 1025 1232 1051; x_wconf 81' lang='grc' dir='ltr'><strong>τῶν</strong></span> <span class='ocrx_word' id='word_1_322' title='bbox 1246 1026 1405 1061; x_wconf 77' lang='grc' dir='ltr'><strong>σιγωμένων</strong></span> <span class='ocrx_word' id='word_1_323' title='bbox 1418 1027 1572 1062; x_wconf 82' lang='grc' dir='ltr'>σαφέστερα</span> <span class='ocrx_word' id='word_1_324' title='bbox 1583 1029 1638 1059; x_wconf 83' lang='grc' dir='ltr'>τοῖς</span> <span class='ocrx_word' id='word_1_325' title='bbox 1656 1028 1760 1060; x_wconf 80' lang='grc' dir='ltr'>πολλοῖς</span> <span class='ocrx_word' id='word_1_326' title='bbox 1771 1029 1878 1064; x_wconf 77' lang='grc' dir='ltr'>ἔχοντα,</span> 
     </span>
    </p>
   </div>
   <div class='ocr_carea' id='block_1_47' title="bbox 1094 1070 1879 1110">
    <p class='ocr_par' dir='ltr' id='par_1_47' title="bbox 1094 1070 1879 1110">
     <span class='ocr_line' id='line_1_47' title="bbox 1094 1070 1879 1110; baseline 0.006 -14"><span class='ocrx_word' id='word_1_327' title='bbox 1094 1071 1141 1097; x_wconf 85' lang='grc' dir='ltr'>καὶ</span> <span class='ocrx_word' id='word_1_328' title='bbox 1153 1070 1186 1097; x_wconf 71' lang='grc' dir='ltr'><strong>τὰ</strong></span> <span class='ocrx_word' id='word_1_329' title='bbox 1202 1071 1338 1106; x_wconf 82' lang='grc' dir='ltr'><strong>σιγώμενα</strong></span> <span class='ocrx_word' id='word_1_330' title='bbox 1353 1071 1407 1098; x_wconf 86' lang='grc' dir='ltr'>τῶν</span> <span class='ocrx_word' id='word_1_331' title='bbox 1422 1071 1591 1107; x_wconf 82' lang='grc' dir='ltr'><strong>λαλουμένων</strong></span> <span class='ocrx_word' id='word_1_332' title='bbox 1606 1074 1786 1110; x_wconf 81' lang='grc' dir='ltr'>ὑποπτότερα,</span> <span class='ocrx_word' id='word_1_333' title='bbox 1800 1075 1879 1110; x_wconf 83' lang='grc' dir='ltr'>δῆλόν</span> 
     </span>
    </p>
   </div>
   <div class='ocr_carea' id='block_1_48' title="bbox 1094 1116 1880 1153">
    <p class='ocr_par' dir='ltr' id='par_1_48' title="bbox 1094 1116 1880 1153">
     <span class='ocr_line' id='line_1_48' title="bbox 1094 1116 1880 1153; baseline 0.006 -11"><span class='ocrx_word' id='word_1_334' title='bbox 1094 1116 1150 1142; x_wconf 83' lang='grc' dir='ltr'>ἐστι</span> <span class='ocrx_word' id='word_1_335' title='bbox 1167 1117 1195 1142; x_wconf 85' lang='grc' dir='ltr'><strong>ὲν</strong></span> <span class='ocrx_word' id='word_1_336' title='bbox 1211 1118 1267 1148; x_wconf 89' lang='grc' dir='ltr'>τοῖς</span> <span class='ocrx_word' id='word_1_337' title='bbox 1286 1118 1422 1153; x_wconf 77' lang='grc' dir='ltr'>Ὀρφικοῖς</span> <span class='ocrx_word' id='word_1_338' title='bbox 1442 1118 1530 1150; x_wconf 78' lang='grc' dir='ltr'>ἔπεσι,</span> <span class='ocrx_word' id='word_1_339' title='bbox 1552 1119 1598 1145; x_wconf 75' lang='grc' dir='ltr'>καὶ</span> <span class='ocrx_word' id='word_1_340' title='bbox 1613 1120 1667 1150; x_wconf 87' lang='grc' dir='ltr'>τοῖς</span> <span class='ocrx_word' id='word_1_341' title='bbox 1685 1120 1880 1153; x_wconf 75' lang='grc' dir='ltr'><strong>Αἰγυπτιακοῖς</strong></span> 
     </span>
    </p>
   </div>
   <div class='ocr_carea' id='block_1_49' title="bbox 1094 1162 1878 1200">
    <p class='ocr_par' dir='ltr' id='par_1_49' title="bbox 1094 1162 1878 1200">
     <span class='ocr_line' id='line_1_49' title="bbox 1094 1162 1878 1200; baseline 0.006 -13"><span class='ocrx_word' id='word_1_342' title='bbox 1094 1162 1140 1187; x_wconf 77' lang='grc' dir='ltr'>καὶ</span> <span class='ocrx_word' id='word_1_343' title='bbox 1154 1162 1278 1197; x_wconf 79' lang='grc' dir='ltr'>Φρυγίοις</span> <span class='ocrx_word' id='word_1_344' title='bbox 1294 1163 1393 1196; x_wconf 64' lang='grc' dir='ltr'>λόγοις</span> <span class='ocrx_word' id='word_1_345' title='bbox 1411 1163 1527 1198; x_wconf 77' lang='grc' dir='ltr'>μάλιστα</span> <span class='ocrx_word' id='word_1_346' title='bbox 1545 1164 1573 1191; x_wconf 85' lang='grc' dir='ltr'><strong>δὲ</strong></span> <span class='ocrx_word' id='word_1_347' title='bbox 1587 1165 1610 1191; x_wconf 76' lang='grc' dir='ltr'>οἱ</span> <span class='ocrx_word' id='word_1_348' title='bbox 1630 1165 1693 1200; x_wconf 75' lang='grc' dir='ltr'>περὶ</span> <span class='ocrx_word' id='word_1_349' title='bbox 1707 1165 1755 1196; x_wconf 76' lang='grc' dir='ltr'><strong>τὰς</strong></span> <span class='ocrx_word' id='word_1_350' title='bbox 1767 1165 1878 1197; x_wconf 77' lang='grc' dir='ltr'>τελετὰς</span> 
     </span>
    </p>
   </div>
   <div class='ocr_carea' id='block_1_50' title="bbox 1094 1208 1879 1245">
    <p class='ocr_par' dir='ltr' id='par_1_50' title="bbox 1094 1208 1879 1245">
     <span class='ocr_line' id='line_1_50' title="bbox 1094 1208 1879 1245; baseline 0.006 -12"><span class='ocrx_word' id='word_1_351' title='bbox 1094 1208 1238 1243; x_wconf 77' lang='grc' dir='ltr'><strong>ὀργιασμοὶ</strong></span> <span class='ocrx_word' id='word_1_352' title='bbox 1255 1209 1300 1235; x_wconf 76' lang='grc' dir='ltr'>καὶ</span> <span class='ocrx_word' id='word_1_353' title='bbox 1318 1209 1352 1234; x_wconf 79' lang='grc' dir='ltr'><strong>τὰ</strong></span> <span class='ocrx_word' id='word_1_354' title='bbox 1376 1209 1501 1244; x_wconf 78' lang='grc' dir='ltr'>δρώμενα</span> <span class='ocrx_word' id='word_1_355' title='bbox 1523 1210 1693 1245; x_wconf 76' lang='grc' dir='ltr'>συμϐολικῶς</span> <span class='ocrx_word' id='word_1_356' title='bbox 1709 1212 1737 1237; x_wconf 85' lang='grc' dir='ltr'>ὲν</span> <span class='ocrx_word' id='word_1_357' title='bbox 1755 1213 1815 1242; x_wconf 84' lang='grc' dir='ltr'>ταῖς</span> <span class='ocrx_word' id='word_1_358' title='bbox 1841 1212 1879 1238; x_wconf 83' lang='grc' dir='ltr'><strong>ιε-</strong></span> 
     </span>
    </p>
   </div>
   <div class='ocr_carea' id='block_1_51' title="bbox 1095 1254 1876 1291">
    <p class='ocr_par' dir='ltr' id='par_1_51' title="bbox 1095 1254 1876 1291">
     <span class='ocr_line' id='line_1_51' title="bbox 1095 1254 1876 1291; baseline 0.005 -12"><span class='ocrx_word' id='word_1_359' title='bbox 1095 1254 1234 1289; x_wconf 78' lang='grc' dir='ltr'>ρουργίαις</span> <span class='ocrx_word' id='word_1_360' title='bbox 1256 1254 1304 1290; x_wconf 81' lang='grc' dir='ltr'><strong>τὴν</strong></span> <span class='ocrx_word' id='word_1_361' title='bbox 1319 1256 1373 1281; x_wconf 89' lang='grc' dir='ltr'><strong>τῶν</strong></span> <span class='ocrx_word' id='word_1_362' title='bbox 1389 1255 1511 1282; x_wconf 80' lang='grc' dir='ltr'>παλαιῶν</span> <span class='ocrx_word' id='word_1_363' title='bbox 1529 1256 1652 1291; x_wconf 74' lang='grc' dir='ltr'><strong>ἐμφαίνει</strong></span> <span class='ocrx_word' id='word_1_364' title='bbox 1666 1256 1791 1284; x_wconf 79' lang='grc' dir='ltr'>διάνοιαν.</span> <span class='ocrx_word' id='word_1_365' title='bbox 1804 1254 1876 1289; x_wconf 76' lang='grc' dir='ltr'>Οἷον,</span> 
     </span>
    </p>
   </div>
   <div class='ocr_carea' id='block_1_52' title="bbox 1096 1299 1877 1337">
    <p class='ocr_par' dir='ltr' id='par_1_52' title="bbox 1096 1299 1877 1337">
     <span class='ocr_line' id='line_1_52' title="bbox 1096 1299 1877 1337; baseline 0.004 -12"><span class='ocrx_word' id='word_1_366' title='bbox 1096 1299 1133 1334; x_wconf 86' lang='grc' dir='ltr'>μὴ</span> <span class='ocrx_word' id='word_1_367' title='bbox 1147 1299 1203 1334; x_wconf 74' lang='lat'><strong>(29)</strong></span> <span class='ocrx_word' id='word_1_368' title='bbox 1221 1300 1329 1335; x_wconf 88' lang='grc' dir='ltr'>μακρὰν</span> <span class='ocrx_word' id='word_1_369' title='bbox 1344 1300 1398 1327; x_wconf 84' lang='grc' dir='ltr'>τῶν</span> <span class='ocrx_word' id='word_1_370' title='bbox 1413 1301 1595 1336; x_wconf 79' lang='grc' dir='ltr'><strong>ἐνεστηκότων</strong></span> <span class='ocrx_word' id='word_1_371' title='bbox 1616 1301 1700 1335; x_wconf 87' lang='grc' dir='ltr'>λόγων</span> <span class='ocrx_word' id='word_1_372' title='bbox 1714 1301 1877 1337; x_wconf 80' lang='grc' dir='ltr'><strong>βαδίζωμεν,</strong></span> 
     </span>
    </p>
   </div>
   <div class='ocr_carea' id='block_1_53' title="bbox 1094 1344 1879 1383">
    <p class='ocr_par' dir='ltr' id='par_1_53' title="bbox 1094 1344 1879 1383">
     <span class='ocr_line' id='line_1_53' title="bbox 1094 1344 1879 1383; baseline 0.005 -13"><span class='ocrx_word' id='word_1_373' title='bbox 1094 1345 1124 1370; x_wconf 78' lang='grc' dir='ltr'>οὐ</span> <span class='ocrx_word' id='word_1_374' title='bbox 1147 1345 1310 1380; x_wconf 81' lang='grc' dir='ltr'>νομίζουσιν,</span> <span class='ocrx_word' id='word_1_375' title='bbox 1337 1346 1397 1372; x_wconf 81' lang='grc' dir='ltr'>οὐδὲ</span> <span class='ocrx_word' id='word_1_376' title='bbox 1422 1345 1527 1378; x_wconf 78' lang='grc' dir='ltr'>ἀξιοῦσι</span> <span class='ocrx_word' id='word_1_377' title='bbox 1549 1346 1689 1373; x_wconf 74' lang='grc' dir='ltr'>κοινωνίαν</span> <span class='ocrx_word' id='word_1_378' title='bbox 1715 1344 1784 1373; x_wconf 79' lang='grc' dir='ltr'>εἶναι</span> <span class='ocrx_word' id='word_1_379' title='bbox 1809 1347 1879 1383; x_wconf 83' lang='grc' dir='ltr'>πρὸς</span> 
     </span>
    </p>
   </div>
   <div class='ocr_carea' id='block_1_54' title="bbox 1093 1390 1877 1429">
    <p class='ocr_par' dir='ltr' id='par_1_54' title="bbox 1093 1390 1877 1429">
     <span class='ocr_line' id='line_1_54' title="bbox 1093 1390 1877 1429; baseline 0.005 -13"><span class='ocrx_word' id='word_1_380' title='bbox 1093 1390 1218 1417; x_wconf 86' lang='grc' dir='ltr'>Διόνυσον</span> <span class='ocrx_word' id='word_1_381' title='bbox 1231 1392 1313 1427; x_wconf 70' lang='grc' dir='ltr'>Ἥρᾳ·</span> <span class='ocrx_word' id='word_1_382' title='bbox 1329 1391 1507 1425; x_wconf 73' lang='grc' dir='ltr'>φυλάσσονται</span> <span class='ocrx_word' id='word_1_383' title='bbox 1526 1391 1553 1418; x_wconf 86' lang='grc' dir='ltr'><strong>δὲ</strong></span> <span class='ocrx_word' id='word_1_384' title='bbox 1563 1392 1744 1427; x_wconf 83' lang='grc' dir='ltr'>συμμιγνύναι</span> <span class='ocrx_word' id='word_1_385' title='bbox 1757 1392 1791 1419; x_wconf 81' lang='grc' dir='ltr'><strong>τὰ</strong></span> <span class='ocrx_word' id='word_1_386' title='bbox 1806 1393 1877 1429; x_wconf 80' lang='grc' dir='ltr'>ἱερὰ,</span> 
     </span>
    </p>
   </div>
   <div class='ocr_carea' id='block_1_55' title="bbox 1094 1435 1878 1473">
    <p class='ocr_par' dir='ltr' id='par_1_55' title="bbox 1094 1435 1878 1473">
     <span class='ocr_line' id='line_1_55' title="bbox 1094 1435 1878 1473; baseline 0.004 -12"><span class='ocrx_word' id='word_1_387' title='bbox 1094 1435 1141 1461; x_wconf 79' lang='grc' dir='ltr'>καὶ</span> <span class='ocrx_word' id='word_1_388' title='bbox 1154 1435 1203 1466; x_wconf 79' lang='grc' dir='ltr'><strong>τὰς</strong></span> <span class='ocrx_word' id='word_1_389' title='bbox 1222 1435 1364 1472; x_wconf 79' lang='grc' dir='ltr'><strong>Ἀθήνῃσιν</strong></span> <span class='ocrx_word' id='word_1_390' title='bbox 1388 1435 1488 1471; x_wconf 78' lang='grc' dir='ltr'>ἱερείας</span> <span class='ocrx_word' id='word_1_391' title='bbox 1501 1436 1672 1469; x_wconf 82' lang='grc' dir='ltr'>ἀπαντώσας,</span> <span class='ocrx_word' id='word_1_392' title='bbox 1688 1437 1778 1471; x_wconf 76' lang='grc' dir='ltr'>φασὶν,</span> <span class='ocrx_word' id='word_1_393' title='bbox 1794 1438 1878 1473; x_wconf 87' lang='grc' dir='ltr'>ἀλλή-</span> 
     </span>
    </p>
   </div>
   <div class='ocr_carea' id='block_1_56' title="bbox 1094 1480 1878 1518">
    <p class='ocr_par' dir='ltr' id='par_1_56' title="bbox 1094 1480 1878 1518">
     <span class='ocr_line' id='line_1_56' title="bbox 1094 1480 1878 1518; baseline 0.003 -11"><span class='ocrx_word' id='word_1_394' title='bbox 1094 1481 1153 1513; x_wconf 88' lang='grc' dir='ltr'>λαις</span> <span class='ocrx_word' id='word_1_395' title='bbox 1173 1480 1229 1516; x_wconf 77' lang='lat'><strong>(30)</strong></span> <span class='ocrx_word' id='word_1_396' title='bbox 1253 1482 1464 1517; x_wconf 77' lang='grc' dir='ltr'>προαγορεύειν,</span> <span class='ocrx_word' id='word_1_397' title='bbox 1487 1482 1554 1518; x_wconf 82' lang='grc' dir='ltr'>μηδὲ</span> <span class='ocrx_word' id='word_1_398' title='bbox 1584 1482 1651 1514; x_wconf 86' lang='grc' dir='ltr'>ὅλως</span> <span class='ocrx_word' id='word_1_399' title='bbox 1671 1483 1761 1509; x_wconf 82' lang='grc' dir='ltr'>κιττὸν</span> <span class='ocrx_word' id='word_1_400' title='bbox 1785 1484 1825 1514; x_wconf 84' lang='grc' dir='ltr'><strong>είς</strong></span> <span class='ocrx_word' id='word_1_401' title='bbox 1848 1483 1878 1509; x_wconf 75' lang='grc' dir='ltr'><strong>τὸ</strong></span> 
     </span>
    </p>
   </div>
   <div class='ocr_carea' id='block_1_57' title="bbox 1093 1527 1879 1563">
    <p class='ocr_par' dir='ltr' id='par_1_57' title="bbox 1093 1527 1879 1563">
     <span class='ocr_line' id='line_1_57' title="bbox 1093 1527 1879 1563; baseline 0.001 -10"><span class='ocrx_word' id='word_1_402' title='bbox 1093 1527 1143 1562; x_wconf 82' lang='grc' dir='ltr'>τῆς</span> <span class='ocrx_word' id='word_1_403' title='bbox 1158 1528 1245 1562; x_wconf 81' lang='grc' dir='ltr'>’Ἥρας</span> <span class='ocrx_word' id='word_1_404' title='bbox 1268 1527 1426 1562; x_wconf 80' lang='grc' dir='ltr'>κομίζεσθαι</span> <span class='ocrx_word' id='word_1_405' title='bbox 1446 1528 1567 1562; x_wconf 81' lang='grc' dir='ltr'>τέμενος,</span> <span class='ocrx_word' id='word_1_406' title='bbox 1584 1529 1614 1554; x_wconf 85' lang='grc' dir='ltr'>οὐ</span> <span class='ocrx_word' id='word_1_407' title='bbox 1632 1527 1675 1554; x_wconf 78' lang='grc' dir='ltr'><strong>διὰ</strong></span> <span class='ocrx_word' id='word_1_408' title='bbox 1696 1528 1745 1559; x_wconf 86' lang='grc' dir='ltr'><strong>τὰς</strong></span> <span class='ocrx_word' id='word_1_409' title='bbox 1762 1528 1879 1563; x_wconf 69' lang='grc' dir='ltr'>μυθικὰς</span> 
     </span>
    </p>
   </div>
   <div class='ocr_carea' id='block_1_58' title="bbox 259 1571 1042 1608">
    <p class='ocr_par' dir='ltr' id='par_1_58' title="bbox 259 1573 1042 1608">
     <span class='ocr_line' id='line_1_58' title="bbox 259 1573 1042 1608; baseline -0.004 -6"><span class='ocrx_word' id='word_1_410' title='bbox 259 1575 366 1602; x_wconf 87' lang='lat' dir='ltr'><strong>Baccho</strong></span> <span class='ocrx_word' id='word_1_411' title='bbox 388 1573 545 1601; x_wconf 87' lang='lat' dir='ltr'><strong>societatem</strong></span> <span class='ocrx_word' id='word_1_412' title='bbox 570 1577 597 1599; x_wconf 86' lang='lat' dir='ltr'><strong>et</strong></span> <span class='ocrx_word' id='word_1_413' title='bbox 615 1573 836 1600; x_wconf 91' lang='lat' dir='ltr'><strong>communionem</strong></span> <span class='ocrx_word' id='word_1_414' title='bbox 849 1581 909 1600; x_wconf 86' lang='lat' dir='ltr'><strong>esse</strong></span> <span class='ocrx_word' id='word_1_415' title='bbox 923 1580 1042 1608; x_wconf 75' lang='lat' dir='ltr'><strong>pronunt-</strong></span> 
     </span>
    </p>
   </div>
   <div class='ocr_carea' id='block_1_59' title="bbox 1093 1571 1878 1608">
    <p class='ocr_par' dir='ltr' id='par_1_59' title="bbox 1095 1571 1878 1608">
     <span class='ocr_line' id='line_1_59' title="bbox 1095 1571 1878 1608; baseline 0.003 -11"><span class='ocrx_word' id='word_1_416' title='bbox 1095 1572 1141 1598; x_wconf 75' lang='grc' dir='ltr'>καὶ</span> <span class='ocrx_word' id='word_1_417' title='bbox 1155 1571 1322 1607; x_wconf 80' lang='grc' dir='ltr'>φλυαρώδεις</span> <span class='ocrx_word' id='word_1_418' title='bbox 1342 1573 1515 1607; x_wconf 76' lang='grc' dir='ltr'>ζηλοτυπίας,</span> <span class='ocrx_word' id='word_1_419' title='bbox 1536 1573 1593 1599; x_wconf 77' lang='grc' dir='ltr'>ἀλλ’</span> <span class='ocrx_word' id='word_1_420' title='bbox 1608 1573 1648 1599; x_wconf 81' lang='grc' dir='ltr'>ὃτι</span> <span class='ocrx_word' id='word_1_421' title='bbox 1667 1573 1800 1608; x_wconf 79' lang='grc' dir='ltr'>γαμήλιος</span> <span class='ocrx_word' id='word_1_422' title='bbox 1827 1573 1878 1608; x_wconf 80' lang='grc' dir='ltr'>μὲν</span> 
     </span>
    </p>
   </div>
   <div class='ocr_carea' id='block_1_60' title="bbox 259 1620 1042 1656">
    <p class='ocr_par' dir='ltr' id='par_1_60' title="bbox 259 1620 1042 1656">
     <span class='ocr_line' id='line_1_60' title="bbox 259 1620 1042 1656; baseline -0.005 -5"><span class='ocrx_word' id='word_1_423' title='bbox 259 1623 342 1654; x_wconf 84' lang='lat' dir='ltr'><strong>cient,</strong></span> <span class='ocrx_word' id='word_1_424' title='bbox 354 1629 441 1656; x_wconf 89' lang='lat' dir='ltr'><strong>eoque</strong></span> <span class='ocrx_word' id='word_1_425' title='bbox 456 1624 572 1648; x_wconf 83' lang='lat' dir='ltr'><strong>caveant.</strong></span> <span class='ocrx_word' id='word_1_426' title='bbox 590 1620 743 1654; x_wconf 78' lang='lat' dir='ltr'><strong>diligenter,</strong></span> <span class='ocrx_word' id='word_1_427' title='bbox 761 1628 795 1647; x_wconf 87' lang='lat' dir='ltr'><strong>ne</strong></span> <span class='ocrx_word' id='word_1_428' title='bbox 809 1622 950 1647; x_wconf 90' lang='lat' dir='ltr'><strong>amborum</strong></span> <span class='ocrx_word' id='word_1_429' title='bbox 966 1629 1042 1648; x_wconf 89' lang='lat' dir='ltr'><strong>sacra</strong></span> 
     </span>
    </p>
   </div>
   <div class='ocr_carea' id='block_1_61' title="bbox 260 1667 1041 1703">
    <p class='ocr_par' dir='ltr' id='par_1_61' title="bbox 260 1667 1041 1703">
     <span class='ocr_line' id='line_1_61' title="bbox 260 1667 1041 1703; baseline -0.003 -7"><span class='ocrx_word' id='word_1_430' title='bbox 260 1669 427 1696; x_wconf 86' lang='lat' dir='ltr'><strong>misceantur</strong></span> <span class='ocrx_word' id='word_1_431' title='bbox 453 1676 459 1694; x_wconf 91' lang='lat'>:</span> <span class='ocrx_word' id='word_1_432' title='bbox 479 1669 596 1703; x_wconf 54' lang='lat' dir='ltr'><strong>ipsaque</strong></span> <span class='ocrx_word' id='word_1_433' title='bbox 622 1667 690 1694; x_wconf 89' lang='lat' dir='ltr'><strong>adeo</strong></span> <span class='ocrx_word' id='word_1_434' title='bbox 714 1667 879 1699; x_wconf 84' lang='lat' dir='ltr'><strong>sacerdotes,</strong></span> <span class='ocrx_word' id='word_1_435' title='bbox 908 1672 937 1694; x_wconf 91' lang='lat' dir='ltr'><strong>ut</strong></span> <span class='ocrx_word' id='word_1_436' title='bbox 955 1668 1041 1700; x_wconf 92' lang='lat' dir='ltr'><strong>aiunt,</strong></span> 
     </span>
    </p>
   </div>
   <div class='ocr_carea' id='block_1_62' title="bbox 259 1712 1043 1744">
    <p class='ocr_par' dir='ltr' id='par_1_62' title="bbox 259 1712 1043 1744">
     <span class='ocr_line' id='line_1_62' title="bbox 259 1712 1043 1744; baseline -0.003 -3"><span class='ocrx_word' id='word_1_437' title='bbox 259 1714 372 1741; x_wconf 81' lang='lat' dir='ltr'><strong>Athenis</strong></span> <span class='ocrx_word' id='word_1_438' title='bbox 397 1713 457 1740; x_wconf 73' lang='lat' dir='ltr'><strong>alia:</strong></span> <span class='ocrx_word' id='word_1_439' title='bbox 483 1713 543 1740; x_wconf 89' lang='lat' dir='ltr'><strong>aliis</strong></span> <span class='ocrx_word' id='word_1_440' title='bbox 568 1717 743 1740; x_wconf 85' lang='lat' dir='ltr'><strong>occurrentes</strong></span> <span class='ocrx_word' id='word_1_441' title='bbox 756 1712 924 1744; x_wconf 86' lang='lat' dir='ltr'><strong>denuntient,</strong></span> <span class='ocrx_word' id='word_1_442' title='bbox 940 1713 977 1739; x_wconf 93' lang='lat' dir='ltr'><strong>uti</strong></span> <span class='ocrx_word' id='word_1_443' title='bbox 995 1720 1043 1740; x_wconf 88' lang='lat' dir='ltr'><strong>ne-</strong></span> 
     </span>
    </p>
   </div>
   <div class='ocr_carea' id='block_1_63' title="bbox 259 1756 1041 1793">
    <p class='ocr_par' dir='ltr' id='par_1_63' title="bbox 259 1756 1041 1793">
     <span class='ocr_line' id='line_1_63' title="bbox 259 1756 1041 1793; baseline -0.003 -8"><span class='ocrx_word' id='word_1_444' title='bbox 259 1759 408 1793; x_wconf 82' lang='lat' dir='ltr'><strong>quidquam</strong></span> <span class='ocrx_word' id='word_1_445' title='bbox 425 1757 530 1784; x_wconf 69' lang='lat' dir='ltr'><strong>hedene</strong></span> <span class='ocrx_word' id='word_1_446' title='bbox 548 1756 663 1784; x_wconf 77' lang='lat' dir='ltr'><strong>Iunonis</strong></span> <span class='ocrx_word' id='word_1_447' title='bbox 686 1757 712 1784; x_wconf 94' lang='lat' dir='ltr'><strong>in</strong></span> <span class='ocrx_word' id='word_1_448' title='bbox 733 1756 873 1784; x_wconf 91' lang='lat' dir='ltr'><strong>delubrum</strong></span> <span class='ocrx_word' id='word_1_449' title='bbox 888 1756 1041 1784; x_wconf 80' lang='lat' dir='ltr'><strong>inferatur:</strong></span> 
     </span>
    </p>
   </div>
   <div class='ocr_carea' id='block_1_64' title="bbox 261 1802 1041 1839">
    <p class='ocr_par' dir='ltr' id='par_1_64' title="bbox 261 1802 1041 1839">
     <span class='ocr_line' id='line_1_64' title="bbox 261 1802 1041 1839; baseline 0 -9"><span class='ocrx_word' id='word_1_450' title='bbox 261 1812 313 1831; x_wconf 88' lang='lat' dir='ltr'><strong>non</strong></span> <span class='ocrx_word' id='word_1_451' title='bbox 324 1805 380 1839; x_wconf 85' lang='lat' dir='ltr'><strong>jam</strong></span> <span class='ocrx_word' id='word_1_452' title='bbox 395 1804 429 1830; x_wconf 87' lang='lat' dir='ltr'><strong>ob</strong></span> <span class='ocrx_word' id='word_1_453' title='bbox 441 1803 592 1831; x_wconf 89' lang='lat' dir='ltr'><strong>fabulosam</strong></span> <span class='ocrx_word' id='word_1_454' title='bbox 614 1803 690 1830; x_wconf 91' lang='lat' dir='ltr'><strong>illam</strong></span> <span class='ocrx_word' id='word_1_455' title='bbox 714 1810 747 1829; x_wconf 88' lang='lat' dir='ltr'><strong>ac</strong></span> <span class='ocrx_word' id='word_1_456' title='bbox 762 1802 943 1837; x_wconf 80' lang='lat' dir='ltr'><strong>nugatoriam,</strong></span> <span class='ocrx_word' id='word_1_457' title='bbox 960 1810 1041 1837; x_wconf 90' lang='lat' dir='ltr'><strong>quam</strong></span> 
     </span>
    </p>
   </div>
   <div class='ocr_carea' id='block_1_65' title="bbox 260 1848 1041 1885">
    <p class='ocr_par' dir='ltr' id='par_1_65' title="bbox 260 1848 1041 1885">
     <span class='ocr_line' id='line_1_65' title="bbox 260 1848 1041 1885; baseline -0.003 -8"><span class='ocrx_word' id='word_1_458' title='bbox 260 1850 311 1885; x_wconf 76' lang='lat' dir='ltr'><strong>ipsi</strong></span> <span class='ocrx_word' id='word_1_459' title='bbox 325 1850 449 1884; x_wconf 80' lang='lat' dir='ltr'><strong>affigunt,</strong></span> <span class='ocrx_word' id='word_1_460' title='bbox 466 1850 642 1885; x_wconf 82' lang='lat' dir='ltr'><strong>zelotypiam;</strong></span> <span class='ocrx_word' id='word_1_461' title='bbox 655 1849 703 1876; x_wconf 86' lang='lat' dir='ltr'><strong>sed</strong></span> <span class='ocrx_word' id='word_1_462' title='bbox 720 1848 793 1882; x_wconf 89' lang='lat' dir='ltr'><strong>quod</strong></span> <span class='ocrx_word' id='word_1_463' title='bbox 810 1856 872 1875; x_wconf 89' lang='lat' dir='ltr'><strong>cum</strong></span> <span class='ocrx_word' id='word_1_464' title='bbox 887 1849 1041 1883; x_wconf 86' lang='lat' dir='ltr'><strong>nuptiarum</strong></span> 
     </span>
    </p>
   </div>
   <div class='ocr_carea' id='block_1_66' title="bbox 261 1894 1042 1931">
    <p class='ocr_par' dir='ltr' id='par_1_66' title="bbox 261 1894 1042 1931">
     <span class='ocr_line' id='line_1_66' title="bbox 261 1894 1042 1931; baseline -0.001 -8"><span class='ocrx_word' id='word_1_465' title='bbox 261 1904 359 1931; x_wconf 68' lang='lat' dir='ltr'><strong>praeses</strong></span> <span class='ocrx_word' id='word_1_466' title='bbox 371 1903 403 1923; x_wconf 88' lang='lat' dir='ltr'><strong>ac</strong></span> <span class='ocrx_word' id='word_1_467' title='bbox 420 1896 540 1930; x_wconf 88' lang='lat' dir='ltr'><strong>pronuba</strong></span> <span class='ocrx_word' id='word_1_468' title='bbox 555 1895 604 1922; x_wconf 86' lang='lat' dir='ltr'><strong>dea</strong></span> <span class='ocrx_word' id='word_1_469' title='bbox 621 1895 665 1921; x_wconf 92' lang='lat' dir='ltr'><strong>illa</strong></span> <span class='ocrx_word' id='word_1_470' title='bbox 684 1894 729 1927; x_wconf 87' lang='lat' dir='ltr'><strong>sit,</strong></span> <span class='ocrx_word' id='word_1_471' title='bbox 742 1899 799 1921; x_wconf 91' lang='lat' dir='ltr'><strong>tum</strong></span> <span class='ocrx_word' id='word_1_472' title='bbox 821 1902 886 1921; x_wconf 83' lang='lat' dir='ltr'><strong>vero</strong></span> <span class='ocrx_word' id='word_1_473' title='bbox 904 1895 1042 1922; x_wconf 89' lang='lat' dir='ltr'><strong>ebrietatis</strong></span> 
     </span>
    </p>
   </div>
   <div class='ocr_carea' id='block_1_67' title="bbox 259 1939 1042 1975">
    <p class='ocr_par' dir='ltr' id='par_1_67' title="bbox 259 1939 1042 1975">
     <span class='ocr_line' id='line_1_67' title="bbox 259 1939 1042 1975; baseline 0 -7"><span class='ocrx_word' id='word_1_474' title='bbox 259 1941 354 1968; x_wconf 89' lang='lat' dir='ltr'><strong>vitium</strong></span> <span class='ocrx_word' id='word_1_475' title='bbox 371 1945 399 1968; x_wconf 89' lang='lat' dir='ltr'><strong>et</strong></span> <span class='ocrx_word' id='word_1_476' title='bbox 413 1940 520 1975; x_wconf 88' lang='lat' dir='ltr'><strong>sponsis</strong></span> <span class='ocrx_word' id='word_1_477' title='bbox 543 1939 681 1974; x_wconf 75' lang='lat' dir='ltr'><strong>indignum</strong></span> <span class='ocrx_word' id='word_1_478' title='bbox 710 1944 737 1967; x_wconf 90' lang='lat' dir='ltr'><strong>et</strong></span> <span class='ocrx_word' id='word_1_479' title='bbox 762 1947 777 1966; x_wconf 94' lang='lat' dir='ltr'><strong>a</strong></span> <span class='ocrx_word' id='word_1_480' title='bbox 805 1940 906 1975; x_wconf 89' lang='lat' dir='ltr'><strong>nuptiis</strong></span> <span class='ocrx_word' id='word_1_481' title='bbox 934 1940 1042 1975; x_wconf 89' lang='lat' dir='ltr'><strong>penitus</strong></span> 
     </span>
    </p>
   </div>
   <div class='ocr_carea' id='block_1_68' title="bbox 259 1985 1042 2017">
    <p class='ocr_par' dir='ltr' id='par_1_68' title="bbox 259 1985 1042 2017">
     <span class='ocr_line' id='line_1_68' title="bbox 259 1985 1042 2017; baseline 0 -4"><span class='ocrx_word' id='word_1_482' title='bbox 259 1986 377 2014; x_wconf 88' lang='lat' dir='ltr'><strong>alienutn</strong></span> <span class='ocrx_word' id='word_1_483' title='bbox 399 1986 536 2017; x_wconf 86' lang='lat' dir='ltr'><strong>videatur,</strong></span> <span class='ocrx_word' id='word_1_484' title='bbox 564 1990 594 2013; x_wconf 95' lang='lat' dir='ltr'><strong>ut</strong></span> <span class='ocrx_word' id='word_1_485' title='bbox 620 1986 701 2012; x_wconf 86' lang='lat' dir='ltr'><strong>tradit</strong></span> <span class='ocrx_word' id='word_1_486' title='bbox 731 1985 818 2013; x_wconf 87' lang='lat' dir='ltr'><strong>Plato.</strong></span> <span class='ocrx_word' id='word_1_487' title='bbox 846 1985 1042 2014; x_wconf 86' lang='lat' dir='ltr'><strong>Immoderatus</strong></span> 
     </span>
    </p>
   </div>
   <div class='ocr_carea' id='block_1_69' title="bbox 259 2031 1041 2066">
    <p class='ocr_par' dir='ltr' id='par_1_69' title="bbox 259 2031 1041 2066">
     <span class='ocr_line' id='line_1_69' title="bbox 259 2031 1041 2066; baseline 0 -8"><span class='ocrx_word' id='word_1_488' title='bbox 259 2032 342 2065; x_wconf 85' lang='lat' dir='ltr'><strong>enim,</strong></span> <span class='ocrx_word' id='word_1_489' title='bbox 359 2032 457 2066; x_wconf 86' lang='lat' dir='ltr'><strong>inquit,</strong></span> <span class='ocrx_word' id='word_1_490' title='bbox 474 2031 540 2058; x_wconf 85' lang='lat' dir='ltr'><strong>meri</strong></span> <span class='ocrx_word' id='word_1_491' title='bbox 566 2036 645 2065; x_wconf 91' lang='lat' dir='ltr'><strong>potus</strong></span> <span class='ocrx_word' id='word_1_492' title='bbox 661 2031 877 2066; x_wconf 87' lang='lat' dir='ltr'><strong>perturbationes</strong></span> <span class='ocrx_word' id='word_1_493' title='bbox 896 2032 923 2058; x_wconf 93' lang='lat' dir='ltr'><strong>in</strong></span> <span class='ocrx_word' id='word_1_494' title='bbox 944 2032 1041 2059; x_wconf 86' lang='lat' dir='ltr'><strong>animis</strong></span> 
     </span>
    </p>
   </div>
   <div class='ocr_carea' id='block_1_70' title="bbox 258 2077 1042 2112">
    <p class='ocr_par' dir='ltr' id='par_1_70' title="bbox 258 2077 1042 2112">
     <span class='ocr_line' id='line_1_70' title="bbox 258 2077 1042 2112; baseline 0.003 -9"><span class='ocrx_word' id='word_1_495' title='bbox 258 2077 359 2112; x_wconf 79' lang='lat' dir='ltr'><strong>pariter</strong></span> <span class='ocrx_word' id='word_1_496' title='bbox 380 2082 407 2104; x_wconf 85' lang='lat' dir='ltr'><strong>et</strong></span> <span class='ocrx_word' id='word_1_497' title='bbox 422 2077 584 2112; x_wconf 89' lang='lat' dir='ltr'><strong>corporibus</strong></span> <span class='ocrx_word' id='word_1_498' title='bbox 605 2078 714 2110; x_wconf 77' lang='lat' dir='ltr'><strong>excitat,</strong></span> <span class='ocrx_word' id='word_1_499' title='bbox 730 2078 831 2112; x_wconf 85' lang='lat' dir='ltr'><strong>quibus</strong></span> <span class='ocrx_word' id='word_1_500' title='bbox 856 2077 983 2110; x_wconf 85' lang='lat' dir='ltr'><strong>efﬁcitur,</strong></span> <span class='ocrx_word' id='word_1_501' title='bbox 1011 2082 1042 2105; x_wconf 87' lang='lat' dir='ltr'><strong>ut</strong></span> 
     </span>
    </p>
   </div>
   <div class='ocr_carea' id='block_1_71' title="bbox 257 2122 1042 2158">
    <p class='ocr_par' dir='ltr' id='par_1_71' title="bbox 257 2122 1042 2158">
     <span class='ocr_line' id='line_1_71' title="bbox 257 2122 1042 2158; baseline 0.003 -9"><span class='ocrx_word' id='word_1_502' title='bbox 257 2122 314 2158; x_wconf 65' lang='grc'><strong>84,</strong></span> <span class='ocrx_word' id='word_1_503' title='bbox 326 2123 499 2157; x_wconf 90' lang='lat' dir='ltr'><strong>proseminati</strong></span> <span class='ocrx_word' id='word_1_504' title='bbox 517 2123 695 2157; x_wconf 88' lang='lat' dir='ltr'><strong>conceptique</strong></span> <span class='ocrx_word' id='word_1_505' title='bbox 707 2123 777 2150; x_wconf 91' lang='lat' dir='ltr'><strong>fetus</strong></span> <span class='ocrx_word' id='word_1_506' title='bbox 791 2131 853 2151; x_wconf 93' lang='lat' dir='ltr'><strong>cum</strong></span> <span class='ocrx_word' id='word_1_507' title='bbox 871 2124 906 2151; x_wconf 90' lang='lat' dir='ltr'><strong>ob</strong></span> <span class='ocrx_word' id='word_1_508' title='bbox 920 2129 1042 2152; x_wconf 86' lang='lat' dir='ltr'><strong>errantes</strong></span> 
     </span>
    </p>
   </div>
   <div class='ocr_carea' id='block_1_72' title="bbox 259 2168 1042 2205">
    <p class='ocr_par' dir='ltr' id='par_1_72' title="bbox 259 2168 1042 2205">
     <span class='ocr_line' id='line_1_72' title="bbox 259 2168 1042 2205; baseline 0.005 -12"><span class='ocrx_word' id='word_1_509' title='bbox 259 2168 464 2202; x_wconf 84' lang='lat' dir='ltr'><strong>disjunctasque</strong></span> <span class='ocrx_word' id='word_1_510' title='bbox 487 2173 588 2202; x_wconf 79' lang='lat' dir='ltr'><strong>partes.</strong></span> <span class='ocrx_word' id='word_1_511' title='bbox 608 2169 699 2195; x_wconf 88' lang='lat' dir='ltr'><strong>minus</strong></span> <span class='ocrx_word' id='word_1_512' title='bbox 724 2168 788 2203; x_wconf 81' lang='lat' dir='ltr'><strong>tingi</strong></span> <span class='ocrx_word' id='word_1_513' title='bbox 821 2169 1042 2205; x_wconf 86' lang='lat' dir='ltr'><strong>cnnformarique</strong></span> 
     </span>
    </p>
   </div>
   <div class='ocr_carea' id='block_1_73' title="bbox 258 2212 1042 2247">
    <p class='ocr_par' dir='ltr' id='par_1_73' title="bbox 258 2212 1042 2247">
     <span class='ocr_line' id='line_1_73' title="bbox 258 2212 1042 2247; baseline 0.004 -8"><span class='ocrx_word' id='word_1_514' title='bbox 258 2212 373 2247; x_wconf 85' lang='lat' dir='ltr'><strong>possint,</strong></span> <span class='ocrx_word' id='word_1_515' title='bbox 391 2212 436 2239; x_wconf 80' lang='lat' dir='ltr'><strong>vix</strong></span> <span class='ocrx_word' id='word_1_516' title='bbox 458 2212 540 2239; x_wconf 90' lang='lat' dir='ltr'><strong>ullam</strong></span> <span class='ocrx_word' id='word_1_517' title='bbox 559 2221 667 2247; x_wconf 91' lang='lat' dir='ltr'><strong>quoque</strong></span> <span class='ocrx_word' id='word_1_518' title='bbox 681 2213 779 2240; x_wconf 90' lang='lat' dir='ltr'><strong>virium</strong></span> <span class='ocrx_word' id='word_1_519' title='bbox 798 2214 950 2242; x_wconf 82' lang='lat' dir='ltr'><strong>firmitatem</strong></span> <span class='ocrx_word' id='word_1_520' title='bbox 969 2223 1042 2242; x_wconf 86' lang='lat' dir='ltr'><strong>asse—</strong></span> 
     </span>
    </p>
   </div>
   <div class='ocr_carea' id='block_1_74' title="bbox 1095 1616 1883 1654">
    <p class='ocr_par' dir='ltr' id='par_1_74' title="bbox 1095 1616 1883 1654">
     <span class='ocr_line' id='line_1_74' title="bbox 1095 1616 1883 1654; baseline 0.004 -11"><span class='ocrx_word' id='word_1_521' title='bbox 1095 1619 1111 1653; x_wconf 80' lang='grc' dir='ltr'><strong>ή</strong></span> <span class='ocrx_word' id='word_1_522' title='bbox 1133 1616 1203 1649; x_wconf 78' lang='grc' dir='ltr'>θεὸς,</span> <span class='ocrx_word' id='word_1_523' title='bbox 1228 1618 1275 1644; x_wconf 76' lang='grc' dir='ltr'>καὶ</span> <span class='ocrx_word' id='word_1_524' title='bbox 1300 1619 1492 1653; x_wconf 57' lang='grc' dir='ltr'>νυμφαγωγός</span> <span class='ocrx_word' id='word_1_525' title='bbox 1516 1619 1637 1654; x_wconf 79' lang='grc' dir='ltr'>ἀπρεπὲς</span> <span class='ocrx_word' id='word_1_526' title='bbox 1659 1619 1686 1646; x_wconf 80' lang='grc' dir='ltr'><strong>δὲ</strong></span> <span class='ocrx_word' id='word_1_527' title='bbox 1709 1620 1833 1654; x_wconf 75' lang='grc' dir='ltr'>νυμφίοις</span> <span class='ocrx_word' id='word_1_528' title='bbox 1847 1619 1883 1646; x_wconf 81' lang='grc' dir='ltr'><strong>τδ-</strong></span> 
     </span>
    </p>
   </div>
   <div class='ocr_carea' id='block_1_75' title="bbox 1097 1663 1881 1700">
    <p class='ocr_par' dir='ltr' id='par_1_75' title="bbox 1097 1663 1881 1700">
     <span class='ocr_line' id='line_1_75' title="bbox 1097 1663 1881 1700; baseline 0.003 -11"><span class='ocrx_word' id='word_1_529' title='bbox 1097 1663 1215 1698; x_wconf 84' lang='grc' dir='ltr'>μεθύειν,</span> <span class='ocrx_word' id='word_1_530' title='bbox 1243 1664 1290 1690; x_wconf 81' lang='grc' dir='ltr'>καὶ</span> <span class='ocrx_word' id='word_1_531' title='bbox 1313 1664 1411 1699; x_wconf 87' lang='grc' dir='ltr'>γάμοις</span> <span class='ocrx_word' id='word_1_532' title='bbox 1436 1665 1682 1700; x_wconf 79' lang='grc' dir='ltr'>ἀναρμοστότατον,</span> <span class='ocrx_word' id='word_1_533' title='bbox 1705 1665 1741 1696; x_wconf 88' lang='grc' dir='ltr'>ὥς</span> <span class='ocrx_word' id='word_1_534' title='bbox 1765 1673 1847 1700; x_wconf 75' lang='grc' dir='ltr'>φησιν</span> <span class='ocrx_word' id='word_1_535' title='bbox 1863 1666 1881 1691; x_wconf 80' lang='grc' dir='ltr'>ὁ</span> 
     </span>
    </p>
   </div>
   <div class='ocr_carea' id='block_1_76' title="bbox 1096 1709 1882 1746">
    <p class='ocr_par' dir='ltr' id='par_1_76' title="bbox 1096 1709 1882 1746">
     <span class='ocr_line' id='line_1_76' title="bbox 1096 1709 1882 1746; baseline 0.001 -11"><span class='ocrx_word' id='word_1_536' title='bbox 1096 1709 1217 1737; x_wconf 86' lang='grc' dir='ltr'>Πλάτων.</span> <span class='ocrx_word' id='word_1_537' title='bbox 1241 1710 1437 1745; x_wconf 85' lang='grc' dir='ltr'>Ἀκρατοποσία</span> <span class='ocrx_word' id='word_1_538' title='bbox 1452 1710 1520 1746; x_wconf 84' lang='grc' dir='ltr'>γὰρ,</span> <span class='ocrx_word' id='word_1_539' title='bbox 1543 1711 1618 1745; x_wconf 76' lang='grc' dir='ltr'>φησὶ,</span> <span class='ocrx_word' id='word_1_540' title='bbox 1635 1710 1754 1746; x_wconf 86' lang='grc' dir='ltr'>ταραχὴν</span> <span class='ocrx_word' id='word_1_541' title='bbox 1769 1711 1882 1745; x_wconf 75' lang='grc' dir='ltr'>ἐμποιεῖ</span> 
     </span>
    </p>
   </div>
   <div class='ocr_carea' id='block_1_77' title="bbox 1096 1753 1878 1793">
    <p class='ocr_par' dir='ltr' id='par_1_77' title="bbox 1096 1753 1878 1793">
     <span class='ocr_line' id='line_1_77' title="bbox 1096 1753 1878 1793; baseline -0.001 -11"><span class='ocrx_word' id='word_1_542' title='bbox 1096 1756 1142 1782; x_wconf 78' lang='grc' dir='ltr'>καὶ</span> <span class='ocrx_word' id='word_1_543' title='bbox 1156 1756 1255 1791; x_wconf 81' lang='grc' dir='ltr'>ψυχαῖς</span> <span class='ocrx_word' id='word_1_544' title='bbox 1278 1757 1325 1783; x_wconf 83' lang='grc' dir='ltr'>καὶ</span> <span class='ocrx_word' id='word_1_545' title='bbox 1349 1753 1481 1791; x_wconf 82' lang='grc' dir='ltr'>σώμασιν,</span> <span class='ocrx_word' id='word_1_546' title='bbox 1501 1756 1546 1791; x_wconf 82' lang='grc' dir='ltr'><strong>ὑφ’</strong></span> <span class='ocrx_word' id='word_1_547' title='bbox 1567 1754 1601 1793; x_wconf 87' lang='grc' dir='ltr'>ἦς</span> <span class='ocrx_word' id='word_1_548' title='bbox 1626 1756 1749 1783; x_wconf 76' lang='grc' dir='ltr'>ἅπλαστα</span> <span class='ocrx_word' id='word_1_549' title='bbox 1766 1756 1812 1782; x_wconf 73' lang='grc' dir='ltr'>καὶ</span> <span class='ocrx_word' id='word_1_550' title='bbox 1829 1765 1878 1783; x_wconf 81' lang='grc' dir='ltr'><strong>πε-</strong></span> 
     </span>
    </p>
   </div>
   <div class='ocr_carea' id='block_1_78' title="bbox 1097 1801 1878 1838">
    <p class='ocr_par' dir='ltr' id='par_1_78' title="bbox 1097 1801 1878 1838">
     <span class='ocr_line' id='line_1_78' title="bbox 1097 1801 1878 1838; baseline 0.001 -11"><span class='ocrx_word' id='word_1_551' title='bbox 1097 1801 1251 1837; x_wconf 80' lang='grc' dir='ltr'>πλανημένα</span> <span class='ocrx_word' id='word_1_552' title='bbox 1270 1802 1389 1837; x_wconf 77' lang='grc' dir='ltr'>ριζοῦται</span> <span class='ocrx_word' id='word_1_553' title='bbox 1405 1802 1496 1833; x_wconf 87' lang='grc' dir='ltr'>κακῶς</span> <span class='ocrx_word' id='word_1_554' title='bbox 1519 1802 1554 1829; x_wconf 81' lang='grc' dir='ltr'>τὰ</span> <span class='ocrx_word' id='word_1_555' title='bbox 1571 1803 1735 1838; x_wconf 78' lang='grc' dir='ltr'>σπειρόμενα</span> <span class='ocrx_word' id='word_1_556' title='bbox 1757 1802 1803 1828; x_wconf 74' lang='grc' dir='ltr'>καὶ</span> <span class='ocrx_word' id='word_1_557' title='bbox 1820 1804 1878 1828; x_wconf 85' lang='grc' dir='ltr'>κυῖ-</span> 
     </span>
    </p>
   </div>
   <div class='ocr_carea' id='block_1_79' title="bbox 1097 1846 1883 1884">
    <p class='ocr_par' dir='ltr' id='par_1_79' title="bbox 1097 1846 1883 1884">
     <span class='ocr_line' id='line_1_79' title="bbox 1097 1846 1883 1884; baseline 0.001 -12"><span class='ocrx_word' id='word_1_558' title='bbox 1097 1846 1225 1881; x_wconf 75' lang='grc' dir='ltr'>σκόμενα.</span> <span class='ocrx_word' id='word_1_559' title='bbox 1250 1846 1333 1873; x_wconf 83' lang='grc' dir='ltr'>Πάλιν</span> <span class='ocrx_word' id='word_1_560' title='bbox 1352 1848 1375 1872; x_wconf 82' lang='grc' dir='ltr'>οἱ</span> <span class='ocrx_word' id='word_1_561' title='bbox 1391 1846 1498 1878; x_wconf 81' lang='grc' dir='ltr'>θύοντες</span> <span class='ocrx_word' id='word_1_562' title='bbox 1515 1848 1587 1883; x_wconf 83' lang='grc' dir='ltr'>Ἥρᾳ</span> <span class='ocrx_word' id='word_1_563' title='bbox 1604 1848 1658 1884; x_wconf 75' lang='grc'><strong>(51)</strong></span> <span class='ocrx_word' id='word_1_564' title='bbox 1677 1848 1725 1883; x_wconf 78' lang='grc' dir='ltr'>τὴν</span> <span class='ocrx_word' id='word_1_565' title='bbox 1744 1847 1823 1883; x_wconf 80' lang='grc' dir='ltr'>χολὴν</span> <span class='ocrx_word' id='word_1_566' title='bbox 1845 1848 1883 1873; x_wconf 80' lang='grc' dir='ltr'><strong>οὺ-</strong></span> 
     </span>
    </p>
   </div>
   <div class='ocr_carea' id='block_1_80' title="bbox 1096 1891 1875 1930">
    <p class='ocr_par' dir='ltr' id='par_1_80' title="bbox 1096 1891 1875 1930">
     <span class='ocr_line' id='line_1_80' title="bbox 1096 1891 1875 1930; baseline 0.004 -13"><span class='ocrx_word' id='word_1_567' title='bbox 1096 1891 1315 1925; x_wconf 78' lang='grc' dir='ltr'>καθαγιάζουσιν,</span> <span class='ocrx_word' id='word_1_568' title='bbox 1332 1892 1399 1918; x_wconf 80' lang='grc' dir='ltr'>ἀλλὰ</span> <span class='ocrx_word' id='word_1_569' title='bbox 1416 1892 1608 1928; x_wconf 76' lang='grc' dir='ltr'>κατορύττουσι</span> <span class='ocrx_word' id='word_1_570' title='bbox 1623 1894 1698 1930; x_wconf 81' lang='grc' dir='ltr'><strong>παρά</strong></span> <span class='ocrx_word' id='word_1_571' title='bbox 1715 1894 1759 1920; x_wconf 75' lang='grc' dir='ltr'>τὸν</span> <span class='ocrx_word' id='word_1_572' title='bbox 1774 1894 1875 1929; x_wconf 78' lang='grc' dir='ltr'>βωμὸν,</span> 
     </span>
    </p>
   </div>
   <div class='ocr_carea' id='block_1_81' title="bbox 1096 1937 1878 1975">
    <p class='ocr_par' dir='ltr' id='par_1_81' title="bbox 1096 1937 1878 1975">
     <span class='ocr_line' id='line_1_81' title="bbox 1096 1937 1878 1975; baseline 0.003 -12"><span class='ocrx_word' id='word_1_573' title='bbox 1096 1937 1133 1968; x_wconf 82' lang='grc' dir='ltr'>ὡς</span> <span class='ocrx_word' id='word_1_574' title='bbox 1147 1937 1203 1964; x_wconf 84' lang='grc' dir='ltr'>δέον</span> <span class='ocrx_word' id='word_1_575' title='bbox 1227 1938 1329 1973; x_wconf 82' lang='grc' dir='ltr'>ἄθυμον</span> <span class='ocrx_word' id='word_1_576' title='bbox 1347 1938 1394 1964; x_wconf 79' lang='grc' dir='ltr'>καὶ</span> <span class='ocrx_word' id='word_1_577' title='bbox 1408 1938 1503 1973; x_wconf 80' lang='grc' dir='ltr'>ἄχολον</span> <span class='ocrx_word' id='word_1_578' title='bbox 1515 1941 1560 1966; x_wconf 80' lang='grc' dir='ltr'>καὶ</span> <span class='ocrx_word' id='word_1_579' title='bbox 1579 1939 1781 1975; x_wconf 74' lang='grc' dir='ltr'>καθαρεύουσαν</span> <span class='ocrx_word' id='word_1_580' title='bbox 1793 1940 1878 1975; x_wconf 80' lang='grc' dir='ltr'>ὀργῆς</span> 
     </span>
    </p>
   </div>
   <div class='ocr_carea' id='block_1_82' title="bbox 1095 1984 1877 2021">
    <p class='ocr_par' dir='ltr' id='par_1_82' title="bbox 1095 1984 1877 2021">
     <span class='ocr_line' id='line_1_82' title="bbox 1095 1984 1877 2021; baseline 0.005 -12"><span class='ocrx_word' id='word_1_581' title='bbox 1095 1984 1141 2010; x_wconf 77' lang='grc' dir='ltr'>καὶ</span> <span class='ocrx_word' id='word_1_582' title='bbox 1167 1985 1278 2020; x_wconf 83' lang='grc' dir='ltr'>πικρίας</span> <span class='ocrx_word' id='word_1_583' title='bbox 1301 1986 1410 2021; x_wconf 83' lang='grc' dir='ltr'>ἁπάσης</span> <span class='ocrx_word' id='word_1_584' title='bbox 1431 1986 1480 2021; x_wconf 81' lang='grc' dir='ltr'><strong>τὴν</strong></span> <span class='ocrx_word' id='word_1_585' title='bbox 1495 1986 1623 2020; x_wconf 82' lang='grc' dir='ltr'>γυναικὸς</span> <span class='ocrx_word' id='word_1_586' title='bbox 1635 1986 1681 2012; x_wconf 79' lang='grc' dir='ltr'>καὶ</span> <span class='ocrx_word' id='word_1_587' title='bbox 1699 1986 1794 2021; x_wconf 82' lang='grc' dir='ltr'>ἀνδρὸς</span> <span class='ocrx_word' id='word_1_588' title='bbox 1808 1984 1877 2013; x_wconf 77' lang='grc' dir='ltr'>εἶναι</span> 
     </span>
    </p>
   </div>
   <div class='ocr_carea' id='block_1_83' title="bbox 1095 2029 1879 2068">
    <p class='ocr_par' dir='ltr' id='par_1_83' title="bbox 1095 2029 1879 2068">
     <span class='ocr_line' id='line_1_83' title="bbox 1095 2029 1879 2068; baseline 0.001 -12"><span class='ocrx_word' id='word_1_589' title='bbox 1095 2030 1253 2065; x_wconf 76' lang='grc' dir='ltr'>συμϐίωσιν.</span> <span class='ocrx_word' id='word_1_590' title='bbox 1269 2031 1353 2058; x_wconf 78' lang='grc' dir='ltr'>Τοῦτο</span> <span class='ocrx_word' id='word_1_591' title='bbox 1367 2032 1397 2068; x_wconf 83' lang='grc' dir='ltr'><strong>δὴ</strong></span> <span class='ocrx_word' id='word_1_592' title='bbox 1416 2032 1446 2059; x_wconf 82' lang='grc' dir='ltr'>τὸ</span> <span class='ocrx_word' id='word_1_593' title='bbox 1461 2032 1621 2067; x_wconf 74' lang='grc' dir='ltr'>συμϐολικὸν</span> <span class='ocrx_word' id='word_1_594' title='bbox 1635 2029 1702 2062; x_wconf 79' lang='grc' dir='ltr'>εἶδος</span> <span class='ocrx_word' id='word_1_595' title='bbox 1716 2033 1744 2058; x_wconf 84' lang='grc' dir='ltr'><strong>ὲν</strong></span> <span class='ocrx_word' id='word_1_596' title='bbox 1761 2033 1818 2062; x_wconf 84' lang='grc' dir='ltr'>τοῖς</span> <span class='ocrx_word' id='word_1_597' title='bbox 1833 2031 1879 2057; x_wconf 80' lang='grc' dir='ltr'><strong>λό-</strong></span> 
     </span>
    </p>
   </div>
   <div class='ocr_carea' id='block_1_84' title="bbox 1094 2073 1876 2111">
    <p class='ocr_par' dir='ltr' id='par_1_84' title="bbox 1094 2073 1876 2111">
     <span class='ocr_line' id='line_1_84' title="bbox 1094 2073 1876 2111; baseline 0.001 -11"><span class='ocrx_word' id='word_1_598' title='bbox 1094 2083 1152 2108; x_wconf 89' lang='grc' dir='ltr'>γοις</span> <span class='ocrx_word' id='word_1_599' title='bbox 1166 2075 1212 2101; x_wconf 75' lang='grc' dir='ltr'>καὶ</span> <span class='ocrx_word' id='word_1_600' title='bbox 1224 2076 1278 2106; x_wconf 89' lang='grc' dir='ltr'>τοῖς</span> <span class='ocrx_word' id='word_1_601' title='bbox 1290 2075 1383 2110; x_wconf 82' lang='grc' dir='ltr'>μύθοις</span> <span class='ocrx_word' id='word_1_602' title='bbox 1395 2077 1493 2111; x_wconf 78' lang='grc' dir='ltr'>μᾶλλον</span> <span class='ocrx_word' id='word_1_603' title='bbox 1503 2078 1586 2103; x_wconf 77' lang='grc' dir='ltr'>ἐστιν.</span> <span class='ocrx_word' id='word_1_604' title='bbox 1597 2073 1668 2107; x_wconf 75' lang='grc' dir='ltr'>υἷον,</span> <span class='ocrx_word' id='word_1_605' title='bbox 1679 2075 1811 2111; x_wconf 78' lang='grc' dir='ltr'>ἱστοροῦσι</span> <span class='ocrx_word' id='word_1_606' title='bbox 1820 2075 1876 2109; x_wconf 71' lang='grc'><strong>(52)</strong></span> 
     </span>
    </p>
   </div>
   <div class='ocr_carea' id='block_1_85' title="bbox 1094 2120 1876 2157">
    <p class='ocr_par' dir='ltr' id='par_1_85' title="bbox 1094 2120 1876 2157">
     <span class='ocr_line' id='line_1_85' title="bbox 1094 2120 1876 2157; baseline 0.003 -12"><span class='ocrx_word' id='word_1_607' title='bbox 1094 2121 1143 2155; x_wconf 83' lang='grc' dir='ltr'><strong>τὴν</strong></span> <span class='ocrx_word' id='word_1_608' title='bbox 1160 2120 1248 2155; x_wconf 84' lang='grc' dir='ltr'>Ἥραν</span> <span class='ocrx_word' id='word_1_609' title='bbox 1263 2122 1291 2147; x_wconf 85' lang='grc' dir='ltr'><strong>ὲν</strong></span> <span class='ocrx_word' id='word_1_610' title='bbox 1314 2123 1346 2157; x_wconf 83' lang='grc' dir='ltr'><strong>τῇ</strong></span> <span class='ocrx_word' id='word_1_611' title='bbox 1371 2121 1471 2156; x_wconf 77' lang='grc' dir='ltr'>Εὐϐοίᾳ</span> <span class='ocrx_word' id='word_1_612' title='bbox 1491 2121 1659 2157; x_wconf 76' lang='grc' dir='ltr'>τρεφομένην</span> <span class='ocrx_word' id='word_1_613' title='bbox 1682 2120 1721 2146; x_wconf 75' lang='grc' dir='ltr'>ἔτι</span> <span class='ocrx_word' id='word_1_614' title='bbox 1742 2121 1876 2156; x_wconf 80' lang='grc' dir='ltr'>παρθένον</span> 
     </span>
    </p>
   </div>
   <div class='ocr_carea' id='block_1_86' title="bbox 1095 2165 1875 2202">
    <p class='ocr_par' dir='ltr' id='par_1_86' title="bbox 1095 2165 1875 2202">
     <span class='ocr_line' id='line_1_86' title="bbox 1095 2165 1875 2202; baseline 0.001 -11"><span class='ocrx_word' id='word_1_615' title='bbox 1095 2166 1147 2192; x_wconf 83' lang='grc' dir='ltr'><strong>ὑπὸ</strong></span> <span class='ocrx_word' id='word_1_616' title='bbox 1161 2165 1207 2192; x_wconf 85' lang='grc' dir='ltr'>τοῦ</span> <span class='ocrx_word' id='word_1_617' title='bbox 1224 2166 1284 2198; x_wconf 85' lang='grc' dir='ltr'>Διὸς</span> <span class='ocrx_word' id='word_1_618' title='bbox 1301 2167 1445 2202; x_wconf 89' lang='grc' dir='ltr'>κλαπῆναι,</span> <span class='ocrx_word' id='word_1_619' title='bbox 1463 2167 1509 2193; x_wconf 75' lang='grc' dir='ltr'>καὶ</span> <span class='ocrx_word' id='word_1_620' title='bbox 1525 2166 1743 2201; x_wconf 85' lang='grc' dir='ltr'>διακομισθεῖσαν</span> <span class='ocrx_word' id='word_1_621' title='bbox 1759 2166 1875 2193; x_wconf 71' lang='grc' dir='ltr'>ἐνταῦθα</span> 
     </span>
    </p>
   </div>
   <div class='ocr_carea' id='block_1_87' title="bbox 1094 2212 1876 2248">
    <p class='ocr_par' dir='ltr' id='par_1_87' title="bbox 1094 2212 1876 2248">
     <span class='ocr_line' id='line_1_87' title="bbox 1094 2212 1876 2248; baseline 0 -10"><span class='ocrx_word' id='word_1_622' title='bbox 1094 2212 1271 2248; x_wconf 78' lang='grc' dir='ltr'>κρύπτεσθαι,</span> <span class='ocrx_word' id='word_1_623' title='bbox 1288 2213 1456 2248; x_wconf 86' lang='grc' dir='ltr'>Κιθαιρῶνος</span> <span class='ocrx_word' id='word_1_624' title='bbox 1470 2213 1561 2244; x_wconf 84' lang='grc' dir='ltr'>αὐτοῖς</span> <span class='ocrx_word' id='word_1_625' title='bbox 1576 2212 1696 2239; x_wconf 72' lang='grc' dir='ltr'>ἐπίσκιόν</span> <span class='ocrx_word' id='word_1_626' title='bbox 1709 2220 1769 2239; x_wconf 78' lang='grc' dir='ltr'>τινα</span> <span class='ocrx_word' id='word_1_627' title='bbox 1791 2212 1876 2248; x_wconf 73' lang='grc' dir='ltr'>μυχὸν</span> 
     </span>
    </p>
   </div>
   <div class='ocr_carea' id='block_1_88' title="bbox 258 2254 1042 2293">
    <p class='ocr_par' dir='ltr' id='par_1_88' title="bbox 258 2257 1041 2292">
     <span class='ocr_line' id='line_1_88' title="bbox 258 2257 1041 2292; baseline 0.005 -9"><span class='ocrx_word' id='word_1_628' title='bbox 258 2261 386 2292; x_wconf 76' lang='lat' dir='ltr'><strong>quatitur.</strong></span> <span class='ocrx_word' id='word_1_629' title='bbox 404 2257 536 2285; x_wconf 73' lang='lat' dir='ltr'><strong>Prteterea</strong></span> <span class='ocrx_word' id='word_1_630' title='bbox 552 2258 598 2292; x_wconf 91' lang='lat' dir='ltr'><strong>qui</strong></span> <span class='ocrx_word' id='word_1_631' title='bbox 612 2257 713 2285; x_wconf 86' lang='lat' dir='ltr'><strong>Junoni</strong></span> <span class='ocrx_word' id='word_1_632' title='bbox 728 2259 891 2291; x_wconf 80' lang='lat' dir='ltr'><strong>sacrificant,</strong></span> <span class='ocrx_word' id='word_1_633' title='bbox 906 2259 930 2286; x_wconf 86' lang='lat' dir='ltr'><strong>ei</strong></span> <span class='ocrx_word' id='word_1_634' title='bbox 945 2260 981 2287; x_wconf 87' lang='lat' dir='ltr'><strong>fel</strong></span> <span class='ocrx_word' id='word_1_635' title='bbox 994 2268 1041 2288; x_wconf 90' lang='lat' dir='ltr'><strong>ne-</strong></span> 
     </span>
    </p>
   </div>
   <div class='ocr_carea' id='block_1_89' title="bbox 1093 2254 1875 2293">
    <p class='ocr_par' dir='ltr' id='par_1_89' title="bbox 1093 2255 1875 2293">
     <span class='ocr_line' id='line_1_89' title="bbox 1093 2255 1875 2293; baseline 0.003 -12"><span class='ocrx_word' id='word_1_636' title='bbox 1093 2256 1140 2282; x_wconf 79' lang='grc' dir='ltr'>καὶ</span> <span class='ocrx_word' id='word_1_637' title='bbox 1162 2255 1280 2291; x_wconf 83' lang='grc' dir='ltr'>θάλαμον</span> <span class='ocrx_word' id='word_1_638' title='bbox 1309 2257 1429 2292; x_wconf 77' lang='grc' dir='ltr'>αὐτοφυῆ</span> <span class='ocrx_word' id='word_1_639' title='bbox 1458 2257 1653 2293; x_wconf 81' lang='grc' dir='ltr'>παρασχόντος.</span> <span class='ocrx_word' id='word_1_640' title='bbox 1679 2256 1822 2293; x_wconf 80' lang='grc' dir='ltr'>Ἐλθούσης</span> <span class='ocrx_word' id='word_1_641' title='bbox 1846 2257 1875 2283; x_wconf 80' lang='grc' dir='ltr'><strong>δὲ</strong></span> 
     </span>
    </p>
   </div>
   <div class='ocr_carea' id='block_1_90' title="bbox 257 2303 1039 2340">
    <p class='ocr_par' dir='ltr' id='par_1_90' title="bbox 257 2303 1039 2340">
     <span class='ocr_line' id='line_1_90' title="bbox 257 2303 1039 2340; baseline 0.005 -10"><span class='ocrx_word' id='word_1_642' title='bbox 257 2311 392 2339; x_wconf 86' lang='lat' dir='ltr'><strong>quaquam</strong></span> <span class='ocrx_word' id='word_1_643' title='bbox 408 2303 536 2335; x_wconf 76' lang='lat' dir='ltr'><strong>oﬂ‘erunt,</strong></span> <span class='ocrx_word' id='word_1_644' title='bbox 554 2304 599 2332; x_wconf 89' lang='lat' dir='ltr'><strong>sed</strong></span> <span class='ocrx_word' id='word_1_645' title='bbox 618 2304 684 2331; x_wconf 87' lang='lat' dir='ltr'><strong>illud</strong></span> <span class='ocrx_word' id='word_1_646' title='bbox 696 2304 774 2337; x_wconf 83' lang='lat' dir='ltr'><strong>juxta</strong></span> <span class='ocrx_word' id='word_1_647' title='bbox 794 2305 879 2333; x_wconf 87' lang='lat' dir='ltr'><strong>altare</strong></span> <span class='ocrx_word' id='word_1_648' title='bbox 890 2306 1039 2340; x_wconf 81' lang='lat' dir='ltr'><strong>defodiunt,</strong></span> 
     </span>
    </p>
   </div>
   <div class='ocr_carea' id='block_1_91' title="bbox 256 2350 1039 2386">
    <p class='ocr_par' dir='ltr' id='par_1_91' title="bbox 256 2350 1039 2386">
     <span class='ocr_line' id='line_1_91' title="bbox 256 2350 1039 2386; baseline 0.004 -9"><span class='ocrx_word' id='word_1_649' title='bbox 256 2350 328 2386; x_wconf 87' lang='lat' dir='ltr'><strong>quod</strong></span> <span class='ocrx_word' id='word_1_650' title='bbox 343 2350 378 2377; x_wconf 90' lang='lat' dir='ltr'><strong>ab</strong></span> <span class='ocrx_word' id='word_1_651' title='bbox 394 2350 470 2378; x_wconf 92' lang='lat' dir='ltr'><strong>omni</strong></span> <span class='ocrx_word' id='word_1_652' title='bbox 484 2350 537 2378; x_wconf 90' lang='lat' dir='ltr'><strong>bile</strong></span> <span class='ocrx_word' id='word_1_653' title='bbox 551 2355 578 2378; x_wconf 90' lang='lat' dir='ltr'><strong>et</strong></span> <span class='ocrx_word' id='word_1_654' title='bbox 599 2351 747 2378; x_wconf 70' lang='lat' dir='ltr'><strong>iracundiae</strong></span> <span class='ocrx_word' id='word_1_655' title='bbox 764 2351 911 2379; x_wconf 87' lang='lat' dir='ltr'><strong>acerbitate</strong></span> <span class='ocrx_word' id='word_1_656' title='bbox 925 2360 1039 2380; x_wconf 79' lang='lat' dir='ltr'><strong>vacuam</strong></span> 
     </span>
    </p>
   </div>
   <div class='ocr_carea' id='block_1_92' title="bbox 256 2395 1039 2432">
    <p class='ocr_par' dir='ltr' id='par_1_92' title="bbox 256 2395 1039 2432">
     <span class='ocr_line' id='line_1_92' title="bbox 256 2395 1039 2432; baseline 0 -8"><span class='ocrx_word' id='word_1_657' title='bbox 256 2402 317 2424; x_wconf 77' lang='lat' dir='ltr'><strong>esse</strong></span> <span class='ocrx_word' id='word_1_658' title='bbox 336 2400 457 2422; x_wconf 89' lang='lat' dir='ltr'><strong>mutuam</strong></span> <span class='ocrx_word' id='word_1_659' title='bbox 472 2395 619 2431; x_wconf 79' lang='lat' dir='ltr'><strong>conjugum</strong></span> <span class='ocrx_word' id='word_1_660' title='bbox 642 2396 703 2423; x_wconf 72' lang='lat' dir='ltr'><strong>vita:</strong></span> <span class='ocrx_word' id='word_1_661' title='bbox 722 2397 945 2424; x_wconf 89' lang='lat' dir='ltr'><strong>consuetudinem</strong></span> <span class='ocrx_word' id='word_1_662' title='bbox 959 2405 1039 2432; x_wconf 80' lang='lat' dir='ltr'><strong>opor—</strong></span> 
     </span>
    </p>
   </div>
   <div class='ocr_carea' id='block_1_93' title="bbox 259 2440 1038 2478">
    <p class='ocr_par' dir='ltr' id='par_1_93' title="bbox 259 2440 1038 2478">
     <span class='ocr_line' id='line_1_93' title="bbox 259 2440 1038 2478; baseline 0.005 -11"><span class='ocrx_word' id='word_1_663' title='bbox 259 2446 320 2467; x_wconf 83' lang='lat' dir='ltr'><strong>teat.</strong></span> <span class='ocrx_word' id='word_1_664' title='bbox 340 2440 427 2476; x_wconf 81' lang='lat' dir='ltr'><strong>Atque</strong></span> <span class='ocrx_word' id='word_1_665' title='bbox 444 2441 496 2469; x_wconf 90' lang='lat' dir='ltr'><strong>hoc</strong></span> <span class='ocrx_word' id='word_1_666' title='bbox 519 2442 634 2477; x_wconf 89' lang='lat' dir='ltr'><strong>symboli</strong></span> <span class='ocrx_word' id='word_1_667' title='bbox 649 2450 735 2477; x_wconf 78' lang='lat' dir='ltr'><strong>genus</strong></span> <span class='ocrx_word' id='word_1_668' title='bbox 748 2443 834 2478; x_wconf 76' lang='lat' dir='ltr'><strong>magis</strong></span> <span class='ocrx_word' id='word_1_669' title='bbox 855 2443 935 2470; x_wconf 87' lang='lat' dir='ltr'><strong>etiam</strong></span> <span class='ocrx_word' id='word_1_670' title='bbox 953 2444 979 2471; x_wconf 93' lang='lat' dir='ltr'><strong>in</strong></span> <span class='ocrx_word' id='word_1_671' title='bbox 993 2444 1038 2476; x_wconf 86' lang='lat' dir='ltr'><strong>iis,</strong></span> 
     </span>
    </p>
   </div>
   <div class='ocr_carea' id='block_1_94' title="bbox 257 2486 1039 2523">
    <p class='ocr_par' dir='ltr' id='par_1_94' title="bbox 257 2486 1039 2523">
     <span class='ocr_line' id='line_1_94' title="bbox 257 2486 1039 2523; baseline 0.008 -12"><span class='ocrx_word' id='word_1_672' title='bbox 257 2493 317 2520; x_wconf 74' lang='lat' dir='ltr'><strong>qua:</strong></span> <span class='ocrx_word' id='word_1_673' title='bbox 329 2486 435 2513; x_wconf 86' lang='lat' dir='ltr'><strong>narrari</strong></span> <span class='ocrx_word' id='word_1_674' title='bbox 455 2494 487 2514; x_wconf 87' lang='lat' dir='ltr'><strong>ac</strong></span> <span class='ocrx_word' id='word_1_675' title='bbox 498 2486 668 2515; x_wconf 85' lang='lat' dir='ltr'><strong>circumferri</strong></span> <span class='ocrx_word' id='word_1_676' title='bbox 682 2488 760 2523; x_wconf 78' lang='lat' dir='ltr'><strong>vulgo</strong></span> <span class='ocrx_word' id='word_1_677' title='bbox 773 2489 870 2520; x_wconf 84' lang='lat' dir='ltr'><strong>solent,</strong></span> <span class='ocrx_word' id='word_1_678' title='bbox 885 2488 983 2517; x_wconf 80' lang='lat' dir='ltr'><strong>fabulis</strong></span> <span class='ocrx_word' id='word_1_679' title='bbox 999 2489 1039 2517; x_wconf 58' lang='lat' dir='ltr'><strong>loc</strong></span> 
     </span>
    </p>
   </div>
   <div class='ocr_carea' id='block_1_95' title="bbox 295 2575 1037 2615">
    <p class='ocr_par' dir='ltr' id='par_1_95' title="bbox 295 2575 1037 2615">
     <span class='ocr_line' id='line_1_95' title="bbox 295 2575 1037 2615; baseline 0.007 -14"><span class='ocrx_word' id='word_1_680' title='bbox 295 2575 534 2615; x_wconf 35' lang='lat' dir='ltr'><strong>(27_)‘_Crediderim</strong></span> <span class='ocrx_word' id='word_1_681' title='bbox 558 2577 712 2613; x_wconf 81' lang='lat' dir='ltr'><strong>legendum,</strong></span> <span class='ocrx_word' id='word_1_682' title='bbox 735 2580 748 2605; x_wconf 84' lang='grc' dir='ltr'>ὁ</span> <span class='ocrx_word' id='word_1_683' title='bbox 768 2579 835 2610; x_wconf 72' lang='grc' dir='ltr'>Ζεὺς</span> <span class='ocrx_word' id='word_1_684' title='bbox 850 2580 890 2610; x_wconf 84' lang='grc' dir='ltr'>εἰς</span> <span class='ocrx_word' id='word_1_685' title='bbox 910 2579 959 2615; x_wconf 86' lang='grc' dir='ltr'>τὴν</span> <span class='ocrx_word' id='word_1_686' title='bbox 982 2578 1037 2607; x_wconf 72' lang='lat' dir='ltr'><strong>ato.</strong></span> 
     </span>
    </p>
   </div>
   <div class='ocr_carea' id='block_1_96' title="bbox 255 2608 570 2646">
    <p class='ocr_par' dir='ltr' id='par_1_96' title="bbox 255 2608 570 2646">
     <span class='ocr_line' id='line_1_96' title="bbox 255 2608 570 2646; baseline 0.013 -11"><span class='ocrx_word' id='word_1_687' title='bbox 255 2608 312 2636; x_wconf 87' lang='grc' dir='ltr'><strong>δύν.</strong></span> <span class='ocrx_word' id='word_1_688' title='bbox 325 2610 478 2646; x_wconf 22' lang='grc' dir='ltr'>Ῠὰλληγορού</span> <span class='ocrx_word' id='word_1_689' title='bbox 483 2621 570 2646; x_wconf 88' lang='grc' dir='ltr'>μενος.</span> 
     </span>
    </p>
   </div>
   <div class='ocr_carea' id='block_1_97' title="bbox 292 2645 1007 2684">
    <p class='ocr_par' dir='ltr' id='par_1_97' title="bbox 292 2645 1007 2684">
     <span class='ocr_line' id='line_1_97' title="bbox 292 2645 1007 2684; baseline 0.007 -13"><span class='ocrx_word' id='word_1_690' title='bbox 292 2645 355 2684; x_wconf 51' lang='grc' dir='ltr'><strong>(κθ)¹</strong></span> <span class='ocrx_word' id='word_1_691' title='bbox 368 2645 510 2684; x_wconf 61' lang='grc' dir='ltr'>’ριςιμέια</span> <span class='ocrx_word' id='word_1_692' title='bbox 533 2647 588 2674; x_wconf 87' lang='lat' dir='ltr'><strong>Hoc</strong></span> <span class='ocrx_word' id='word_1_693' title='bbox 602 2647 740 2676; x_wconf 85' lang='lat' dir='ltr'><strong>Plutarchi</strong></span> <span class='ocrx_word' id='word_1_694' title='bbox 755 2657 823 2684; x_wconf 81' lang='lat' dir='ltr'><strong>opus</strong></span> <span class='ocrx_word' id='word_1_695' title='bbox 839 2656 894 2684; x_wconf 87' lang='lat' dir='ltr'><strong>non</strong></span> <span class='ocrx_word' id='word_1_696' title='bbox 908 2653 1007 2676; x_wconf 79' lang='lat' dir='ltr'><strong>exstat.</strong></span> 
     </span>
    </p>
   </div>
   <div class='ocr_carea' id='block_1_98' title="bbox 293 2681 1037 2742">
    <p class='ocr_par' dir='ltr' id='par_1_98' title="bbox 293 2681 1037 2742">
     <span class='ocr_line' id='line_1_98' title="bbox 293 2681 1037 2742; baseline 0.005 -35"><span class='ocrx_word' id='word_1_697' title='bbox 293 2681 677 2742; x_wconf 47' lang='lat' dir='ltr'><strong>:32:)El;ﬁ}:xsxa.lvypéroq.</strong></span> <span class='ocrx_word' id='word_1_698' title='bbox 704 2684 757 2711; x_wconf 86' lang='lat' dir='ltr'><strong>Alii</strong></span> <span class='ocrx_word' id='word_1_699' title='bbox 773 2681 1037 2720; x_wconf 49' lang='grc' dir='ltr'>Ἓκκεκαλυμμένος,</span> 
     </span>
    </p>
   </div>
   <div class='ocr_carea' id='block_1_99' title="bbox 255 2723 441 2749">
    <p class='ocr_par' dir='ltr' id='par_1_99' title="bbox 255 2723 441 2749">
     <span class='ocr_line' id='line_1_99' title="bbox 255 2723 441 2749; baseline 0.016 -8"><span class='ocrx_word' id='word_1_700' title='bbox 255 2723 346 2749; x_wconf 85' lang='lat' dir='ltr'><strong>prave.</strong></span> <span class='ocrx_word' id='word_1_701' title='bbox 362 2723 441 2744; x_wconf 70' lang='lat' dir='ltr'><strong>non.</strong></span> 
     </span>
    </p>
   </div>
   <div class='ocr_carea' id='block_1_100' title="bbox 294 2749 984 2791">
    <p class='ocr_par' dir='ltr' id='par_1_100' title="bbox 294 2749 984 2791">
     <span class='ocr_line' id='line_1_100' title="bbox 294 2749 984 2791; baseline 0.012 -15"><span class='ocrx_word' id='word_1_702' title='bbox 368 2749 515 2791; x_wconf 58' lang='lat' dir='ltr'><strong>glow-,1&quot;).</strong></span> <span class='ocrx_word' id='word_1_703' title='bbox 537 2753 633 2791; x_wconf 45' lang='grc' dir='ltr'>Μοιιιη</span> <span class='ocrx_word' id='word_1_704' title='bbox 646 2751 710 2791; x_wconf 73' lang='grc' dir='ltr'>οἷον,</span> <span class='ocrx_word' id='word_1_705' title='bbox 730 2755 772 2781; x_wconf 82' lang='grc' dir='ltr'>ἵνα</span> <span class='ocrx_word' id='word_1_706' title='bbox 787 2755 834 2791; x_wconf 89' lang='grc' dir='ltr'><strong>μή.</strong></span> <span class='ocrx_word' id='word_1_707' title='bbox 924 2790 930 2791; x_wconf 23' lang='lat'><em>7</em></span> <span class='ocrx_word' id='word_1_708' title='bbox 977 2775 984 2784; x_wconf 86' lang='lat'><strong>.</strong></span> 
     </span>
    </p>
   </div>
   <div class='ocr_carea' id='block_1_101' title="bbox 292 2785 1038 2829">
    <p class='ocr_par' dir='ltr' id='par_1_101' title="bbox 292 2785 1038 2829">
     <span class='ocr_line' id='line_1_101' title="bbox 292 2785 1038 2829; baseline 0.008 -18"><span class='ocrx_word' id='word_1_709' title='bbox 292 2785 347 2829; x_wconf 58' lang='grc' dir='ltr'><strong>ζετο)</strong></span> <span class='ocrx_word' id='word_1_710' title='bbox 368 2786 450 2814; x_wconf 80' lang='lat' dir='ltr'><strong>Mont.</strong></span> <span class='ocrx_word' id='word_1_711' title='bbox 462 2785 537 2829; x_wconf 58' lang='lat' dir='ltr'><strong>post</strong></span> <span class='ocrx_word' id='word_1_712' title='bbox 561 2788 687 2829; x_wconf 68' lang='grc' dir='ltr'>ἀλλήλαις</span> <span class='ocrx_word' id='word_1_713' title='bbox 704 2785 798 2829; x_wconf 62' lang='lat' dir='ltr'><strong>inserit</strong></span> <span class='ocrx_word' id='word_1_714' title='bbox 814 2785 861 2825; x_wconf 74' lang='grc' dir='ltr'>μή,</span> <span class='ocrx_word' id='word_1_715' title='bbox 879 2790 949 2829; x_wconf 77' lang='lat' dir='ltr'><strong>unde</strong></span> <span class='ocrx_word' id='word_1_716' title='bbox 968 2798 1038 2829; x_wconf 67' lang='lat' dir='ltr'><strong>corn-</strong></span> 
     </span>
    </p>
   </div>
   <div class='ocr_carea' id='block_1_102' title="bbox 257 2822 1038 2860">
    <p class='ocr_par' dir='ltr' id='par_1_102' title="bbox 257 2822 1038 2860">
     <span class='ocr_line' id='line_1_102' title="bbox 257 2822 1038 2860; baseline 0.008 -14"><span class='ocrx_word' id='word_1_717' title='bbox 257 2822 354 2860; x_wconf 60' lang='lat' dir='ltr'><strong>tnolus</strong></span> <span class='ocrx_word' id='word_1_718' title='bbox 370 2830 466 2849; x_wconf 87' lang='lat' dir='ltr'><strong>sensus</strong></span> <span class='ocrx_word' id='word_1_719' title='bbox 478 2823 537 2850; x_wconf 84' lang='lat' dir='ltr'><strong>elici</strong></span> <span class='ocrx_word' id='word_1_720' title='bbox 553 2822 649 2857; x_wconf 80' lang='lat' dir='ltr'><strong>possit.</strong></span> <span class='ocrx_word' id='word_1_721' title='bbox 663 2825 732 2858; x_wconf 87' lang='lat' dir='ltr'><strong>quod</strong></span> <span class='ocrx_word' id='word_1_722' title='bbox 746 2826 796 2851; x_wconf 84' lang='lat' dir='ltr'><strong>sibi</strong></span> <span class='ocrx_word' id='word_1_723' title='bbox 814 2822 974 2852; x_wconf 68' lang='lat' dir='ltr'><strong>sacerdotes</strong></span> <span class='ocrx_word' id='word_1_724' title='bbox 987 2826 1038 2852; x_wconf 71' lang='lat' dir='ltr'><strong>ina:</strong></span> 
     </span>
    </p>
   </div>
   <div class='ocr_carea' id='block_1_103' title="bbox 256 2855 1035 2895">
    <p class='ocr_par' dir='ltr' id='par_1_103' title="bbox 256 2855 1035 2895">
     <span class='ocr_line' id='line_1_103' title="bbox 256 2855 1035 2895; baseline 0.006 -14"><span class='ocrx_word' id='word_1_725' title='bbox 256 2862 271 2880; x_wconf 91' lang='lat' dir='ltr'><strong>v</strong></span> <span class='ocrx_word' id='word_1_726' title='bbox 289 2855 395 2895; x_wconf 61' lang='lat' dir='ltr'><strong>lipsurn</strong></span> <span class='ocrx_word' id='word_1_727' title='bbox 411 2863 508 2884; x_wconf 46' lang='lat' dir='ltr'><strong>mutuir</strong></span> <span class='ocrx_word' id='word_1_728' title='bbox 521 2855 747 2895; x_wconf 68' lang='lat' dir='ltr'><strong>coitsalutatiotlis</strong></span> <span class='ocrx_word' id='word_1_729' title='bbox 759 2860 875 2887; x_wconf 83' lang='lat' dir='ltr'><strong>ollicium</strong></span> <span class='ocrx_word' id='word_1_730' title='bbox 897 2865 1035 2895; x_wconf 61' lang='lat' dir='ltr'><strong>npgarcnt.</strong></span> 
     </span>
    </p>
   </div>
   <div class='ocr_carea' id='block_1_104' title="bbox 291 2890 1037 2931">
    <p class='ocr_par' dir='ltr' id='par_1_104' title="bbox 291 2890 1037 2931">
     <span class='ocr_line' id='line_1_104' title="bbox 291 2890 1037 2931; baseline 0.008 -14"><span class='ocrx_word' id='word_1_731' title='bbox 291 2890 346 2926; x_wconf 66' lang='lat' dir='ltr'><strong>t3!)</strong></span> <span class='ocrx_word' id='word_1_732' title='bbox 367 2890 446 2919; x_wconf 72' lang='lat' dir='ltr'><strong>Juvat</strong></span> <span class='ocrx_word' id='word_1_733' title='bbox 473 2894 625 2922; x_wconf 68' lang='lat' dir='ltr'><strong>exscribere</strong></span> <span class='ocrx_word' id='word_1_734' title='bbox 652 2895 768 2924; x_wconf 77' lang='lat' dir='ltr'><strong>similem</strong></span> <span class='ocrx_word' id='word_1_735' title='bbox 793 2896 879 2931; x_wconf 83' lang='lat' dir='ltr'><strong>cjttsd.</strong></span> <span class='ocrx_word' id='word_1_736' title='bbox 900 2890 1037 2923; x_wconf 68' lang='lat' dir='ltr'><strong>l‘lutat&#39;clti</strong></span> 
     </span>
    </p>
   </div>
   <div class='ocr_carea' id='block_1_105' title="bbox 1093 2302 1874 2339">
    <p class='ocr_par' dir='ltr' id='par_1_105' title="bbox 1093 2302 1874 2339">
     <span class='ocr_line' id='line_1_105' title="bbox 1093 2302 1874 2339; baseline 0.003 -12"><span class='ocrx_word' id='word_1_737' title='bbox 1093 2302 1141 2337; x_wconf 79' lang='grc' dir='ltr'>τῆς</span> <span class='ocrx_word' id='word_1_738' title='bbox 1155 2302 1291 2337; x_wconf 84' lang='grc' dir='ltr'>Μακρίδος</span> <span class='ocrx_word' id='word_1_739' title='bbox 1310 2302 1380 2329; x_wconf 79' lang='grc' dir='ltr'>κατὰ</span> <span class='ocrx_word' id='word_1_740' title='bbox 1400 2303 1511 2339; x_wconf 85' lang='grc' dir='ltr'>ζήτησιν</span> <span class='ocrx_word' id='word_1_741' title='bbox 1523 2302 1573 2338; x_wconf 86' lang='grc' dir='ltr'><strong>(ἦν</strong></span> <span class='ocrx_word' id='word_1_742' title='bbox 1594 2304 1623 2330; x_wconf 81' lang='grc' dir='ltr'><strong>δὲ</strong></span> <span class='ocrx_word' id='word_1_743' title='bbox 1638 2303 1724 2339; x_wconf 78' lang='grc' dir='ltr'>’Ἥρας</span> <span class='ocrx_word' id='word_1_744' title='bbox 1755 2303 1874 2339; x_wconf 82' lang='grc' dir='ltr'>τιθήνη),</span> 
     </span>
    </p>
   </div>
   <div class='ocr_carea' id='block_1_106' title="bbox 1093 2347 1877 2384">
    <p class='ocr_par' dir='ltr' id='par_1_106' title="bbox 1093 2347 1877 2384">
     <span class='ocr_line' id='line_1_106' title="bbox 1093 2347 1877 2384; baseline 0.003 -11"><span class='ocrx_word' id='word_1_745' title='bbox 1093 2347 1140 2374; x_wconf 77' lang='grc' dir='ltr'><strong>καὶ</strong></span> <span class='ocrx_word' id='word_1_746' title='bbox 1156 2347 1318 2383; x_wconf 82' lang='grc' dir='ltr'>βουλομένης</span> <span class='ocrx_word' id='word_1_747' title='bbox 1335 2349 1456 2384; x_wconf 79' lang='grc' dir='ltr'>ὲρευνᾷν,</span> <span class='ocrx_word' id='word_1_748' title='bbox 1471 2350 1520 2376; x_wconf 74' lang='grc' dir='ltr'><strong>οὐκ</strong></span> <span class='ocrx_word' id='word_1_749' title='bbox 1537 2350 1583 2384; x_wconf 77' lang='grc' dir='ltr'>ὲᾷν</span> <span class='ocrx_word' id='word_1_750' title='bbox 1598 2349 1642 2376; x_wconf 83' lang='grc' dir='ltr'>τὸν</span> <span class='ocrx_word' id='word_1_751' title='bbox 1660 2349 1814 2384; x_wconf 84' lang='grc' dir='ltr'>Κιθαιρῶνα</span> <span class='ocrx_word' id='word_1_752' title='bbox 1827 2358 1877 2375; x_wconf 89' lang='grc' dir='ltr'><strong>πο-</strong></span> 
     </span>
    </p>
   </div>
   <div class='ocr_carea' id='block_1_107' title="bbox 1092 2393 1875 2430">
    <p class='ocr_par' dir='ltr' id='par_1_107' title="bbox 1092 2393 1875 2430">
     <span class='ocr_line' id='line_1_107' title="bbox 1092 2393 1875 2430; baseline 0.001 -11"><span class='ocrx_word' id='word_1_753' title='bbox 1092 2393 1302 2429; x_wconf 85' lang='grc' dir='ltr'>λυπραγμονεῖν,</span> <span class='ocrx_word' id='word_1_754' title='bbox 1311 2394 1369 2420; x_wconf 82' lang='grc' dir='ltr'>οὐδὲ</span> <span class='ocrx_word' id='word_1_755' title='bbox 1380 2395 1418 2430; x_wconf 83' lang='grc' dir='ltr'>τῷ</span> <span class='ocrx_word' id='word_1_756' title='bbox 1430 2395 1520 2430; x_wconf 84' lang='grc' dir='ltr'>χωρίῳ</span> <span class='ocrx_word' id='word_1_757' title='bbox 1533 2395 1690 2430; x_wconf 75' lang='grc' dir='ltr'>προσάγειν,</span> <span class='ocrx_word' id='word_1_758' title='bbox 1705 2396 1741 2427; x_wconf 83' lang='grc' dir='ltr'><strong>ὡς</strong></span> <span class='ocrx_word' id='word_1_759' title='bbox 1755 2394 1800 2421; x_wconf 78' lang='grc' dir='ltr'>τοῦ</span> <span class='ocrx_word' id='word_1_760' title='bbox 1815 2395 1875 2425; x_wconf 82' lang='grc' dir='ltr'>Διὸς</span> 
     </span>
    </p>
   </div>
   <div class='ocr_carea' id='block_1_108' title="bbox 1093 2440 1873 2477">
    <p class='ocr_par' dir='ltr' id='par_1_108' title="bbox 1093 2440 1873 2477">
     <span class='ocr_line' id='line_1_108' title="bbox 1093 2440 1873 2477; baseline -0.001 -10"><span class='ocrx_word' id='word_1_761' title='bbox 1093 2442 1151 2467; x_wconf 77' lang='grc' dir='ltr'>ἐκεῖ</span> <span class='ocrx_word' id='word_1_762' title='bbox 1163 2443 1196 2476; x_wconf 81' lang='grc' dir='ltr'>τῇ</span> <span class='ocrx_word' id='word_1_763' title='bbox 1210 2442 1294 2476; x_wconf 83' lang='grc' dir='ltr'>Λητοῖ</span> <span class='ocrx_word' id='word_1_764' title='bbox 1307 2441 1559 2477; x_wconf 86' lang='grc' dir='ltr'>συναναπαυομένου</span> <span class='ocrx_word' id='word_1_765' title='bbox 1573 2442 1619 2468; x_wconf 78' lang='grc' dir='ltr'>καὶ</span> <span class='ocrx_word' id='word_1_766' title='bbox 1635 2440 1873 2476; x_wconf 78' lang='grc' dir='ltr'>συνδιατρίϐοντος.</span> 
     </span>
    </p>
   </div>
   <div class='ocr_carea' id='block_1_109' title="bbox 1098 2485 1877 2523">
    <p class='ocr_par' dir='ltr' id='par_1_109' title="bbox 1098 2485 1877 2523">
     <span class='ocr_line' id='line_1_109' title="bbox 1098 2485 1877 2523; baseline 0 -11"><span class='ocrx_word' id='word_1_767' title='bbox 1098 2486 1280 2521; x_wconf 80' lang='grc' dir='ltr'>Ἀπελθούσης</span> <span class='ocrx_word' id='word_1_768' title='bbox 1293 2486 1321 2513; x_wconf 77' lang='grc' dir='ltr'><strong>δὲ</strong></span> <span class='ocrx_word' id='word_1_769' title='bbox 1336 2487 1385 2521; x_wconf 85' lang='grc' dir='ltr'>τῆς</span> <span class='ocrx_word' id='word_1_770' title='bbox 1400 2487 1547 2523; x_wconf 81' lang='grc' dir='ltr'>Μακρίὸος,</span> <span class='ocrx_word' id='word_1_771' title='bbox 1565 2487 1635 2514; x_wconf 71' lang='grc' dir='ltr'>οὕτω</span> <span class='ocrx_word' id='word_1_772' title='bbox 1649 2487 1709 2513; x_wconf 81' lang='grc' dir='ltr'>τότε</span> <span class='ocrx_word' id='word_1_773' title='bbox 1727 2486 1776 2521; x_wconf 85' lang='grc' dir='ltr'>μὲν</span> <span class='ocrx_word' id='word_1_774' title='bbox 1787 2485 1877 2512; x_wconf 82' lang='grc' dir='ltr'>διαλα-</span> 
     </span>
    </p>
   </div>
   <div class='ocr_carea' id='block_1_110' title="bbox 1092 2576 1872 2611">
    <p class='ocr_par' dir='ltr' id='par_1_110' title="bbox 1092 2576 1872 2611">
     <span class='ocr_line' id='line_1_110' title="bbox 1092 2576 1872 2611; baseline -0.004 -7"><span class='ocrx_word' id='word_1_775' title='bbox 1092 2577 1192 2608; x_wconf 84' lang='lat' dir='ltr'><strong>locum,</strong></span> <span class='ocrx_word' id='word_1_776' title='bbox 1208 2584 1239 2603; x_wconf 78' lang='lat' dir='ltr'><strong>ex</strong></span> <span class='ocrx_word' id='word_1_777' title='bbox 1258 2577 1343 2611; x_wconf 87' lang='lat' dir='ltr'><strong>ipsius</strong></span> <span class='ocrx_word' id='word_1_778' title='bbox 1358 2577 1481 2611; x_wconf 92' lang='lat' dir='ltr'><strong>opuscul.</strong></span> <span class='ocrx_word' id='word_1_779' title='bbox 1499 2577 1535 2603; x_wconf 76' lang='lat' dir='ltr'><strong>De</strong></span> <span class='ocrx_word' id='word_1_780' title='bbox 1558 2576 1872 2611; x_wconf 49' lang='lat' dir='ltr'><strong>conjugal.prwcept.,pt</strong></span> 
     </span>
    </p>
   </div>
   <div class='ocr_carea' id='block_1_111' title="bbox 1092 2611 1875 2647">
    <p class='ocr_par' dir='ltr' id='par_1_111' title="bbox 1092 2611 1875 2647">
     <span class='ocr_line' id='line_1_111' title="bbox 1092 2611 1875 2647; baseline -0.005 -8"><span class='ocrx_word' id='word_1_781' title='bbox 1092 2613 1140 2639; x_wconf 79' lang='lat' dir='ltr'><strong>Hi</strong></span> <span class='ocrx_word' id='word_1_782' title='bbox 1161 2613 1191 2638; x_wconf 86' lang='lat' dir='ltr'><strong>C.</strong></span> <span class='ocrx_word' id='word_1_783' title='bbox 1211 2612 1257 2639; x_wconf 91' lang='lat' dir='ltr'><strong>Sic</strong></span> <span class='ocrx_word' id='word_1_784' title='bbox 1272 2612 1352 2647; x_wconf 82' lang='lat' dir='ltr'><strong>habet</strong></span> <span class='ocrx_word' id='word_1_785' title='bbox 1369 2621 1376 2638; x_wconf 92' lang='lat'>:</span> <span class='ocrx_word' id='word_1_786' title='bbox 1392 2612 1467 2647; x_wconf 75' lang='grc' dir='ltr'>Οἰτῇ</span> <span class='ocrx_word' id='word_1_787' title='bbox 1482 2612 1603 2646; x_wconf 74' lang='grc' dir='ltr'>γαμηλία</span> <span class='ocrx_word' id='word_1_788' title='bbox 1616 2611 1722 2641; x_wconf 73' lang='grc' dir='ltr'>θύοντες</span> <span class='ocrx_word' id='word_1_789' title='bbox 1733 2611 1875 2647; x_wconf 51' lang='grc' dir='ltr'>Ἥρᾳηὴν</span> 
     </span>
    </p>
   </div>
   <div class='ocr_carea' id='block_1_112' title="bbox 1109 2645 1875 2683">
    <p class='ocr_par' dir='ltr' id='par_1_112' title="bbox 1109 2645 1875 2683">
     <span class='ocr_line' id='line_1_112' title="bbox 1109 2645 1875 2683; baseline -0.004 -10"><span class='ocrx_word' id='word_1_790' title='bbox 1109 2648 1171 2683; x_wconf 78' lang='grc' dir='ltr'>ολὴν</span> <span class='ocrx_word' id='word_1_791' title='bbox 1189 2648 1218 2673; x_wconf 86' lang='grc' dir='ltr'>οὐ</span> <span class='ocrx_word' id='word_1_792' title='bbox 1228 2645 1467 2683; x_wconf 55' lang='grc' dir='ltr'><strong>Δςιύγκοιθαρίζουσι⁷</strong></span> <span class='ocrx_word' id='word_1_793' title='bbox 1479 2645 1533 2683; x_wconf 74' lang='grc' dir='ltr'>τοῖς</span> <span class='ocrx_word' id='word_1_794' title='bbox 1548 2645 1645 2683; x_wconf 67' lang='grc' dir='ltr'>ἄλλοις</span> <span class='ocrx_word' id='word_1_795' title='bbox 1655 2647 1754 2683; x_wconf 70' lang='grc' dir='ltr'><strong>ἱεροῖς,Δ</strong></span> <span class='ocrx_word' id='word_1_796' title='bbox 1769 2645 1824 2671; x_wconf 84' lang='grc' dir='ltr'>ἀλλ’</span> <span class='ocrx_word' id='word_1_797' title='bbox 1834 2645 1875 2683; x_wconf 64' lang='lat' dir='ltr'><strong>ea:</strong></span> 
     </span>
    </p>
   </div>
   <div class='ocr_carea' id='block_1_113' title="bbox 1091 2680 1874 2716">
    <p class='ocr_par' dir='ltr' id='par_1_113' title="bbox 1091 2680 1874 2716">
     <span class='ocr_line' id='line_1_113' title="bbox 1091 2680 1874 2716; baseline -0.004 -8"><span class='ocrx_word' id='word_1_798' title='bbox 1091 2680 1198 2713; x_wconf 64' lang='grc' dir='ltr'>ἑλόντες</span> <span class='ocrx_word' id='word_1_799' title='bbox 1221 2681 1333 2716; x_wconf 68' lang='grc' dir='ltr'>ἔρριψαν</span> <span class='ocrx_word' id='word_1_800' title='bbox 1349 2680 1411 2716; x_wconf 50' lang='lat' dir='ltr'><strong>negl.</strong></span> <span class='ocrx_word' id='word_1_801' title='bbox 1434 2681 1478 2708; x_wconf 82' lang='grc' dir='ltr'><strong>τὸν</strong></span> <span class='ocrx_word' id='word_1_802' title='bbox 1504 2682 1603 2716; x_wconf 67' lang='grc' dir='ltr'>βωμὸν,</span> <span class='ocrx_word' id='word_1_803' title='bbox 1620 2680 1803 2714; x_wconf 79' lang='grc' dir='ltr'>αἰνιττομένου</span> <span class='ocrx_word' id='word_1_804' title='bbox 1826 2680 1874 2706; x_wconf 80' lang='grc' dir='ltr'>τοῦ</span> 
     </span>
    </p>
   </div>
   <div class='ocr_carea' id='block_1_114' title="bbox 1091 2715 1874 2753">
    <p class='ocr_par' dir='ltr' id='par_1_114' title="bbox 1091 2715 1874 2753">
     <span class='ocr_line' id='line_1_114' title="bbox 1091 2715 1874 2753; baseline -0.003 -10"><span class='ocrx_word' id='word_1_805' title='bbox 1091 2715 1245 2753; x_wconf 50' lang='grc' dir='ltr'><strong>νομοθέτου⁷</strong></span> <span class='ocrx_word' id='word_1_806' title='bbox 1254 2715 1296 2742; x_wconf 47' lang='grc' dir='ltr'><strong>⁷τὸ</strong></span> <span class='ocrx_word' id='word_1_807' title='bbox 1312 2715 1442 2753; x_wconf 61' lang='grc' dir='ltr'>μηδέρτοτε</span> <span class='ocrx_word' id='word_1_808' title='bbox 1455 2716 1510 2753; x_wconf 60' lang='grc' dir='ltr'>ῥεῖν</span> <span class='ocrx_word' id='word_1_809' title='bbox 1522 2716 1601 2753; x_wconf 77' lang='grc' dir='ltr'>χολῂν</span> <span class='ocrx_word' id='word_1_810' title='bbox 1617 2716 1684 2753; x_wconf 69' lang='grc' dir='ltr'><strong>μηδὲ</strong></span> <span class='ocrx_word' id='word_1_811' title='bbox 1698 2716 1781 2753; x_wconf 76' lang='grc' dir='ltr'>ὀργὴν</span> <span class='ocrx_word' id='word_1_812' title='bbox 1792 2715 1874 2753; x_wconf 56' lang='grc' dir='ltr'>γάμῳ</span> 
     </span>
    </p>
   </div>
   <div class='ocr_carea' id='block_1_115' title="bbox 1091 2725 1875 2788">
    <p class='ocr_par' dir='ltr' id='par_1_115' title="bbox 1091 2725 1875 2788">
     <span class='ocr_line' id='line_1_115' title="bbox 1091 2725 1874 2776; baseline -0.004 -32"><span class='ocrx_word' id='word_1_813' title='bbox 1091 2725 1245 2753; x_wconf 75' lang='grc' dir='ltr'>νομουετου,</span> <span class='ocrx_word' id='word_1_814' title='bbox 1266 2725 1296 2742; x_wconf 85' lang='grc' dir='ltr'><strong>το</strong></span> <span class='ocrx_word' id='word_1_815' title='bbox 1312 2725 1442 2751; x_wconf 71' lang='grc' dir='ltr'>μηοεποτε</span> <span class='ocrx_word' id='word_1_816' title='bbox 1455 2725 1510 2743; x_wconf 88' lang='grc' dir='ltr'>οειν</span> <span class='ocrx_word' id='word_1_817' title='bbox 1522 2725 1601 2776; x_wconf 49' lang='grc' dir='ltr'>ἔολην</span> <span class='ocrx_word' id='word_1_818' title='bbox 1617 2725 1684 2750; x_wconf 82' lang='grc' dir='ltr'>μτοε</span> <span class='ocrx_word' id='word_1_819' title='bbox 1698 2725 1781 2751; x_wconf 87' lang='grc' dir='ltr'>οργην</span> <span class='ocrx_word' id='word_1_820' title='bbox 1792 2725 1874 2750; x_wconf 83' lang='grc' dir='ltr'>γαμῳ</span> 
     </span>
     <span class='ocr_line' id='line_1_116' title="bbox 1091 2736 1875 2788; baseline -0.005 -9"><span class='ocrx_word' id='word_1_821' title='bbox 1091 2754 1226 2788; x_wconf 62' lang='grc' dir='ltr'>παρεζναν</span> <span class='ocrx_word' id='word_1_822' title='bbox 1236 2752 1275 2777; x_wconf 79' lang='grc' dir='ltr'><strong>δεῖ</strong></span> <span class='ocrx_word' id='word_1_823' title='bbox 1292 2752 1343 2788; x_wconf 68' lang='grc' dir='ltr'>γὰρ</span> <span class='ocrx_word' id='word_1_824' title='bbox 1361 2749 1429 2788; x_wconf 76' lang='grc' dir='ltr'>εἶναι</span> <span class='ocrx_word' id='word_1_825' title='bbox 1442 2751 1491 2786; x_wconf 78' lang='grc' dir='ltr'>τῆς</span> <span class='ocrx_word' id='word_1_826' title='bbox 1507 2760 1520 2777; x_wconf 89' lang='grc' dir='ltr'><strong>ο</strong></span> <span class='ocrx_word' id='word_1_827' title='bbox 1533 2736 1717 2788; x_wconf 44' lang='grc' dir='ltr'>κοδεσζιτοίν-ηςν</span> <span class='ocrx_word' id='word_1_828' title='bbox 1732 2750 1875 2788; x_wconf 34' lang='grc' dir='ltr'>ὥσπερκοῐ-</span> 
     </span>
    </p>
   </div>
   <div class='ocr_carea' id='block_1_116' title="bbox 1091 2784 1873 2821">
    <p class='ocr_par' dir='ltr' id='par_1_116' title="bbox 1091 2784 1873 2821">
     <span class='ocr_line' id='line_1_117' title="bbox 1091 2784 1873 2821; baseline -0.005 -7"><span class='ocrx_word' id='word_1_829' title='bbox 1091 2784 1137 2814; x_wconf 69' lang='grc' dir='ltr'><strong>νου</strong></span> <span class='ocrx_word' id='word_1_830' title='bbox 1153 2787 1182 2813; x_wconf 78' lang='grc' dir='ltr'><strong>τὸ</strong></span> <span class='ocrx_word' id='word_1_831' title='bbox 1198 2788 1280 2820; x_wconf 54' lang='lat' dir='ltr'><strong>acc-.1;</strong></span> <span class='ocrx_word' id='word_1_832' title='bbox 1287 2784 1339 2820; x_wconf 52' lang='grc' dir='ltr'>ριν,</span> <span class='ocrx_word' id='word_1_833' title='bbox 1354 2784 1499 2820; x_wconf 58' lang='grc' dir='ltr'>ὠφέλιμον,</span> <span class='ocrx_word' id='word_1_834' title='bbox 1512 2786 1558 2812; x_wconf 74' lang='grc' dir='ltr'>καὶ</span> <span class='ocrx_word' id='word_1_835' title='bbox 1575 2786 1634 2821; x_wconf 79' lang='grc' dir='ltr'><strong>ἡδὺ,</strong></span> <span class='ocrx_word' id='word_1_836' title='bbox 1648 2786 1684 2820; x_wconf 90' lang='grc' dir='ltr'>μὴ</span> <span class='ocrx_word' id='word_1_837' title='bbox 1701 2784 1873 2820; x_wconf 53' lang='grc' dir='ltr'>πικρὸν,Ἲῶσ-</span> 
     </span>
    </p>
   </div>
   <div class='ocr_carea' id='block_1_117' title="bbox 1091 2821 1543 2858">
    <p class='ocr_par' dir='ltr' id='par_1_117' title="bbox 1091 2821 1543 2858">
     <span class='ocr_line' id='line_1_118' title="bbox 1091 2821 1543 2858; baseline -0.004 -9"><span class='ocrx_word' id='word_1_838' title='bbox 1091 2832 1143 2858; x_wconf 75' lang='grc' dir='ltr'><strong>περ</strong></span> <span class='ocrx_word' id='word_1_839' title='bbox 1158 2822 1250 2858; x_wconf 71' lang='grc' dir='ltr'>ᾴλόης,</span> <span class='ocrx_word' id='word_1_840' title='bbox 1270 2821 1335 2858; x_wconf 62' lang='grc' dir='ltr'><strong>μηδξ</strong></span> <span class='ocrx_word' id='word_1_841' title='bbox 1354 2821 1543 2858; x_wconf 61' lang='grc' dir='ltr'>φαρμακῶδες.</span> 
     </span>
    </p>
   </div>
   <div class='ocr_carea' id='block_1_118' title="bbox 1127 2854 1872 2891">
    <p class='ocr_par' dir='ltr' id='par_1_118' title="bbox 1127 2854 1872 2891">
     <span class='ocr_line' id='line_1_119' title="bbox 1127 2854 1872 2891; baseline -0.004 -7"><span class='ocrx_word' id='word_1_842' title='bbox 1127 2854 1182 2891; x_wconf 72' lang='lat'><strong>(5&#39;2)</strong></span> <span class='ocrx_word' id='word_1_843' title='bbox 1209 2854 1382 2889; x_wconf 67' lang='grc' dir='ltr'>Ἰστοροὶισι.</span> <span class='ocrx_word' id='word_1_844' title='bbox 1395 2854 1486 2891; x_wconf 63' lang='grc' dir='ltr'><strong>Ὰςειυ</strong></span> <span class='ocrx_word' id='word_1_845' title='bbox 1501 2856 1584 2883; x_wconf 86' lang='lat' dir='ltr'><strong>alium</strong></span> <span class='ocrx_word' id='word_1_846' title='bbox 1600 2855 1718 2890; x_wconf 84' lang='lat' dir='ltr'><strong>reperias</strong></span> <span class='ocrx_word' id='word_1_847' title='bbox 1731 2854 1777 2890; x_wconf 86' lang='lat' dir='ltr'><strong>qui</strong></span> <span class='ocrx_word' id='word_1_848' title='bbox 1794 2855 1872 2882; x_wconf 88' lang='lat' dir='ltr'><strong>fabu-</strong></span> 
     </span>
    </p>
   </div>
   <div class='ocr_carea' id='block_1_119' title="bbox 1091 2891 1396 2928">
    <p class='ocr_par' dir='ltr' id='par_1_119' title="bbox 1091 2891 1396 2928">
     <span class='ocr_line' id='line_1_120' title="bbox 1091 2891 1396 2928; baseline -0.013 -7"><span class='ocrx_word' id='word_1_849' title='bbox 1091 2894 1122 2921; x_wconf 67' lang='lat' dir='ltr'><strong>lae</strong></span> <span class='ocrx_word' id='word_1_850' title='bbox 1140 2892 1219 2928; x_wconf 84' lang='lat' dir='ltr'><strong>hujus</strong></span> <span class='ocrx_word' id='word_1_851' title='bbox 1234 2891 1396 2919; x_wconf 81' lang='lat' dir='ltr'><strong>meminerit.</strong></span> 
     </span>
    </p>
   </div>
  </div>
