2064 3212
159 152 206 180 181

745 152 904 181 ΡΒΛΕΡΑΠ.
926 152 1050 180 EVANG.
1071 152 1134 180 LIB.
1155 152 1199 180 lli.

1728 155 1780 184 ΝΞ

157 209 221 246 ἦλθε
239 210 318 242 πολὺ,
337 210 385 237 καὶ
399 210 573 247 συνώμερισε
594 211 640 238 καὶ
660 212 825 240 κατεκάλυσε
839 212 894 248 (58)
910 211 938 238 τὰ

994 211 1034 238 vis
1048 211 1215 246 corruptioni
1229 219 1339 240 causam
1358 213 1513 248 praebuerit,
1529 217 1629 241 terram
1644 219 1727 242 aestus
1740 215 1779 242 in-

158 255 256 287 πάνιιῑα.
278 255 406 281 Τοιούτου
433 255 463 282 δέ
481 264 553 288 τινος
570 256 715 292 γενομένου
731 258 778 284 καί¹
799 258 862 293 περὶ
880 258 942 288 τοὺς

157 300 217 328 {die
232 300 356 336 χρόνους,
369 301 416 327 καὶ
432 301 547 336 μάλιστα
557 302 606 336 τῆς
618 301 748 334 Βοιωτίας
761 302 942 338 βυθισθείσης,

155 346 194 378 ὡς
207 346 316 383 πρῶτον
338 347 418 373 ἀνέδυ
438 347 468 373 τὸ
488 348 587 379 πεδίον,
604 349 650 374 καί¹
667 349 683 383 ἡ
699 348 851 384 πλημμύρα
874 348 942 375 ἐλώ-

157 401 254 428 φησεν,
268 393 283 418 ὁ
297 393 346 428 μὲν
364 392 393 425 ὲξ
416 392 505 424 εὐδίας
519 393 620 429 κόσμος
636 393 683 420 τοῦ
697 394 867 429 περιέχοντος
879 395 944 430 ὀμο-

155 438 215 474 νοίᾳ
235 437 289 473 (59)
310 439 357 465 καὶ
375 438 506 474 διαλλαγῇ
532 438 585 465 τῶν
611 438 679 466 θεῶν
701 440 807 476 ἐλέχθη.
831 440 943 476 Πρῶτον

155 483 183 509 δὲ
196 483 310 518 ἀνέσχεν
323 484 355 509 ἐκ
367 483 422 509 τῶν
437 483 528 518 φυτῶν
542 484 591 519 τῆς
602 485 654 520 γῆς
666 485 682 520 ὴ
694 485 770 521 δρῦς,
783 485 830 512 καὶ
841 485 943 521 ταύτην

155 529 303 564 ἠγάπησαν
330 529 355 555 οί
374 529 523 565 ἄνθρωποι,
548 531 650 566 τροφῆς
668 530 725 566 βίου
747 531 793 558 καὶ
807 531 942 567 σωτηρίας

154 574 284 611 διαμονὴν
297 576 500 611 παρασχοῦσαψ
515 577 544 603 οὺ
557 577 611 613 γὰρ
624 577 704 613 μόνον
720 579 776 610 τοῖς
790 577 941 612 εὐσεϐέσιν,

152 621 192 652 ὡς
219 620 341 653 Ἡσίοδός
354 630 445 658 φησιν,
459 621 527 648 ἀλλὰ
543 622 588 649 καὶ
610 624 666 656 τοῖς
683 622 866 658 ὑπολειφθεῖσι
893 623 942 659 τῆς

154 665 259 700 φθορᾶς
266 685 274 698 ,

994 258 1082 291 vadit;
1097 258 1139 285 sin
1153 262 1242 285 autent
1259 266 1290 285 ex
1305 263 1380 293 parte
1397 258 1524 292 Juuonis,
1539 261 1591 288 hoc
1604 265 1646 288 est
1662 261 1779 288 ltumidao

993 303 1131 338 ﬂabilique
1155 307 1270 336 naturtc,
1288 304 1388 339 aliquid
1415 304 1522 338 injuriae
1542 309 1569 332 et
1582 307 1780 340 exsuperantiaa

993 348 1146 383 contigerit,
1161 348 1293 376 immensa
1310 350 1351 376 vis
1365 350 1494 377 imbrium
1512 352 1639 379 universa
1655 352 1779 386 proluere

993 399 1073 430 atque
1082 394 1197 421 obruere
1211 395 1362 422 consuevit.
1372 395 1464 430 ltaque
1472 404 1533 423 cutn
1551 397 1651 432 aliquid
1660 397 1779 433 ejusmo-

993 440 1018 467 di
1032 440 1199 474 temporibus
1211 440 1264 467 illis
1280 441 1437 474 accidisset;
1454 441 1566 477 ipsaque
1588 444 1706 470 maxime
1719 443 1780 472 Βω-

993 485 1046 513 otia
1069 493 1201 521 aquarum
1226 486 1376 514 vorticibus
1399 486 1496 514 hausta
1519 492 1601 520 esset,
1618 494 1647 516 ut
1660 490 1779 524 primum

990 532 1095 559 exstitit
1111 532 1278 566 emersitque
1297 531 1386 560 solum
1398 552 1405 563 ,
1437 537 1464 560 et
1493 533 1679 562 inundationis
1696 541 1777 562 aestus

992 575 1114 608 remisit,
1140 581 1255 603 orttatus
1280 576 1324 604 ille
1347 585 1378 604 ac
1407 577 1521 612 species,
1537 586 1598 613 qua:
1619 579 1778 608 circumfusi

990 618 1061 646 aeris
1070 621 1185 656 sudique
1200 621 1261 649 caeli
1285 623 1458 650 serenitatem
1472 629 1514 650 est
1534 629 1690 658 consecuta,
1711 633 1778 653 con-

992 667 1086 695 sensio
1096 667 1209 695 deorum
1223 676 1255 696 ac
1270 669 1455 696 reconciliatio
1465 675 1618 705 nuncupata
1633 675 1682 698 est.
1697 670 1780 698 Plan-

153 717 246 740 tarum
257 721 322 741 vero
337 714 462 749 princeps
476 718 557 749 caput
570 714 666 742 extulit
679 723 808 750 quercus,
839 721 955 749 eamque
995 713 1131 748 homines,
1157 714 1229 749 quod
1258 714 1359 742 vietum
1387 716 1585 750 suppeditaret,
1611 717 1779 752 salutemque

153 767 242 793 ipsam
267 764 398 792 tueretur,
417 761 588 800 .adamarunt
610 771 617 789 :
635 762 733 798 quippe
749 770 809 797 qua:
825 769 880 789 non
902 761 935 789 iis
955 760 1045 791 modo,
1061 761 1106 795 qui
1123 761 1248 795 pietatem
1280 769 1313 788 ac
1331 761 1488 797 religionem
1518 762 1620 794 colant,
1636 767 1665 790 ut
1680 762 1775 790 Hesio-

158 805 212 833 dus
223 806 353 841 loquitur,
370 807 417 835 sed
431 808 464 835 iis
479 808 570 840 etiam,
585 809 632 844 qui
646 816 817 836 communem
831 808 1009 835 calamitatem
1025 806 1177 842 effugerint,

156 853 246 888 Ἀκρη
251 854 346 889 μέντε
353 854 604 889 φέρειβαλάνους,
611 856 712 891 μέσση
719 857 753 883 δὲ
758 857 917 891 μελίσσας.
925 865 935 882 ι

992 854 1095 881 Trunca
1108 854 1203 889 {undat
1215 862 1287 889 apes,
1305 862 1458 890 summoque
1470 855 1605 882 cacumine
1618 855 1749 890 glandem.
1765 865 1774 883 I

154 898 249 926 ταῦτα
275 899 324 935 μὲν
350 902 364 927 ὁ
385 901 565 937 Πλούταρχος.
585 902 680 937 Ἡμεῖς
705 902 733 929 δὲ
760 902 882 938 ἔγνωμεν
907 903 938 929 ὲκ

990 899 1127 928 Hactenus
1147 899 1320 933 Plutarchus;
1336 908 1368 927 ex
1384 901 1463 936 cujus
1481 900 1601 936 profecto
1615 900 1670 936 8⁵1
1687 901 1778 929 verbis

152 944 209 972 τῶν
239 946 444 982 παρατεθεισῶν
470 947 545 983 αὐτῷ
576 948 728 982 φωνῶν,ὡς
757 948 811 985 ἄρα
847 948 894 976 καὶ
920 949 937 983 ὴ

153 989 299 1026 Θαυμαστὴ
313 992 360 1018 καὶ
378 992 532 1028 ἀπόρρητος
545 993 701 1028 φυσιολογία
712 993 761 1028 τῆς
783 993 939 1029 Ἑλληνικῆς

153 1035 293 1071 θεολογίας
314 1036 385 1064 θεῖον
405 1038 454 1074 μὲν
478 1039 564 1070 οὐδὲν,
590 1039 649 1066 οὐδέ
672 1048 697 1066 τι
720 1039 790 1074 μέγα
811 1039 857 1066 καὶ
879 1038 938 1065 θεο-

151 1083 270 1118 πρεπὲς,
300 1083 348 1110 καὶ
373 1084 424 1119 τῆς
450 1084 623 1116 ἀναστάσεως
641 1083 696 1121 (40)
712 1084 785 1118 ἄξιον
812 1085 937 1120 ἐπήγετο.

158 1127 293 1162 ’Δκήκοας
315 1128 369 1164 γὰρ
388 1129 437 1164 τὴν
455 1129 543 1165 Ἦραν
556 1129 617 1156 τοτὲ
635 1130 684 1165 μὲν
697 1130 830 1166 Γαμήλιον
841 1131 940 1165 ἀναγο-

152 1173 312 1208 ρευομένην,
335 1175 382 1201 καὶ
403 1174 452 1210 τὴν
471 1174 566 1211 ἀνδρὸς
597 1175 645 1202 καὶ
670 1175 796 1209 γυναικὸς
824 1175 941 1210 συμϐίω-

151 1229 195 1247 σιν
214 1221 355 1256 δηλοῦσαν,
377 1223 437 1249 τοτὲ
454 1222 482 1249 δὲ
497 1223 544 1258 τὴν
567 1223 620 1258 γῆν
637 1221 717 1249 πάλιν
737 1222 825 1258 Ἥραν
845 1221 941 1256 ὀνομα-

151 1265 280 1303 ζομένην,
295 1268 355 1294 τοτὲ
368 1267 396 1295 δὲ
411 1267 459 1304 τὴν
468 1268 552 1304 ὑγρὰν
560 1269 664 1295 οὺσίαψ
672 1267 717 1294 τὸν
726 1267 752 1294 δὲ
760 1268 884 1294 Διόνυσον
899 1267 939 1299 είς

151 1312 200 1348 τὴν
226 1312 310 1348 μέθην
328 1314 566 1350 μετενηνεγμένον,
587 1315 626 1346 είς
639 1313 724 1340 νύκτα
741 1313 769 1339 δὲ
781 1313 829 1348 τὴν
848 1312 938 1348 Λητὼ,

151 1358 199 1384 καὶ
218 1359 263 1385 τὸν
284 1359 358 1395 ἥλιον
378 1361 418 1392 είς
437 1360 598 1392 Ἀπόλλωνα,
618 1361 665 1387 καὶ
678 1360 757 1387 αὐτόν
773 1367 805 1394 γε
831 1359 876 1386 τὸν
890 1359 939 1386 Δία

151 1404 192 1435 εἰς
209 1403 257 1438 τὴν
274 1404 377 1440 Θερμὴν
390 1405 437 1432 καὶ
453 1405 560 1442 πυρώδη
573 1405 695 1441 δύναμιν.
711 1404 814 1432 Οὐκοῦν
825 1404 892 1440 πρὸς
904 1405 937 1440 τῇ

150 1449 205 1476 τῶν
217 1449 310 1485 μύθων
321 1451 468 1486 ἀπρεπείᾳ,
479 1451 550 1486 καὶὴ
562 1450 677 1478 δοκοῦσα
685 1450 834 1487 σεμνοτέρα
845 1451 940 1486 διήγη-

151 1503 193 1527 σις
213 1496 260 1522 καὶ
283 1496 441 1531 φυσιολογία
455 1497 504 1523 οὐκ
521 1496 565 1522 ὲπί
581 1505 656 1528 τινας
681 1496 823 1532 οὐρανίους
844 1496 939 1531 νοερὰς

151 1541 198 1567 καὶ
214 1540 290 1573 θείας
309 1541 447 1577 δυνάμεις,
462 1542 514 1568 οὐδ’
528 1542 574 1569 ἐπὶ
589 1541 700 1576 λογικὰς
716 1542 763 1569 καὶ
778 1541 939 1575 ἀσωμάτους

150 1585 251 1621 ἀνῆγεν
269 1586 371 1618 οὐσίας’
398 1587 473 1614 κάτω
494 1587 522 1614 δὲ
536 1587 615 1614 πάλιν
633 1587 683 1614 καὶ
699 1587 766 1623 αὑτὴ
791 1587 831 1619 είς
855 1586 939 1622 μέθας

151 1629 198 1657 καὶ
221 1630 327 1666 γάμους
348 1631 396 1658 καὶ
416 1631 571 1667 ἀνθρώπεια
590 1632 674 1668 πάθη,
697 1632 737 1664 εἷς
752 1641 782 1659 τε
797 1631 862 1667 πῦρ,
877 1631 938 1667 γῆν,

151 1677 199 1705 καὶ
210 1676 295 1714 ἥλιον,
309 1678 357 1706 καὶ
369 1677 404 1706 τά
418 1677 499 1706 λοιπὰ
517 1678 566 1715 τῆς
581 1677 646 1714 ὕλης
661 1680 778 1714 στοιχεῖα
794 1677 940 1713 κατέστρε-

152 1733 185 1759 φε
201 1724 235 1751 τά
253 1725 322 1761 μέρη
336 1725 383 1751 τοῦ
397 1725 508 1760 κόσμου,
523 1726 569 1752 καὶ
582 1725 662 1752 πλέον
675 1724 835 1751 θεοποιοῦσα
851 1724 936 1750 οὐδέν.

152 1769 234 1797 Τοῦτο
247 1770 275 1797 δὲ
288 1770 335 1798 καὶ
348 1771 363 1796 ὁ
378 1770 489 1797 Πλάτων
502 1769 581 1797 οἶδεν.
601 1770 739 1806 Ὁμολογεῖ
751 1769 815 1805 γοῦν
832 1769 940 1805 διαρρἠ

151 1817 198 1852 δην
205 1817 233 1844 ὲν
242 1816 282 1852 τῷ
289 1817 434 1850 Κρατύλῳ
444 1817 525 1852 μηδὲν
534 1816 614 1844 πλέον
625 1807 679 1843 τῶν
688 1816 832 1852 ὁρωμένων
840 1815 886 1843 τοῦ
896 1815 940 1842 κό-

153 1868 220 1896 σμου
229 1861 319 1897 μερῶν
326 1861 388 1893 τοὺς
397 1860 577 1897 πριῦτουςτῶν
587 1861 649 1897 περὶ
659 1861 707 1896 τὴν
715 1860 826 1890 Ἐλλάδα
835 1859 939 1896 ἀνθρώ-

153 1914 209 1932 πων
220 1905 369 1940 ἐγνωκέναι
378 1914 385 1920 ·
401 1906 496 1941 μόνους
519 1905 548 1932 δὲ
558 1905 634 1937 θεοὺς
645 1903 712 1932 εἶναι
722 1905 783 1937 τοὺς
793 1906 821 1932 ὲν
833 1905 938 1941 οὐρανῷ

152 1952 309 1988 φωστῆρας,
334 1952 382 1978 καὶ
401 1951 436 1979 τὰ
454 1951 535 1978 λοιπὰ
556 1951 609 1978 τῶν
630 1951 799 1987 φαινομένων
817 1951 936 1987 νομίσαι.

151 1998 231 2032 Λέγει
246 1998 269 2024 δ’
281 1996 327 2024 οὖν
340 1994 391 2024 ὧδε
408 1997 474 2033 πρὸς
489 1997 572 2030 λέξιν·
591 2007 600 2022 ι
614 1997 754 2024 Φαίνονταί
767 2006 811 2033 μοι
825 1998 849 2023 oi
865 1996 938 2033 πρῶ-

152 2051 190 2069 τοι
207 2043 261 2070 τῶν
277 2043 426 2079 ἀνθρώπων
442 2043 506 2079 περὶ
520 2043 568 2078 τὴν
588 2043 699 2070 Ἐλλάδα
715 2043 824 2074 τούτους
841 2043 938 2077 μόνους

153 2087 228 2120 θεοὺς
247 2090 382 2124 ἡγεῖσθαι,
402 2088 505 2125 οὕσπερ
528 2089 575 2116 νῦν
599 2090 690 2116 πολλοὶ
707 2089 762 2116 τῶν
783 2088 937 2125 βαρὸάρων,

154 2134 246 2160 Ἥλιον
268 2135 316 2162 καὶ
338 2135 466 2170 Σελήνην,
486 2136 534 2162 καὶ
550 2135 614 2170 Γῆν,
631 2135 677 2162 καὶ
695 2136 810 2171 Ἄστρα,
830 2135 876 2161 καὶ
890 2134 938 2160 Οὑ-

153 2180 243 2215 ρανόν.
263 2190 272 2206 ›
293 2180 371 2207 Ἀλλὰ
386 2180 422 2207 τὰ
437 2181 485 2216 μὲν
506 2180 648 2217 Ἑλληνικὰ
661 2180 782 2207 τοιαῦτα·
799 2180 896 2216 ἴδωμεν
909 2179 937 2206 δὲ

152 2225 198 2251 καὶ
217 2225 252 2252 τὰ
273 2225 374 2252 τούτων
394 2225 553 2253 παλαίτατα·
569 2224 602 2262 ἦν
621 2226 648 2253 δὲ
663 2225 697 2252 τὰ
715 2225 858 2259 Αἰγύπτια.
880 2225 935 2261 Τὴν

154 2267 218 2297 Ἶσιν
239 2272 305 2306 φασὶ
322 2272 367 2298 καὶ
383 2271 428 2298 τὸν
444 2273 558 2308 Ὄσιριν,
583 2271 627 2298 τόν
642 2271 716 2307 ἥλιον
739 2269 806 2298 εἶναι
825 2271 872 2297 καὶ
886 2271 936 2307 τὴν

153 2315 276 2350 σελήνην·
292 2316 338 2342 καὶ
352 2316 401 2342 Δία
418 2316 466 2351 μὲν
482 2317 512 2342 τὺ
524 2316 567 2343 διὰ
580 2316 686 2343 πάντων
700 2316 804 2352 χωροῦν
817 2316 934 2351 πνεῦμα·

155 2361 303 2395 Ἥφαιστον
321 2362 349 2388 δὲ
372 2362 402 2388 τὸ
418 2362 481 2398 πῦρ·
499 2362 548 2398 τὴν
565 2363 592 2389 δὲ
609 2362 670 2397 γῆν,
684 2363 829 2398 Δήμητραν
842 2362 936 2389 ἐπονο-

156 2408 247 2443 μάσαι·
272 2407 398 2435 Ὠκεανόν
416 2416 445 2434 τε
457 2408 500 2435 τὸν
514 2408 595 2444 ὑγρὸν
607 2407 762 2443 νομίζεσθαι
776 2408 840 2444 παρ’
852 2408 936 2442 Δίγυ-

190 2486 244 2520 (58)
264 2486 468 2514 Κατεκάλυσε.
490 2485 644 2522 Legendum
657 2486 763 2513 videtur
776 2485 935 2518 κατέκλυσε,

156 2521 196 2548 vel
211 2521 394 2556 κατεκάλυψε.

191 2556 244 2591 (59)
270 2556 414 2591 Ὁμονοίᾳ,
437 2561 489 2584 etc.
511 2555 601 2584 Malim
617 2556 727 2592 ὁμόνοια
748 2556 796 2583 καὶ
807 2556 935 2592 διαλλαγὴ

154 2591 285 2627 caveto».
297 2592 405 2627 ἐλέχθη.

189 2626 244 2667 (4ο)
270 2626 633 2667 Ἀναστᾷσίεως..ρῐιιηίηο
663 2626 806 2667 legendum
831 2626 937 2667 videtur

155 2661 319 2697 ἀνατάσεως,
334 2667 364 2688 ut
380 2662 460 2695 infra,
479 2662 523 2689 ubi
542 2663 576 2689 de
591 2661 815 2697 prmstigiatorum
833 2662 935 2688 carmi-

155 2696 231 2724 nibus
244 2698 276 2723 ail
294 2697 412 2731 speciem
429 2703 456 2724 et
470 2698 678 2725 ostentationem
691 2697 858 2730 compositis.
873 2697 912 2723 ait
925 2704 932 2723 :

155 2731 244 2767 Πολλῷ
265 2732 293 2758 δὲ
314 2731 355 2767 τῷ
377 2733 426 2767 τῆς
447 2733 600 2764 ἀνατάσεως
613 2732 721 2767 κόμπῳ,
737 2731 776 2766 τῷ
790 2740 820 2758 τε
834 2731 937 2767 πεπλα-

154 2766 241 2803 σμένῳ
260 2766 409 2803 τύπῳᾼτῆς
436 2767 575 2803 θεοφορίας
600 2766 831 2803 ἐσχηματισμένῳ
852 2766 936 2801 Vulgo

154 2802 270 2837 quidem,
289 2801 439 2835 ἀνάτασις
464 2801 523 2829 ἀντϊ
546 2803 596 2837 τῆς
621 2801 750 2835 ἀπειλῆς
764 2802 890 2834 sumitur,
907 2806 936 2828 ιιι

152 2836 360 2865 ἀνατείνεσθαι
384 2837 444 2864 ἀντὶ
466 2837 513 2864 τοῦ
534 2837 678 2864 ἀπειλεῖν.
707 2837 759 2863 Sed
782 2841 880 2869 tamen,
907 2840 937 2863 ut

147 2872 350 2912 ῥνατείνισθαι,
368 2872 408 2900 sic
427 2877 452 2900 et
476 2873 614 2905 ὰνάτασις,
640 2871 814 2908 ὑπερήφανόν
835 2880 862 2899 τι
890 2871 936 2898 καὶ

953 1579 974 1608 C

992 944 1169 980 intelligimus
1188 946 1255 973 nihil
1272 946 1384 974 omnino
1397 947 1498 982 magni,
1519 947 1648 982 quodque
1670 947 1709 974 vel
1730 947 1775 975 di-

991 990 1131 1019 vinitatem
1152 992 1251 1027 sapiat,
1273 992 1314 1020 vel
1332 995 1464 1020 ostentari
1488 1001 1652 1028 magnopere
1669 993 1776 1026 debeat,

988 1036 1116 1071 praeclara
1131 1037 1184 1064 ista
1192 1037 1384 1072 reconditaquc
1395 1038 1496 1066 Graeca
1509 1039 1650 1074 theologia;
1658 1039 1775 1067 naturali

989 1082 1168 1117 explicatione
1175 1083 1437 1119 contineri.Quippe,
1445 1084 1459 1111 .l
1464 1092 1579 1112 uttonent
1586 1085 1658 1112 enim
1666 1085 1776 1113 audiisti

989 1127 1070 1156 modo
1076 1127 1229 1156 Pronubam
1238 1129 1376 1164 appellari,
1388 1131 1465 1164 quasi
1475 1135 1596 1158 mutuam
1606 1131 1656 1158 viri
1670 1136 1697 1158 et
1708 1139 1777 1158 uxo-

989 1174 1027 1202 ris
1034 1174 1096 1202 vitae
1104 1175 1326 1203 communionem
1337 1176 1470 1210 signiticet
1477 1185 1484 1208 ;
1492 1176 1687 1208 modotcrram,
1694 1177 1775 1205 modo

989 1222 1128 1250 humidam
1145 1227 1271 1250 naturam
1294 1223 1417 1250 eamdem
1426 1222 1515 1250 vocari
1530 1231 1537 1250 ε
1552 1222 1688 1250 Bacchum
1710 1231 1775 1251 vero

988 1266 1022 1294 ad
1035 1267 1184 1300 ebrietatis,
1202 1267 1332 1295 Latonam
1350 1268 1383 1295 ad
1403 1268 1501 1300 noctis,
1522 1268 1608 1295 solem
1623 1268 1656 1295 ad
1669 1268 1771 1303 Apolli-

988 1312 1042 1345 nis,
1058 1313 1202 1348 ipsumque
1225 1313 1292 1341 adeo
1305 1312 1398 1340 Jovem
1417 1313 1451 1340 ad
1472 1313 1567 1340 calidae
1583 1317 1610 1340 et
1631 1313 1716 1348 ignea:
1733 1314 1774 1341 vis

989 1358 1213 1393 signiﬁcationem
1234 1359 1424 1394 rationemque
1449 1359 1565 1386 traduci.
1590 1358 1661 1393 Ergo
1677 1364 1774 1393 praeter

989 1403 1141 1432 fabularum
1161 1404 1361 1440 indignitatem,
1377 1405 1434 1440 ipsa
1458 1413 1567 1440 quoque
1590 1405 1708 1440 gravior,
1732 1404 1772 1432 uti

989 1451 1141 1482 videbatur,
1155 1458 1249 1477 earum
1265 1451 1454 1485 interpretatio
1474 1459 1506 1478 ac
1522 1450 1701 1486 physiologia,
1716 1458 1772 1478 non

987 1496 1042 1531 jam
1056 1496 1098 1523 vel
1119 1496 1153 1522 ad
1174 1497 1297 1524 caelestes
1313 1496 1395 1527 ullas,
1413 1496 1591 1531 intelligentes
1610 1496 1773 1530 divitiasque

990 1541 1144 1572 facultates.
1161 1542 1204 1569 vel
1215 1542 1246 1569 ad
1261 1547 1375 1570 naturas
1388 1542 1495 1576 aliquas
1510 1547 1616 1569 ratione
1631 1541 1771 1576 praeditas,

990 1591 1017 1614 ct
1029 1587 1063 1613 ab
1081 1586 1156 1614 omni
1177 1594 1320 1621 corporum
1336 1587 1509 1614 concretione
1523 1587 1660 1621 sejunctas
1675 1587 1774 1614 evehe-

989 1632 1052 1665 bat;
1079 1633 1126 1660 sed
1151 1633 1277 1660 deorsum
1297 1640 1422 1668 vergens,
1440 1637 1487 1659 aut
1512 1632 1539 1659 in
1558 1634 1707 1666 crapulam,
1723 1640 1774 1659 nu-

989 1679 1069 1712 ptias,
1082 1684 1108 1706 et
1117 1680 1250 1706 humanas
1262 1679 1434 1714 cupiditatis,
1447 1683 1494 1706 aut
1507 1679 1534 1705 in
1547 1679 1607 1712 igne
1619 1686 1647 1709 ιι.
1662 1682 1772 1710 terram,

989 1725 1073 1752 solem
1092 1732 1124 1752 ac
1145 1725 1249 1759 reliqua
1270 1725 1403 1752 elementa
1424 1724 1451 1751 in
1473 1724 1615 1751 materiam
1632 1724 1772 1758 immersa,

989 1770 1136 1805 mundique
1157 1775 1247 1805 partes
1271 1774 1392 1797 extremo
1418 1769 1495 1804 quasi
1520 1774 1581 1796 actu
1612 1769 1771 1799 desinebat,

988 1816 1110 1850 nullique
1125 1821 1254 1850 prtcterea
1272 1816 1310 1842 rei
1321 1815 1490 1842 divinitatem
1517 1814 1662 1841 tribuebat.
1683 1814 1772 1847 Atque

988 1860 1040 1888 hoc
1051 1861 1108 1895 ipse
1123 1868 1233 1896 quoque
1251 1859 1329 1887 Plato
1352 1860 1493 1887 intellexit.
1511 1858 1654 1886 Enimvero
1670 1859 1772 1886 diserte

987 1906 1088 1935 fatetur
1103 1907 1130 1934 in
1146 1906 1266 1941 Cratylo,
1279 1911 1377 1941 praeter
1398 1906 1465 1933 istas
1486 1913 1546 1939 quae
1569 1906 1620 1933 sub
1631 1911 1770 1939 aspectum

989 1953 1088 1980 cadunt
1105 1953 1199 1979 mundi
1223 1956 1326 1987 partes,
1354 1951 1422 1978 nihil
1436 1958 1484 1978 eos
1495 1952 1619 1983 omnino,
1635 1951 1681 1985 qui
1698 1950 1773 1978 Grac-

988 1999 1058 2027 ciam
1073 1998 1208 2033 principes
1223 2002 1376 2029 tenuerant,
1392 1997 1564 2031 cognovisse,
1576 2004 1608 2023 ac
1631 1997 1688 2023 sola
1710 1996 1771 2023 θα)ιί

988 2048 1073 2076 astra,
1091 2048 1118 2071 et
1140 2047 1246 2073 caetera,
1267 2049 1328 2077 qua:
1347 2042 1523 2076 pluenomcna
1545 2045 1686 2073 vocantur,
1706 2040 1773 2067 deos

987 2093 1108 2124 putasse.
1130 2087 1176 2116 Sic
1190 2088 1262 2116 enim
1279 2088 1312 2115 ad
1331 2088 1444 2115 verbum
1460 2087 1616 2122 loquiturzt
1634 2086 1685 2119 Qui
1699 2085 1773 2113 Crte-

988 2135 1058 2162 ciam
1080 2135 1160 2169 primi
1181 2134 1310 2166 habuere,
1322 2133 1340 2160 ii
1352 2133 1479 2160 videntur
1495 2133 1561 2160 milti
1582 2133 1647 2159 deos
1667 2136 1772 2158 tantum

988 2180 1049 2208 illos
1064 2180 1249 2211 existimasse,
1263 2187 1332 2215 quos
1343 2179 1493 2206 etiamnum
1509 2179 1687 2206 barbarorum
1715 2177 1772 2212 ple-

991 2226 1068 2261 rique
1091 2226 1269 2258 arbitrantur,
1291 2225 1391 2258 Solem,
1406 2225 1523 2258 Lunam,
1539 2225 1661 2256 Terram,
1678 2224 1770 2257 Astra,

988 2271 1104 2298 Caelum.
1119 2281 1128 2297 ι
1146 2271 1306 2305 llujusmodi
1323 2278 1387 2305 ergo
1409 2276 1483 2303 sunt,
1507 2278 1567 2305 qua:
1584 2278 1598 2296 a
1617 2269 1719 2296 Grarcis
1739 2269 1773 2296 de

988 2317 1130 2344 ttuminum
1156 2324 1268 2344 suorum
1293 2321 1390 2343 natura
1412 2319 1673 2344 commemorantur.
1691 2312 1770 2340 Nunc

988 2367 1076 2390 autent
1088 2362 1276 2397 [Egyptiorum
1291 2363 1371 2389 ctiant
1388 2362 1493 2389 fabulas
1511 2361 1590 2395 longe
1607 2359 1707 2386 Graecis
1722 2366 1773 2385 att-

987 2408 1118 2444 tiquiores
1131 2409 1280 2435 videamus.
1298 2407 1382 2434 Aiunt
1402 2408 1508 2441 itaque,
1532 2404 1666 2432 Osiridem
1685 2403 1771 2430 solem

988 2488 1112 2523 σοϐαρὸν,
1127 2488 1174 2514 καὶ
1188 2487 1326 2522 ἀγέρωχον
1342 2494 1395 2513 non
1412 2486 1501 2513 minus
1518 2486 1653 2523 eleganter
1668 2480 1772 2518 signiﬁ~

988 2529 1040 2550 eat.
1058 2521 1154 2555 Porro,
1177 2523 1221 2549 ubi
1241 2521 1375 2553 ἁνάτασις
1391 2529 1438 2555 pro
1456 2521 1669 2555 comminatione
1692 2526 1772 2545 usur-

1007 2564 1077 2590 atur,
1094 2558 1213 2593 vulgaris
1240 2558 1321 2593 etiam
1349 2554 1396 2583 Itic'
1412 2564 1504 2593 error_
1513 2560 1565 2593 est,
1585 2559 1611 2593 ut
1623 2554 1772 2593 ᾲνάστασις

1007 2566 1077 2590 atur,
1094 2566 1213 2593 vulgaris
1240 2566 1321 2584 etiam
1349 2566 1391 2583 mc
1412 2566 1489 2582 error
1513 2566 1565 2586 est,
1585 2566 1611 2581 ut
1625 2566 1770 2584 αναπῖαυις,

987 2566 1102 2625 Fegatur.
1121 2593 1267 2620 Athzcncus
1290 2592 1387 2624 1ὶ1).ιν,
1409 2599 1434 2625 p.
1456 2591 1504 2618 157
1522 2591 1542 2617 C
1565 2600 1571 2616 :
1591 2589 1645 2621 Διὸ,
1669 2589 1772 2625 πάντας

987 2623 1098 2655 εὐλαϐοῦ
1104 2628 1200 2662 μένους
1217 2627 1265 2664 τὴν
1279 2627 1332 2653 τῶν
1348 2623 1454 2664 κυρίων
1464 2626 1620 2664 ἀνάστασιν,
1633 2623 1771 2658 φοϐεῖσθαι

987 2663 1033 2690 τοῦ
1051 2660 1224 2698 ζῇνέκόντας
1240 2660 1304 2697 (non
1318 2660 1434 2698 έκόντες)
1448 2662 1571 2698 ἐκϐῆναι,
1585 2660 1699 2698 Ideoque
1713 2665 1772 2684 0m-

987 2704 1045 2726 nes.
1064 2695 1100 2724 uti
1119 2695 1289 2724 dominorum
1313 2696 1357 2731 (s.
1375 2697 1486 2723 deorum
1501 2695 1513 2731 )⁷
1530 2695 1770 2731 comminutiotu-tn

987 2732 1126 2765 effugiant,
1142 2733 1293 2759 voluntaria
1308 2729 1396 2758 morte
1411 2732 1491 2758 vitam
1502 2729 1622 2764 abjicere
1638 2729 1768 2765 [formula-
1809 2747 1812 2755 π

986 2776 1026 2795 re.
1042 2763 1091 2794 Ubi
1110 2768 1209 2802 optime
1226 2767 1404 2802 Casaubonus
1421 2767 1472 2800 (vir
1490 2763 1614 2802 magnus,
1630 2763 1769 2802 sitiatlto-

987 2803 1055 2830 licus
1073 2798 1180 2836 fuisset)
1196 2801 1259 2836 legit
1274 2801 1413 2832 ἀνάτασις.
1425 2798 1486 2835 cap.
1498 2798 1728 2828 M'Animadrers.
1743 2798 1771 2824 in

986 2846 1047 2865 eum
1063 2838 1110 2864 lib.
1125 2837 1184 2870 Quo
1195 2835 1254 2864 loco
1269 2837 1371 2871 aliquot
1388 2836 1441 2863 alia
1457 2836 1554 2864 similis
1564 2835 1667 2862 erroris
1679 2841 1756 2861 cxetn
1769 2850 1771 2853 -

986 2873 1030 2908 pla
1048 2873 1211 2908 suppeditat.
