2064 3212
279 131 331 157 H3

608 128 743 156 EUSEBll
762 127 1002 156 CXES'ARIENSIS
1023 129 1097 156 OPP.
1119 129 1209 156 PARS
1228 130 1259 157 ll.
1280 145 1312 149 —
1332 131 1578 159 APOLOGETICA.

1848 130 1901 158 ιοι

278 199 348 224 esse.
361 190 458 218 Isidem
481 198 546 218 vero
569 191 683 223 lunam;
702 189 796 218 Jovem
820 190 946 225 spiritum
961 195 1060 218 cuncta

1113 191 1207 222 πτίοις,
1224 191 1270 217 καὶ
1281 191 1326 217 τὸν
1338 193 1402 227 παρ’
1416 192 1506 223 αὐτοῖς
1514 190 1633 226 ποταμὸν
1647 190 1751 221 Νεῖλον,
1762 185 1784 223 ᾧ
1798 191 1900 221 καὶτὰς

279 238 482 274 pervadentem,
499 237 648 265 Vulcanum
677 238 778 271 ignem,
794 241 894 264 terram
909 237 1034 264 Cererem
1052 247 1058 264 :

279 284 419 312 Oceanum
447 283 599 316 humorem,
617 291 649 310 ac
667 282 758 310 Nilum
769 290 864 310 eorum
881 282 1004 314 ﬂuvium,
1017 283 1061 310 cui

278 330 353 365 ipsas
376 336 486 364 quoque
519 329 630 356 deorum
655 328 856 363 procreationes
880 329 1033 356 attribuunt
1053 337 1060 355 :

278 383 367 403 aerem
400 375 517 409 denique
538 374 686 401 Minervam
705 374 740 401 ab
758 374 854 401 iisdem
871 374 1004 402 nominari
1020 374 1062 402 fe-

280 427 353 448 runt.
378 420 466 454 Atque
489 420 540 447 hos
565 419 686 454 quinque
714 420 790 453 deos,
804 419 900 447 Aerem
926 420 1061 452 videlicet,

281 467 399 501 Aquam,
420 466 522 501 Ignem,
537 464 662 498 Terram,
679 473 711 492 ac
728 465 871 500 Spiritum,
892 465 986 493 orbem
999 465 1060 491 uni-

278 520 388 540 versum
417 519 587 547 percurrere,
609 512 700 539 varias
724 512 839 538 subinde
866 511 1007 538 hominum
1034 515 1062 538 et

278 558 368 586 omnis
396 558 503 593 generis
525 557 704 584 animantium
736 556 837 590 ﬁguras
859 563 892 583 ac
910 556 1001 583 vultus
1017 555 1059 582 in-

278 604 403 634 duentes,
424 610 541 637 quorum
566 602 676 629 nomina
700 609 762 629 cum
781 601 884 636 aliquot
903 600 1059 627 hominibus

277 649 359 676 morti
380 648 518 681 obnoxiis,
531 653 558 676 et
582 648 608 674 in
633 647 751 683 Egypto
763 648 835 674 natis
860 646 1060 674 communicata

278 694 386 727 fuerint,
402 695 458 730 88
471 701 540 729 quos
554 694 647 728 utique
662 692 933 726 Solem,Saturnum,
943 691 1059 722 Rheam,

276 741 383 773 Jovem,
395 740 541 773 lunonem,
559 741 721 772 Vulcanum,
739 739 906 774 Vestamque
921 738 1061 773 cognomi-

1113 237 1166 264 τῶν
1173 237 1242 264 θεῶν
1253 237 1390 264 ἀναθεῖναι
1401 238 1531 272 γενέσεις·
1547 238 1591 264 τὸν
1599 237 1626 263 δὲ
1638 237 1706 272 ἀέρα
1714 237 1794 272 φασὶν
1802 237 1901 267 αὐτοὺς

1113 284 1324 320 προσαγορεύειν
1335 284 1460 319 Ἀθηνᾶν.
1473 284 1590 316 Τούτους
1597 285 1625 311 δὲ
1636 284 1699 316 τοὺς
1715 284 1794 310 πέντε
1808 284 1900 315 θεοὺς,

1112 329 1158 356 τὸν
1182 329 1261 365 Ἀέρα
1281 330 1361 363 λέγω,
1379 330 1426 356 καὶ
1447 329 1477 356 τὸ
1494 330 1594 364 Ὕδωρ.
1619 329 1648 356 τό
1663 338 1692 355 τε
1703 329 1762 365 Πῦρ
1783 329 1829 355 καὶ
1850 329 1901 364 τὴν

1113 373 1178 408 Γῆν,
1197 375 1244 400 καὶ
1258 373 1288 400 τὸ
1305 373 1426 409 Πνεῦμα,
1448 375 1537 400 πᾶσαν
1556 373 1604 409 τὴν
1626 373 1786 409 οἰκουμένην
1802 374 1901 399 ἐπιπο-

1114 419 1250 455 ρεύεσθαι,
1264 420 1357 447 ἄλλοτε
1371 420 1459 451 ἄλλως
1474 421 1514 452 εἰς
1525 420 1631 456 μορφὰς
1640 420 1687 446 καὶ
1703 420 1774 451 ἰδέας
1792 419 1899 454 ἀνθρώ-

1112 474 1170 492 πων
1177 474 1206 492 τε
1219 466 1264 492 καὶ
1275 466 1408 492 παντοίων
1420 465 1495 497 ζώων
1509 466 1766 501 σχηματιζομένους·
1778 465 1825 492 καὶ
1839 465 1900 491 τού-

1111 519 1165 536 των
1173 510 1333 546 ὁμωνύμους
1348 511 1411 546 παρ’
1420 511 1510 542 αὐτοῖς
1517 511 1676 544 Αἰγυπτίοις
1687 510 1826 545 γεγονέναι
1836 510 1901 544 θνη-

1110 556 1173 587 τοὺς
1186 555 1353 591 ἀνθρώπους,
1364 557 1466 589 Ἥλιον,
1480 557 1526 583 καὶ
1537 556 1703 591 Κρόνον,κα“ι
1716 555 1804 587 Ῥέαν,
1816 556 1856 582 ἔτι
1871 555 1900 582 δὲ

1112 603 1158 628 καὶ
1174 601 1230 633 Δία,
1244 602 1289 628 καὶ
1301 602 1397 638 Ἥραν,
1407 603 1454 629 καὶ
1461 603 1619 636 Ἥφαιστον,
1635 602 1682 628 καὶ¹
1689 601 1794 628 Ἑστίαν
1804 603 1899 628 ἐπονο-

1114 647 1273 682 μασθέντας.
1287 648 1390 683 Γράφει
1402 647 1429 674 δὲ
1446 648 1492 674 καὶ
1499 647 1533 674 τὰ
1544 648 1608 683 περὶ
1619 648 1720 674 τούτων
1733 647 1900 682 πλατύτερον

1115 692 1163 728 μὲν
1169 693 1182 718 ὁ
1190 693 1328 723 Μάνεθως·
1336 694 1466 728 ὲπιτετμη
1471 693 1557 728 μένως
1562 693 1590 719 δὲ
1597 693 1611 719 ό
1621 693 1750 729 Διόδωρος
1756 693 1821 728 ὲντῇ
1830 700 1899 727 προ-

1113 737 1237 773 λεχθείσῃ
1247 737 1329 764 αὐτοῦ
1350 740 1450 774 γραφῇ,
1465 734 1515 764 ὧδέ
1531 745 1590 769 πως
1601 737 1713 775 ἱστορῶν
1726 736 1795 763 κατὰ
1817 736 1897 768 λέξιν.

277 792 391 816 narunt.
406 788 472 820 Qua:
494 787 638 816 Mancthus
666 788 776 823 quidem
804 787 896 814 omnia
927 786 1014 813 l'usius
1044 785 1208 820 uberiusque
1230 785 1412 820 persequitur,
1442 785 1598 812 summatim
1623 792 1688 812 vero
1713 784 1846 812 Diodorus
1872 785 1900 812 in

277 841 323 866 eo,
341 833 415 870 quod
428 841 511 868 supra
537 834 718 866 laudavimus,
736 833 916 860 Historiarum
933 839 1015 868 opere
1029 831 1063 858 ad
1083 831 1195 858 verbum
1209 830 1246 858 ita
1259 830 1473 866 comprehendit.

578 881 691 908 CAPUT
719 881 763 908 l‘ll.

386 926 424 953 De
436 926 577 961 allegorica
596 927 783 962 Egyptiorum
799 926 939 961 theologia.

320 980 329 996 ι
341 971 491 1007 Utrumque
503 972 594 1004 deum,
607 972 708 1006 Solem,
718 972 818 1007 inquit,
828 980 861 1007 ac_
870 972 1058 1008 Lunam,quos

279 1016 398 1053 [Egyptii
412 1018 526 1046 Osiridis
543 1018 676 1054 lsidisque
691 1019 803 1046 nomine
828 1018 992 1054 signiﬁcant,
1011 1026 1058 1046 or-

278 1063 339 1091 bem
356 1063 513 1091 universum
531 1072 624 1099 regere
636 1065 827 1098 aemoderari,
842 1072 941 1099 resque
963 1072 1059 1092 omnes

280 1109 368 1137 tribus
383 1110 520 1138 distinctis
532 1111 595 1137 anni
610 1110 814 1145 tempestatibus
826 1111 898 1137 alere
913 1114 994 1145 atque
1010 1118 1060 1137 au-

277 1163 340 1190 gere
369 1159 504 1189 statuunt,
532 1164 609 1188 vere,
631 1160 736 1188 aestate,
759 1162 786 1183 et
809 1156 907 1189 hieme,
921 1164 982 1191 quae
996 1164 1060 1184 suas

277 1201 391 1236 singulae
404 1202 596 1229 conversiones
612 1206 752 1236 aspectum
772 1201 891 1237 fugiente
907 1206 981 1229 motu
995 1209 1061 1229 con-

276 1246 378 1280 ﬁciant,
391 1254 423 1274 ac
438 1247 584 1282 plurimum
597 1248 667 1275 inter
677 1255 737 1275 sese
751 1252 849 1275 natura
875 1247 1038 1275 dissidentes
1051 1269 1058 1280 ,

277 1300 384 1320 summa
402 1297 492 1320 tamen
510 1296 537 1320 et
559 1294 794 1328 opportunissima
819 1294 1000 1321 consensione
1019 1294 1061 1320 in-

277 1343 382 1373 tegrum
406 1346 508 1365 annum
526 1338 677 1366 absolvant.
708 1340 796 1374 Atque
828 1339 926 1366 horum
948 1339 1058 1367 deorum

277 1382 416 1416 ejusmodi
429 1390 490 1410 esse
505 1387 643 1416 naturam,
659 1391 721 1418 qua:
746 1384 863 1411 multum
890 1384 923 1411 ad
938 1385 1060 1411 tribuen-

277 1428 340 1455 dam
358 1428 438 1456 rebus
449 1429 575 1456 omnibus
588 1429 642 1456 vim
658 1430 802 1463 generandi
815 1430 998 1458 fecundiorem
1013 1439 1061 1465 per

278 1481 340 1502 sese
353 1474 496 1508 conferat;
512 1475 584 1503 Solis
599 1476 720 1510 quidem,
735 1476 815 1512 igneo
829 1477 926 1511 calori,
941 1485 973 1505 ac
984 1477 1062 1512 spiri-

277 1519 316 1546 tui
329 1528 337 1552 ;
351 1518 434 1547 Luna:
449 1527 525 1552 vero,
537 1520 646 1547 humori
656 1524 683 1547 et
695 1521 827 1554 siccitati;
847 1522 991 1556 utriusque
1012 1521 1060 1548 de-

1373 878 1572 905 ΚΕΦΑΛΑΙΟΝ
1587 878 1624 905 I".

1110 924 1180 959 Περι
1202 924 1255 958 τῆς
1270 925 1438 959 Αἰγυπτίων
1456 923 1719 959 ἀλληγορουμένης
1734 924 1898 959 θεολογίας.

1149 981 1158 997 ι
1171 971 1285 1002 Τούτους
1300 970 1353 1006 (41)
1369 970 1398 997 δὲ
1410 970 1472 1001 τοὺς
1486 969 1572 1002 θεοὺς,
1584 970 1629 996 τὸν
1644 969 1746 1001 ’Ἡλιον,
1762 969 1838 1004 φησὶ,
1853 969 1901 996 καὶ

1111 1017 1159 1053 τὴν
1167 1017 1294 1053 Σελήνην,
1308 1017 1414 1051 Ὄσιριν
1428 1016 1506 1048 ὄντας
1517 1016 1576 1042 κατ’
1587 1014 1747 1050 Αἰγυπτίους
1762 1015 1809 1042 καὶ
1817 1013 1899 1043 Ἶσιν,

1111 1063 1157 1089 τὸν
1183 1062 1326 1097 σύμπαντα
1349 1061 1449 1096 κόσμον
1474 1061 1600 1094 διοικεῖν,
1624 1060 1771 1096 τρέφοντάς
1797 1069 1826 1086 τε
1853 1060 1900 1087 ml.

1112 1109 1240 1142 αΰξοντας
1260 1109 1347 1135 πάντα
1368 1108 1525 1143 τριμερέσιν
1546 1107 1641 1143 ὥραις,
1664 1105 1770 1142 ἀοράτῳ
1793 1107 1900 1141 κινήσει

1112 1155 1160 1190 τὴν
1173 1154 1295 1190 περίοδον
1311 1153 1531 1189 ἀπαρτιζούσαις,
1550 1154 1582 1188 τῇ
1600 1161 1630 1179 τε
1648 1153 1751 1188 ἐαρινῇ,
1766 1152 1813 1178 καὶ
1827 1152 1902 1187 θερι-

1112 1203 1156 1237 νῇ,
1177 1201 1224 1227 καὶ
1237 1201 1386 1236 χειμερινῇ·
1402 1200 1502 1232 ταύτας
1519 1200 1547 1226 δὲ
1563 1199 1759 1234 ἐναντιωτάτην
1770 1198 1901 1233 ἀλλήλαις

1112 1247 1161 1283 τὴν
1181 1246 1260 1282 φύσιν
1281 1246 1395 1281 ἐχούσας
1413 1246 1573 1282 ἀπαρτίζειν
1595 1246 1641 1272 τὸν
1658 1245 1779 1272 ὲνιαυτδν
1799 1245 1898 1280 ἀρίστῃ

1114 1293 1264 1329 συμφωνίᾳ·
1282 1293 1362 1327 φύσιν
1372 1293 1400 1319 δὲ
1417 1292 1617 1328 συμϐάλλεσθαι
1637 1291 1765 1327 πλείστην
1782 1291 1837 1327 (42)
1858 1292 1898 1322 εἰς

1113 1338 1161 1374 τὴν
1175 1337 1228 1364 τῶν
1242 1338 1368 1364 ἁπάντων
1388 1336 1534 1371 ζωογονίαν
1556 1337 1610 1363 τῶν
1633 1336 1702 1362 Θεῶν
1724 1335 1834 1363 τούτων·
1851 1336 1897 1362 τὸν

1115 1383 1174 1418 μὲν,
1194 1382 1341 1418 πυρώδους,
1372 1383 1419 1409 καὶ
1441 1381 1607 1417 πνεύματος·
1631 1382 1680 1418 τὴν
1693 1381 1730 1413 δὲ,
1752 1381 1835 1417 ὑγροῦ
1851 1382 1899 1408 καὶ

1114 1428 1206 1464 ξηροῦ-
1222 1430 1297 1464 κοινῇ
1320 1428 1342 1455 δ’
1362 1428 1543 1463 ἀμφοτέρους,
1567 1428 1667 1463 ’Δέρας
1683 1427 1730 1454 καὶ
1741 1427 1785 1454 διὰ
1797 1426 1899 1453 τούτων

1114 1475 1203 1502 πάντα
1226 1474 1372 1509 γεννᾶσθαι
1398 1475 1445 1501 καὶ
1471 1473 1626 1510 τρέφεσθαι.
1651 1473 1696 1499 Διὸ
1722 1474 1769 1499 καὶ
1797 1473 1828 1498 τὸ
1849 1473 1899 1507 μὲν

1113 1521 1188 1548 ἇτιαν
1214 1521 1294 1557 σῶμα
1322 1521 1371 1557 τῆς
1401 1520 1455 1547 τῶν
1474 1521 1542 1548 ὅλων
1565 1521 1671 1555 φύσεως
1686 1519 1718 1552 ἐξ
1736 1520 1827 1547 Ἠλίου
1852 1519 1899 1546 καὶ

277 1571 352 1590 mum
369 1564 508 1591 communi
521 1565 631 1596 virtute,
651 1564 725 1592 Aeri.
741 1563 844 1591 Horum
866 1569 995 1599 praeterea
1017 1564 1061 1592 he-

1113 1568 1229 1603 Σελήνης
1246 1566 1454 1602 ἀπαρτίζεσθαι,
1471 1566 1503 1594 τὰ
1515 1567 1542 1593 δὲ
1554 1566 1654 1594 τούτων
1673 1566 1752 1603 μέρη,
1768 1566 1849 1592 πέντε
1865 1565 1900 1592 τὰ

276 1610 374 1638 nellcio
386 1611 523 1644 procreari
537 1618 568 1638 ac
579 1611 696 1644 vegetari
711 1617 808 1638 cuncta
823 1620 831 1638 :
846 1610 962 1646 ideoque
975 1615 1060 1638 totum

279 1655 362 1690 hujus
376 1655 498 1682 universi
516 1661 620 1682 natura:
635 1663 734 1690 corpus
749 1655 822 1682 Solis
837 1663 869 1683 ac
892 1655 973 1683 Luna:
996 1663 1061 1683 con-

276 1702 420 1736 junctione
431 1701 590 1735 consistere,
598 1702 677 1737 cujus
690 1707 782 1737 partes
797 1702 917 1737 quinque
932 1702 984 1729 illa:
996 1702 1060 1735 sint,

280 1754 349 1782 quas
371 1751 434 1774 ante
458 1747 668 1781 nominavimus,
691 1748 819 1782 spiritus,
845 1748 925 1783 ignis,
947 1749 1060 1780 siccum,

279 1792 434 1824 humidum,
449 1796 641 1827 postremoque
654 1793 756 1820 aerium
770 1803 776 1820 :
789 1797 818 1821 ut
832 1794 1060 1828 quemadmodum

279 1838 307 1865 in
324 1838 443 1870 homine,
457 1843 548 1873 caput,
562 1845 669 1871 manus,
682 1839 763 1873 pedes
777 1847 809 1867 ac
828 1844 924 1866 caetera
940 1840 1061 1867 membra

279 1891 468 1916 numeramus,
487 1885 524 1911 ita
538 1884 618 1918 plane
635 1885 769 1920 integrum
783 1885 865 1920 hujus
882 1885 975 1912 mundi
998 1893 1060 1912 cor-

278 1937 330 1964 pus
355 1937 388 1956 cx
405 1930 458 1956 illis
472 1929 594 1964 partibus
615 1934 828 1965 coagmentetur.
844 1929 904 1956 Jam
925 1937 999 1961 vero,
1014 1929 1061 1964 qui

279 1975 404 2003 homines
432 1975 457 2002 in
483 1975 600 2011 {Egypto
622 1975 703 2010 plano
728 1981 755 2003 et
778 1975 925 2003 articulato
936 1983 1062 2003 sermone

278 2019 415 2054 principes
430 2020 472 2047 usi
488 2019 599 2053 fuerint,
618 2028 665 2047 eos
679 2020 796 2054 partium
814 2020 924 2048 illarum
947 2020 1061 2055 quamli-

278 2064 324 2092 bet
339 2065 419 2092 deum
435 2066 581 2093 arbitratos
593 2074 663 2098 esse,
675 2066 838 2101 propriaque
847 2074 879 2093 ac
889 2067 1058 2102 singularum

279 2114 383 2138 natura:
396 2112 567 2139 convenienti
579 2112 760 2146 appellatione
774 2112 907 2145 donasse;
923 2120 955 2139 ac
977 2112 1060 2147 spiri-

280 2156 336 2178 tum
351 2154 470 2187 quidem,
484 2155 540 2189 ipsa
552 2155 627 2182 vocis
643 2155 961 2190 interpretationeJovem
973 2157 1060 2184 nomi-

281 2206 372 2231 nasse,
390 2200 436 2234 qui
447 2201 518 2234 quod
531 2201 659 2228 animalis
673 2201 821 2233 facultatis,
839 2209 901 2236 quae
912 2202 1061 2230 animantis

1113 1613 1308 1649 προειρημένα,
1334 1613 1364 1639 τὸ
1384 1613 1501 1648 πνεῦμα,
1526 1613 1573 1640 καὶ
1597 1612 1628 1639 τὺ
1659 1611 1725 1647 πῦρ,
1754 1611 1785 1638 τδ
1805 1611 1898 1647 ξηρὸν,

1113 1659 1152 1686 ἔτι
1183 1659 1212 1685 δὲ
1237 1658 1268 1685 τὸ
1300 1658 1392 1694 ὑγρὸν,
1417 1659 1464 1685 καὶ
1486 1658 1517 1684 τὸ
1539 1658 1691 1684 τελευταῖον
1715 1658 1745 1685 τὸ
1768 1657 1898 1693 ἀερῶδεςο

1113 1703 1207 1739 ὥσπερ
1225 1703 1268 1730 ἐπ’
1291 1703 1433 1739 ἀνθρώπου
1452 1703 1573 1739 κεφαλὴν
1597 1703 1644 1729 καὶ
1667 1704 1761 1738 χεῖρας
1777 1702 1824 1728 καὶ
1848 1701 1900 1727 πύ-

1113 1750 1172 1781 δας,
1199 1749 1247 1776 καὶ
1269 1749 1303 1775 τὰ
1318 1749 1385 1776 ἄλλα
1401 1748 1471 1784 μέρη
1488 1748 1737 1785 καταριθμούμενα,
1751 1747 1798 1774 τὸν
1818 1747 1901 1774 αὑτὸν

1116 1796 1218 1831 τρόπον
1233 1795 1263 1821 τὸ
1279 1794 1357 1830 σῶμα
1370 1795 1416 1821 τοῦ
1438 1795 1538 1830 κόσμου
1555 1793 1711 1828 συγκεῖσθαι
1727 1794 1780 1819 πᾶν
1797 1793 1829 1819 ἐκ
1845 1792 1900 1819 τῶν

1114 1840 1329 1876 προειρημένων.
1349 1840 1456 1866 Τούτων
1472 1840 1494 1867 δ’
1510 1840 1625 1866 ἕκαστον
1641 1839 1702 1865 θεὸν
1721 1838 1841 1873 νομίσαι,
1851 1837 1899 1864 καὶ

1115 1884 1298 1920 προσηγορίαν
1318 1885 1385 1911 ίδίαν
1411 1885 1517 1920 ἑκάστῳ
1539 1885 1623 1911 θεῖναι
1650 1883 1719 1910 κατὰ
1741 1883 1772 1909 τὺ
1790 1883 1899 1911 οἰκεῖον.

1111 1931 1174 1962 τοὺς
1195 1931 1319 1966 πρώτους
1343 1930 1474 1966 διαλέκτῳ
1501 1929 1688 1966 χρησαμένους
1709 1927 1900 1964 διηρθρωμένῃ

1112 1975 1164 2002 τῶν
1180 1978 1239 2003 κατ’
1259 1976 1395 2010 Αἴγυπτον
1419 1976 1578 2012 ἀνθρώπων.
1594 1975 1630 2002 Τὺ
1660 1974 1708 2010 μὲν
1729 1971 1776 2000 οὖν
1791 1972 1900 2007 πνεῦμα

1112 2021 1161 2048 Δία
1189 2022 1417 2057 προσαγορεῦσαι,
1432 2019 1701 2057 μεθερμηνευομένης
1720 2018 1769 2054 τῆς
1789 2017 1899 2049 λέξεωςσ

1113 2067 1154 2099 ὃν,
1180 2067 1263 2094 αἴτιον
1284 2067 1349 2094 ὅντα
1371 2068 1417 2094 τοῦ
1442 2066 1557 2102 ψυχικοῦ
1578 2067 1632 2096 τοῖς
1655 2064 1742 2097 ζώοις,
1771 2064 1900 2098 ἐνόμισαν

1114 2113 1244 2149 ὑπάρχειν
1260 2114 1367 2141 πάντων
1386 2113 1465 2140 οἱονεί
1480 2122 1541 2139 τινα
1559 2111 1672 2147 πατέρα.
1697 2111 1853 2145 Συμφωνεῖν
1871 2108 1901 2134 δὲ

1113 2158 1216 2190 τούτοις
1239 2159 1303 2193 φασὶ
1324 2159 1371 2185 καὶ
1392 2158 1437 2184 τὸν
1463 2157 1673 2191 ἐπιφανέστατον
1698 2155 1762 2190 παρ’
1787 2154 1902 2189 Ἕλλησι

1115 2203 1234 2240 ποιητῶν
1246 2204 1292 2230 ἐπὶ
1304 2204 1350 2230 τοῦ
1365 2203 1425 2230 θεοῦ
1441 2203 1519 2230 τοῦτο
1530 2202 1652 2236 λέγοντα·

280 2245 360 2277 inest,
381 2250 478 2273 auctor
494 2251 575 2278 esset,
590 2247 717 2274 eumdem
738 2246 839 2274 idcirco
852 2247 1072 2274 rerumomnium
1080 2250 1223 2283 quemdam
1233 2249 1310 2284 quasi
1323 2241 1529 2283 parentem'esse
1536 2250 1715 2282 putaverunt;
1733 2245 1777 2272 cui
1792 2249 1887 2272 senten

279 2291 502 2327 tinﬁrmcorum
524 2293 604 2320 etiam
628 2297 768 2327 poetarum
789 2292 869 2327 longe
886 2293 1068 2321 clarissimum
1093 2294 1235 2330 suti‘ragari
1252 2295 1339 2326 aiunt,
1362 2301 1424 2321 cum
1451 2293 1484 2320 de
1509 2293 1561 2320 hoc
1580 2293 1692 2319 numine
1706 2292 1743 2319 ita
1757 2291 1900 2326 loquitur:

450 2338 550 2366 Parens
562 2339 744 2373 hominumque
754 2339 890 2373 deumque.

281 2382 373 2417 Ignem
387 2387 476 2410 autem
489 2383 572 2410 simili
586 2382 705 2410 nominis
718 2383 896 2417 explicatione
912 2383 1063 2412 Vulcanum

280 2428 441 2462 appellasse,
458 2429 530 2464 quod
544 2429 600 2464 89
615 2429 702 2464 ipsum
717 2437 845 2464 magnum
871 2429 987 2464 aliquem
1005 2437 1065 2458 esse.

283 2473 375 2506 deum,
391 2482 539 2510 rerumque
553 2476 676 2503 omnium
693 2475 893 2510 generationem
917 2483 948 2502 ac
959 2476 1064 2510 justum

282 2519 484 2555 perfectumque
501 2522 699 2549 incrementum
721 2522 868 2556 plurimum
882 2523 980 2557 juvare
990 2523 1064 2550 exis-

283 2564 420 2592 timarent.
436 2565 568 2594 Praeterea
602 2573 713 2600 terram,
725 2568 799 2603 quod
815 2575 874 2595 eam
895 2575 986 2595 rerum
1001 2575 1066 2595 nas-

284 2610 403 2637 centium
419 2612 556 2646 quoddam
575 2614 653 2648 quasi
670 2622 716 2642 vas
729 2620 756 2642 et
768 2614 992 2649 conceptaculum
1005 2621 1066 2641 esse

283 2659 439 2687 censerent,
450 2656 564 2683 Matrem
579 2666 699 2689 vocasse,
713 2667 793 2694 quam
812 2659 862 2694 ipsi
874 2667 985 2694 quoque
997 2659 1068 2686 Grae—

284 2698 310 2725 ci
325 2698 457 2735 Δήμητρα
475 2701 537 2735 (hoc
553 2707 595 2729 est
614 2703 752 2738 Cererem)
776 2712 931 2739 nuncupare
951 2704 1066 2735 soleant,

286 2743 368 2778 idque
385 2745 436 2772 levi
453 2750 556 2774 tantum
570 2748 661 2783 aliqua
680 2751 779 2784 prioris
794 2751 982 2785 appellationis
1009 2757 1067 2776 mu-

319 2799 376 2834 (41)
399 2802 532 2840 τούτους.
556 2803 688 2832 Diodorus
713 2805 822 2834 Siculus
844 2806 890 2833 lib.
908 2813 927 2839 ι,
941 2812 1003 2840 pag.
1022 2805 1065 2838 ll,

286 2841 361 2862 novae
378 2837 454 2871 edit.,
472 2839 589 2875 antiqua
607 2848 669 2867 vero
683 2840 707 2867 7.

1220 2340 1321 2374 Πατὴρ
1334 2338 1452 2373 ἀνδρῶν
1466 2347 1498 2365 τε
1511 2338 1586 2365 θεῶν
1602 2347 1644 2366 τε.

1118 2387 1154 2413 Τὸ
1187 2387 1216 2413 δὲ
1243 2386 1298 2422 πῦρ
1336 2385 1620 2421 μεθερμηνευόμενον,
1656 2384 1806 2418 Ἥφαιστον
1840 2382 1904 2409 ὀνο·

1120 2433 1214 2468 μάσαι,
1227 2432 1389 2468 νομίσαντας
1406 2431 1492 2466 μέγαν
1508 2428 1577 2457 εἶναι
1593 2429 1652 2456 θεὸν
1670 2430 1716 2456 καὶ
1732 2426 1816 2455 πολλά
1833 2436 1902 2462 συμ-

1118 2477 1260 2505 ϐάλλεσθαι
1282 2478 1365 2504 πᾶσιν
1388 2478 1428 2508 εἰς
1450 2477 1557 2511 γένεσιν
1581 2476 1627 2503 καὶ
1649 2474 1752 2502 τελείαν
1776 2473 1901 2509 αὔξησιν.

1119 2524 1173 2559 Τὴν
1189 2524 1217 2550 δὲ
1237 2523 1299 2558 γῆν,
1318 2523 1412 2558 ὥσπερ
1427 2523 1536 2557 ἀγγεῖόν
1555 2531 1581 2548 τι
1600 2522 1652 2548 τῶν
1675 2520 1815 2556 φυομένων
1836 2521 1902 2546 ὑπο-

1119 2568 1435 2605 λαμϐάνοντας,Μητὲρα
1453 2568 1681 2604 προσαγορεῦσαι”
1695 2567 1742 2593 καὶ
1758 2566 1821 2597 τοὺς
1836 2565 1901 2592 Ἕλ-

1119 2615 1202 2650 ληνας
1223 2615 1251 2641 δὲ
1278 2615 1377 2650 ταύτην
1404 2615 1599 2650 παραπλησίως
1627 2614 1772 2648 Δήμητραν
1797 2612 1900 2644 καλεῖν,

1119 2661 1204 2696 βραχὺ
1229 2661 1421 2696 μετατεθείσης
1437 2660 1480 2687 διὰ
1499 2660 1545 2687 τὸν
1561 2659 1654 2695 χρόνον
1679 2659 1726 2694 τῆς
1747 2659 1853 2691 λέξεως·
1870 2659 1901 2685 τὸ

1117 2707 1171 2743 γὰρ
1188 2707 1300 2733 παλαιὸν
1316 2706 1494 2742 ὀνομάζεσθαι
1511 2706 1561 2740 τὴν
1577 2706 1627 2741 γῆν
1645 2706 1760 2740 μητέρα,
1777 2704 1901 2739 καθάπερ

1117 2752 1163 2778 καὶ
1177 2751 1220 2778 τὸν
1241 2752 1341 2788 Ὀρφέα
1353 2752 1570 2787 προσμαρπυρεῖν
1585 2749 1706 2784 λέγοντα’

1157 2806 1211 2841 (42)
1232 2807 1393 2841 Πλείστην.
1413 2807 1488 2834 Alter
1512 2814 1544 2835 ex
1566 2813 1632 2833 mss.
1659 2804 1782 2836 πλεῖστα,
1808 2807 1901 2837 rtcle.

1120 2849 1182 2870 meo
1190 2841 1303 2877 judicio.
