2064 3212
152 157 203 184 165

752 154 911 183 ΡΒΛΞΡΑΒ.
935 155 1060 184 EVANG.
1081 156 1145 184 LIB.
1167 157 1211 184 Ill.

1731 158 1781 187 106

153 215 267 246 latione,
294 222 355 242 cum
379 214 504 250 eamdem
528 214 595 241 olim
620 213 674 250 Γῆν
699 213 813 249 Μητέρα
826 213 938 241 Terram
959 213 1074 242 Matrem
1087 216 1272 248 nominarent,
1288 220 1316 242 ut
1332 216 1446 251 ipsemet
1476 215 1602 251 Orpheus
1618 217 1671 243 hoc
1700 225 1781 246 versu

153 264 281 287 testatum
299 260 427 295 reliquit:

186 307 232 340 Γῆ
242 307 342 342 μήτηρ
353 306 486 340 πάντων,
500 307 637 342 Δημήτηρ
655 308 895 350 πλουτοδότειρα.

150 373 188 401 Τδ
200 373 224 401 δ’
242 374 326 409 ὑγρὸν
347 374 480 409 ὀνομάσαι
497 374 606 408 λέγουσι
621 374 683 406 τοὺς
699 374 830 406 παλαιοὺς
852 375 946 401 Ὠκεα-

149 420 205 447 νόν·
227 420 242 447 ὃ
264 421 532 456 μεθερμηνευόμενον
555 420 604 456 μὲν
622 418 691 447 εἶναι
710 421 813 456 τροφῆς
825 420 880 455 (45)
894 429 945 457 μη-

149 466 228 502 τέρασ
244 467 309 502 παρ’
320 467 401 498 ἐνίοις
412 466 440 493 δὲ
452 466 506 492 τῶν
526 466 659 502 Ἑλλήνων
677 466 802 494 Ὠκεανὸν
814 467 945 503 ὑπάρχειν

149 511 324 547 ὑπειλῆφθαι·
339 512 403 548 περὶ
416 508 447 538 οὗ
465 512 511 538 καὶ
527 511 572 538 τὸν
587 512 702 548 ποιητὴν
718 512 819 547 λέγειν’

194 632 336 659 Ὠκεανόν
350 640 382 659 τε
401 632 477 660 θεῶν
491 631 612 668 γένεσιν
634 632 683 659 καὶ
705 632 819 667 μητέρα
837 634 942 668 Τηθύν·

152 690 177 715 οἱ
203 689 259 725 γὰρ
282 689 426 724 Αἰγύπτιοι
460 689 614 725 νομίζουσιν
645 689 771 716 Ὠκεανὸν
798 687 867 717 εἶναι
899 691 945 717 τὸν

153 737 219 771 παρ’
233 736 325 767 αὐτοῖς
336 736 458 771 ποταμὸν
468 736 575 767 Νεῖλον,
589 735 658 772 πρὸς
668 732 689 769 ᾧ
702 735 757 771 (44)
771 735 818 762 καὶ
829 735 879 768 τὰς
891 736 944 762 τῶν

153 781 225 808 θεῶν
241 782 361 816 γενέσεις
380 782 508 818 ὑπάρξαι.
527 782 583 817 Τῆς
604 782 658 818 γὰρ
677 782 767 817 πάσης
783 782 945 818 οἰκουμένης

152 827 226 854 κατὰ
243 827 327 862 μόνην
342 827 392 863 τὴν
411 828 548 862 Αἴγυπτον
565 826 635 855 εἶναι
655 828 748 860 πόλεις
768 828 867 861 πολλὰς
892 829 945 856 ὑπὸ

153 873 210 899 τῶν
228 873 356 908 ,ἀρχαίων
379 873 448 900 θεῶν
469 874 640 910 ἐκτισμένας·
662 872 718 901 οἷον
741 875 811 907 Διὸς,
842 875 943 907 Ἡλίου,

159 919 272 956 Ἑρμοῦ,
290 919 465 952 Ἀπόλλωνος,
479 920 576 951 Πανὸς,
589 920 745 956 Εἰληθυίας,
756 920 843 947 ἄλλων
854 921 944 948 πλειό-

152 974 219 992 νων.
242 965 293 992 Τὸν
315 965 343 992 δὲ
383 965 450 1001 ἀέρα
472 965 692 1002 προσαγορεῦσαί
714 975 795 1001 φασιν
818 967 944 1002 Ἀθηνᾶν,
962 982 981 1011 Β

159 1011 435 1046 μεθερμηνευομένης
444 1011 494 1046 τῆς
506 1011 614 1044 λέξεως,
629 1012 676 1038 καὶ
692 1012 753 1044 Διὸς
765 1012 900 1049 θυγατέρα
913 1022 944 1048 γε

153 1056 266 1092 νομίσαι
282 1056 396 1093 ταύτην,
411 1058 458 1083 καὶ
473 1057 607 1093 παρθένον
625 1058 840 1094 ὑποστήσασθαι,
859 1059 902 1086 διά
916 1068 945 1086 τε

153 1103 185 1129 τὺ
200 1103 318 1139 ἄφθορον
333 1101 403 1129 εἴναι
423 1103 502 1138 φύσει
517 1104 562 1131 τὸν
581 1104 661 1140 ἀέρα,
675 1104 779 1131 καὶτὸν
795 1105 945 1141 ἀκρότατον

155 1149 263 1184 ἐπέχειν
276 1148 323 1176 τοῦ
341 1149 498 1184 σύμπαντος
514 1150 617 1186 κόσμου
632 1150 724 1177 τόπον
741 1150 835 1187 διόπερ
852 1152 883 1178 ὲκ
896 1152 945 1188 τῆς

155 1194 278 1230 κορυφῆς
300 1194 348 1221 τοῦ
371 1195 432 1226 Διὸς
455 1195 672 1232 μυθολογηθῆναι
692 1196 818 1231 γενέσθαι
832 1197 943 1234 ταύτην.

161 1241 324 1276 Ὠνομάσθαι
338 1241 366 1268 δὲ
385 1241 472 1277 αὐτὴν
485 1243 532 1269 καὶ
546 1243 735 1279 Τριτογένειαν
753 1243 819 1280 (45),
832 1245 885 1272 ἀπὸ
897 1245 944 1272 τοῦ

152 1288 215 1323 τρὶς
229 1288 408 1323 μεταϐάλλειν
418 1289 468 1325 τὴν
479 1289 560 1323 φύσιν
573 1289 659 1326 αὐτῆς
676 1291 736 1317 κατ’
751 1291 882 1324 ὲνιαυτδν,
897 1292 944 1319 ἔα-

156 1342 212 1369 ρος,
234 1333 340 1370 θέρους,
362 1334 408 1360 καὶ
425 1334 568 1370 χειμῶνος,
590 1335 723 1370 Δέγεσθαι
743 1337 772 1364 δὲ
792 1338 878 1374 αὐτὴν
897 1338 944 1365 καὶ

154 1379 328 1411 Γλαυκῶπιν,
342 1380 392 1415 οὐχ
405 1380 498 1416 ὥσπερ
514 1380 578 1408 ἔνιοι
590 1381 645 1408 τῶν
664 1382 796 1418 Ἑλλήνων
811 1383 944 1411 ὑπέλαϐον

152 1426 211 1453 ἀπὸ
223 1427 271 1453 τοῦ
289 1427 353 1459 τοὺς
370 1426 526 1463 ὀφθαλμοὺς
545 1427 594 1454 καὶ
609 1427 743 1462 γλαυκοὺς
758 1428 830 1464 ἔχειν
842 1438 848 1445 ·
865 1430 944 1457 τοῦτο

155 1473 205 1507 μὲν
221 1473 277 1508 γὰρ
295 1473 391 1509 εΰηθες
409 1472 559 1509 ὑπάρχειν
580 1473 647 1500 ἀλλὰ
667 1474 721 1501 ἀπὸ
743 1475 790 1501 τοῦ
810 1475 856 1502 τὸν
876 1476 944 1511 ἀέρα

152 1518 203 1553 τὴν
227 1519 360 1554 πρόσοψιν
382 1519 454 1554 ἔχειν
477 1519 636 1554 ἔγγλαυκον.
659 1520 766 1546 Φασὶδὲ
781 1521 844 1553 τοὺς
864 1521 943 1548 πέντε

153 1564 232 1596 θεοὺς
261 1565 323 1596 τοὺς
353 1564 569 1600 προειρημένους
595 1564 642 1600 τὴν
668 1566 757 1593 πᾶσαν
782 1567 943 1603 οἰκουμένην

153 1609 375 1645 ἐπιπορεύεσθαι,
390 1609 608 1646 φανταζομένους
623 1613 680 1643 τοῖς
691 1612 843 1648 ἀνθρώποις
859 1614 889 1640 ὲν
905 1614 943 1640 ἱε-

154 1655 209 1690 ρῶν
232 1654 310 1687 ζώων
333 1657 460 1691 μορφαῖς,
484 1656 579 1682 ἔστιδ’
595 1657 639 1683 ὅτε
661 1657 707 1683 καὶ
731 1658 771 1689 είς
792 1657 942 1694 ἀνθρώπων

154 1700 235 1732 ἰδέας,
257 1702 274 1737 ἦ
287 1710 367 1728 τινων
382 1701 470 1728 ἄλλων
489 1702 714 1737 μεταϐάλλοντας·
736 1704 783 1731 καὶ
804 1704 883 1731 τοῦτο
903 1705 940 1742 μὴ

154 1746 276 1782 μυθῶδες
295 1747 438 1783 ὑπάρχειν,
459 1747 526 1774 ἀλλὰ
548 1747 670 1780 δυνατὸν,
691 1748 769 1785 εἴπερ
785 1746 858 1776 οὗτοι
873 1750 942 1786 πρὸς

152 1792 281 1828 ἀλήθειάν
298 1794 366 1820 εἰσιν
382 1795 406 1820 οἱ
423 1793 511 1820 πάντα
523 1793 681 1828 γεννῶντες.
694 1795 750 1821 Καὶ
763 1794 809 1821 τὸν
826 1796 941 1832 ποιητὴν

153 1837 175 1863 δ’
191 1838 231 1869 εἰς
245 1838 382 1872 Αἴγυπτον
397 1838 598 1873 παραϐαλόντα,
615 1840 662 1866 καὶ
681 1840 848 1875 μετασχόντα
865 1840 941 1876 παρὰ

153 1883 206 1910 τῶν
227 1884 322 1918 ἱερέων
344 1884 399 1911 τῶν
421 1884 547 1912 τοιούτων
567 1885 664 1920 λόγων,
689 1885 774 1912 θεῖναι
797 1895 846 1913 που
869 1886 940 1913 κατὰ

153 1930 261 1966 ποίησιν
277 1932 308 1958 τὸ
323 1933 530 1968 προειρημένον,
545 1933 582 1965 ὡς
595 1934 747 1969 γινόμενον·

957 311 981 339 Α
997 307 1093 335 Rerum
1112 306 1194 334 Terra
1215 315 1320 342 parens,
1345 306 1432 334 Mater
1452 306 1529 334 Ceres
1547 307 1618 334 alma
1642 307 1780 337 bonorum.

997 363 1142 392 Humidum
1159 368 1248 391 autem
1277 364 1415 392 Oceanum
1439 371 1454 391 a
1478 365 1616 392 veteribus
1640 372 1782 401 nuncupa-

996 414 1052 437 tum
1068 417 1129 437 esse
1153 409 1274 441 tradunt,
1297 417 1412 444 eamque
1427 417 1532 441 vocem,
1556 410 1580 438 si
1605 411 1779 446 interpretari

995 455 1072 488 velis,
1089 455 1212 482 alimenti
1226 460 1340 482 matrem
1355 455 1522 490 signiﬁcare,
1533 455 1699 491 Graecosque
1715 464 1782 483 non-

996 501 1085 529 nullos
1100 501 1166 528 illud
1181 502 1270 536 ipsum
1286 499 1386 529 Oceani
1401 509 1501 529 nomen
1517 501 1643 530 eumdem
1669 502 1696 529 in
1720 510 1782 530 sen—

996 556 1057 576 sum
1073 554 1220 582 usurpasse
1233 547 1418 581 arbitrantur;
1434 547 1467 576 de
1478 555 1533 583 quo
1552 547 1634 576 etiam
1650 548 1686 576 ita
1705 553 1781 576 vates
1809 555 1817 560 '

996 595 1136 628 cecinerit,

997 640 1183 674 Oceanumque
1206 639 1314 667 deorum
1337 644 1435 673 ortum,
1460 639 1612 675 Tethynque
1633 644 1779 674 parentem.

997 691 1185 733 Quippeenim
1199 691 1317 727 Egyptii
1331 691 1467 720 Oceanum
1477 691 1564 720 Nilum
1577 692 1686 720 ﬂuvium
1700 700 1780 720 suum
1822 699 1823 702 ‘

996 745 1057 766 esse
1068 742 1175 773 putant,
1191 738 1234 765 cui
1251 738 1363 765 deorum
1379 745 1490 772 quoque
1507 739 1695 773 generationes
1710 738 1781 766 assi-

998 788 1091 820 gnant.
1117 783 1183 811 Nam
1209 791 1242 811 ex
1268 784 1395 811 omnibus
1424 788 1558 811 terrarum
1584 785 1707 818 partibus
1730 792 1781 818 op-

996 831 1057 866 pida
1077 831 1105 858 in
1126 838 1181 858 una
1199 830 1317 866 ,Ευριο
1329 830 1363 858 ab
1378 829 1500 864 antiquis
1522 829 1574 857 diis
1585 829 1692 857 condita
1719 836 1780 856 esse

995 877 1124 913 plurima.
1150 877 1305 912 cujusmodi
1329 881 1403 909 sunt.
1428 875 1514 908 lovis,
1531 875 1620 908 Solis,
1641 874 1779 917 Mercqrii,

994 923 1146 958 Apollinis,
1174 923 1276 955 Panis.
1298 922 1407 950 Lucina
1421 942 1428 953 ,
1465 922 1636 956 aliorumque
1659 921 1780 956 complu-

995 968 1079 996 rium.
1105 967 1182 1001 Quod
1218 974 1309 995 aerem
1337 971 1452 1002 spectat,
1478 967 1554 994 illum
1572 966 1607 994 ab
1625 966 1736 999 iisdem,
1752 966 1780 992 vi

996 1014 1116 1042 nominis
1133 1013 1512 1049 interpretationedeclarata,
1526 1011 1673 1039 Minervam
1692 1011 1780 1047 appcl<

995 1059 1093 1091 latum,
1111 1059 1183 1086 hanc
1206 1065 1271 1085 vero
1285 1057 1362 1086 Jovis
1385 1058 1480 1088 ﬁliam.
1494 1057 1631 1092 simulque
1644 1057 1778 1092 virginem

997 1105 1115 1133 habitam
1133 1104 1218 1132 fuisse
1232 1105 1325 1132 dicunt
1340 1113 1348 1136 ;
1363 1103 1437 1138 quod
1464 1110 1511 1130 aer
1526 1110 1576 1131 nec
1589 1102 1672 1130 ullam
1684 1106 1780 1137 suapte

995 1157 1094 1180 natura
1111 1152 1315 1187 corruptionem
1333 1150 1445 1182 subeat,
1467 1153 1494 1177 ct
1516 1156 1670 1184 supremam
1697 1149 1780 1176 totius

995 1197 1090 1225 mundi
1110 1197 1203 1225 sedem
1225 1204 1258 1224 ac
1280 1196 1420 1231 regionem
1446 1195 1567 1222 obtineat
1585 1199 1686 1230 :atque
1709 1194 1780 1222 hanc

995 1234 1081 1271 fuisse
1105 1250 1228 1275 causam,
1243 1250 1292 1270 cur
1309 1241 1429 1269 Minerva
1452 1240 1527 1268 Jovis
1550 1248 1582 1268 ex
1600 1241 1701 1268 vertice
1716 1244 1780 1268 nata

994 1289 1151 1325 ﬁngeretur.
1166 1288 1297 1317 Eamdem
1321 1295 1404 1324 porro
1429 1287 1617 1323 Τριτογένειαν
1633 1286 1713 1321 quasi
1738 1290 1781 1313 ter

994 1335 1112 1371 genitam
1129 1335 1211 1370 vulgo
1226 1334 1374 1367 nominari,
1394 1334 1467 1369 quod
1489 1337 1530 1361 ter
1545 1333 1662 1368 singulis
1685 1333 1776 1364 annis.

994 1390 1076 1415 vere,
1107 1386 1218 1413 astate,
1241 1385 1269 1409 et
1300 1381 1396 1416 hyeme
1426 1379 1497 1408 acris
1521 1384 1619 1407 natura
1641 1384 1779 1411 mutetur;

993 1429 1153 1465 γλαυκῶπιν
1177 1435 1252 1460 vero,
1279 1434 1334 1454 non
1360 1426 1433 1461 quod
1461 1425 1550 1453 etesiis
1566 1425 1653 1453 oculis
1667 1425 1779 1460 praedita

994 1480 1076 1509 esset,
1092 1481 1122 1503 nt
1137 1475 1295 1503 Graecorum
1313 1473 1398 1508 aliqui
1412 1477 1557 1508 putavere;
1573 1472 1599 1500 id
1615 1472 1687 1500 enim
1702 1479 1779 1498 cras-

994 1531 1031 1551 sae
1041 1522 1155 1550 nimium
1168 1520 1350 1556 simplicitatis
1358 1526 1418 1547 esse
1430 1528 1437 1552 ;
1454 1518 1501 1546 sed
1517 1518 1590 1553 quod
1609 1525 1655 1545 aer
1667 1517 1779 1545 caesium

993 1568 1073 1603 plane
1092 1574 1124 1594 ac
1150 1566 1295 1594 caeruleum
1321 1564 1442 1592 colorem
1469 1563 1655 1599 spectantibus
1679 1569 1734 1597 pne
1750 1570 1780 1589 se

994 1611 1065 1639 ferre
1087 1611 1220 1638 videatur.
1244 1609 1300 1637 Hos
1325 1609 1405 1644 igitur
1429 1609 1550 1643 quinque
1577 1609 1643 1636 deos
1666 1607 1779 1635 Terram

956 1652 978 1682 C
995 1658 1071 1685 aiunt
1087 1657 1204 1684 lustrare
1223 1655 1391 1687 universam,
1406 1655 1619 1689 hominibusque
1635 1654 1716 1681 modo
1733 1661 1780 1681 εει-

994 1710 1101 1730 crarum
1120 1702 1300 1729 animantium
1314 1701 1412 1735 ﬁgura,
1427 1700 1510 1728 modo
1524 1701 1666 1728 hominum
1682 1699 1758 1727 vultu
1771 1721 1777 1732 ,

989 1748 1071 1776 modo
1084 1748 1136 1775 alia
1151 1748 1268 1782 quadam
1281 1747 1372 1782 specie
1385 1751 1469 1774 tectos
1478 1754 1538 1774 sese
1549 1744 1679 1773 videndos
1695 1746 1780 1772 inter-

988 1794 1052 1822 dum
1068 1794 1197 1829 przebere.
1214 1793 1302 1828 Atque
1313 1793 1340 1820 id
1353 1800 1526 1828 nequaquam
1541 1791 1694 1819 fabulosum
1708 1798 1779 1822 esse,

989 1840 1036 1867 sed
1046 1840 1157 1867 omnino
1167 1839 1223 1866 ﬁeri
1234 1846 1314 1873 posse
1325 1838 1498 1870 conﬁrmant,
1507 1845 1568 1866 cum
1580 1837 1689 1869 illisint,
1698 1844 1712 1863 a
1723 1835 1781 1871 qni-

988 1887 1039 1914 bus
1053 1886 1143 1912 omnia
1154 1893 1249 1921 reapse
1263 1889 1451 1920 procrecntur;
1465 1884 1586 1919 adeoque
1598 1887 1703 1918 poetam
1715 1889 1779 1909 cum

994 1935 1021 1962 in
1033 1934 1179 1970 {Egyptum
1200 1934 1359 1969 appulisset,
1370 1934 1425 1968 90
1439 1941 1471 1960 ac
1485 1940 1625 1960 sermones
1644 1930 1777 1966 ejusmodi

152 1986 214 2005 cum
227 1986 262 2006 eo
273 1979 429 2007 sacerdotes
445 1981 705 2014 communicassent,
723 1982 801 2017 quasi
815 1990 871 2010 rem
888 1983 947 2010 ﬁeri
963 1983 1071 2011 solitam
1088 1982 1205 2017 quodam
1221 1990 1278 2009 suae
1301 1988 1413 2016 poeseos
1433 1981 1493 2008 loco
1513 1980 1550 2007 ita
1566 1980 1729 2012 celebrasse,

188 2025 243 2064 ιςαί
257 2034 289 2052 τε
291 2025 353 2064 μϐ)
363 2027 426 2064 θεοί
440 2026 585 2064 ξείνοισιν
594 2028 723 2062 ἐοικότες
732 2030 942 2064 ἀλλοδαποῖσι,

189 2061 328 2099 [tanaim
343 2061 514 2099 τελέθοντες
527 2061 735 2098 ἐπιστρωφῶάι
749 2065 866 2099 πόληας

194 2095 375 2130 Ἀνθρώπων,
397 2097 482 2131 ὕϐριν
497 2106 529 2124 τε
546 2098 594 2125 καὶ
610 2095 753 2134 ἐὺῦομίην
768 2095 941 2134 ἐφορῶντες.

153 2153 221 2188 Περὶ
237 2153 286 2188 μὲν
300 2150 346 2180 οὖν
359 2153 413 2181 τῶν
427 2155 455 2181 ὲν
467 2155 574 2190 οὐρανῶ
584 2155 661 2188 θεῶν,
680 2157 726 2183 καὶ
742 2157 847 2192 γένεσιν
860 2159 942 2186 ἀΐδιον

153 2199 308 2235 ἐσχηκότων
330 2200 449 2227 τοσαῦτα
467 2201 591 2235 λέγουσιν
607 2201 759 2236 Αἰγύπτιοι.
783 2203 895 2235 Ἄλλους
914 2203 942 2230 δὲ

153 2245 184 2271 ὲκ
195 2244 299 2271 τούτων
312 2246 449 2280 ἐπιγείους
461 2247 588 2280 γενέσθαι
601 2248 691 2281 φασιν,
705 2248 879 2284 ὑπάρξαντας
891 2250 942 2285 μὲν

155 2290 279 2327 θνητοὺς,
296 2291 340 2318 διὰ
362 2292 391 2318 δὲ
411 2292 518 2319 σύνεσιν
532 2293 580 2319 καὶ
593 2293 684 2329 κοινὴν
699 2294 849 2330 ἀνθρώπων
865 2295 942 2331 εὐερ-

154 2337 248 2370 γεσίαν
263 2337 423 2372 τετευχότας
438 2338 487 2373 τῆς
502 2338 659 2372 ἀθανασίας,
674 2336 711 2366 ὧν
725 2340 811 2372 ένίους
831 2341 877 2368 καὶ
893 2341 941 2376 βα-

1046 2031 1116 2062 Quin
1129 2030 1209 2057 etiam
1226 2029 1359 2056 interdum
1373 2029 1507 2063 peregrino
1522 2028 1632 2055 numina
1643 2028 1726 2059 cultu,

1048 2065 1122 2092 Mille
1142 2065 1214 2091 navis
1235 2065 1348 2091 lustrare
1364 2064 1448 2090 solent
1462 2069 1553 2090 nostra
1566 2063 1661 2097 oppida
1674 2063 1777 2096 formis,

1045 2100 1149 2135 Fasque
1163 2100 1288 2135 nefasque
1300 2100 1380 2126 simul
1396 2099 1514 2134 propiori
1524 2099 1622 2125 Iuntina
1634 2104 1755 2125 cernunt.

992 2157 1055 2185 Haac
1079 2161 1160 2190 sunt,
1179 2163 1239 2192 quae
1263 2155 1296 2183 de
1319 2155 1371 2182 diis
1384 2154 1541 2182 coelestibus
1572 2159 1688 2189 ortuque
1704 2161 1778 2181 sem.

992 2204 1100 2239 piterno
1112 2203 1232 2238 praeditis
1253 2201 1374 2237 Egyptii
1396 2205 1631 2234 commemorant;
1648 2209 1662 2228 a
1678 2200 1778 2235 quibus

997 2249 1066 2277 alios
1086 2249 1219 2284 quosdam
1234 2251 1393 2283 procreatos
1410 2247 1496 2275 fuisse
1510 2246 1662 2281 perhibent,
1680 2250 1779 2273 terres-

995 2298 1051 2322 tres
1075 2294 1135 2322 illos
1160 2294 1270 2329 quidem
1297 2301 1329 2320 ac
1356 2293 1437 2320 morti
1454 2292 1598 2324 obnoxios,
1615 2291 1661 2319 sed
1687 2295 1777 2318 tamen

997 2340 1230 2368 immortalitatem
1248 2339 1348 2374 partim
1363 2339 1399 2366 ob
1415 2338 1579 2374 singularem
1594 2336 1777 2372 prudentiam,

155 2382 239 2414 σιλεῖς
253 2383 392 2417 γεγονέναι
408 2372 477 2410 κατὰ
493 2384 543 2420 τὴν
562 2385 708 2420 Αἴγυπτον.
732 2372 940 2422 Μεθερμηνευο-

993 2388 1092 2422 partim
1112 2387 1147 2414 ob
1160 2394 1332 2414 communem
1350 2387 1378 2414 in
1399 2393 1484 2422 genus
1511 2385 1653 2412 hominum
1677 2383 1779 2410 beneﬁ-

156 2428 244 2462 μένων
267 2428 290 2454 δ’
307 2429 396 2456 αὐτῶν
417 2430 492 2462 τινὰς
510 2432 558 2466 μὲν
572 2432 724 2467 ὁμωνύμως
740 2433 871 2470 ὑπάρχειν
883 2436 940 2467 τοῖς

153 2474 300 2510 οὐρανίοις,
327 2475 404 2508 τινὰς
427 2476 455 2502 δὲ
481 2477 549 2504 [δίαν
573 2478 717 2514 ἐσχηκέναι
745 2482 939 2517 προσηγορίαν,

155 2519 250 2547 Ἥλιόν
265 2529 295 2546 τε
311 2521 359 2547 καὶ
373 2521 487 2557 Κρόνον,
505 2523 552 2549 καὶ
570 2523 656 2556 Ῥέαν,
670 2524 710 2550 ἔτι
721 2524 749 2551 δὲ
765 2525 813 2552 Δία
827 2526 872 2552 τὸν
889 2526 940 2552 ὑπό

153 2571 234 2590 τινων
254 2564 390 2600 Ἄμμωνα
410 2567 692 2603 προσαγορευόμενον·
711 2570 778 2605 πρὸς
793 2570 821 2597 δὲ
837 2571 941 2602 τούτοις

155 2609 244 2645 Ἥραν
255 2611 301 2637 καὶ
313 2611 472 2646 Ἥφαιστον,
486 2612 524 2639 ἔτι
540 2613 567 2639 δὲ
590 2614 706 2647 Ἑστίαν,
725 2616 771 2642 καὶ
787 2617 940 2644 τελευταῖον

176 2698 244 2738 ⁸(ᾗὸ)
268 2699 392 2742 Τροςῖῆς.
414 2701 557 2742 Diodorus,
572 2704 684 2739 τροφήν,
694 2706 828 2740 quomodo
839 2706 941 2739 Gallice

157 2733 283 2764 dicimus.
302 2733 373 2762 ruere
384 2737 515 2764 nourrice.

190 2769 252 2811 (μὶ
263 2768 505 2811 ῌρρς.ᾦ.ιξ”οι-ιθ
524 2772 689 2811 legendum
703 2775 772 2811 πρὸς
793 2774 832 2803 οὗ.
859 2777 940 2806 Certe

155 2801 255 2846 ﬁdit?)
268 2801 391 2846 Ξὴάρξσζι
408 2807 477 2833 idem
492 2807 543 2846 erit
557 2801 629 2846 quod
643 2806 665 2842 ᾧ
680 2801 850 2846 ἀνάτεθῆναι.

172 2839 242 2878 _(45)
266 2839 480 2878 Τριέργένειαν.
501 2839 664 2878 Plutarchus
687 2845 723 2872 De
744 2839 818 2873 Iside
840 2852 864 2874 et
880 2848 942 2875 Osi-

155 2874 217 2908 ride,
231 2874 295 2912 pag.
310 2874 376 2910 38L
392 2877 471 2912 longe
490 2877 567 2905 aliter
582 2878 633 2906 hoc
647 2887 797 2916 cognomen
813 2874 942 2919 ἐτυμολο-

994 2434 1112 2461 centiam
1154 2438 1335 2466 consecutos,
1370 2439 1486 2467 quorum
1521 2431 1602 2459 etiam
1636 2428 1721 2464 aliqui
1750 2428 1777 2455 in

994 2480 1109 2516 Egypto
1126 2481 1307 2515 regnaverint.
1323 2479 1426 2506 Horum
1442 2478 1517 2511 item,
1530 2477 1553 2504 si
1567 2476 1677 2504 nomina
1694 2475 1777 2503 inter-

994 2525 1119 2560 pretcris,
1133 2525 1201 2553 alios
1216 2526 1337 2560 ejusdem
1368 2532 1400 2552 ac
1426 2524 1550 2551 caelestes
1566 2524 1640 2557 ipsos
1660 2521 1777 2548 nominis

994 2569 1090 2604 fuisse,
1103 2571 1171 2599 alios
1183 2572 1319 2606 propriam
1335 2571 1481 2606 quamdam
1494 2568 1703 2604 appellationem
1715 2575 1777 2595 csse

995 2617 1116 2649 sortitos,
1132 2616 1234 2650 Solem,
1248 2616 1396 2644 Saturnum
1406 2637 1414 2650 ,
1430 2615 1529 2651 Opem,
1547 2614 1669 2649 adeoque
1682 2612 1778 2641 Jovem

994 2709 1093 2744 γεῑται,
1119 2715 1151 2735 ex
1184 2708 1420 2744 Pythagoraeorum
1448 2708 1596 2744 symbolis,
1620 2707 1773 2744 dumait":

990 2743 1027 2769 Τὸ
1049 2743 1097 2777 μὲν
1116 2743 1170 2784 γὰρ
1184 2741 1344 2784 ίσόπλέυρον
1367 2741 1514 2784 τρίγωνον,
1531 2741 1776 2784 ἐκαλουινιἊθηνᾶν

990 2777 1163 2814 κορυφαγενῆ
1177 2779 1225 2805 καὶ
1239 2777 1430 2814 τριτογένειαν.
1445 2780 1486 2805 ὅτι
1502 2779 1575 2813 τρισὶ
1588 2777 1712 2809 καθέτοις
1722 2777 1776 2804 ἀπὸ

990 2813 1051 2850 τῶν.
1059 2813 1141 2850 ’τριῷν
1154 2813 1260 2850 xtl-W3}?
1271 2814 1418 2849 ἀγομέναις
1430 2814 1582 2850 διαιρεῖται.

1027 2847 1082 2884 (46)
1102 2847 1158 2877 Καί
1167 2857 1208 2875 τε.
1230 2847 1374 2883 Homerus,
1398 2847 1494 2877 Ὀδύσζ
1510 2851 1541 2884 Ρ,
1559 2859 1585 2878 v.
1601 2850 1664 2878 £86.
