2064 3212
286 163 335 190 161

615 160 751 188 EUSEBII
769 158 1009 187 CESARIENSIS
1028 158 1102 186 OPP.
1124 157 1215 186 PARS
1232 157 1262 185 Il.
1281 172 1314 177 —
1333 156 1582 186 APOLOGETICA.

1862 157 1912 184 168

283 222 372 254 illum,
383 221 428 248 cui
443 219 566 247 nonnulli
583 219 723 246 Ammonis
735 222 944 253 cognomentum
963 217 1065 249 fecere;

1123 216 1237 253 Ἑρμῆν.
1251 218 1305 244 Καὶ
1321 217 1428 254 πρῶτον
1443 217 1492 254 μὲν
1506 217 1600 243 Ἥλιον
1615 217 1773 252 βασιλεῦσαι
1786 217 1840 243 τῶν

281 265 419 294 Junoncm
445 269 586 300 praeterea,
602 263 763 294 Vulcanum,
780 261 899 295 Vestam,
914 266 1068 297 postremo-

283 321 338 349 que
363 311 539 343 Mercurium,
557 318 590 337 ex
606 309 694 344 iisque
709 308 799 336 Solem
823 307 932 344 [Egypti
955 316 1068 343 regnum

284 360 436 396 principem
459 358 590 389 tenuisse,
608 361 684 384 astro
705 355 811 383 caelesti
837 356 1038 390 cognominem.
1056 364 1065 380 ι

285 407 424 434 Hactenus
440 412 456 431 a
470 404 550 431 nobis
577 403 703 430 laudatus
737 406 841 429 auctor.
855 401 915 428 Jam
928 409 992 429 vero
1006 401 1069 428 Plu-

284 451 396 480 tarchus
421 450 449 477 in
479 457 524 480 eo,
541 449 614 484 quod
639 448 671 475 de
695 447 767 475 Iside
788 448 907 482 scripsit,
925 447 1068 482 opusculo,

285 506 345 534 qua:
361 501 511 532 sequuntur
534 496 567 522 ad
592 495 707 522 verbum
722 495 804 522 habet
819 504 825 522 :
841 504 850 521 ι
868 494 933 521 Rem
944 515 951 526 ,
969 494 1068 529 inquit,

286 552 356 572 novo
369 552 385 571 a
403 543 490 578 capite
513 546 598 569 totam
618 547 800 574 arcessentes,
815 550 849 569 ex
863 541 1001 574 omnibus,
1022 541 1069 576 qui

285 590 414 617 subtilius
440 589 542 623 aliquid
565 593 592 615 et
606 587 762 614 accuratius
775 588 960 622 disputarunt,
973 595 1068 614 eorum

289 637 316 664 in
329 635 436 671 primis,
453 635 555 670 quibus
569 634 730 669 simplicitas
743 634 829 668 magis
844 638 934 661 tamen
957 633 1069 668 placuit,

285 681 449 710 sententiam
479 681 631 708 videamus.
658 679 738 707 Tales
761 687 826 706 vero
851 680 888 706 illi
922 683 1003 712 sunt,
1022 680 1070 714 qui

283 726 421 763 quotnodo
434 725 532 758 Graeci,
545 725 693 753 Saturnum
723 730 840 760 tempus,
865 724 999 752 Junonem
1022 732 1068 752 ae-

284 771 475 805 rem,Vulcani
491 771 694 807 generationem
713 770 784 797 aeris
801 771 827 797 in
846 769 932 804 ignem
946 770 1072 797 mutatio-

287 826 348 846 nem
375 818 522 853 allegorice
543 817 767 852 interpretantur,
786 817 826 844 sic
840 817 911 851 apud
926 815 1070 852 [Egyptios

285 864 376 892 Nilum
400 864 493 891 Osirin
518 871 579 891 esse
605 864 712 895 dicunt,
727 863 773 897 qui
787 871 850 890 cum
863 862 944 894 Iside,
963 863 1015 890 hoc
1029 867 1070 891 est

1122 262 1269 297 Αἴγυπτον,
1285 263 1429 299 ὁμώνυμον
1445 264 1509 290 ὂντα
1527 262 1566 298 τῷ
1584 263 1644 289 κατ’
1657 262 1771 298 οὐρανὸν
1782 263 1884 298 ἄστρῳ.
1901 272 1910 288 ι

1122 309 1216 336 Ταῦτα
1232 310 1282 345 μὲν
1298 308 1344 336 οὖν
1356 311 1371 337 ό
1385 310 1515 346 δηλωθεὶς
1532 309 1715 345 συγγρασεύς.
1734 310 1788 336 Καὶ
1802 310 1816 336 ὁ
1829 308 1914 335 Πλού-

1122 365 1222 392 ταρχος
1243 356 1271 383 δὲ
1288 357 1317 382 ὲν
1331 357 1371 392 τῷ
1389 357 1453 392 περὶ
1474 356 1527 382 τῶν
1550 355 1631 383 Κατὰ
1653 355 1710 389 τὴν
1734 353 1810 382 Ἶσιν
1830 355 1913 383 αὑτοῦ

1124 404 1320 441 συγγράμματι
1341 405 1405 432 τάδε
1427 404 1525 440 γράφει
1542 404 1612 431 κατὰ
1628 403 1709 436 λέξιν·
1731 413 1740 429 ι
1760 403 1818 430 Ἀπ’
1830 403 1914 439 ἄλλης

1124 450 1179 486 (47)
1195 451 1224 477 δὲ
1250 451 1337 488 ἀρχῆς
1356 451 1410 478 τῶν
1435 450 1649 486 φιλοσοφώτερόν
1661 459 1687 476 τι
1703 448 1793 484 λέγειν
1806 449 1914 476 δοκούν-

1121 506 1176 524 των
1198 497 1254 534 (48)
1280 499 1344 530 τοὺς
1370 497 1572 529 ἁπλουστάτους
1600 496 1764 532 σκεψώμεθα
1793 496 1912 531 πρῶτον.

1123 541 1203 570 Οὗτοι
1222 544 1245 570 δ’
1260 544 1329 570 εἰσὶν
1347 544 1372 570 οἱ
1395 543 1530 578 λέγοντες,
1550 543 1644 578 ὥσπερ
1665 542 1794 576 ’Έλληνες
1809 542 1913 578 Κρόνον

1122 589 1302 624 ἀλληγοροῦσι
1317 590 1363 616 τὸν
1379 590 1485 626 χρόνον,
1505 589 1595 624 Ἦραν
1609 589 1637 615 δὲ
1653 588 1698 615 τὴν
1713 588 1791 623 ἀέρα,
1806 588 1913 622 γένεσιν

1122 635 1151 662 δὲ
1170 634 1318 670 Ἡφαίστου
1332 635 1382 671 τὴν
1395 636 1436 667 εἰς
1452 635 1482 662 τὸ
1497 634 1553 671 πῦρ
1570 635 1649 670 ἀέρος
1665 634 1825 670 μεταϐολὴν,
1843 635 1914 662 οὕτω

1124 682 1186 717 παρ’
1210 680 1368 716 Αἰγυπτίοις
1395 681 1490 707 Νεῖλον
1522 679 1590 707 εἶναι
1619 681 1665 707 τὸν
1691 682 1808 716 Ὄσιριν,
1834 681 1913 708 Ἴσιδι

1124 729 1237 753 συνόντα
1253 728 1286 762 τῇ
1304 728 1350 762 γῇ,
1367 726 1483 762 Τυφῶνα
1503 726 1532 753 δὲ
1553 726 1601 762 τὴν
1621 726 1769 758 θάλασσαν,
1790 728 1830 759 εἰς
1848 727 1882 762 ἣν
1898 727 1912 753 ὁ

1123 773 1218 804 Nam);
1229 773 1374 808 ἐμπίπτων
1385 772 1555 806 ἀφανίζεται.
1573 782 1583 798 ι
1597 771 1688 798 Ταῦτα
1699 773 1745 799 καὶ
1754 772 1789 799 τὰ
1799 772 1912 799 τοιαῦτα

1123 818 1218 851 εἰπὼν,
1241 819 1323 846 πάλιν
1347 819 1386 850 είς
1407 818 1536 853 δαίμονας
1556 817 1685 852 ἀναφέρει
1702 818 1764 850 τοὺς
1781 817 1912 853 περὶτῶν

1123 864 1293 898 δηλουμένων
1317 863 1386 890 θεῶν
1411 864 1522 899 μύθους.
1543 864 1598 891 Καὶ
1620 862 1805 894 πάλιν”ἆλλυ›ς
1822 862 1914 890 ἀποδί-

284 915 354 938 terra
384 909 593 944 congrediatur;
606 908 764 944 Typhonem
779 916 843 935 vero
854 915 940 940 mare,
958 908 985 934 in
997 909 1069 942 quod

1123 909 1198 942 δωσι,
1217 909 1263 936 καὶ
1280 908 1357 941 αὖθις
1375 909 1478 945 ἑτέρως
1495 908 1661 945 ἀλληγορῶν.
1683 907 1737 935 τΗν
1756 909 1779 935 δ’
1797 909 1829 936 ἂν
1842 908 1913 936 κατὰ

287 955 364 984 Nilus
384 955 510 983 incidens
526 959 681 982 evanescat.
701 964 709 980 ι
727 954 833 987 Quibus
855 955 900 982 ille
921 955 1070 983 similibus-

286 1009 341 1037 que
355 1001 586 1031 commemoratis.
606 1007 716 1026 rursum
739 999 772 1026 ad
797 1000 935 1027 daemones
961 1000 1070 1028 ﬁctitias

285 1047 399 1075 deorum
413 1047 526 1074 istorum
539 1045 651 1073 fabellas
664 1050 784 1078 revocat,
798 1038 936 1080 novasque
943 1045 1070 1080 deinceps

287 1099 419 1120 novarum
432 1091 625 1127 allegoriarum
641 1090 908 1118 accommodationes
923 1091 1069 1126 excogitat.

286 1137 344 1172 Ego
367 1145 431 1165 vero
450 1137 606 1172 quaesierim
623 1144 655 1163 ex
680 1136 724 1167 iis,
742 1140 769 1163 et
785 1136 895 1171 quidem
913 1136 984 1170 jure,
1000 1145 1070 1171 quo-

287 1190 348 1209 rum
372 1182 480 1209 tandem
507 1188 567 1208 sese
604 1181 747 1207 numinum
774 1188 917 1215 expressas
939 1181 1071 1217 imagines

288 1234 452 1254 conservare
467 1226 574 1259 dicant;
596 1224 750 1253 daemonum
766 1226 818 1253 ne?
830 1234 865 1253 an
880 1227 962 1262 ignis,
987 1227 1070 1262 aeris,

283 1278 372 1304 terrae,
417 1280 503 1307 aquae,
530 1280 565 1299 an
584 1272 717 1305 virorum,
736 1272 937 1307 mulierumque
958 1273 1072 1301 simula-

287 1318 352 1346 cra?
363 1325 397 1346 an
411 1317 528 1353 denique
544 1318 683 1345 brutorum
702 1318 893 1350 animantium,
907 1326 939 1346 ac
952 1318 1071 1347 ferarum

287 1365 407 1400 ipsarum
419 1364 536 1398 ﬁguras?
549 1363 614 1390 Nam
631 1371 693 1391 cum
715 1364 834 1398 ipsimet,
851 1365 976 1393 homines
989 1373 1073 1400 quos-

286 1410 349 1437 dam
364 1411 493 1437 mortales
510 1410 615 1443 eodein,
634 1417 688 1444 quo
703 1411 787 1437 solem
805 1418 837 1437 ac
858 1415 955 1438 caetera
977 1412 1071 1438 mundi

286 1457 432 1491 elementa,
444 1457 556 1484 nomine
571 1461 741 1491 procreatos,
753 1457 917 1492 eosdemque
932 1457 997 1485 deos
1011 1465 1073 1492 pns-

287 1508 330 1530 tea
343 1508 517 1531 consecratos
534 1503 619 1531 fuisse
633 1503 785 1530 concedant
798 1512 806 1536 ;
817 1502 870 1538 91
889 1503 1072 1538 quorum,ob-

286 1557 375 1582 secro,
390 1557 497 1584 aequum
515 1548 596 1576 fuerit
616 1549 748 1584 imagines
766 1549 827 1576 illas
847 1549 1003 1584 ﬁgurasque
1021 1556 1072 1576 no-

286 1595 400 1629 minare,
414 1603 483 1631 quas
497 1595 524 1623 iu
539 1595 695 1623 simulacris
714 1594 853 1622 inanimes
872 1594 981 1622 caelatas
996 1595 1072 1622 vide-
1085 1582 1106 1611 ο

286 1641 368 1668 mus?
380 1648 415 1668 an
430 1641 628 1667 elementorum
644 1640 725 1674 hujus
735 1639 876 1666 universi?
887 1647 933 1671 an,
943 1640 1014 1674 quod
1027 1647 1072 1666 ar-

285 1686 405 1714 tiﬁciosa
429 1686 488 1721 ipsa
513 1686 604 1713 vultus
629 1685 812 1713 conformatio
836 1685 926 1721 palam
941 1686 1070 1720 ostendit,

286 1732 444 1760 mortalium
470 1731 540 1758 inter
567 1735 691 1758 mortuos
710 1730 880 1765 iacentium?
895 1731 974 1758 Enim
995 1739 1071 1763 vero,

286 1782 394 1805 taceant
410 1777 454 1805 isti
470 1777 550 1810 licet;
566 1777 667 1804 veritas
685 1784 733 1812 per
747 1784 777 1804 se
802 1776 861 1812 ipsa
884 1777 1015 1812 loquitur,
1040 1785 1073 1805 ac

287 1829 370 1857 prope
384 1829 482 1857 magna
500 1829 565 1849 voce
579 1821 710 1853 clamans,
725 1829 784 1853 eos,
795 1821 828 1848 de
841 1821 941 1856 quibus
952 1821 1071 1856 agimus,

287 1869 361 1897 viros
374 1869 509 1903 quosdam
527 1868 656 1896 mortales
672 1867 756 1895 fuisse
772 1872 898 1895 testatur.
916 1867 1072 1901 Quinetiam

285 1913 450 1942 Plutarchus
465 1914 492 1942 in
508 1921 590 1949 opere
614 1914 659 1940 illo
671 1913 744 1948 quod
763 1912 802 1940 De
828 1911 900 1939 Iside
922 1911 1072 1948 Egyptiis-

285 1968 335 1995 que
351 1961 502 1987 numinibus
518 1960 649 1995 scriptum
665 1959 785 1994 reliquit,
799 1958 872 1986 ultro
879 1958 999 1993 dataque
1011 1966 1072 1993 ope-

285 2013 317 2033 ra
331 2007 499 2042 singulorum
524 2006 661 2041 propriam
672 2005 796 2040 corporis
811 2005 923 2040 ﬁguram
938 2005 1072 2032 colorant-

286 2060 340 2086 que
352 2053 482 2084 declarat,
502 2053 544 2080 his
560 2051 651 2079 verbis
667 2060 673 2078 :
692 2060 701 2076 ‹
716 2050 844 2083 Narrant,
869 2050 967 2086 inquit,
987 2050 1072 2086 Egy-

287 2099 335 2133 ptii
359 2098 523 2126 Mercurium
539 2098 653 2125 brachio
668 2097 830 2131 breviorem,
846 2096 1005 2133 Typhonem
1024 2105 1072 2124 ru-

288 2143 356 2176 fum,
370 2142 483 2171 Martem
495 2142 691 2175 candidiorem,
713 2140 804 2169 Osirin
821 2141 941 2176 denique
967 2142 1071 2178 nigrio-

288 2196 345 2217 rem
372 2189 457 2216 I'uisse
474 2198 480 2216 :
497 2189 596 2224 quippe
620 2187 667 2223 qui
690 2192 788 2214 natura
809 2187 934 2215 homines
949 2188 1071 2216 exstitis-

287 2239 357 2263 sent.
375 2244 384 2262 ι
408 2233 473 2262 Haec
484 2234 657 2262 Plutarchus.
673 2233 843 2261 Murtuorum
858 2241 923 2268 ergo
939 2233 991 2261 fuit
1013 2238 1070 2261 tota

288 2282 333 2310 illa
345 2282 489 2310 numinum
501 2281 573 2316 apud
594 2281 662 2309 istos
676 2279 863 2313 consecratio;
880 2279 1012 2315 quidquid
1024 2287 1073 2308 au-

287 2333 340 2356 tem
365 2327 543 2363 physiologia
560 2331 612 2360 est,
625 2327 677 2355 hoc
694 2327 777 2355 iidem
792 2331 886 2363 postea
904 2326 1071 2354 conﬁnxere.

287 2375 354 2402 Nam
372 2374 436 2410 quid
452 2373 584 2402 attinebat
602 2374 630 2402 in
643 2374 767 2401 virorum
794 2381 828 2402 ac
849 2373 995 2401 mulierum
1015 2372 1073 2401 eili—

479 2496 588 2530 ἄλλης.
608 2494 771 2524 Plutarchus
790 2495 826 2522 De
836 2495 907 2522 Iside
920 2501 943 2522 et
957 2494 1071 2529 Osiride,

338 2539 353 2556 Ο
374 2541 386 2557 .J
430 2552 436 2557 .
471 2551 477 2557 ι

309 2551 315 2558 .
337 2532 386 2558 565
406 2532 436 2560 υ.
451 2532 477 2557 2.

288 2539 315 2567 ρ.
325 2539 386 2600 (ῗὲἷ
400 2539 580 2593 rexi-ﬁrm”.
601 2565 774 2599 Plutarchus,
790 2565 956 2601 δυναμένων.

283 2633 288 2638 .
325 2602 381 2635 (.19)
402 2602 491 2628 Αὐτοί
500 2610 559 2638 μοι.
582 2601 691 2628 Vertere
702 2610 757 2638 non
770 2600 902 2633 dubitavi,
913 2601 989 2638 quasi
1004 2600 1073 2628 scri-

309 2641 365 2663 tum
380 2640 462 2668 esset,
480 2635 555 2662 αὐτοὶ
572 2637 620 2671 μὴ.
637 2636 710 2672 quod
726 2644 824 2664 sensus
847 2637 960 2664 omnino
980 2641 1073 2671 postu-

300 2675 336 2699 at.

326 2706 381 2742 (κο)
401 2706 455 2742 Aut
469 2707 520 2733 hoc
534 2706 678 2742 σωμάτων,
696 2710 742 2734 aut
756 2706 829 2742 quod
846 2706 969 2742 sequitur
984 2706 1074 2741 σώμα-

287 2749 344 2774 τος,
360 2740 503 2768 delendum
518 2740 632 2769 videtur.

324 2776 380 2812 (5i)
405 2777 594 2810 Ἰστοροῡσιν.
616 2777 665 2804 llic
678 2777 743 2804 mihi
763 2776 901 2804 Plutarchi
925 2777 1002 2804 locus
1018 2784 1072 2805 non

288 2812 420 2843 occurrit,
437 2813 483 2839 sed
500 2812 544 2838 alii
558 2812 613 2839 duo
630 2819 683 2839 non
701 2813 851 2842 absimiles.
867 2812 962 2839 eodem
978 2813 1005 2839 in
1023 2813 1070 2840 lib.

289 2847 327 2874 De
342 2846 415 2874 Iside
436 2852 460 2874 et
479 2846 594 2874 Osiride.
610 2847 744 2875 Caeterum
759 2847 936 2882 γαλιάγκωνα
950 2849 1070 2883 reposui.

289 2890 338 2912 Dt’o
361 2883 559 2918 γαληάγκωνα;
580 2882 620 2911 sic
632 2883 703 2911 enim
719 2883 819 2919 ubique
835 2883 973 2915 scribitur,
982 2882 1017 2910 ret
1031 2884 1071 2911 vel

1123 955 1201 990 λόγον
1220 955 1351 982 πυθέσθαι
1365 956 1501 991 ὁποτέρων
1512 955 1581 982 θεῶν
1594 955 1628 982 τὰ
1643 955 1723 988 ξόανα
1741 954 1790 987 τὰς
1803 956 1912 982 ἐντετυ-

1124 1002 1251 1038 πωμένας
1263 1002 1369 1038 μορφὰς
1383 1001 1478 1034 σώζειν
1488 1002 1625 1037 φήσουσιν·
1644 1001 1746 1037 πότερα.
1760 1001 1912 1036 δαιμόνων;

1123 1049 1191 1075 ἀλλά
1199 1048 1294 1084 πυρὸς,
1306 1049 1352 1075 καὶ
1366 1048 1456 1084 ἀέρος,
1468 1049 1514 1074 καὶ
1527 1048 1586 1083 γῆς,
1600 1048 1646 1074 καὶ
1660 1047 1763 1080 ὕδατος,
1779 1047 1795 1083 ἧ
1808 1048 1912 1084 ἀνδρῶν

1124 1095 1171 1122 καὶ
1186 1094 1322 1128 γυναικῶν
1336 1094 1452 1126 εἰκόνας,
1467 1095 1514 1120 καὶ
1529 1092 1606 1125 ζώων
1619 1093 1736 1128 ἀλόγων,
1749 1094 1795 1120 καὶ
1810 1093 1912 1129 θηρίων

1125 1141 1265 1176 σχήματας
1286 1140 1361 1167 Ἐπεὶ
1377 1140 1431 1175 γὰρ
1445 1140 1492 1167 καὶ
1512 1140 1580 1175 πρὸς
1595 1140 1684 1166 αὐτῶν
1707 1139 1914 1176 συγκεχώρηται

1125 1186 1276 1222 ὁμωνύμως
1281 1186 1349 1222 ἡλίῳ
1356 1187 1403 1213 καὶ
1412 1188 1468 1218 τοῖς
1478 1186 1592 1213 καθόλου
1605 1186 1744 1222 στοιχείοις
1751 1186 1864 1222 θνητούς
1873 1196 1914 1214 τι·

1125 1241 1173 1264 νας
1182 1232 1229 1259 ἀνδ
1233 1241 1281 1268 ρας
1288 1233 1439 1267 γεγονέναι,
1448 1233 1496 1260 καὶ
1502 1233 1612 1264 τούτους
1619 1233 1696 1265 θεοὺς
1703 1233 1836 1269 ἀνηγορεῦ
1841 1233 1913 1267 σθαι,

1124 1279 1204 1306 τίνων
1221 1279 1294 1311 εἰκὸς
1310 1279 1342 1306 ἂν
1364 1279 1405 1315 εἴη
1422 1279 1528 1315 μορφὰς
1551 1277 1620 1306 εἶναι
1640 1279 1688 1306 καὶ
1704 1279 1810 1311 εἰκόνος
1822 1280 1915 1314 λέγειν

1125 1326 1174 1357 τὰς
1192 1326 1221 1352 ὲν
1245 1327 1301 1357 τοῖς
1324 1325 1437 1361 ἀψύχοις
1455 1325 1558 1358 ξοάνοις
1582 1326 1703 1361 γλυφάςς
1723 1325 1837 1363 πότερον
1859 1326 1914 1353 τῶν

1125 1372 1240 1399 καθόλου
1256 1373 1404 1408 στοιχείων,
1418 1373 1445 1408 ἢ,
1460 1373 1528 1408 ὅπερ
1540 1373 1587 1400 καὶ
1599 1373 1630 1399 τὸ
1640 1373 1752 1409 ἐναργὲς
1763 1373 1813 1408 τῆς
1826 1373 1914 1408 ὅψεως

1126 1419 1305 1451 ἐπιδείκνυσι,
1322 1419 1375 1446 τῶν
1391 1421 1419 1446 ὲν
1436 1421 1540 1454 νεκροῖς
1551 1419 1684 1455 κειμένων
1695 1419 1816 1454 θνητῶνς
1843 1419 1913 1447 Ἀλλ’

1126 1466 1150 1492 εἰ
1170 1465 1216 1492 καὶ
1233 1465 1309 1492 αὐτοί
1324 1474 1368 1500 μοι
1385 1465 1440 1501 (49)
1461 1465 1574 1500 λέγοιεν,
1592 1466 1606 1492 ὅ
1625 1466 1657 1500 γέ
1673 1475 1700 1492 τι
1717 1466 1819 1502 ἀληθὴς
1834 1466 1913 1500 λόγος

1127 1511 1176 1547 βοᾷ
1200 1511 1246 1538 καὶ
1264 1511 1383 1547 κέκραγε
1405 1513 1544 1547 μονονουχὶ
1563 1511 1653 1547 φωνὴν
1675 1512 1773 1546 ἀφιεὶς,
1800 1512 1913 1548 Θνητοὺς

1127 1557 1225 1593 ἄνδρας
1241 1558 1386 1594 μαρτυρῶν
1396 1558 1534 1592 γεγονέναι
1550 1559 1614 1590 τοὺς
1630 1558 1818 1594 δηλουμένους.
1843 1559 1871 1585 '0
1883 1559 1912 1585 δὲ

1126 1603 1296 1638 Πλούταρχος
1318 1604 1365 1630 καὶ
1379 1603 1433 1631 τῶν
1452 1603 1585 1639 σωμάτων
1600 1603 1654 1639 (50)
1671 1603 1760 1630 αὐτῶν
1783 1605 1816 1631 ἐκ
1836 1613 1913 1640 περι-

1125 1648 1218 1680 ουσίας
1232 1649 1277 1675 τὸν
1290 1650 1366 1676 ποιὸν
1379 1650 1532 1686 ὑπογράφει
1545 1649 1591 1676 τοῦ
1607 1649 1732 1685 σώματος
1749 1650 1913 1686 χαρακτῆρα

1125 1697 1154 1722 ὲν
1167 1697 1222 1728 τοῖς
1237 1697 1306 1730 Περὶ
1322 1696 1378 1731 τῆς
1392 1697 1499 1730 Ἴσιδος
1511 1697 1559 1724 καὶ
1573 1696 1632 1723 τῶν
1647 1698 1813 1732 Αἰγυπτίων
1825 1696 1911 1729 θεῶν,

1125 1739 1176 1769 ὧδέ
1190 1751 1248 1774 πως
1266 1743 1361 1776 λέγων’
1381 1752 1390 1768 ι
1417 1743 1563 1779 Ἰστοροῦσι
1577 1743 1632 1778 (51)
1647 1742 1700 1780 γὰρ
1715 1743 1856 1777 Αἰγύπτιοι
1866 1743 1913 1770 τὸν

1126 1788 1175 1822 μὲν
1195 1788 1297 1824 Ἑρμῆν
1311 1788 1350 1824 τῷ
1367 1788 1472 1824 σώματι
1486 1789 1613 1824 γενέσθαι
1630 1789 1815 1824 γαλιάγκωνα,
1828 1790 1874 1816 τὸν
1883 1789 1913 1816 δὲ

1125 1834 1242 1869 Τυφῶνα
1259 1836 1291 1870 τῇ
1312 1836 1392 1871 χροιᾷ
1413 1835 1527 1871 πυρρὸν,
1543 1835 1638 1862 λευκόν
1655 1844 1683 1862 τε
1696 1836 1741 1862 τὸν
1754 1836 1850 1871 Ἄρην,
1865 1835 1913 1862 καὶ

1127 1881 1295 1917 μελάγχρουν
1307 1882 1352 1908 τὺν
1369 1883 1485 1918 Ὄσιριν,
1502 1882 1539 1914 ὡς
1560 1883 1593 1918 τῇ
1609 1882 1688 1917 φύσει
1704 1882 1850 1916 γεγονότας
1864 1882 1913 1908 ἅν-

1125 1927 1258 1962 θρώπους.
1274 1928 1596 1964 ιΤαὖταόΙΙλούταρχος.
1612 1929 1725 1966 Νεκρῶν
1740 1929 1822 1964 ἀραή
1837 1929 1912 1955 πᾶσα

1124 1973 1213 2000 αὐτῶν
1231 1973 1352 2001 θεοποιια
1372 1975 1524 2010 καθέστηκε
1537 1984 1544 1990 ⁸
1567 1975 1718 2002 πέπλασται
1731 1976 1754 2002 δ’
1769 1976 1860 2007 αὐτοῖς
1878 1976 1913 2002 τὸ.

1124 2020 1174 2055 τῆς
1187 2021 1368 2055 φυσιολογίας.
1385 2021 1416 2047 Τί
1429 2021 1482 2058 γὰρ
1495 2022 1579 2057 ἐχρῆν
1598 2021 1700 2057 ἀνδρῶν
1717 2022 1763 2048 καὶ
1776 2023 1912 2056 γυναικῶν

1125 2068 1250 2103 σχήματα
1266 2067 1458 2100 ζωοπλαστεῖν,
1475 2069 1561 2104 παρὸν
1576 2069 1622 2095 καὶ
1634 2068 1694 2104 δίχα
1704 2068 1806 2095 τούτων
1818 2068 1912 2095 Ἥλιον

1126 2113 1213 2139 σέϐειν
1228 2114 1274 2139 καὶ
1289 2113 1416 2149 Σελήνην,
1434 2114 1480 2140 καὶ
1501 2114 1534 2140 τὰ
1557 2113 1637 2140 λοιπὰ
1655 2114 1701 2140 τοῦ
1719 2114 1821 2149 κόσμου
1837 2122 1911 2140 στοι-

1124 2161 1200 2195 χεία;
1213 2160 1339 2196 Ποτέροις
1350 2160 1378 2187 δὲ
1389 2160 1500 2192 τούτων,
1512 2160 1558 2186 καὶ
1570 2160 1602 2186 ὲκ
1615 2160 1694 2187 τίνων
1705 2160 1852 2196 ἀρξάμενοι
1861 2160 1911 2192 τὰς

1123 2205 1230 2233 τοιάσδε
1253 2206 1436 2243 προσηγορίας
1458 2207 1647 2242 ὲπεφήμισαν;
1674 2204 1746 2239 οἷον,
1772 2207 1843 2240 λέγω
1864 2207 1911 2234 τὸν

1087 2261 1109 2289 [ι
1125 2253 1274 2286 ’Ἥφαιστον
1287 2253 1333 2279 καὶ
1345 2252 1393 2288 τὴν
1407 2251 1530 2288 Ἀθηνᾶν,
1540 2252 1588 2279 Δία
1602 2261 1632 2279 τε
1644 2253 1690 2279 καὶ
1700 2252 1851 2279 Ποσειδῶνα
1863 2253 1912 2280 καὶ

1124 2299 1223 2334 Ἥραν.
1237 2296 1309 2334 Ἀρα
1325 2298 1379 2334 γὰρ
1393 2298 1480 2325 ταῦτα
1492 2297 1546 2325 τῶν
1562 2298 1675 2325 καθόλου
1691 2299 1827 2334 στοιχείων
1842 2299 1912 2335 πρό-

1122 2353 1200 2380 τερον
1213 2345 1276 2371 ὄντα
1286 2346 1414 2381 ὀνόματα,
1426 2345 1550 2381 δεύτερον
1566 2345 1636 2372 αὐτὰ
1645 2347 1701 2378 τοῖς
1718 2345 1822 2381 θνητοῖς
1837 2347 1912 2381 ὀμω-

1122 2390 1214 2426 νύμως
1222 2391 1280 2422 τοῖς
1294 2390 1428 2427 οὐρανίοις
1443 2391 1643 2418 ἐπιτεθείκασιν
1653 2400 1659 2406 ·
1675 2391 1692 2426 ἢ
1709 2391 1859 2427 τοῦμπαλιν
1877 2393 1911 2420 ἐκ

1123 2499 1235 2526 brachio
1249 2502 1365 2530 tantum,
1382 2499 1423 2525 vel
1446 2499 1527 2525 etiam
1543 2503 1599 2525 toto
1617 2505 1731 2530 corpore
1755 2498 1907 2525 breviorem

1123 2534 1267 2568 signiﬁcat.
1283 2534 1333 2567 Qui
1352 2541 1439 2560 tamen
1453 2534 1522 2560 hanc
1535 2542 1625 2561 vocem
1640 2534 1694 2561 ἀπὸ
1707 2535 1754 2568 τῆς
1765 2534 1850 2566 γάλης
1864 2542 1909 2560 ar-

1123 2573 1244 2599 cessunt.
1262 2569 1294 2596 iis
1311 2571 1396 2603 magis
1411 2570 1441 2595 τὸ
1456 2578 1474 2603 η
1492 2571 1606 2604 placeat,
1622 2577 1702 2604 quam
1723 2579 1741 2596 ι.
1760 2570 1818 2596 Non
1833 2569 1909 2595 {libi-

1124 2605 1211 2636 miles,
1229 2605 1275 2639 qui
1290 2604 1393 2632 Latinis
1408 2605 1472 2631 Uillll
1489 2605 1555 2631 Anci
1579 2605 1748 2632 dicebantur.
1768 2606 1813 2631 Sic
1833 2612 1906 2631 cium

1124 2639 1240 2671 Festus;
1260 2649 1268 2664 ι
1284 2639 1382 2669 Ancus.
1398 2640 1443 2674 qui
1457 2640 1593 2666 aduncum
1610 2640 1749 2666 brachium
1768 2640 1857 2672 habet,
1880 2645 1910 2666 ut

1123 2675 1258 2709 exporrigi
1274 2682 1327 2701 ll0ll
1348 2677 1441 2709 possit.
1460 2685 1468 2700 ι
1488 2676 1519 2701 lit
1536 2674 1677 2702 Glossario
1693 2676 1789 2704 veteri,
1805 2676 1908 2705 Ancus,

1122 2717 1235 2736 mancus
1251 2715 1302 2739 est.
1315 2710 1438 2743 κυλλὸς,
1449 2710 1549 2745 λορόός.
1567 2709 1648 2737 Recte
1664 2709 1767 2741 κυλλός.
1779 2711 1803 2735 is
1823 2710 1909 2743 enim,

1123 2745 1208 2779 χωλός
1223 2751 1249 2770 et
1265 2745 1406 2780 καμπύλος
1425 2745 1556 2779 llesyeltio
1569 2745 1686 2778 dicitur;
1703 2750 1729 2771 at
1742 2745 1833 2780 λορδός
1849 2753 1910 2772 cer-

1123 2787 1208 2806 nuum
1223 2781 1313 2814 potius
1331 2781 1475 2815 signiﬁcat,
1489 2779 1623 2814 ejusmodi
1641 2781 1696 2806 fere
1712 2779 1790 2814 quem
1806 2780 1909 2807 Gallice

1123 2822 1252 2842 vocamus
1273 2815 1414 2842 lourduud.
1431 2815 1516 2843 Varro
1538 2818 1629 2842 tatneu
1651 2817 1749 2842 Ancum
1775 2815 1905 2842 Sabinam

1123 2856 1183 2878 esse
1196 2858 1289 2878 vocem
1304 2851 1416 2886 putavit.
