2064 3212
299 122 346 149 ΓΙΙ

625 121 759 148 EUSEBH
778 119 1017 147 CESARIENSIS
1034 117 1109 145 OPP.
1131 117 1220 144 PARS
1239 117 1270 144 ll.
1290 133 1323 138 -—
1341 117 1591 146 APOLOGETICA.

1861 122 1914 148 ΗΞ

298 169 456 203 spiuerium,
470 169 511 196 vel
525 169 551 195 in
564 167 654 195 Nilum
671 169 760 203 ipsum
773 167 896 198 ﬂuvium,
909 170 1007 193 cuncta
1027 165 1074 193 de-

1126 164 1295 199 εἱμαρμένην
1311 163 1430 198 λέγουσι,
1444 164 1531 190 πάντα
1545 165 1755 200 καταδήσαντες.
1769 167 1814 192 καὶ
1829 168 1920 192 πάντα

298 216 379 250 nique
391 216 418 242 in
434 223 476 242 res
493 215 648 245 naturales.
667 214 734 241 nihil
756 214 782 240 in
799 220 928 247 corporea
946 212 1015 239 mole
1032 219 1078 238 ea-

298 266 389 288 rentes
402 261 578 295 viventesque
592 264 715 292 naturas,
723 259 844 293 ipsarum
854 257 1078 292 interpretatione

297 307 424 334 conferri.
439 307 527 341 Atque
552 307 667 333 istorum
688 305 769 332 etiam
789 305 929 340 plerique,
956 304 1028 338 quod
1050 304 1077 331 in

298 356 392 379 nostra
400 353 543 379 voluntate
559 356 601 379 est
616 359 648 378 ac
661 355 795 386 potestate
808 350 943 382 situm,ex
956 350 1077 377 siderum

298 405 372 426 motu
385 406 546 433 suspensum
560 405 620 424 esse
629 397 783 428 voluerunt,
794 401 891 423 cuncta
904 396 1076 428 necessitate,

299 445 371 479 quod
389 444 440 478 ipsi
457 443 542 470 fatum
561 442 707 476 appellant,
723 442 763 469 sic
785 447 912 475 tanquam
929 441 1078 476 inexplica-

299 490 399 516 bilibus
412 488 574 523 quibusdam
591 487 717 519 vinculis,
730 489 822 515 nescio
839 495 894 522 quo
912 492 1002 522 pacto,
1016 495 1078 514 con-

294 533 626 569 stringentes,eademque
649 541 746 559 rursus
770 533 803 560 ad
831 533 944 560 deorum
962 533 1076 560 istorum

299 578 351 604 vim
365 586 396 604 ac
411 586 510 604 numen
526 578 677 612 alligantes.
698 578 791 612 Itaque
807 586 861 605 non
873 579 942 606 alios
963 579 1020 606 sire
1049 578 1077 605 in

296 623 413 657 templis,
430 623 486 650 sive
498 624 523 650 in
537 623 702 656 simulacris,
724 624 780 650 sive
797 624 824 650 in
847 624 908 651 aliis
923 623 1069 658 ejusmodi,

297 675 378 701 quam
405 667 451 702 qui
473 666 519 694 fati
537 667 609 701 leges
626 667 744 699 solvunt,
763 673 935 695 venerantur.
956 678 966 695 ι
988 669 1076 703 Atque

295 715 353 741 haec
370 721 385 741 a
404 714 483 741 nobis
500 722 532 740 ex
550 714 656 741 laudata
673 714 817 749 Porphyrii
839 715 953 749 epistola
974 715 1076 750 produ-

293 764 336 788 cta
347 764 439 793 sunto,
451 768 510 794 quae
528 760 647 794 profecto
661 760 802 787 manifeste
820 760 968 793 declarant,
990 769 1023 788 ne
1033 768 1078 788 ar-

295 812 391 832 canam
403 805 514 838 quidem
529 805 614 839 ipsam
628 805 815 841 Egyptiorum
828 805 991 841 theologiam
1008 814 1076 841 pra:-

1128 209 1232 240 τούτοις
1249 209 1401 242 ἀνάψαντες
1421 210 1476 240 τοῖς
1494 209 1573 241 θεοῖς.
1595 210 1671 236 Οἱτω
1686 209 1802 245 iur-7391;
1821 211 1870 246 τῆς
1881 212 1922 237 εἱ-

1129 254 1273 289 μαρμένης
1286 256 1383 289 μόνους
1406 254 1435 281 ἓν
1456 263 1486 280 τε
1509 255 1590 289 ἱεροῖς
1605 255 1652 281 καὶ
1673 255 1786 287 ξοάνοις,
1802 257 1848 282 καὶ
1864 258 1922 288 τοῖς

1127 299 1216 331 ἄλλοις
1229 299 1419 335 θεραπεύουσι.
1440 309 1449 325 ι
1469 299 1560 326 Ταῦτα
1574 300 1623 335 μὲν
1647 298 1693 327 οὖν
1719 301 1773 328 ἀπὸ
1796 301 1847 336 τῆς
1869 302 1919 338 δη-

1127 343 1258 379 λωθείσης
1283 344 1425 380 ἐπιστολῆς
1450 344 1568 375 κείσθω,
1598 346 1690 380 σαφῶς
1711 346 1918 381 διαγορεύοντα,

1127 390 1168 416 ὅτι
1192 390 1238 417 καὶ
1261 391 1278 425 ἠ
1302 390 1356 416 τῶν
1379 391 1535 424 Αἰγυπτίων
1559 391 1714 427 ἀπόρρητος
1742 391 1797 427 (53)
1827 392 1919 419 θεολο-

1128 436 1174 469 γία
1188 455 1195 467 ,
1219 436 1279 462 οὐδὲ
1303 436 1399 468 ἄλλους
1425 437 1496 472 πλὴν
1523 437 1577 463 τῶν
1606 438 1666 463 κατ’
1691 437 1805 473 οὐρανὸν
1835 439 1918 465 ἀστέ-

1129 490 1193 516 ρων,
1216 481 1270 508 τῶν
1292 491 1321 508 τε
1340 482 1466 509 ἀπλανῶν
1489 483 1672 518 καλουμένων,
1690 483 1806 510 καὶτῶν
1820 484 1920 519 ὀνομα-

1128 526 1248 562 ζομένων
1273 527 1415 562 πλανητῶν
1438 527 1591 562 ὲοεολόγει,
1613 528 1779 564 δημιουργόν
1807 538 1837 555 τε
1862 530 1918 556 τῶν

1128 573 1195 598 ὅλων
1210 572 1331 607 εἰσῆγεν,
1348 573 1489 600 οὺτιναοῦν
1506 573 1665 609 ἀσώματον,
1687 575 1748 601 οὐδὲ
1768 575 1845 609 λόγον
1866 576 1916 610 δη-

1129 619 1301 654 μιουργικὸν,
1319 619 1378 646 οὐδὲ
1403 619 1456 654 μὴν
1478 619 1548 651 θεὸν,
1565 620 1626 646 οὐδὲ
1649 620 1741 652 θεοὺς,
1764 622 1824 648 οὐδέ
1840 631 1917 654 τινας

1128 664 1225 700 νοερὰς
1236 665 1282 691 καὶ
1299 665 1410 698 ἀφανεῖς
1421 665 1562 700 δυνάμεις·
1580 665 1659 700 μόνον
1673 666 1702 692 δὲ
1718 666 1762 692 τὸν
1777 667 1916 702 ὁρώμενον

1127 710 1215 746 ἥλιον·
1229 710 1270 736 διὸ
1285 710 1332 737 καὶ
1349 710 1439 745 μόνοις
1449 712 1506 742 τοῖς
1521 711 1629 746 ἄστροις
1643 711 1692 747 τὴν
1706 711 1760 738 τῶν
1775 712 1842 739 ὅλων
1852 714 1915 740 ἀνέ-

1127 755 1235 783 τίθεσαν
1259 756 1349 782 αἰτίαν
1360 776 1367 788 ,
1384 755 1418 782 τὰ
1435 756 1522 782 πάντα
1545 757 1714 791 εἱμαρμένης
1734 756 1914 791 ἐξάπτοντες,

1128 802 1175 828 καὶ
1190 802 1240 836 τῆς
1256 801 1310 828 τῶν
1326 801 1433 836 ἄστρων
1449 801 1580 838 κινήσεώς
1593 811 1621 828 τε
1638 803 1684 829 καὶ
1697 803 1782 838 φορίς
1793 811 1800 818 ’
1819 802 1915 839 ὥσπερ

293 855 335 876 ter
350 849 412 876 caeli
432 850 535 882 stellas,
552 854 607 877 tum
626 858 686 885 qua:
707 855 863 878 constantes
878 859 911 879 ac
930 852 999 884 ﬁrm,
1019 857 1074 878 tum

1126 846 1221 882 ἀμέλει
1235 846 1317 872 εἰσέτι
1332 846 1379 872 καὶ
1393 845 1441 872 νῦν
1455 846 1500 881 ἥδε
1519 848 1584 882 παρ’
1601 848 1691 879 αὐτοῖς
1706 848 1879 884 κεκράτηκεν
1895 850 1912 884 ἡ

294 903 356 930 qua:
367 900 491 923 errantes
499 896 579 931 vulgo
594 897 780 929 nominantur,
799 897 866 925 alios
881 898 951 925 ullos
963 898 1076 925 deorum

294 940 347 975 93
365 940 391 968 in
406 948 519 968 numero
537 942 695 974 collocasse,
709 942 763 969 imo
780 950 829 969 nec
842 943 965 977 corporis
981 951 1077 978 exper-

295 991 347 1013 tem
373 986 490 1021 aliquem
517 987 598 1021 hujus
623 987 806 1014 universitatis
829 987 1005 1015 architectum
1022 993 1077 1016 sta-

294 1030 387 1062 tuisse,
403 1039 452 1058 nec
469 1032 567 1059 rationi
593 1032 732 1064 eﬂ'ectrici,
758 1040 808 1060 nec
821 1033 871 1060 deo
889 1033 975 1061 diisre
999 1034 1075 1067 ullis,

293 1076 559 1112 autintelligentibus
572 1077 733 1112 quibusdam
751 1086 784 1106 ac
796 1079 846 1106 sub
859 1079 951 1107 oculos
966 1079 1077 1108 minime

292 1121 452 1149 cadentibus
462 1123 578 1156 naturis,
594 1123 640 1151 sed
652 1123 697 1151 uni
713 1124 843 1152 duntaxat
854 1125 1012 1160 aspectabili
1025 1126 1075 1153 soli

291 1166 354 1201 ejus
369 1167 538 1195 molitionem
549 1168 686 1196 tribuisse.
701 1169 793 1204 Itaque
808 1170 873 1197 solis
890 1171 971 1199 astris
986 1180 1076 1198 rerum

293 1215 481 1242 universarum
498 1223 609 1242 causam
626 1215 821 1252 assignarunt,
843 1226 875 1244 ex
891 1217 936 1245 fati
961 1219 1079 1246 necessi-

292 1265 357 1293 tate,
372 1261 546 1295 siderumque
562 1265 634 1287 motu
651 1266 676 1288 ct
693 1262 838 1296 agitatione
853 1267 950 1289 cuncta
967 1270 1077 1297 suspen-

292 1306 402 1339 dentes;
416 1313 476 1341 qua:
490 1306 600 1340 quidem
611 1306 702 1340 opinio
719 1307 789 1341 apud
804 1307 864 1334 illos
878 1307 1010 1342 hodieque
1022 1307 1076 1334 vim

291 1350 388 1378 retinet
400 1358 487 1378 suam.
502 1349 579 1378 Nune
595 1358 670 1386 ergo,
685 1359 746 1378 eum
763 1357 790 1379 et
806 1356 862 1380 tota
889 1351 1076 1388 Egyptiorum

291 1397 477 1431 interpretatio
494 1404 548 1424 non
564 1396 619 1431 jam
640 1397 665 1423 in
685 1405 797 1432 corpore
819 1397 920 1426 liberas
942 1398 1076 1426 viventes-

292 1450 344 1478 que
355 1446 478 1475 naturas,
495 1442 543 1470 sed
568 1442 596 1469 in
619 1450 650 1470 ea
673 1447 793 1477 tantum,
812 1451 873 1478 quae
886 1444 1008 1479 quotidie
1022 1452 1077 1472 cer-

292 1494 403 1522 nuntur,
418 1488 510 1516 mundi
534 1488 616 1523 hujus
636 1489 768 1517 elementa
788 1489 960 1523 conferatur,
983 1495 1010 1518 et
1024 1490 1076 1518 ele-

290 1539 383 1562 menta
398 1535 449 1562 ista
461 1534 520 1562 sine
534 1535 638 1567 animo,
660 1535 718 1562 sine
734 1535 838 1562 ratione
849 1556 857 1569 ,
872 1543 904 1563 ae
920 1535 1000 1563 ﬂuxae
1015 1544 1075 1571 per-

291 1581 435 1616 cuntisque
451 1586 565 1615 natum,
578 1582 709 1616 peculiari
724 1582 841 1616 quadam
867 1587 994 1617 certaque
1016 1583 1073 1610 fue-

291 1626 344 1653 rint
360 1627 464 1654 ratione
477 1632 619 1662 procreala
633 1636 640 1654 :
657 1627 717 1654 vide
732 1635 823 1662 porro,
835 1635 952 1663 quonam
968 1628 1075 1663 delapsa

291 1671 328 1698 sit
341 1672 482 1699 hominum
500 1673 614 1700 istorum
630 1673 774 1708 theologia,
787 1680 848 1708 quae
862 1678 986 1700 naturam
1001 1681 1076 1701 men-

290 1717 327 1745 tis
339 1722 487 1752 expertem,
502 1723 664 1753 mortuaque
690 1722 717 1745 et
743 1719 777 1745 ab
794 1719 868 1746 omni
883 1726 966 1746 sensu
991 1727 1074 1747 vacua

290 1770 405 1798 corpora
430 1763 571 1790 numinum
600 1763 686 1790 instar
709 1764 897 1796 consecrarit,
924 1765 1073 1800 prmserlim

291 1816 353 1835 cum
371 1808 437 1836 nihil
454 1816 567 1843 prorsus
590 1809 624 1836 ab
642 1809 737 1836 iisdem
756 1809 796 1836 vel
813 1810 846 1837 ad
865 1809 1018 1845 spiritualcs
1034 1810 1075 1837 in-

290 1854 495 1889 telligentesque
515 1859 638 1887 naturas,
653 1854 695 1881 vel
715 1854 748 1882 ad
763 1860 879 1882 mentem
895 1855 980 1890 ipsam
994 1862 1074 1890 atque

291 1900 421 1926 rationem
439 1907 528 1927 rerum
545 1900 754 1934 procreatricem
778 1901 900 1927 omnium
916 1901 1071 1928 referretur.

290 1944 357 1971 Cum
383 1949 471 1972 autem
499 1952 532 1971 ex
557 1945 589 1972 iis
611 1953 672 1980 quae
688 1950 751 1973 ante
768 1953 783 1972 a
801 1945 879 1972 nobis
893 1945 974 1972 allata
991 1951 1072 1977 sunt,

291 1995 418 2024 tanquam
434 1994 536 2017 certum
549 1995 575 2018 et
588 1989 742 2018 confessum
766 1990 926 2022 habeamus,
943 1991 977 2017 ab
991 1990 1074 2025 Egy-

290 2035 354 2070 ptiis
366 2036 400 2062 ad
415 2036 523 2064 Grzecos
539 2036 662 2063 traducta
677 2036 763 2064 fuisse
775 2036 918 2071 theologia:
933 2036 1072 2072 mysteria,

291 2087 396 2116 tempus
409 2082 501 2117 utique
516 2087 568 2114 est,
592 2087 620 2109 ut
643 2090 738 2109 eorum
763 2083 796 2109 ad
825 2083 940 2110 classem
966 2081 1073 2110 Graecos

290 2128 370 2153 etiam
387 2127 460 2162 ipsos
472 2135 647 2163 aggregemus
658 2148 666 2158 .
684 2128 798 2163 illosque
816 2136 866 2156 nee
881 2128 1017 2156 diversam
1039 2128 1073 2155 ab

291 2171 424 2207 Egyptiis
451 2172 658 2207 ph'ﬂosophandi
683 2173 815 2200 rationem
846 2173 991 2205 habuisse,
1024 2181 1074 2200 nec

290 2224 386 2252 preter
399 2216 544 2243 inanimam
552 2217 695 2252 quamdam
711 2218 850 2245 materiam
860 2218 906 2244 ulli
914 2219 1025 2245 omnino
1036 2219 1075 2245 rei

290 2262 459 2290 divinitatem
472 2262 578 2290 dedisse
589 2263 792 2290 convincamus.
811 2263 865 2290 Ista
875 2263 974 2298 quippe
990 2271 1075 2298 augu—

290 2311 332 2334 sta
351 2305 538 2342 (Egyptiorum
553 2311 630 2334 erant
647 2307 769 2340 numina,
792 2307 1018 2342 quemadmodum
1032 2308 1075 2336 ille

291 2355 358 2388 ipse,
376 2360 457 2388 quem
476 2352 555 2388 paulo
584 2357 646 2380 ante
671 2354 762 2384 citari,
792 2353 957 2388 Porphyrius
982 2359 1075 2380 auctor

292 2403 334 2426 est
344 2398 410 2434 (56),
419 2398 483 2426 dum
492 2398 519 2424 in
531 2398 574 2431 iis,
583 2406 651 2433 quos
662 2399 698 2425 De
706 2398 828 2433 fugiendo
841 2407 926 2425 rerum
939 2399 1074 2425 animala-

294 2452 352 2471 rum
361 2452 404 2471 esu
412 2444 583 2479 conscripsit,
595 2444 626 2471 de
636 2444 731 2470 iisdem
744 2444 814 2470 hunc
828 2445 854 2470 in
865 2444 974 2471 modum
985 2444 1073 2479 10(ιυὶ-

294 2494 339 2515 tur
358 2498 365 2515 :
387 2498 396 2514 ι
415 2489 454 2516 llli
471 2494 561 2516 autem
578 2489 612 2516 ab
625 2489 676 2516 hoc
688 2488 889 2516 exercitationis
910 2496 1007 2524 genere
1019 2510 1026 2522 ,
1047 2493 1074 2516 et

292 2534 358 2562 inita
378 2543 439 2563 cum
461 2536 552 2563 divino
572 2535 683 2562 numine
708 2533 890 2562 familiaritate
916 2535 1072 2570 progressi,

328 2614 385 2649 (55)
410 2615 592 2649 Ὰπόρῤητος.
613 2614 653 2641 lta
676 2621 742 2641 mss.
765 2613 856 2645 ambo,
878 2621 932 2640 non
959 2613 1073 2649 ὲπίρῤη-

291 2659 348 2681 τος,
365 2655 394 2676 ut
408 2653 471 2676 ante
486 2650 634 2684 legebatur.

328 2685 384 2719 (56)
404 2684 492 2711 Locus
513 2682 554 2710 cst
574 2683 715 2719 Porphyrii
737 2683 784 2710 lib.
809 2691 835 2709 Iv
851 2682 940 2715 :Hspl
965 2683 1068 2719 d301,,

293 2717 399 2747 duobus
412 2719 458 2746 fol.
472 2722 533 2753 post
555 2717 679 2751 initiu’m‘;
700 2721 800 2746 recent.
826 2722 916 2744 autem
942 2717 1070 2744 editionis

294 2762 355 2790 pag.
370 2754 431 2780 512.
444 2753 538 2787 Magna
551 2753 658 2790 quidem
674 2753 710 2790 ibi
723 2753 867 2790 lectionum
884 2753 1001 2790 varietas
1017 2756 1069 2790 est,

293 2785 379 2824 "eaque
400 2796 471 2824 saepe
486 2785 540 2824 non
555 2785 740 2824 improbanda,
754 2788 852 2823 saepius
869 2787 1007 2815 mendosa.
1026 2785 1066 2814 Ιιι-

294 2823 449 2859 terpretem,
463 2824 486 2850 si
499 2823 582 2855 lubet,
599 2823 722 2850 consule.

1125 892 1198 925 δόξα.
1221 893 1252 919 Εἰ
1275 893 1365 919 τοίνυν
1386 893 1426 924 εἰς
1443 892 1522 928 μόνον
1538 893 1572 920 τὰ
1598 893 1723 929 ὁρώμενα
1739 894 1785 920 τοῦ
1812 894 1914 929 κόσμου

1128 939 1256 972 στοιχεῖα,
1273 939 1319 964 καὶ
1334 937 1409 964 οὐδὲν
1423 939 1463 970 εἰς
1480 938 1641 974 ἀσωμάτους
1659 940 1705 965 καὶ
1718 938 1807 971 ζώσας
1821 940 1916 972 οὐσίας

1126 986 1292 1022 ἡρμήνευται
1315 988 1372 1018 τοῖς
1402 986 1574 1021 Αἰγυπτίοις·
1602 986 1636 1012 τὰ
1665 986 1693 1013 δὲ
1721 989 1838 1021 στοιχεῖα
1866 987 1915 1013 καὶ

1126 1032 1213 1059 πάντα
1235 1032 1269 1058 τὰ
1285 1033 1371 1068 ὁρατὰ
1393 1032 1516 1068 σώματα,
1537 1032 1576 1067 τῷ
1593 1033 1650 1068 ἰδίῳ
1667 1033 1737 1068 λόγῳ
1756 1033 1847 1067 ἄψυχα
1866 1033 1914 1059 καὶ

1126 1078 1220 1112 ἄλογα,
1233 1078 1333 1113 ῥευστὰ
1350 1087 1380 1104 τε
1398 1078 1447 1114 τὴν
1462 1078 1542 1113 φύσιν
1556 1079 1601 1105 καὶ
1620 1079 1725 1114 φθαρτὰ
1742 1079 1912 1114 καθέστηκε·

1126 1123 1174 1151 θέα
1190 1124 1229 1155 εἰς
1244 1121 1288 1150 οἷα
1304 1124 1384 1151 πάλιν
1405 1124 1494 1150 αὐτῶν
1514 1125 1728 1150 καταπέπτωκεν
1749 1125 1765 1159 ἡ
1778 1124 1912 1158 Θεολογία,

1125 1169 1173 1205 τὴν
1186 1169 1288 1204 ἄψυχον
1304 1169 1408 1202 οὐσίαν,
1422 1170 1468 1196 καὶ
1484 1170 1518 1196 τὰ
1536 1170 1620 1206 νεκρὰ
1632 1171 1677 1197 καὶ
1694 1170 1783 1205 ἄψυχα
1800 1170 1914 1205 σώματα

1126 1215 1283 1248 θειάζουσα,
1303 1216 1420 1251 μάλιστα
1436 1216 1479 1242 ὅτε
1502 1216 1541 1246 είς
1565 1216 1724 1251 ἀσωμάτους
1748 1216 1795 1242 καὶ
1816 1216 1913 1251 νοερὲς

1126 1262 1218 1294 οὐσίας
1234 1263 1309 1289 οὐδὲν
1331 1263 1422 1294 αὐτοῖς
1446 1263 1610 1298 ἀνεφέρετο,
1632 1262 1693 1289 οὐδὲ
1717 1263 1763 1289 ἐπὶ
1781 1262 1843 1289 νοῦν
1865 1262 1913 1289 καὶ

1126 1307 1204 1342 λόγον
1219 1307 1414 1343 δημιουργικὸν
1435 1307 1490 1334 τῶν
1508 1307 1585 1334 ὅλων.
1612 1307 1686 1333 Ἐπεὶ
1705 1307 1733 1333 δὲ
1754 1306 1912 1342 προωμολο-

1126 1353 1196 1389 γήθη
1214 1353 1257 1380 διὰ
1275 1353 1330 1380 τῶν
1346 1353 1463 1389 πρόσθεν
1476 1354 1516 1385 εἰς
1533 1354 1663 1388 Ἕλληνας
1677 1353 1742 1388 παρ’
1756 1353 1912 1387 Αἰγυπτίων

1125 1399 1159 1426 τὰ
1174 1399 1224 1434 τῆς
1241 1399 1378 1433 θεολογίας
1396 1399 1634 1434 μετακεκομίσθαι,
1651 1399 1710 1434 ὥρα
1724 1398 1826 1430 τούτοις
1841 1407 1913 1424 στοι-

1126 1446 1182 1480 χεῖν
1198 1445 1245 1471 καὶ
1259 1445 1402 1480 Ἕλληνας,
1420 1445 1466 1471 καὶ
1479 1445 1513 1471 τὰ
1530 1445 1598 1471 αὐτὰ
1613 1444 1770 1478 Αἰγυπτίοις
1789 1443 1913 1479 φυσιολο-

1127 1491 1195 1524 γεῖν,
1206 1490 1404 1525 ἀπελέγχεσθαί
1416 1499 1445 1517 τε
1456 1490 1554 1522 αὐτοὺς
1566 1490 1640 1516 οὐδὲν
1654 1490 1733 1516 πλέον
1746 1490 1794 1525 τῆς
1807 1489 1912 1525 ἀψύχου

1127 1535 1194 1570 ὕλης
1218 1536 1414 1568 (iactante-3w“.
1430 1537 1521 1564 Ταῦτα
1537 1537 1591 1572 γὰρ
1606 1534 1639 1571 ἦν
1663 1536 1697 1562 τὰ
1723 1536 1809 1571 σεμνὰ
1829 1536 1913 1569 Αἰγυ-

1126 1581 1211 1607 πτίων
1227 1581 1298 1608 κατὰ
1312 1581 1360 1617 τὴν
1377 1582 1422 1608 τοῦ
1442 1582 1626 1618 δεδηλωμένον
1646 1581 1824 1617 συγγραφέως
1844 1590 1914 1616 γρα-

1127 1627 1280 1662 φήν-ὅστις
1306 1627 1386 1654 πάλιν
1409 1629 1438 1654 ὲν
1461 1626 1500 1659 οἷς
1524 1627 1661 1663 ἐπέγραψε
1679 1627 1748 1661 Περὶ
1776 1627 1831 1661 τῆς
1852 1626 1913 1653 τῶν

1125 1672 1268 1707 ἐμψύχων
1282 1673 1411 1708 ἀποχῆς,
1429 1673 1539 1699 τοιαῦτα
1559 1673 1623 1708 περ).
1638 1672 1691 1698 τῶν
1709 1672 1796 1698 αὐτῶν
1814 1672 1911 1705 διέξει-

1127 1726 1178 1743 σιν·
1196 1727 1204 1743 ‹
1224 1718 1290 1744 Ἀπὸ
1304 1718 1332 1744 δὲ
1345 1718 1446 1753 ταύτης
1463 1718 1616 1754 ὁρμώμενοι
1630 1718 1679 1752 τῆς
1695 1719 1847 1758 ἀσκήσεως,
1864 1717 1912 1744 καὶ

1125 1764 1173 1798 τῆς
1189 1763 1257 1800 πρὸς
1267 1764 1296 1790 τὺ
1306 1763 1382 1790 Θεῖον
1399 1764 1570 1795 οἰκειώσεως,
1585 1764 1704 1797 ἔγνωσαν
1719 1763 1756 1795 ὡς
1771 1764 1800 1789 οὒ
1815 1763 1850 1789 δι’
1865 1763 1898 1789 ἀν

1125 1810 1234 1845 θρώπου
1253 1810 1332 1845 μόνου
1348 1810 1378 1837 τὸ
1398 1811 1473 1837 Θεῖον
1489 1810 1592 1845 διῆλθεν
1602 1818 1608 1824 ·
1621 1809 1682 1835 οὔτε
1696 1808 1767 1844 ψυχὴ
1790 1809 1820 1834 ὲν
1836 1808 1910 1844 μόνῳ

1127 1855 1262 1891 ἀνορώπῳ
1289 1857 1336 1882 ἐπὶ
1365 1855 1416 1890 γῆς
1441 1857 1662 1891 κατεσκήνωσεν,
1689 1854 1755 1881 ἀλλὰ
1777 1854 1868 1888 σχεδὸν
1891 1855 1908 1890 ἡ

1124 1900 1193 1935 αὐτὴ
1207 1900 1250 1926 διὰ
1271 1900 1378 1927 πάντων
1395 1899 1459 1935 ἦλθε
1483 1900 1537 1926 τῶν
1559 1899 1647 1931 ζώων.
1661 1899 1706 1925 Διὸ
1729 1899 1769 1930 εἰς
1784 1898 1832 1933 τὴν
1850 1897 1909 1924 θεο-

1125 1946 1214 1970 ποιῖαν
1231 1945 1382 1980 παρέλαϐον
1400 1946 1452 1971 πᾶν
1472 1944 1548 1976 ζῴον,
1563 1945 1608 1970 καὶ
1630 1944 1730 1978 ὁμοίως
1746 1952 1797 1970 που
1813 1943 1909 1977 ἀνέμι-

1124 1989 1172 2023 ξαν
1189 1989 1269 2026 Θηρία
1284 1990 1330 2016 καὶ
1345 1989 1511 2025 ἀνθρώπους,
1527 1991 1572 2016 καὶ
1588 1989 1667 2016 πάλιν
1676 1989 1776 2024 ὀρνέων
1793 1988 1907 2023 σώματα

1125 2035 1170 2061 καὶ
1185 2034 1344 2070 ἀνθρώπων.
1361 2036 1490 2062 Εἵκασται
1509 2035 1563 2070 γάρ
1579 2043 1619 2066 τις
1635 2035 1698 2070 παρ’
1717 2035 1807 2066 αὐτοῖς
1826 2034 1907 2069 μέχρι

1123 2081 1257 2116 τραχήλου
1277 2081 1492 2116 ἀνθρωποειδὴς,
1507 2081 1536 2106 τὸ
1556 2080 1584 2106 δὲ
1605 2080 1747 2115 πρόσωπον
1762 2080 1855 2115 ὀρνέου
1865 2099 1874 2111 ,
1889 2079 1905 2115 ἦ

1123 2126 1237 2158 λέοντος,
1252 2127 1269 2161 ἦ
1286 2126 1364 2153 ἄλλον
1380 2126 1451 2157 τινὸς
1467 2123 1535 2158 ζώου
1559 2125 1739 2160 κεκτημένοςο
1761 2125 1809 2151 καὶ
1826 2124 1907 2151 πάλιν

1125 2170 1157 2199 αὖ
1173 2171 1277 2207 κεφαλὴ
1289 2171 1464 2207 ἀνθρώπειος,
1484 2172 1530 2197 καὶ
1544 2170 1630 2196 ἄλλων
1642 2170 1722 2196 τινῶν
1735 2170 1810 2202 ζώων
1823 2171 1905 2205 μέρη,

1128 2218 1165 2252 πῆ
1181 2217 1231 2252 μὲν
1247 2217 1422 2252 ὑποκείμενα,
1441 2217 1477 2252 πῆ
1488 2216 1515 2242 δὲ
1530 2216 1698 2251 ἐπικείμενα.
1712 2216 1750 2242 Δι’
1764 2212 1801 2243 ὧν
1812 2215 1908 2250 διλλοῦ-

1127 2272 1178 2295 σιν,
1193 2264 1233 2290 ὅτι
1249 2265 1318 2290 κατὰ
1334 2262 1444 2298 γνώμην
1457 2263 1525 2289 Θεῶν
1540 2263 1587 2288 καὶ
1603 2261 1688 2288 ταῦτα
1712 2261 1834 2297 ἀλλήλοις
1849 2269 1908 2288 κοι-

1125 2311 1213 2341 νωνεῖ,
1230 2309 1277 2335 καὶ⁸
1289 2309 1424 2344 σύντροφα
1437 2309 1502 2344 ἡμῖν
1519 2309 1564 2334 καὶ
1579 2307 1695 2335 τιθασσά
1715 2308 1771 2333 ἐστι
1786 2307 1840 2333 τῶν
1853 2307 1905 2342 θη-

1127 2354 1192 2389 ρίων
1216 2354 1249 2380 τὰ
1271 2353 1371 2388 ἄγρια,
1389 2353 1438 2379 οὐκ
1460 2354 1523 2380 ἄνευ
1545 2353 1616 2385 τινὸς
1641 2352 1715 2384 θείας
1739 2352 1904 2387 βουλήσεως.

1127 2399 1206 2426 Ὅθεν
1218 2400 1263 2425 καὶ
1279 2400 1293 2425 ὁ
1307 2399 1374 2426 λέων
1389 2399 1426 2431 ὡς
1443 2399 1502 2430 θεὸς
1514 2399 1702 2435 θρησκεύεται,
1717 2399 1762 2424 καὶ
1780 2398 1862 2432 μέρος
1877 2406 1906 2423 τι

1124 2445 1173 2480 τῆς
1187 2444 1333 2478 Αἰγύπτου,
1348 2444 1362 2470 ὂ
1373 2444 1484 2471 καλοῦσι
1498 2444 1588 2479 νομὸν,
1602 2444 1741 2478 ἐπώνυμον
1755 2443 1810 2478 ἕχει
1822 2443 1906 2469 Λεον-

1123 2489 1275 2524 τοπο).ίτην,
1291 2489 1354 2515 ἄλλο
1367 2489 1396 2515 δὲ
1419 2490 1576 2525 Βουτιρίτην
1586 2510 1593 2519 ,
1613 2490 1660 2516 καὶ
1679 2489 1742 2515 ἄλλο
1758 2489 1905 2515 Κυνοπολί-

1123 2545 1173 2571 την
1187 2536 1253 2571 (57).
1273 2535 1327 2570 Τὴν
1341 2535 1395 2570 γὰρ
1408 2536 1453 2561 ἐπὶ
1470 2536 1556 2561 πάντα
1577 2535 1690 2569 δύναμιν
1709 2535 1752 2560 διὰ
1769 2534 1822 2560 τῶν
1841 2542 1904 2560 σνν-

1159 2612 1214 2647 (57)
1234 2612 1453 2647 Κῃνεπολῖιξτην.
1477 2611 1600 2647 Excusus
1623 2610 1703 2647 alter‘
1718 2609 1798 2636 habet
1815 2609 1903 2635 Λυκο-

1123 2643 1243 2681 πολίτήν.
1262 2646 1352 2680 Elige.
1371 2645 1491 2680 Utroque
1509 2646 1620 2673 nomine
1636 2643 1902 2681 prtefecturasflzgy-

1122 2686 1184 2715 plus
1200 2677 1318 2713 habuit:
1334 2681 1368 2708 de
1390 2677 1490 2715 quibus
1515 2687 1547 2707 ac
1568 2677 1672 2715 caeteris
1687 2679 1799 2715 consule
1812 2677 1904 2715 Ptole-

1122 2714 1230 2748 maeum,
1251 2714 1411 2742 Strabonem
1433 2715 1480 2742 lib.
1497 2723 1549 2741 xvu
1561 2714 1702 2748 ;.Plinium
1723 2714 1768 2741 lib.
1786 2721 1812 2744 ν.
1830 2720 1855 2740 c.
1873 2714 1901 2740 9.

1121 2749 1181 2777 Non
1198 2751 1283 2781 deest,
1299 2751 1326 2776 in
1339 2757 1394 2784 quo
1406 2750 1444 2776 illi
1456 2749 1621 2784 discrepent:
1633 2748 1765 2775 Busirites
1778 2748 1900 2782 quidem,
1942 2752 1947 2760 '

1121 2785 1264 2820 Ptolemaeo
1277 2783 1446 2820 Βουσίρίτης,
1463 2789 1492 2811 ut
1517 2783 1578 2816 hic;
1592 2783 1742 2820 iStraboxii,
1757 2787 1783 2809 ct
1799 2790 1901 2820 ercuso

1121 2819 1281 2855 Porphyrio,
1307 2817 1481 2855 Βουσειρίτης
1507 2826 1555 2854 per
1584 2818 1790 2854 diphthongum.
1819 2817 1902 2844 Notat
