2064 3212
256 1470 264 1484 \

287 118 339 145 175

612 117 744 145 EL'SEBII
762 117 1000 146 C/ESAltili'NSlS
1019 117 1094 146 OPP.
1115 117 1204 145 PARS
1221 117 1253 145 11.
1274 134 1309 139 —
1327 119 1576 148 APOLOCETICA.

1847 121 1900 149 176

287 176 404 209 homine,
437 184 475 203 sm
501 184 516 203 a
538 178 650 211 reliquis
675 178 784 210 insuper
817 177 1000 204 animantibus
1024 177 1214 205 abstinendum
1241 183 1292 205 est.
1324 178 1470 211 Praeterea,
1493 187 1554 207 cum
1574 180 1704 215 singulari
1734 180 1850 215 quadam
1873 184 1900 206 et

286 224 385 252 eximia
415 225 553 259 sapientia:
580 225 623 257 vi,
649 229 705 251 tum
729 224 856 251 diuturna
888 233 950 252 eum
975 225 1068 252 divino
1093 226 1204 252 numine
1218 227 1427 258 consuetudine,
1453 227 1504 254 hoc
1527 227 1607 254 etiam
1632 227 1802 259 intellexere,
1820 234 1903 262 quos-

286 270 348 297 dam
365 278 426 297 esse
439 271 514 301 deos,
528 271 573 305 qui
588 270 669 297 certis
697 270 880 298 animantibus
906 271 1002 305 magis,
1016 279 1097 306 quam
1116 272 1272 298 hominibus
1299 271 1375 306 ipsis,
1399 273 1575 306 delectentur,
1590 279 1620 300 ut
1643 273 1727 301 solem
1754 274 1900 309 accipitre,

287 317 344 351 qui,
362 325 423 344 cum
439 322 563 343 naturam
592 316 690 343 habeat
717 321 798 343 totam
817 325 851 344 ex
873 318 1006 352 sanguine
1036 318 1185 353 spirituque
1210 323 1389 352 constantem,
1404 323 1460 347 tum
1474 327 1506 347 ea
1521 324 1562 347 est
1582 327 1645 355 erga
1670 320 1806 347 hominem
1823 328 1902 347 com-

288 363 471 394 miseratione,
487 366 515 388 ut
529 361 628 396 jacenti
654 362 714 396 ejus
737 361 861 389 cadaveri
887 362 1066 397 ingemiscat,
1093 363 1233 398 oculisque
1257 368 1355 390 terram
1381 364 1492 398 ingerat.
1514 373 1523 389 ι
1540 363 1573 390 Et
1591 364 1714 398 pauculis
1742 363 1904 399 iuterjectis:

291 419 300 435 I
311 409 370 436 Jam
381 416 444 436 vero
455 408 632 438 scarabazum,
644 407 741 442 inquit,
754 409 852 435 stultus
871 408 939 435 forte
962 409 1096 443 quispiam
1114 409 1272 440 detestetur,
1290 413 1382 444 utpote
1392 409 1490 436 divinis
1512 409 1540 436 in
1555 409 1635 437 rebus
1650 410 1748 444 hospes
1766 417 1798 437 ac
1825 417 1903 445 pere-

287 455 402 489 grinus:
429 457 456 479 at
473 453 545 479 hunc
564 452 683 488 Aigyptii
707 453 785 488 quasi
812 454 900 480 vivam
924 461 957 481 ac
983 454 1129 489 spirantem
1154 455 1219 482 solis
1243 455 1387 489 imaginem
1417 455 1539 482 venerari
1564 455 1660 483 solent.
1682 454 1749 482 Nam
1767 460 1795 482 et
1810 463 1905 482 scara~

287 503 361 530 lucus
377 501 466 528 omnis
484 508 542 527 uias
559 506 609 534 est,
630 505 657 528 et
675 508 766 528 semen
797 501 823 528 in
847 502 972 537 paludem
997 502 1167 534 immissum,
1194 510 1224 529 ac
1249 502 1407 536 sphaericam
1442 503 1468 530 in
1494 502 1608 537 ﬁguram
1638 502 1835 530 conformatum
1851 510 1904 537 po-

288 548 395 576 stremis
409 547 522 582 pedibus
540 547 566 573 in
582 555 703 575 aversam
721 552 822 581 partem
838 548 982 580 convolvit,
1005 549 1070 576 solis
1101 549 1127 575 in
1159 549 1228 576 male
1251 554 1352 576 motum
1377 550 1529 582 aemulatus,
1549 550 1734 584 integramque
1750 549 1820 576 luna:
1847 548 1905 575 die-

287 601 348 621 rum
361 592 565 620 conversionem
580 597 726 626 exspectat.
756 592 854 627 Sicque
881 593 1018 629 singulare
1044 594 1145 628 aliquid
1173 594 1206 620 de
1227 594 1319 627 ariete,
1350 594 1423 621 aliud
1452 595 1516 622 item
1532 594 1565 621 de
1581 595 1726 627 crocodilo,
1736 601 1767 622 ac
1779 593 1904 621 similiter

287 640 320 666 de
333 639 450 672 vulture,
465 637 511 670 ibi,
527 645 582 664 uno
596 638 687 670 verbo,
717 638 749 665 de
779 638 898 672 quolibet
915 638 1093 665 animantium
1119 647 1216 674 genere
1242 640 1482 674 philosophantur,
1506 644 1536 668 ut
1550 648 1662 668 summae
1674 640 1814 675 cujusdam
1839 649 1906 676 pru-

287 686 394 718 dentim,
423 690 470 712 aut
491 685 580 720 potius
599 686 696 713 divinae
724 686 863 721 sapientiae
890 687 1006 714 consilio
1035 687 1067 714 ad
1081 688 1183 715 cultum
1209 689 1274 723 ipsis
1302 689 1382 716 etiam
1410 689 1572 717 animalibus
1599 689 1769 717 tribuendum
1794 689 1904 718 adducti

288 740 347 760 esse
360 732 512 760 videantur.
533 743 542 758 ι

556 789 609 824 95
628 789 741 816 CAPUT
762 789 792 816 ν.

1391 802 1587 829 ΚΕΦΛΛΑΙΟΝ
1604 802 1641 830 Ε’.

290 846 347 874 Ista
367 846 454 873 omnia
479 846 578 873 nullam
595 846 740 884 damnandi
761 847 802 873 sui
824 855 931 874 causam
955 855 1001 882 per
1015 855 1070 875 sese

1123 849 1186 876 Ὅτι
1203 848 1357 875 καὶταῦτα
1379 848 1480 882 πάσης
1499 847 1614 883 ὑπῆρχε
1630 847 1728 883 μεστὰ
1751 847 1905 884 καταγνώ-

569 889 618 907 non
639 881 790 916 prazbuisse.

324 927 387 955 litec
401 927 483 963 igitur
498 927 622 954 laudatus
634 935 648 953 a
660 927 738 954 nobis
748 927 863 961 scriptor
874 925 907 953 de
913 927 1018 962 egregia
1028 933 1071 961 po-

290 975 399 1001 lilorum
411 978 437 1001 et
448 974 608 1008 elegantium
623 972 808 1008 Egyptiorum
820 973 985 1008 physiologia
998 981 1071 1000 com-

290 1025 433 1052 memorat,
461 1020 559 1054 quibus
587 1027 681 1046 eorum
705 1019 784 1046 nobis
805 1026 903 1046 arcana
924 1019 1069 1053 patefeCit;

290 1067 429 1100 nimirum,
448 1074 545 1102 aquam
569 1067 642 1101 ipsos
659 1066 803 1102 ignemque
829 1066 962 1098 venerari,
979 1073 1072 1092 unam-

290 1121 343 1149 que
367 1113 479 1141 omnino
496 1120 558 1140 esse
575 1117 629 1140 tam
656 1113 760 1139 ratione
776 1112 950 1146 przeditorum
966 1132 973 1145 ,
989 1119 1071 1146 quam

289 1160 383 1187 eadem
408 1159 569 1190 carentium,
585 1165 635 1185 nec
653 1165 798 1192 corporum
815 1157 906 1190 modo,
925 1157 971 1184 sed
988 1157 1069 1184 etiam

291 1205 375 1232 animi
388 1204 569 1232 substantiam
587 1208 769 1238 naturamque
795 1207 930 1236 statuere;
957 1207 987 1230 ut
1010 1210 1070 1230 eam

291 1253 325 1279 ob
345 1259 455 1279 causam
472 1250 543 1278 feras
557 1250 638 1277 etiam
653 1250 714 1284 jure
728 1249 762 1276 ab
778 1249 830 1276 illis
845 1257 877 1276 ac
894 1250 990 1276 merito
1009 1249 1073 1277 deo-

291 1305 351 1323 rum
368 1297 394 1322 in
411 1302 524 1323 numero
540 1295 630 1330 palam
650 1294 757 1321 habitas
770 1301 802 1321 ac
818 1295 967 1321 recensitas
987 1293 1072 1322 fuisse

291 1343 447 1370 arbitretur.
475 1341 502 1368 ld
527 1345 616 1368 autem
645 1341 706 1375 quis
727 1349 782 1368 non
807 1341 842 1367 ab
867 1341 941 1367 omni
966 1341 1072 1368 ratione

291 1389 487 1416 alienissimum
513 1395 574 1415 esse
600 1388 698 1420 videat,
724 1387 837 1415 rationis
864 1392 1000 1422 expertem
1015 1387 1072 1414 bel-

290 1437 446 1470 luinamque
461 1439 598 1468 naturam,
617 1439 647 1461 ut
661 1441 761 1461 numen
787 1434 813 1460 in
827 1442 860 1461 ea
878 1438 1053 1461 consecretur
1063 1453 1070 1467 ,

291 1482 422 1514 adhiberi,
440 1481 511 1516 quod
525 1480 657 1515 ejusdem,
681 1484 710 1508 ut
726 1479 814 1513 aiunt,
829 1487 892 1507 eum
915 1479 1072 1507 hominibus

1471 891 1559 916 σεως.

1157 931 1274 958 Τοιαῦτα
1291 930 1338 957 καὶ
1352 931 1387 957 τὰ
1400 931 1463 966 περὶ
1482 931 1532 965 τῆς
1556 929 1682 964 γενναίας
1695 929 1748 956 τῶν
1762 929 1851 964 σοφῶν
1861 929 1906 956 Αι-

1122 974 1244 1008 γυπτίων
1268 974 1441 1009 φυσιολογίας
1457 974 1573 1001 τέθειται
1585 975 1599 1000 ὁ
1617 974 1810 1009 δεδηλωμένος,
1825 974 1907 1008 Αἰγυ-

1123 1020 1206 1046 πτίων
1233 1020 1403 1055 διασαφήσας
1416 1021 1480 1056 ἡμῖν
1500 1020 1534 1047 τὰ
1560 1020 1711 1056 ἁπάρῤηταν
1732 1020 1814 1046 δτιτε
1833 1019 1905 1054 ὕδωρ

1123 1067 1168 1093 καὶ
1188 1066 1242 1102 πῦρ
1268 1067 1385 1098 σέϐουσι,
1408 1067 1454 1093 καὶ
1475 1066 1658 1101 μίαλογικῶν
1679 1067 1726 1094 καὶ
1742 1066 1856 1100 ἀλόγων,
1874 1066 1904 1092 οὗ

1123 1113 1202 1148 μόνον
1228 1113 1376 1147 σωμάτων,
1402 1112 1470 1139 ἀλλᾶ
1492 1112 1539 1139 καὶ
1565 1111 1653 1148 ψυχῆς
1678 1112 1756 1138 οὐσία
1779 1112 1906 1148 κέκριται

1122 1157 1190 1185 εἶναι
1209 1160 1272 1194 παρ’
1299 1159 1401 1190 αὐτοῖς,
1429 1158 1466 1191 ὡς
1487 1158 1605 1193 εὐλόγως
1627 1158 1701 1193 αὐτῷ
1721 1159 1809 1185 δοκεῖν
1827 1158 1906 1189 θεοὺς

1123 1204 1318 1240 ἁνηγορεῦσθαι
1326 1203 1358 1230 τὰ
1371 1203 1564 1239 θηρία.Καὶτοι
1575 1203 1632 1235 πῶς
1643 1204 1673 1229 οὺ
1682 1202 1906 1238 παραλογώτατον

1123 1250 1162 1280 εἰς
1178 1248 1313 1276 θεοπῡιῖαν
1322 1249 1543 1284 παραλαμϐάνειν
1555 1249 1604 1284 τὴν
1620 1248 1714 1282 ἄλογον
1729 1249 1775 1274 καὶ
1785 1247 1905 1283 θηριώδη

1123 1295 1213 1329 φύσιν,
1233 1295 1276 1321 διὰ
1301 1295 1332 1321 τὸ
1354 1295 1404 1329 τῆς
1419 1295 1490 1329 ῐσης,
1518 1294 1555 1326 ὥς
1570 1303 1660 1329 φασιν,
1674 1293 1827 1329 ἀνθρώποις
1846 1302 1906 1329 μετι

1123 1340 1194 1376 ἐχειν
1205 1341 1307 1376 ψυχῆς
1323 1341 1374 1377 χρὴ
1396 1341 1460 1376 γὰρ,
1482 1340 1560 1376 εἴπερ
1582 1341 1651 1376 ἄρα⁷
1679 1340 1836 1376 ἀνθρώπους
1858 1341 1905 1366 καὶ

1123 1386 1192 1413 αὐτὰ
1209 1386 1343 1422 ἡγεῖσθαι,
1358 1386 1467 1421 καὶτῆς
1486 1386 1656 1421 ἀνθρωπείας
1666 1386 1755 1417 αὐτοῖς
1777 1386 1855 1420 δόξης
1876 1393 1905 1411 τε

1124 1433 1171 1459 καὶ
1187 1433 1270 1468 τιμῆς
1286 1432 1463 1468 μεταδιδόναι.
1484 1433 1514 1459 Οἱ
1527 1431 1555 1458 δὲ
1569 1431 1646 1458 τοῦτο
1660 1431 1696 1466 μὴ
1713 1431 1862 1467 πράξαντες
1871 1430 1906 1457 τὰ

1124 1479 1193 1515 πρὸς
1208 1479 1294 1514 αὐτῆς
1311 1479 1360 1514 τῆς
1374 1479 1480 1514 φύσεως
1502 1478 1586 1512 ἄλογα
1596 1477 1677 1515 θηρία
1697 1478 1838 1512 γενόμενα,
1858 1477 1905 1503 καὶ

291 1528 375 1555 animi
399 1527 593 1555 communione
617 1526 764 1561 jungatur?
791 1525 909 1561 quippe,
937 1530 1072 1561 oporteret

1124 1525 1226 1560 ταύτην
1251 1525 1376 1561 εἰληχότα
1401 1525 1450 1560 τὴν
1476 1525 1643 1560 ἐπωνυμίαν,
1657 1525 1703 1550 καὶ
1718 1524 1777 1550 οὐδὲ
1794 1523 1845 1558 τῆς
1857 1523 1905 1550 ἀν-

291 1573 374 1604 enini,
389 1573 412 1599 si
435 1572 471 1599 ita
485 1576 536 1604 est,
552 1571 659 1598 easdem
682 1570 752 1598 feras
770 1571 894 1598 homines
917 1571 1052 1606 appellare
1065 1591 1072 1605 ,

292 1619 494 1652 humanamque
509 1625 571 1644 cum
586 1617 620 1643 iis
631 1616 788 1652 dignitatem
801 1616 987 1652 honoremque
998 1624 1074 1644 com~

293 1665 444 1691 qunicare.
457 1663 533 1696 Quod
550 1662 587 1689 illi
607 1670 668 1690 cum
690 1662 802 1689 minime
822 1662 944 1695 fecerint,
960 1671 1021 1698 quae
1034 1668 1074 1690 ta—

293 1717 353 1736 men
366 1710 399 1736 ab
419 1709 477 1743 ipsa
488 1713 586 1735 natura
601 1708 686 1735 brutae
700 1715 732 1735 ac
744 1708 857 1736 rationis
874 1713 998 1743 expertes
1011 1708 1074 1736 ferae

293 1759 478 1790 procreantur,
495 1761 556 1789 qua
572 1754 622 1780 hoc
646 1754 817 1788 cognomenti
842 1762 928 1789 genus
945 1754 996 1781 sibi
1013 1762 1074 1789 pro-

293 1802 381 1836 prium
397 1800 501 1828 sortita:
523 1804 597 1832 sunt,
614 1807 674 1834 quae
687 1807 721 1826 ne
734 1799 793 1834 ipsa
808 1799 918 1835 quidem
933 1800 1073 1827 hominum

291 1847 472 1883 appellatione
483 1847 571 1882 dignae
587 1846 762 1882 judicantur;
781 1852 827 1873 eas
842 1854 895 1873 non
908 1847 965 1881 jam
981 1846 1074 1874 eodem

292 1894 364 1929 apud
383 1901 422 1926 se,
442 1900 497 1929 quo
514 1893 649 1926 homines,
672 1893 733 1927 jure
762 1899 822 1920 esse
846 1892 1007 1926 voluerunt,
1027 1893 1074 1920 sed

292 1940 453 1967 altissimum
468 1939 532 1967 illud
548 1939 623 1966 orbis
635 1939 753 1966 universi
768 1939 848 1974 regis.
861 1947 893 1966 ac
907 1947 997 1966 rerum
1013 1947 1073 1966 om-

292 1987 366 2014 nium
385 1986 519 2013 molitoris
535 1985 580 2012 Dei
611 1993 708 2013 nomen
728 1986 754 2013 in
777 1985 928 2012 belluarum
949 1991 1074 2013 naturam

291 2032 363 2059 ultro
379 2031 545 2066 dejceerunt,
562 2039 663 2066 easque
685 2031 750 2058 deos
771 2031 990 2066 pronuntiarunt,
1006 2040 1075 2067 quas

291 2078 363 2106 Deus
384 2086 417 2106 ne
441 2078 580 2105 hominum
609 2077 718 2112 quidem
743 2077 919 2112 appellatione
948 2078 1074 2113 dignatus

291 2129 343 2151 est.
357 2124 472 2151 Audiisti
497 2128 627 2158 praeterea
644 2123 742 2150 divinae
761 2123 900 2157 sapientiae
925 2124 1052 2158 mysteria
1065 2145 1073 2157 ,

292 2177 354 2205 qua:
380 2169 530 2197 mirabilem
548 2168 738 2204 [Egyptiorum
762 2170 898 2197 nationem
926 2170 960 2196 ad
984 2170 1072 2204 lupos,

291 2224 374 2245 canes
399 2215 545 2250 leonesque
566 2215 732 2242 venerandos
755 2216 888 2243 excitarit.
915 2216 1072 2250 Cognovisli

291 2261 373 2288 etiam
389 2260 519 2287 scarabzei
533 2260 704 2292 miraculum,
717 2260 843 2288 virtutem
858 2261 1004 2295 accipitris.
1022 2261 1072 2289 Des

291 2307 351 2334 sine
366 2311 472 2339 tamen,
496 2305 568 2348 quod
586 2310 727 2340 superest,
750 2306 816 2334 deos
832 2307 962 2334 irridere:
979 2308 1073 2336 subeat

292 2358 318 2380 te
329 2353 418 2388 potius
432 2356 513 2380 tantae
529 2352 706 2380 infelicissimi
717 2352 856 2379 hominum
872 2352 978 2388 generis
995 2354 1074 2380 caeci-

1124 1572 1239 1609 θρώπων
1266 1573 1442 1608 προρρήσεως
1459 1571 1514 1606 (69)
1539 1570 1694 1606 ἠξιωμένα,
1719 1569 1772 1596 οὔδ’
1805 1569 1905 1604 ὁμοίιος

1123 1618 1274 1654 ἀνθρώποις
1292 1618 1410 1652 ἠξίωσαν
1431 1616 1626 1649 ἀποδέξασθαι·
1645 1616 1693 1651 τὴν
1717 1615 1846 1642 ἀνωτάτω
1876 1615 1906 1642 δὲ

1123 1666 1169 1693 τοῦ
1183 1665 1376 1700 παμϐασιλέως
1390 1663 1583 1699 προσηγορίαν,
1593 1663 1639 1690 καὶ
1650 1663 1696 1689 τοῦ
1711 1662 1764 1689 τῶν
1779 1663 1906 1689 ἁπάντων

1123 1710 1287 1746 δημιουργοῦ
1305 1709 1373 1736 Θεοῦ
1391 1709 1518 1744 φέροντες
1539 1710 1578 1740 εἰς
1596 1709 1644 1743 τὴν
1665 1708 1718 1734 τῶν
1739 1707 1840 1744 θηρίων
1856 1708 1907 1742 φύ-

1125 1763 1176 1786 σιν,
1194 1754 1421 1789 καταϐεῦλήκατι,
1445 1755 1492 1780 καὶ
1512 1753 1589 1784 θεοὺς
1605 1754 1787 1788 ἐπεφήμισαν,
1803 1753 1821 1779 ἃ
1837 1753 1906 1788 μηδὲ

1123 1801 1171 1836 τῆς
1184 1800 1331 1836 ἀνθρώπων
1345 1800 1412 1835 πρὸς
1422 1799 1504 1826 αὐτοῦ
1514 1799 1560 1826 τοῦ
1574 1799 1641 1826 Θεοῦ
1651 1799 1814 1833 κατηξίωται
1822 1807 1906 1834 προσ-

1123 1849 1247 1885 ηγορίας.
1279 1848 1339 1874 Ἐπὶ
1359 1848 1462 1879 τούτοις
1481 1848 1600 1882 ἀκήκοας
1616 1847 1663 1874 καὶ
1692 1847 1742 1883 τῆς
1764 1847 1906 1881 θεοσοφίας

1123 1895 1173 1930 τῆς
1193 1894 1335 1930 μυστικῆς,
1357 1893 1390 1920 δι’
1405 1893 1438 1928 ἢν
1461 1893 1485 1919 οἱ
1511 1893 1656 1928 θαυμάσιοι
1676 1893 1731 1920 τῶν
1751 1893 1906 1927 Αἰγυπτίων

1124 1941 1220 1972 λύκους
1235 1941 1281 1967 καὶ
1298 1940 1380 1972 κύνας
1396 1939 1442 1967 καὶ
1465 1939 1573 1971 λέοντας
1594 1939 1786 1974 ὲσεῦάσθηεαν,
1799 1939 1906 1973 Ἐγνως

1124 1988 1170 2014 καὶ
1184 1987 1229 2014 τοῦ
1242 1987 1376 2022 κανθάρου
1391 1986 1422 2012 τὸ
1435 1986 1535 2021 θαῦμα,
1551 1986 1598 2012 καὶ
1615 1985 1722 2020 ἱέρακος
1736 1985 1786 2020 τὴν
1793 1984 1905 2020 ἀρετήν.

1124 2032 1169 2067 Μὴ
1177 2032 1205 2059 δὲ
1218 2032 1284 2066 γέλα
1297 2031 1343 2058 τοῦ
1354 2031 1448 2058 λοιποῦ
1465 2032 1527 2063 τοὺς
1542 2031 1619 2062 θεούς
1630 2039 1635 2045 ·
1655 2030 1723 2057 ἐλέει
1736 2031 1764 2056 δὲ
1780 2030 1826 2058 καὶ
1840 2030 1905 2056 πολ-

1124 2078 1174 2113 λῆς
1184 2078 1308 2113 εὐηθείας
1331 2079 1378 2105 καὶ
1392 2077 1522 2112 ἀϐλεψίας
1538 2077 1568 2103 τὺ
1586 2076 1739 2112 τρισάθλιον
1756 2075 1906 2112 ἀνθρώπων

1125 2124 1210 2158 γένος.
1225 2124 1279 2150 Καὶ
1294 2124 1326 2159 δὴ
1342 2124 1436 2150 σκόπει
1450 2124 1484 2149 τὰ
1498 2123 1584 2149 πάντα
1597 2122 1761 2158 περιαθρῶν,
1771 2122 1834 2149 οἴων
1841 2122 1906 2158 ἡμῖν

1125 2170 1234 2204 ἀγαθῶν
1251 2170 1363 2205 πάρεστι
1385 2170 1466 2204 δοτὴρ
1482 2170 1496 2195 ὁ
1512 2169 1628 2204 Χριστὸς
1642 2170 1656 2195 ὁ
1670 2167 1746 2199 Θεὸς,
1771 2167 1907 2203 τοσαύτης

1125 2217 1212 2247 νόσου,
1240 2216 1346 2252 μακρᾶς
1369 2224 1397 2242 τε
1420 2217 1467 2242 καὶ
1489 2215 1662 2251 πολυχρονίου
1680 2214 1839 2251 πηρώσεως,
1859 2214 1906 2241 καὶ

1124 2262 1172 2294 τὰς
1189 2262 1343 2296 Αἰγυπτίων
1355 2261 1453 2296 ψυχὰς,
1464 2261 1508 2288 διὰ
1518 2261 1568 2296 τῆς
1578 2261 1758 2296 εὐαγγελικῆς
1771 2260 1852 2286 αὐτοῦ
1868 2260 1907 2286 δι-

1124 2306 1270 2338 δασκαλίας
1288 2305 1498 2341 λελυτρωμὲνος,
1514 2305 1552 2337 ὡς
1573 2306 1637 2337 τοὺς
1663 2305 1771 2337 πλείους
1789 2305 1839 2339 ήδη
1852 2304 1906 2331 τῶν

1125 2354 1183 2379 κατ’
1200 2352 1333 2386 Αἴγυπτον
1345 2353 1391 2378 καὶ
1405 2351 1505 2387 ταύτης
1519 2351 1690 2388 ἀπηλλάχθαι
1703 2352 1752 2387 τῆς
1765 2352 1854 2378 νόσου.

292 2400 357 2426 tatis
372 2405 399 2426 et
429 2398 554 2426 amentia
574 2398 774 2426 commiseratio
788 2405 795 2424 :
813 2398 948 2433 simulque
961 2399 1089 2428 omnibus
1109 2400 1250 2432 diligenter
1264 2397 1410 2432 exploratis
1425 2402 1513 2425 tecum
1536 2398 1593 2433 ipse
1607 2403 1711 2433 reputa,
1728 2397 1827 2432 quibus
1858 2406 1906 2425 nos

290 2445 454 2480 quantisque
484 2445 563 2472 bouis
587 2445 712 2472 Christus
728 2445 772 2472 ille
792 2444 863 2471 Deus
877 2445 1032 2480 cumularit,
1062 2446 1108 2481 qui
1127 2450 1236 2472 nostros
1264 2450 1290 2471 et
1313 2444 1499 2479 AZgyptiorum
1524 2445 1641 2479 ipsorum
1661 2445 1774 2476 animos,
1791 2452 1906 2478 evange-

293 2489 350 2517 licae
377 2490 507 2517 doctrinae
521 2497 577 2517 sure
601 2490 626 2516 vi
649 2495 701 2516 tam
719 2490 865 2516 inveterata
892 2495 1002 2525 tamque
1027 2491 1155 2518 diuturna
1177 2489 1297 2516 caecitate
1311 2489 1452 2517 rindiearit
1473 2499 1480 2518 :
1503 2498 1564 2517 nam
1588 2495 1615 2518 et
1640 2490 1781 2526 [Egyptios
1797 2499 1905 2527 quoque

293 2536 437 2563 maximam
458 2544 523 2564 sane
540 2540 642 2570 partem
667 2536 790 2563 videmus
817 2536 851 2563 ab
880 2536 960 2564 istius
984 2537 1071 2565 morbi
1091 2536 1402 2570 contagioueliberatos.

554 2582 610 2618 93
627 2581 739 2609 CAPUT
760 2581 802 2608 vr.

293 2626 359 2654 lure
373 2635 418 2653 nos
434 2627 466 2653 ab
481 2635 512 2654 ea
523 2636 622 2663 quoque
641 2627 671 2654 de
685 2629 735 2654 diis
749 2628 860 2654 islorum
876 2629 1076 2662 philosophandi

330 2663 440 2693 ratione,
458 2670 516 2696 qua;
533 2664 638 2697 propius
656 2663 689 2689 ad
711 2669 832 2689 naturam
848 2664 968 2690 accedere
988 2664 1077 2690 videa-

330 2703 381 2737 μέν,
395 2698 550 2737 recessisse,
568 2698 699 2732 eidemque
722 2697 805 2724 solum
822 2706 958 2733 veramque
982 2699 1077 2725 theolo-

328 2733 397 2766 giam
415 2733 600 2765 anteposuisse.

298 2808 301 2811 η
329 2776 467 2810 Ejusmodi
484 2776 591 2803 fuerunt
606 2776 793 2812 [Egyptiorum
819 2781 971 2804 commenta
984 2797 991 2810 ,
1015 2784 1077 2811 quae

1389 2583 1585 2610 ΚΕΦΛΛΑΙΟΝ
1603 2579 1648 2612 CT-

1125 2629 1184 2655 Ὅτι
1201 2629 1248 2656 καὶ
1264 2629 1318 2662 τῆς
1337 2630 1539 2663 φυσικωτέρίις
1558 2629 1655 2656 αὐτῶν
1670 2629 1735 2662 περὶ
1750 2629 1824 2655 θεῶν
1838 2629 1906 2654 θεω-

1155 2664 1224 2697 ρίας
1239 2665 1369 2699 εὐλόγως
1389 2664 1646 2698 ἀναχωρήσαντες,
1667 2664 1724 2697 τὴν
1740 2664 1838 2698 μόνην
1855 2664 1903 2690 καὶ

1159 2699 1255 2733 ἀληθῆ
1268 2700 1424 2734 θεολογίαν
1447 2699 1694 2734 προετιμήσαμεν.

1167 2777 1246 2804 Ἀλλὰ
1261 2779 1314 2813 γὰρ
1329 2779 1440 2807 τοιαῦτα
1452 2779 1498 2807 καὶ
1517 2779 1551 2806 τὰ
1564 2780 1628 2814 παρ’
1646 2779 1812 2813 Αἰγυπτίοις,
1825 2778 1843 2806 ἃ.
1859 2776 1907 2806 καὶ

327 2833 382 2870 (69)
404 2833 604 2868 Πίιρίρήσεως.
625 2835 698 2862 Alter
721 2844 736 2863 e
757 2843 835 2867 mss.,
853 2843 914 2863 cum
940 2835 1069 2867 Melitae,

1123 2836 1277 2871 mpii-iung
1292 2837 1400 2865 melius.
