2064 3212
124 213 175 240 ΓΓΙ

716 215 874 244 ΡΒᾸΞΡΑΗ.
893 216 1017 247 EVANG.
1037 219 1100 247 LIB.
1122 220 1163 247 lll.

1684 224 1736 252 178

124 270 274 306 παλαίτερα
290 271 346 298 τῶν
372 271 539 308 Ἑλληνικῶν
559 273 686 301 ἀπάντων
704 276 899 310 μνημινεὺεται

962 277 1040 312 longe
1071 279 1199 306 omnibus
1233 279 1387 306 Graecorum
1421 278 1554 313 ﬁgmentis
1587 278 1737 313 antiquiora

126 317 218 352 Ἔχεις
230 318 375 353 τοιγαροῦν
392 319 460 355 πρὸς
481 320 528 355 τὴν
546 320 662 356 μυθικὴν
677 327 690 342 ⁸
708 322 753 348 καὶ
765 322 813 358 τὴν
830 331 909 356 φυσι-

124 363 246 400 κωτέραν
258 364 402 399 θεολογίας
421 367 434 386 b
458 366 590 402 Ἐλλήνων
602 367 670 403 ὁμοῦ
684 369 730 395 καὶ
743 369 909 402 Αίγυπτῖων,

123 409 178 435 τῶν
192 410 277 437 πάλαι
293 411 342 445 τὴν
364 411 493 439 πολύθεον
513 412 721 449 δεισιδαιμονίαν
744 415 911 450 συστησαμέ-

122 465 190 481 νων·
207 457 273 492 παρ’
291 455 332 488 οἷς
351 458 392 484 ὃτι
406 458 488 494 μηδέν
505 467 530 486 τι
541 460 595 486 τῶν
611 459 718 496 ἀληθῶς
733 460 822 492 θείων,
839 461 910 488 ἀσω-

125 501 220 536 μάτων
240 511 269 529 τε
288 504 336 529 καὶ
352 504 453 540 νοερῶν
474 505 571 532 οὐσιῶν
590 506 760 542 ὲγνωρίζετο,
787 507 909 543 μεμάθη-

123 555 185 579 κας.
201 548 276 584 Πλὴν
289 549 357 576 ἀλλά
369 550 484 577 δεδόσθω
498 551 545 578 καὶ
562 553 781 588 συγκεχωρήσθω
791 553 909 580 τουτοισὶ

121 595 179 626 τοῖς
191 595 422 631 μετεωρολέσχαις
438 596 526 631 λέγειν
538 597 635 633 ἀληθῆ,
651 599 698 626 καὶ
719 599 908 634 ἐπιτυγχάνειν

122 639 153 665 ὲν
162 641 195 675 τῇ
212 640 268 668 τῶν
288 641 532 678 ἀλληγορουμένωνί
548 644 718 680 φυσιολογίᾳ·
745 644 864 678 γενέσθω
878 654 908 672 τε

121 686 216 718 αὐτοῖς
229 688 243 713 ὁ
253 687 327 723 ἣλιος
339 690 404 716 ποτὲ
428 690 476 724 μὲν
495 691 642 723 Ἀπόλλων,
659 692 705 718 καὶ
718 692 798 718 πάλιν
815 690 907 726 Ὦρος,

121 733 171 759 καὶ
194 733 301 768 Ὄσιρις
316 735 396 762 πάλιν
409 737 422 762 ό
439 736 529 768 αὐτὸς,
550 737 597 763 καὶ
612 737 694 772 μυρία
708 737 785 766 ἄλλα.
800 737 850 764 ὅσα
863 738 908 764 καὶ

122 777 237 806 θέλοιεν·
250 779 344 816 ὥσπερ
353 779 400 807 οὖν
412 781 457 808 καὶ
467 782 484 817 ἡ
498 782 605 818 σελήνη,
618 783 634 818 ἢ
647 780 726 813 Ἶσις,
740 783 757 818 ἢ
766 783 905 818 Ἄρτεμις,

124 825 230 851 aulaea.
236 825 268 852 ἄν
277 834 318 858 τις
328 827 484 862 ἐξαριθμεῖν
495 828 623 863 βούλοιτο,
636 828 681 862 Μὴ
687 829 741 863 γὰρ
748 828 906 855 ἕστωταῦτα

123 869 231 905 θνητῶν
241 871 353 906 ἀνδρῶν,
361 872 418 899 ἀλλ’
424 873 513 900 αὐτῶν
519 874 572 900 τῶν
580 874 748 910 ἐπουρανίων
755 875 847 910 φωστή
853 883 906 911 ρων

122 916 290 950 σημαντικαὶ
301 918 490 953 προσηγορίαι.
500 918 550 945 Τὸν
558 918 631 953 ἣλιον
642 919 760 954 ἀρικαὶ
770 919 820 955 τὴν
831 920 906 956 σελή-

962 323 1046 351 fuisse
1066 330 1259 352 memorantur.
1283 324 1369 352 Habes
1385 329 1413 351 tu
1429 328 1523 359 praeter
1539 323 1688 351 fabulosam
1706 325 1739 352 il-

960 369 1014 397 lam
1029 370 1202 404 theologiam,
1219 371 1300 397 aliam
1321 377 1429 405 quoque
1447 377 1508 397 cum
1528 370 1609 397 rebus
1628 374 1738 397 natura-

959 415 1031 443 libus
1046 416 1257 451 coniunctiorem
1268 437 1275 449 ,
1301 424 1414 452 eantque
1438 424 1499 444 cum
1515 415 1615 444 (ἐι-τεοῖο
1635 417 1737 452 pariter

960 461 1148 497 Egyptiisque
1159 462 1341 496 comm‘unem,
1357 462 1402 498 qui
1417 462 1472 497 jam
1490 463 1553 489 olim
1571 463 1739 497 superstitio-

959 514 1019 533 sum
1041 506 1123 534 istum
1145 511 1183 534 tot
1200 507 1340 534 numinum
1366 508 1467 534 cultum
1484 507 1652 539 contlavere,
1668 515 1738 542 quos

959 552 1052 586 utique
1075 552 1143 578 nihil
1166 553 1278 580 omnino
1292 553 1325 580 de
1337 553 1390 580 ulla
1407 560 1468 580 vere
1484 553 1590 586 divina,
1616 553 1737 588 corporis

958 603 1077 632 experte,
1092 602 1173 633 atque
1190 599 1352 632 intelligente
1370 604 1466 627 natura
1477 599 1648 635 cognovisse,
1660 599 1738 627 facile

958 644 1160 672 animadvertis.
1180 644 1232 672 Sed
1247 645 1317 672 enim
1334 645 1430 672 demus
1453 645 1504 673 hoc
1525 650 1629 679 tamen,
1657 650 1738 680 atque

958 690 1019 718 istis
1046 690 1171 718 altiorum
1198 691 1404 728 coalesliumque
1422 700 1554 726 nugarum
1583 692 1737 720 architectis

957 736 1147 769 concedamus,
1159 745 1252 764 verum
1266 745 1314 765 eos
1328 738 1417 765 dicere
1427 759 1435 770 ,
1462 742 1487 765 et
1501 738 1527 765 in
1545 739 1595 765 hac
1609 746 1657 766 sua
1671 738 1737 765 alle-

957 783 1054 818 gorica:
1076 783 1304 818 interpretationis
1332 783 1500 820 physiologia
1513 791 1623 818 scopum
1646 785 1734 819 ipsum

957 829 1087 863 attigisse.
1107 829 1147 856 Sit
1166 831 1237 864 apud
1251 830 1310 858 illos
1327 830 1368 857 sol
1391 838 1463 857 nunc
1486 830 1592 865 quidem
1621 830 1735 864 Apollo,

956 882 1029 902 nunc
1042 873 1122 908 0rus,
1138 884 1209 903 nunc
1226 876 1317 909 etiam,
1334 877 1357 904 si
1371 877 1455 908 lubet,
1472 875 1558 904 Osiris
1569 897 1576 910 ,
1605 876 1661 903 imo
1678 881 1736 904 esto

955 927 1038 953 sane,
1064 921 1194 956 quidquid
1210 922 1261 956 ipsi
1284 922 1417 949 voluerint
1440 931 1447 949 :
1467 923 1584 958 itemque
1596 922 1677 955 luna,
1695 923 1737 950 vel

122 970 184 995 νην.
192 962 307 994 καὶτοὺς
316 963 432 999 ἀστέρας
439 964 486 991 καὶ
494 965 526 991 τὰ
531 964 610 992 λοιπὰ
619 966 666 992 τοῦ
673 967 773 1001 κόσμου
784 966 863 1002 μέρη,
869 965 903 997 ὡς

957 966 1016 999 Isis,
1033 968 1074 995 vel
1093 968 1221 1001 Artemis,
1237 969 1279 995 vel
1291 976 1459 1004 quaecunque
1475 977 1614 997 recensere
1626 969 1736 1003 placue-

121 1007 200 1040 θεοὺς
216 1009 424 1045 προσκυνητέον.
443 1010 498 1038 Καὶ
512 1011 597 1048 ταύτῃ
607 1011 750 1047 τοιγαροῦν
764 1012 780 1047 ἡ
794 1012 904 1046 γενναία

122 1054 176 1081 τῶν
209 1055 342 1091 Ἑλλήνων
365 1056 506 1091 φιλοσοφία
524 1057 562 1089 ὡς
583 1056 627 1084 διὰ
640 1057 762 1092 μηχανῆς
774 1057 903 1092 πέφηνεν,

123 1102 162 1131 εις
179 1100 246 1135 ὕψος
274 1102 324 1137 μὲν
337 1102 475 1135 ὰνάγουσα
498 1103 546 1138 τὴν
570 1103 735 1137 ἐπαγγελίαν
751 1102 797 1130 τοῦ
813 1103 903 1137 λόγου,

123 1147 197 1173 κάτω
210 1147 238 1173 δὲ
257 1148 472 1183 περιστρέφουσα
484 1149 555 1184 ἀμφὶ
568 1149 618 1184 τὴν
635 1149 765 1185 αἰσθητὴν
776 1150 821 1175 καὶ
842 1158 904 1184 φαι-

123 1193 238 1228 νομένην
254 1193 301 1219 τοῦ
327 1193 393 1220 Θεοῦ
409 1194 587 1230 δημιουργίαν
607 1194 656 1230 τὴν
668 1194 721 1221 τῶν
742 1195 829 1229 σοφῶν
849 1195 904 1222 διά-

123 1247 208 1270 νοιαν,
231 1240 277 1266 καὶ
292 1239 372 1266 πλέον
393 1240 478 1271 οὐδὲν,
493 1240 550 1266 ἀλλ’
569 1241 585 1275 ἢ
603 1240 658 1276 πῦρ
673 1241 719 1267 καὶ
734 1241 783 1276 τὴν
802 1241 904 1277 θερμὴν

121 1284 224 1317 οὐσίαν,
251 1284 286 1312 τά
301 1293 331 1312 τε
360 1285 430 1321 μέρη
451 1285 496 1313 τοῦ
515 1285 628 1321 κόσμου,
643 1285 687 1312 διὰ
704 1285 759 1312 τῶν
773 1286 903 1322 οὐρανίων

122 1331 284 1366 φωστήρων.
318 1331 408 1358 Ἔστω
425 1331 452 1358 δὲ
477 1331 524 1359 καὶ
546 1332 595 1368 τὴν
619 1332 705 1367 ὑγρὰν
726 1332 773 1359 καὶ
790 1332 838 1367 τὴν
856 1332 903 1367 ξη-

123 1377 182 1411 ρὰν,
197 1377 245 1404 καὶ
266 1378 314 1413 τὴν
335 1377 486 1413 σύγκρασιν
506 1378 559 1405 τῶν
580 1379 713 1414 σωμάτων
740 1378 902 1410 θειάζουσα·

121 1422 179 1454 arit;
196 1421 244 1450 οὖν
269 1423 299 1449 οὺ
331 1423 401 1459 μέγα
425 1424 470 1450 καί
488 1423 637 1458 θαυμάσιον
657 1424 687 1451 τὸ
706 1425 753 1452 τοῦ
780 1425 904 1460 Σωτῆρος

121 1467 199 1502 ἡμῶν
225 1467 312 1504 Ἰησοῦ
336 1469 454 1504 Χριστοῦ
480 1470 526 1495 καὶ
548 1469 614 1496 Θεοῦ
644 1469 823 1504 Εὑαγγέλιον,
850 1471 904 1497 πᾶν

121 1514 198 1547 γένος
226 1513 376 1550 ἀνθρώπων
408 1514 546 1547 παιδεῦον,
576 1515 622 1542 τὸν
650 1515 725 1550 ἡλίου
751 1516 798 1543 καὶ
827 1516 904 1553 σελή-

121 1568 170 1594 νης
189 1559 255 1587 Θεὸν
275 1561 322 1587 καὶ
340 1561 482 1596 δεσπότην,
513 1562 558 1588 καὶ
582 1561 746 1597 δημιουργὸν
767 1562 814 1590 τοῦ
835 1562 904 1599 σύμ-

122 1614 218 1637 παντος
245 1606 365 1641 κόσμου,
390 1607 470 1633 αὑτὸν
494 1607 538 1634 τὸν
559 1607 688 1634 ἀνωτάτω
709 1608 754 1634 καὶ
776 1608 902 1635 ἐπέκεινα

121 1651 173 1677 τῶν
188 1652 257 1678 ὅλων
268 1653 328 1684 ταῖς
342 1652 542 1688 προσηκούσαις
566 1653 679 1685 ἐννοίαις
704 1653 839 1686 εὐσεϐεἶν;
856 1654 902 1680 καὶ

120 1698 150 1724 οὗ
165 1698 200 1725 τὰ
215 1698 271 1725 τῶν
287 1699 420 1734 σωμάτων
435 1701 561 1734 στοιχεῖα,
579 1699 647 1726 ἀλλὰ
662 1700 706 1726 τὸν
723 1700 794 1736 ζωῆς
808 1699 901 1735 αὐτῆς,

120 1745 167 1771 καὶ
193 1745 311 1781 τροφῶν,
328 1745 375 1772 καὶ
407 1745 512 1772 πάντων
533 1745 641 1779 ἀγαθῶν
663 1745 764 1781 ταμίαν
797 1747 901 1781 ὑμνεῖν,

122 1790 190 1827 μέρη
203 1800 233 1818 τε
245 1790 296 1818 τοῦ
310 1791 411 1826 κόσμου
426 1791 459 1817 τὰ
474 1791 608 1826 ὁρώμενα,
621 1793 667 1818 καὶ
679 1793 731 1819 πᾶν
744 1793 773 1818 τὸ
786 1793 903 1829 καταλη-

120 1837 185 1875 mea
195 1837 299 1873 σαρκὸς
306 1836 441 1872 αἰσθήσει,
449 1837 485 1868 ὡς
492 1837 525 1864 ἂν
532 1837 582 1872 τῆς
593 1837 712 1873 φθαρτῆς
720 1838 783 1864 ὅντα
797 1838 902 1872 φύσεως

119 1882 244 1918 οὐδαμῶς
252 1882 496 1918 καταπλήττεσθαιε
512 1883 586 1910 τὴνδ’
599 1884 627 1910 ἐν
646 1883 748 1916 τούτοις
758 1885 856 1910 ἅπασιν
870 1886 901 1911 ἁ-

119 1929 225 1964 όρατον,
232 1929 282 1956 καὶ
290 1928 453 1964 τδνςκαθόλου
461 1938 488 1955 τε
495 1929 541 1955 καὶ
548 1929 616 1956 κατά
627 1929 706 1964 μέρος
712 1929 742 1964 δη
748 1939 806 1964 μιου
811 1930 902 1965 ργικὸν

120 1974 178 2001 νοῦν
194 1974 276 2010 μόνον
295 1973 510 2010 ἀποθαυμάζειν,
529 1975 574 2001 καὶ
589 1974 721 2009 θεολογεῖν
739 1976 801 2010 μίαν
820 1976 902 2011 μόνην

119 2014 228 2047 ἐκείνων
253 2020 397 2055 διήκουσαν
410 2020 456 2046 καὶ
469 2019 665 2054 διακοσμοῦσαν
678 2019 711 2045 τὰ
725 2021 812 2047 πάντα
825 2020 902 2047 δύνα-

120 2063 265 2101 μινκθείαν,
289 2065 431 2101 ἀσώματον
447 2063 528 2092 οὖσαν
552 2065 598 2091 καὶ
621 2065 716 2101 νοερὰν
738 2066 787 2101 τὴν
810 2066 899 2100 φύσιν,

120 2111 218 2148 μᾶλλον
237 2111 266 2138 δὲ
280 2112 328 2139 καὶ
341 2111 458 2147 ἄρρητον
477 2113 562 2138 εἰπεῖν
581 2112 626 2138 καὶ
648 2112 846 2146 ἀκατάληπτον,
860 2113 902 2139 διὰ

118 2159 238 2190 πάντων,
253 2158 288 2185 δι’
297 2154 334 2185 ὧν
350 2158 396 2185 καὶ
408 2159 521 2193 ἐνεργεῖ,
537 2159 785 2194 παραφαινομένην,
800 2159 903 2194 διήκου-

120 2205 167 2231 σάν
179 2213 210 2231 τε
225 2204 388 2240 ἀσωμάτως,
400 2205 446 2231 καὶ
463 2204 643 2239 ἀσυμπλόκως
657 2205 691 2232 τὰ
710 2205 798 2231 πάντα
811 2206 900 2232 ἐπιπο-

119 2251 278 2287 ρευομένην,
291 2252 338 2277 καὶ
352 2251 385 2277 δι’
395 2250 520 2277 ἁπάντων
532 2251 581 2277 οὐκ
591 2251 722 2286 οὐρανίων
735 2252 823 2287 μόνον,
836 2251 902 2278 ἀλλὰ

955 1013 1000 1040 rit.
1016 1012 1076 1040 Sint
1090 1014 1228 1042 enimvero
1251 1014 1307 1042 haec
1331 1022 1384 1042 non
1401 1015 1554 1042 mortalium
1573 1015 1714 1042 hominum
1728 1035 1736 1047 ,

954 1060 1001 1086 sed
1027 1059 1158 1087 luminum
1181 1061 1330 1088 caelestium
1354 1062 1462 1096 propria
1487 1062 1608 1089 nomina.
1627 1061 1684 1088 Erit
1699 1062 1737 1088 vi-

954 1105 1051 1133 delicet
1064 1111 1207 1141 propterea
1223 1107 1283 1139 soli,
1300 1107 1380 1139 lunae,
1399 1107 1534 1135 sideribus
1546 1127 1553 1139 ,
1579 1115 1611 1134 ac
1623 1107 1736 1142 reliquis

931 1162 934 1165 '
954 1150 1036 1186 hujus
1049 1152 1142 1179 mundi
1157 1152 1279 1187 partibus
1300 1153 1465 1180 adorationis
1489 1154 1577 1180 cultus
1605 1157 1735 1188 tanquam

954 1196 1007 1224 diis
1020 1196 1200 1224 exhibendus.
1225 1197 1270 1225 Sic
1281 1205 1346 1233 ergo
1361 1197 1489 1232 praeclara
1504 1197 1659 1225 Graecorum
1676 1198 1735 1232 phi-

954 1244 1077 1280 losopbia
1093 1245 1120 1271 in
1134 1245 1257 1272 omnium
1275 1250 1421 1280 conspectu
1433 1266 1441 1278 ,
1464 1244 1608 1272 verborum
1625 1245 1736 1279 quidem

954 1291 1160 1319 ostentationem
1176 1291 1252 1327 quasi
1267 1291 1391 1318 machina
1409 1291 1525 1326 quadam
1547 1291 1662 1318 sublime
1679 1291 1734 1317 tol-

953 1337 999 1370 lit,
1015 1340 1043 1364 at
1065 1337 1228 1372 sapientium
1248 1342 1364 1364 mentem
1384 1337 1510 1364 deorsum
1535 1342 1562 1365 et
1586 1337 1659 1365 circa
1686 1337 1733 1363 Dei

953 1387 1102 1415 creaturas,
1119 1391 1179 1418 quae
1198 1383 1322 1410 sensibus
1335 1383 1475 1418 oculisque
1493 1387 1602 1418 patent,
1626 1383 1663 1411 ita
1675 1391 1735 1410 vcr-

954 1433 1004 1460 sat,
1018 1428 1085 1455 nihil
1100 1432 1131 1456 ut
1144 1429 1256 1456 omnino
1272 1432 1367 1463 praeter
1390 1428 1478 1462 ignem
1499 1427 1668 1462 calidamque
1686 1435 1735 1455 na-

955 1478 1053 1505 turam,
1069 1474 1216 1511 mundique
1231 1478 1336 1508 partes,
1353 1473 1510 1508 luminaque
1525 1472 1654 1506 cmlestia,
1667 1473 1734 1499 adde

953 1529 1018 1549 vero
1033 1521 1172 1549 humidam
1188 1526 1269 1556 atque
1291 1521 1390 1548 siccam
1407 1526 1454 1554 per
1481 1527 1524 1546 me
1542 1519 1616 1552 licet,
1634 1519 1734 1554 ipsam-

954 1574 1008 1602 que
1038 1575 1182 1602 corporum
1215 1566 1437 1601 temperationem
1468 1565 1608 1593 divinitate
1640 1565 1733 1592 donet.

954 1613 1020 1647 Quis
1035 1614 1117 1649 igitur
1137 1620 1192 1640 non
1207 1613 1312 1645 videat,
1332 1619 1459 1647 magnum
1482 1611 1562 1646 plane
1585 1616 1665 1645 atque
1686 1611 1733 1637 ad-

954 1660 1076 1689 mirabile
1093 1660 1221 1694 quiddam
1238 1666 1299 1686 esse
1313 1658 1378 1686 Jesu
1394 1657 1495 1685 Christi
1510 1657 1660 1685 Servatoris
1673 1657 1734 1684 Dci-

953 1713 1006 1741 que
1021 1706 1105 1733 nostri
1129 1705 1313 1740 Evangelium,
1329 1703 1401 1738 quod
1417 1702 1575 1730 universum
1591 1701 1733 1729 hominum

954 1759 1038 1786 genus
1052 1751 1173 1783 edoceat,
1186 1749 1252 1777 solis
1265 1749 1350 1784 ipsius
1368 1748 1492 1782 lunaeque
1504 1746 1588 1774 Deum
1596 1753 1628 1774 ac
1646 1746 1734 1774 domi-

953 1805 1019 1825 num
1042 1797 1169 1832 orbisque
1184 1797 1267 1824 totius
1282 1795 1448 1823 conditorem
1461 1813 1469 1826 ,
1493 1800 1665 1828 supremum,
1693 1792 1732 1819 in-

953 1836 1045 1880 quam,
1060 1844 1147 1875 illum,
1162 1849 1308 1876 rerumque
1325 1841 1391 1868 ﬁnes
1411 1848 1443 1868 ac
1466 1840 1596 1867 terminos
1609 1838 1732 1865 omnium

954 1894 1142 1925 superantem,
1171 1887 1338 1916 convenienli
1369 1890 1450 1913 tanta:
1475 1885 1607 1920 majestati
1633 1883 1734 1918 cogita-

954 1939 1027 1964 tione
1044 1941 1179 1969 sensuque
1195 1933 1338 1961 venerari?
1365 1932 1486 1966 adeoque
1512 1938 1565 1958 non
1589 1937 1732 1964 corporum

953 1983 1095 2014 elementa,
1112 1981 1158 2008 sed
1179 1980 1321 2015 ipsiusmet
1336 1979 1414 2010 vitae,
1446 1978 1647 2007 alimentorum,
1666 1983 1733 2004 cun-

953 2032 1115 2061 ctorumque
1130 2026 1263 2053 honorum
1288 2028 1452 2059 quaestorem
1473 2030 1505 2050 ac
1519 2022 1732 2057 dispensatorem

954 2073 1106 2100 celebrare?
1131 2072 1184 2107 97
1210 2078 1260 2098 nec
1282 2070 1337 2105 jam
1369 2069 1424 2096 ullo
1452 2068 1533 2095 modo
1560 2067 1732 2102 aspectabilis

954 2118 1031 2145 istius
1048 2117 1140 2144 mundi
1168 2120 1272 2151 partes,
1288 2118 1335 2141 aut
1360 2121 1452 2141 eorum
1480 2111 1649 2146 quidquam,
1672 2117 1733 2144 quze

953 2171 1034 2191 sensu
1059 2162 1182 2197 corporis
1203 2160 1296 2196 attingi
1327 2157 1573 2193 compreltendique
1597 2160 1731 2190 possunt,

953 2209 1052 2244 quippe
1064 2215 1124 2243 qua:
1139 2207 1248 2234 caducas
1263 2205 1454 2240 pereuntisque
1473 2208 1576 2230 natura!
1589 2202 1654 2233 sint,
1670 2209 1732 2228 cum

953 2259 1064 2290 stupore
1078 2253 1176 2281 mentis
1198 2251 1316 2279 intueri:
1333 2251 1379 2278 sed
1404 2250 1493 2283 potius
1509 2253 1625 2276 mentem
1641 2247 1732 2278 illam,

119 2297 164 2323 καὶ
177 2296 233 2324 τῶν
247 2297 293 2322 ἐπὶ
309 2297 369 2332 γῆς,
382 2296 436 2323 τῶν
449 2305 478 2323 τε
499 2296 612 2324 καθόλου
633 2297 769 2333 στοιχείων
785 2298 831 2324 καὶ
847 2297 900 2323 τῶν

954 2309 1006 2329 non
1030 2302 1110 2328 modo
1131 2299 1315 2327 communium
1339 2297 1457 2324 universi
1485 2301 1660 2327 naturarum,
1686 2294 1733 2321 sed

118 2343 164 2369 ἐπὶ
185 2342 294 2378 μέρους,
309 2341 356 2378 τὴν
371 2342 420 2377 τῆς
441 2341 564 2378 θεότητος
585 2343 682 2378 διαρκῆ
704 2343 901 2379 μεγαλουργίαν

118 2388 351 2423 ἐπιδεικνυμένην·
374 2388 439 2415 πᾶσι
461 2397 491 2415 τε
508 2388 618 2423 ἀφανῶς
636 2389 682 2415 καὶ
698 2390 763 2424 ἡμῖν
789 2389 901 2416 ἀνεπαι-

119 2433 223 2468 σθήτως
234 2432 441 2464 ἐπιστατοῦσαν,
452 2434 498 2460 καὶ
505 2434 593 2468 λόγοις
603 2435 798 2471 ἀνεκφράστοις
809 2435 902 2469 σοφίας

118 2479 162 2505 τὸν
173 2479 319 2515 σύμπαντα
330 2480 430 2514 κόσμον
443 2479 670 2515 διακυϐερνῶσαν,
684 2481 823 2507 Τοσούτων
835 2483 902 2517 ἡμῖν

119 2525 348 2560 ἀποδεδειγμένων
360 2526 399 2556 είς
416 2525 524 2560 ἔλεγχον
539 2526 588 2560 τῆς
605 2526 754 2553 ἀσυστάτου
776 2527 870 2561 σοφίας
884 2527 900 2562 ἢ

118 2570 266 2605 θεολογίας,
286 2571 336 2607 τῆς
358 2579 389 2598 τε
404 2571 552 2607 λεγομένης
575 2572 768 2608 μυθικωτέρας,
785 2574 831 2599 κα)⁵
852 2573 901 2607 τῆς

119 2617 294 2654 ὑψηλοτέρας,
306 2617 354 2645 καὶ
366 2618 562 2653 φυσικωτέρας,
576 2619 608 2653 ἢν
619 2618 643 2644 oi
652 2618 761 2645 παλαιοὶ
772 2618 902 2654 Ἕλληνές

117 2670 147 2689 τε
162 2663 209 2690 καὶ
221 2663 367 2698 Αἰγύπτιοι
379 2662 553 2698 σεμνύνοντες
565 2663 771 2699 ἀπεδείχθησαν·
785 2664 842 2699 ὥρα
854 2664 901 2690 καὶ

118 2707 243 2735 τῶννεῶν
253 2707 309 2735 τῶν
318 2708 351 2744 δὴ
363 2707 424 2734 καθ’
432 2709 505 2744 ἡμᾶς
511 2709 607 2740 αὐτοὺς
617 2709 769 2743 φιλοσοφεῖν
782 2711 900 2744 ἐπαγγε-

118 2753 233 2789 λομένων
238 2754 396 2790 ὲπαθρῆσαι
403 2753 663 2789 τάκαλλωπίσματα.
671 2754 732 2781 Οἵδε
738 2754 790 2789 γὰρ
799 2755 832 2782 τὰ
838 2764 870 2781 πε
875 2756 901 2791 pl.

119 2800 160 2826 νοῦ
175 2798 374 2837 δημιουργικοῦ
393 2799 447 2826 τῶν
467 2800 544 2831 ὅλων,
562 2800 652 2827 καὶτὰ
667 2801 730 2836 περὶ
751 2801 900 2836 ἀσωμάτων

120 2845 197 2879 Ιδεῷν,
208 2846 313 2882 νοερῶν
322 2853 355 2871 τε
367 2844 414 2871 καὶ
424 2844 539 2878 λογικῶν
552 2845 701 2880 δυνάμεων,
710 2846 764 2876 τοῖς
776 2845 845 2880 ἀμφὶ
856 2846 900 2872 τὸν

119 2891 239 2919 Πλάτωνα
247 2892 367 2927 μακροῖς
375 2890 434 2917 ποθ’
443 2890 552 2926 ὕστερον
559 2890 765 2926 χρόνοιςὲφευρη
771 2890 845 2926 μένα.
855 2891 900 2918 καὶ

733 2915 743 2926 t’
761 2915 775 2926 ll

146 2956 157 2969 ι
177 2950 217 2977 (cr.
233 2951 268 2986 τῇ
287 2948 402 2985 μυθικῇ.
441 2948 455 2968 ιδ
475 2949 515 2975 Ic.
532 2948 677 2983 θεολογίαν.

953 2355 1043 2375 rerum
1057 2353 1164 2382 quoque
1179 2344 1344 2378 singularum
1358 2342 1531 2373 etl‘ectricem,
1549 2347 1662 2375 quaeque
1670 2346 1733 2366 cum

953 2393 1019 2420 insit
1039 2391 1066 2419 in
1081 2391 1217 2423 omnibus,
1233 2396 1368 2424 nusquam
1397 2393 1486 2415 tamen
1512 2386 1597 2413 videri
1624 2388 1732 2420 potest,

953 2446 1035 2466 unam
1052 2437 1190 2469 admirari,
1206 2443 1287 2464 unam
1305 2435 1361 2462 suis
1381 2434 1414 2462 de
1428 2433 1539 2460 numine
1562 2431 1732 2459 sermonibus

953 2491 984 2511 ac
995 2483 1223 2518 disputationibus
1241 2481 1399 2516 praedicare;
1411 2480 1496 2506 solam
1507 2498 1514 2510 ,
1528 2478 1649 2513 inquam,
1659 2476 1732 2504 illam

953 2533 1113 2565 potestatem
1129 2528 1259 2561 divinam,
1275 2534 1335 2562 quae
1348 2529 1445 2553 cuncta
1459 2528 1597 2559 permeat,
1617 2520 1732 2550 cuncta;

952 2584 1004 2612 qne
1027 2575 1199 2608 moderatur,
1216 2581 1331 2608 corpore
1346 2580 1461 2600 vacuam
1486 2571 1733 2605 intelligentemque

952 2627 1094 2654 naturam,
1117 2621 1158 2648 vel
1177 2619 1310 2655 ejusmodi
1325 2619 1430 2654 potius,
1458 2625 1540 2653 quam
1556 2623 1606 2644 nec
1625 2616 1732 2643 dicendi

952 2676 1002 2696 nec
1013 2667 1148 2702 cogitandi
1162 2667 1202 2694 vis
1215 2666 1269 2693 ulla
1283 2673 1379 2700 capere
1393 2664 1479 2699 possit
1491 2684 1498 2696 ,
1527 2671 1588 2698 quae
1616 2663 1732 2690 subinde

952 2715 1034 2742 rebus
1049 2714 1076 2740 in
1092 2713 1229 2744 omnibus,
1245 2719 1305 2746 quae
1320 2719 1367 2746 per
1388 2718 1447 2738 eam
1466 2710 1632 2742 etliciuntur,
1648 2716 1732 2743 appa—

953 2766 1019 2794 reat,
1032 2769 1092 2796 qua:
1110 2761 1168 2788 sine
1180 2767 1294 2793 corpore
1310 2762 1406 2786 cuncta
1417 2761 1546 2793 penetret,
1563 2765 1595 2785 ac
1607 2757 1666 2785 sine
1677 2757 1731 2784 ulla

951 2807 1140 2836 commistione
1156 2805 1299 2841 pervadat,
1325 2813 1386 2840 qua:
1400 2804 1525 2831 omnibus
1543 2803 1568 2830 in
1601 2803 1732 2830 creaturis

951 2859 1005 2878 non
1024 2850 1179 2879 cmlestibus
1198 2849 1288 2881 modo,
1312 2849 1357 2876 sed
1379 2849 1458 2876 etiam
1477 2848 1589 2876 terrenis
1603 2852 1731 2875 constan-

951 2900 1004 2924 tem
1022 2904 1052 2923 ac
1070 2900 1225 2931 perpetuam
1247 2894 1375 2929 operandi
1402 2894 1526 2920 virtutem
1553 2901 1583 2920 ac
1609 2893 1730 2928 magniﬁ-
