2064 3212
126 218 173 247 181

708 223 869 250 l'R/EPAR.
888 223 1012 251 EVANG.
1035 223 1098 251 LIB.
1120 223 1162 251 lli.

1694 225 1744 252 18!

124 277 223 309 λίθους,
233 278 281 305 καὶ
298 287 332 305 τιι
343 279 467 310 τοιαῦτα,
479 279 585 311 εἰκόνας
598 280 690 316 φέρειν
702 281 748 307 τοῦ
762 280 851 316 φωτὸς
862 281 914 308 τῶν

969 289 1025 308 ram
1053 287 1080 309 et
1102 288 1198 310 cuncta
1218 283 1348 317 sphaerica
1378 283 1470 310 mundi
1486 282 1612 318 quidem,
1635 282 1700 310 solis
1715 290 1747 310 ac

123 323 202 355 θεῶν,
219 324 265 350 καὶ
291 323 342 359 τῆς
356 324 480 360 οὐρανίου
497 325 543 352 καὶ
565 325 685 361 αἰθερίου
701 326 807 361 φύσεως
830 326 913 362 δηλώ-

125 378 196 404 ματα
213 370 346 404 φάσκεινς
365 371 424 398 Ὀτι
447 372 476 398 δὲ
487 373 540 398 τῶν
566 372 632 398 νέων
647 373 705 399 ἐστὶ
726 373 812 399 ταῦτα
836 374 912 408 σοφί-

125 424 225 451 σματα,
243 417 304 452 μηδ’
316 417 383 453 ὄναρ
395 419 449 446 τῶν
462 419 583 446 παλαιῶν
604 420 643 450 εἰς
657 419 806 454 ἐνθύμησιν
821 419 911 446 ἐλθόν-

123 470 167 493 τα,
182 462 276 497 γνοίης
289 463 322 490 ἂν
337 463 440 498 μαθὼν,
456 465 496 491 ὅτι
511 466 556 491 καὶ
567 465 706 499 ἀπόϐλητα
721 463 755 500 ἦν
772 465 846 500 παρὰ
857 466 912 497 τοῖς

125 506 267 542 προτέροις
279 508 313 534 τὰ
325 507 368 535 διὰ
391 509 489 544 χρυσοῦ
503 509 549 536 καὶ
572 509 620 544 τῆς
635 508 814 544 νομιζομένης
833 509 913 536 πολυ-

123 551 284 588 τελεστέρας
309 553 376 589 ὕλης
404 555 497 588 ξόανα.
520 555 599 589 Λέγει
620 555 642 582 δ’
670 554 715 582 οὖν
742 555 914 591 Πλούταρχος

967 327 1038 354 luna
1056 328 1176 362 propria,
1190 328 1236 355 sed
1248 333 1336 354 tamen
1354 328 1386 355 iis
1402 328 1548 362 aliquando
1565 336 1627 355 cum
1638 327 1746 355 fortuna

967 376 993 398 et
1009 379 1056 405 spe
1076 372 1230 398 communia
1253 379 1314 399 esse
1333 373 1476 399 voluerunt
1500 381 1507 399 :
1533 373 1664 400 circulum
1682 381 1747 400 vero

966 425 1079 452 qumque
1092 417 1232 445 circularis
1246 424 1323 445 erant
1340 420 1440 453 ligurze,
1470 419 1567 454 partim
1584 419 1727 447 aeternitati
1739 439 1748 452 ,

967 463 1062 498 partim
1077 463 1137 490 coeli
1154 463 1249 495 motui,
1266 463 1441 498 ejusdemque
1467 465 1543 491 zonis
1562 473 1594 492 ac
1617 465 1748 498 circulis;

965 509 1129 536 circulorum
1146 513 1235 536 autem
1250 510 1382 537 sectioncs
1398 510 1482 537 variis
1496 510 1567 537 lunae
1582 510 1690 546 ﬁguris:
1704 518 1750 546 py-

967 555 1084 582 ramides
1104 560 1131 581 et
1154 554 1289 582 obeliscos
1310 555 1380 589 ignis
1402 560 1520 589 naturae,
1547 556 1695 590 eademque
1715 556 1749 583 de

124 594 175 624 ὧδέ
192 607 229 634 πη
247 600 318 626 κατὰ
336 600 419 634 λέξιν.

967 608 1050 628 causa
1067 599 1200 636 Olympiis
1223 609 1331 637 quoque
1350 602 1422 635 diis,
1448 606 1478 629 ut
1503 609 1601 629 conum
1623 606 1751 636 praeterea

125 645 187 677 soli,
204 650 283 674 ten-1e
307 648 473 682 cylindrum,
496 650 591 677 semini
617 657 648 677 ac
680 650 847 685 generationi
870 649 986 684 efﬁgiem
1017 649 1132 681 veretri,
1154 649 1322 684 ﬁguramque
1341 649 1534 685 triangularem
1566 654 1674 685 propter
1706 656 1752 676 ve-

126 693 274 721 recundum
301 694 408 723 femina:
435 697 584 724 membrum
615 697 776 724 tribuerunt.
804 707 813 723 ι
841 696 903 724 Haec
921 696 1255 732 egregiussingularisque
1276 697 1464 732 philosophus,
1484 698 1583 732 quibus
1607 697 1670 732 quid
1699 697 1753 724 foe-

125 737 187 765 dius
202 745 233 766 ac
247 740 353 774 turpius
367 741 419 769 dici
435 742 538 776 possit,
563 749 625 769 eum
649 750 695 777 per
710 750 741 770 ea
768 749 810 769 res
827 742 908 769 etiam
929 742 1093 776 turpissima:
1116 742 1204 770 verbis
1231 743 1349 777 graviter
1372 750 1405 770 ac
1426 743 1570 778 magniﬁce
1603 742 1751 778 praedicen-

127 784 190 812 tur?
215 785 280 818 quid
298 794 380 820 porro
401 793 526 814 coactum
557 788 652 821 magis,
674 796 755 823 quam
784 787 918 823 inaniinas
937 787 1068 821 quasdam
1092 787 1230 820 materias,
1251 796 1359 821 aurum,
1393 788 1517 823 lapides,
1549 793 1700 823 caeteraque
1724 787 1751 816 id

127 836 229 864 genus,
256 831 324 859 lucis
348 839 380 859 ac
403 833 515 859 deorum
542 833 688 869 imagines,
717 838 764 860 aut
789 832 908 860 cwlestis
925 832 1095 867 aetheriasque
1110 837 1213 860 natura:
1233 833 1377 860 simulacra
1402 841 1458 868 pra:
1487 840 1516 860 se
1550 833 1643 875 φη·θῖ
1667 832 1750 859 (ὶιειοα

128 883 189 904 rum
207 877 264 904 ha'c
281 878 446 912 sophismata
462 887 477 906 a
491 880 600 914 nuperis
614 880 777 914 quibusdam
801 880 906 907 invecta
925 887 996 910 esse.
1012 879 1045 907 de
1058 879 1158 914 quibus
1182 879 1237 914 99
1254 887 1286 907 ne
1305 888 1351 915 per
1376 879 1513 908 somnium
1545 879 1654 913 quidem
1678 882 1751 904 vete-

127 930 172 950 res
188 923 343 957 cogitarint,
359 924 400 951 vel
413 932 445 951 ex
466 932 499 952 eo
515 925 657 960 intelligas,
672 925 744 960 quod
765 926 846 960 prisci
871 926 909 952 illi
929 925 1053 953 homines
1076 926 1197 953 confecta
1221 934 1252 954 es
1271 934 1337 953 auro
1361 931 1408 953 aut
1422 925 1474 953 alia
1493 925 1610 960 quadam
1626 924 1750 952 materia.

128 978 189 1004 qua:
212 971 295 1005 pluris
320 972 449 1000 aestimari
474 973 556 1005 solet,
583 973 728 1001 simulacra
756 973 908 1008 rejiccrcnt.
928 973 1015 1008 Atque
1031 973 1056 1000 id
1071 972 1232 1001 Plutarchus
1254 973 1294 1000 sic
1307 974 1339 1000 ad
1356 973 1466 1000 verbum
1493 972 1591 1000 alicubi
1624 977 1750 1000 testatum

129 1017 248 1052 reliquit.

392 1064 586 1090 ΚΕΦΛΛΑΙΟΝ
605 1064 645 1090 H’.

129 1121 197 1154 Περὶ
216 1120 269 1154 τῆς
283 1121 413 1153 παλαιᾶς
518 1121 633 1154 ξοάνων
653 1122 842 1156 κατασκευῆς
868 1121 918 1149 καί

474 1165 597 1183 nudetur.

469 1165 597 1191 μυσεως.

165 1209 176 1226 ι
187 1199 218 1227 Ἦ
229 1200 257 1227 δὲ
265 1201 378 1236 (75)τῶν
392 1201 492 1235 ξοάνων
506 1203 613 1238 ποίησις
625 1205 736 1240 ἀρχαῖον
750 1204 836 1231 ἔοικεν
848 1201 921 1230 εἷναί

127 1254 158 1272 τις
168 1246 215 1272 καὶ
233 1246 364 1279 παλαιὸν,
386 1247 412 1273 εἰ
431 1256 464 1282 γε
482 1248 584 1281 ξύλινον
601 1250 650 1284 μὲν
664 1247 698 1285 ἦν
711 1249 742 1275 τὸ
757 1249 864 1284 πρῶτον
877 1249 917 1280 εἰς

128 1293 212 1327 Δῆλον
228 1292 279 1319 ὑπὸ
296 1293 476 1328 Ἐρισίχθονος
495 1295 641 1322 Ἀπόλλωνι
658 1296 704 1322 ἐπὶ
719 1295 773 1321 τῶν
796 1295 917 1330 θεωριῶν

128 1337 238 1372 ἄγαλμα
248 1347 255 1352 ·
270 1337 375 1371 ξύλινον
391 1339 419 1365 δὲ
440 1340 471 1366 τὸ
487 1340 536 1374 τῆς
553 1341 680 1373 Πολιάδος
701 1341 754 1368 ὑπὸ
770 1340 823 1367 τῶν
839 1341 917 1367 αὑτο-

127 1383 230 1419 χθὸνων
244 1384 364 1420 ἱδρυθὲν,
385 1384 399 1411 ὃ
413 1386 495 1421 μέχρι
507 1387 555 1413 νῦν
573 1387 708 1423 Ἀθηναῖοι
725 1387 917 1422 διαφυλάττου-

128 1437 180 1456 σιν.
189 1430 278 1466 Ἦρας
288 1431 316 1457 δὲ
329 1432 377 1458 καὶ
390 1432 486 1468 Σάμιοι
502 1432 606 1466 ξύλινον
621 1431 692 1468 εἶχον
705 1431 785 1466 εἶδος,
799 1433 836 1465 ὥς
850 1442 916 1469 φησι

126 1474 302 1511 Καλλίμαχος
313 1485 319 1491 ·
340 1477 422 1504 Οὖπω
440 1478 494 1513 (74)
512 1479 641 1513 σκέλμιον
661 1478 740 1514 ἔργον
756 1479 796 1510 είς
811 1478 914 1511 ξόανον,

126 1520 185 1546 ἀλλ’
201 1521 248 1548 ἐπὶ
262 1521 362 1557 τεθμὸν
379 1523 410 1558 δὴ
427 1524 586 1559 νεόγλυφον,
598 1521 685 1556 ὦναξ,
701 1524 763 1556 θεᾶς
777 1522 848 1560 ἦσθα
866 1532 915 1551 σα-

126 1566 168 1598 νίς
177 1575 185 1581 ’
200 1564 252 1593 ὦδε
266 1568 320 1603 γὰρ
338 1561 515 1604 καθιδρύοντο
523 1569 600 1601 θεοὺς
612 1570 681 1596 τότε.
698 1570 754 1596 Καὶ
768 1571 822 1606 γὰρ
836 1569 915 1606 Ἀθή-

126 1619 176 1646 νης
197 1612 226 1638 ὲν
246 1612 333 1648 Λίνδῳ
353 1614 454 1641 Δαναὸν
470 1614 540 1641 λεῖον
561 1615 659 1651 ἔθηκεν
674 1616 742 1648 ἕδος.
756 1616 871 1650 Λέγεται
885 1616 914 1642 δὲ

126 1658 230 1694 Πείρας
246 1659 301 1693 (75)
318 1661 332 1686 ὁ
352 1660 459 1695 πρῶτος
477 1661 628 1696 Ἀργολίδος
641 1662 729 1698 ’Ἥρας
752 1662 824 1698 ἱερὸν
838 1661 913 1688 εἱσά-

129 1712 208 1738 μενος
218 1723 226 1736 ,
241 1705 291 1740 τὴν
306 1706 402 1732 ἑαυτοῦ
417 1706 552 1743 θυγατέρα
565 1707 729 1734 Καλλίθυιαν
747 1708 848 1744 ιέρειαν
866 1716 914 1734 κα-

127 1751 265 1785 ταστήσας
277 1771 285 1783 ,
303 1752 335 1778 ὲκ
352 1752 406 1779 τῶν
425 1740 488 1788 περὶ
501 1740 620 1789 Τίρυνθα
637 1754 752 1790 δένδρων
772 1740 856 1790 δγχην
871 1763 914 1781 τε·
928 1740 951 1771 C

130 1795 189 1830 μὼν
206 1797 351 1824 εὖκτέανον
363 1818 370 1829 ,
391 1799 478 1834 Ἥρας
502 1798 612 1834 ἄγαλμα
628 1800 780 1836 μορφῶσαι.
806 1801 914 1836 Πέτραν

129 1841 178 1875 μὲν
192 1841 247 1876 γὰρ
263 1843 303 1873 εἰς
320 1842 382 1869 θεοῦ
395 1843 504 1870 κόπτειν
523 1845 631 1876 εἰκόνα,
648 1845 768 1880 σκληρὰν
782 1845 830 1872 καὶ
850 1845 913 1871 δύσ-

128 1896 208 1922 εργον
241 1889 288 1915 καὶ
311 1888 430 1924 ἄψυχον,
461 1890 511 1916 οὐκ
528 1890 682 1917 ἐϐούλοντο·
698 1891 798 1927 χρυσὸν
813 1891 841 1918 δὲ
867 1892 914 1918 καὶ

128 1933 247 1968 ἄργυρον
268 1934 382 1969 ἡγοῦντο
410 1936 460 1971 γῆς
482 1936 608 1972 ἀκάρπου
635 1937 682 1963 καὶ
713 1937 914 1973 διεφθαρμένης

128 1979 261 2015 χρώματα
284 1981 386 2016 νοσώδη
402 1982 467 2017 (76),
481 1983 528 2009 καὶ
543 1983 652 2018 κηλίδας
665 1983 784 2016 ἐξανθεῖν
794 2003 801 2015 ,
821 1983 914 2019 ὥσπερ

130 2026 267 2060 μώλωπας
283 2027 335 2054 ὑπὸ
350 2028 433 2064 mpii;
459 2029 644 2064 ραπισθείσης·
667 2029 789 2064 ἐλέφαντι
808 2030 836 2056 δὲ
851 2030 913 2056 παί-

129 2072 221 2104 ζοντες
240 2073 287 2107 μὲν
309 2073 365 2099 ἐσθ’
386 2074 452 2101 ὅπου
475 2075 666 2110 προσεχρῶντο
681 2075 838 2110 ποικίλματι
852 2076 914 2111 τρό-

129 2118 182 2153 φῆς
195 2118 262 2153 (77).
281 2128 289 2144 ι
302 2119 394 2145 Ταῦτα
409 2121 424 2146 ό
438 2119 626 2155 Πλούταρχος·
642 2120 689 2146 καὶ
701 2119 793 2146 τούτου
809 2119 837 2146 δὲ
847 2119 913 2146 πολὺ

129 2164 260 2200 πρότερον
280 2165 294 2191 6
314 2164 426 2192 Πλάτων
448 2166 524 2192 οὐδὲν
541 2164 608 2192 εἶναι
628 2167 742 2202 σεμνὸν,
759 2167 819 2194 οὐδὲ
831 2175 915 2202 προσ-

129 2211 217 2242 εοικδς
239 2210 299 2246 θείᾳ
322 2211 402 2246 φύσει
420 2212 450 2237 ὲν
472 2212 580 2247 χρυσῷ,
606 2213 652 2240 καὶ
669 2213 765 2245 λίθοις,
788 2214 833 2240 καὶ
857 2213 914 2240 ἐλέ-

130 2265 209 2291 gratim
220 2277 227 2288 ,
247 2259 302 2289 τοῖς
314 2266 344 2283 τε
358 2257 388 2289 ἐξ
408 2257 474 2293 ὕλης
490 2259 592 2294 ἀψύχου
614 2261 871 2295 κατασκευάσμασιν
884 2259 912 2287 εὗ

130 2302 203 2337 μάλα
220 2302 309 2335 εἰδὼς,
323 2303 474 2331 ἐπάκουσον
490 2306 518 2331 ὲν
531 2307 587 2337 τοῖς
601 2307 708 2340 Νόμοις
721 2307 800 2333 ὁποῖα
811 2307 914 2334 διατάτ-

128 2352 215 2371 τεται·
236 2354 244 2370 ι
258 2345 295 2380 Γῆ
326 2347 374 2383 μὲν
393 2344 438 2374 οὖν
460 2347 534 2374 ἑστία
556 2355 585 2374 τε
605 2349 755 2384 οἰκήσεως,
771 2349 832 2384 ἱερὰ
847 2351 913 2376 πᾶσι

130 2390 240 2417 πάντων
251 2391 319 2419 θεῶν
331 2401 337 2406 ·
353 2393 447 2428 μηδεὶς
462 2391 508 2420 οὖν
522 2394 653 2430 δευτέρως
669 2395 728 2430 ἱερὰ
747 2395 914 2432 καθιερούτω

129 2435 209 2468 θεοῖς.
225 2437 332 2473 Χρυσὺς
345 2438 373 2464 δὲ
390 2438 436 2465 καὶ
451 2439 569 2474 ἄργυρος
586 2441 614 2466 ὲν
626 2440 718 2472 ἄλλαις
740 2442 847 2468 πόλεσιν
861 2442 913 2478 ἰδίᾳ

164 2549 220 2584 (75)
245 2549 331 2578 Ἡδὲ.
353 2551 442 2589 Poetis
459 2551 656 2589 hi_c_Plutarchi
685 2561 738 2580 non
766 2554 909 2589 reperitur,

129 2592 179 2612 nec
195 2591 339 2619 sequentes
352 2586 512 2614 Callimachi
526 2595 630 2616 versus.

164 2619 221 2655 (74)
243 2621 340 2647 Οὔπω.
362 2620 440 2649 Prius
456 2623 507 2649 hoc
521 2622 678 2650 Callimachi
698 2623 844 2651 distichum
858 2624 910 2651 mi-

129 2654 155 2681 hi
172 2655 282 2693 quidem
299 2656 418 2693 ἀνίατον.
434 2656 472 2684 Ex
485 2665 518 2684 eo
539 2661 646 2685 tantum
670 2662 807 2693 utcunque
827 2659 910 2686 disci-

128 2697 199 2725 mus.
215 2690 308 2725 rudem
322 2692 440 2718 tabulam
456 2696 503 2719 aut
515 2700 644 2725 asserem,
663 2694 715 2720 hoc
732 2690 909 2721 simulacrum

129 2723 222 2761 fuisse.
237 2724 378 2754 Posterius
404 2727 553 2754 disticlmm
583 2723 690 2755 facilius
717 2733 775 2761 est;
804 2733 909 2756 tantum

128 2758 192 2799 loco
207 2761 320 2793 Δαναόν,
346 2763 535 2799 reponendum
549 2771 589 2799 exii
603 2763 698 2799 altero
713 2758 776 2796 ms.,
798 2764 909 2795 Δαναός.

127 2793 229 2823 Lindus
253 2801 344 2822 autem
372 2793 436 2823 urbs
454 2797 504 2823 fuit
529 2797 557 2824 in
574 2797 669 2824 Rhodo
692 2793 791 2825 insula.
808 2793 909 2827 Sensus

127 2829 207 2863 igitur
219 2835 272 2863 est,
292 2835 362 2862 tum,
377 2831 402 2858 id
419 2836 460 2858 est
478 2833 553 2865 olim,
567 2841 600 2859 eo
613 2833 693 2859 modo
709 2838 814 2860 erectos
828 2833 911 2861 fuisse

137 2866 283 2903 insitosquc
310 2866 379 2903 deos
392 2866 479 2903 ,uhoc
505 2871 547 2894 est
572 2868 675 2902 ligneos
699 2877 705 2894 :
733 2867 910 2903 Danaumque

149 2900 211 2933 indi,
224 2900 291 2938 igere
316 2900 435 2938 Palladis
451 2900 640 2934 simulacrum,
666 2903 716 2930 huc
735 2907 786 2934 est,
803 2908 833 2930 ut
848 2900 910 2938 qui-

126 2936 181 2962 dern
197 2937 342 2969 existimo,
357 2936 508 2972 herigatum
520 2945 569 2972 pro
581 2938 728 2966 simulacro
743 2938 845 2974 lignum
857 2936 908 2974 po-

1253 1035 1370 1092 (.SAPUT
1390 1063 1458 1091 Vill.

1003 1119 1041 1146 De
1063 1120 1150 1154 prisca
1181 1119 1326 1146 simulacra
1353 1120 1508 1160 conﬁciendi
1533 1120 1715 1155 statuendiqu

1306 1159 1416 1181 ratione.

1006 1208 1015 1226 ‹
1029 1199 1121 1228 Prisca
1139 1207 1203 1228 vero
1213 1207 1245 1227 ac
1255 1205 1408 1235 perretusta
1421 1199 1553 1227 habeatur
1561 1200 1748 1235 ﬁngendorum

968 1245 1178 1274 simulacrorum
1193 1246 1373 1274 consuetudo.
1388 1245 1456 1273 Illud
1467 1251 1541 1273 certe
1548 1246 1748 1281 quidem,quod

969 1292 996 1318 in
1007 1291 1072 1319 Delo
1086 1292 1204 1327 primum
1221 1292 1255 1320 ab
1269 1292 1466 1320 Eresichthone
1483 1293 1750 1320 solemnioribusAt-

967 1337 1027 1365 tice
1041 1345 1147 1373 pompae
1173 1338 1269 1366 diebus
1290 1343 1481 1366 consecratum
1497 1339 1614 1374 Apollini
1640 1339 1748 1374 signum

967 1387 1019 1417 est,
1029 1383 1147 1418 ligneum
1163 1389 1221 1411 erat
1239 1394 1246 1410 :
1264 1384 1382 1419 itemque
1401 1385 1519 1419 ligneum
1543 1385 1617 1412 aliud
1645 1386 1679 1412 ab
1705 1385 1747 1412 in-

967 1428 1072 1463 digenis
1085 1429 1152 1463 ipsis
1163 1428 1290 1456 Minerva:
1308 1428 1414 1456 Urbicae
1429 1429 1558 1464 positum,
1575 1430 1648 1464 quod
1662 1430 1752 1457 Athe-

967 1475 1077 1502 nienses
1100 1474 1235 1509 hodieque
1264 1479 1383 1502 servant.
1411 1474 1482 1508 Quin
1498 1479 1525 1502 et
1539 1475 1624 1502 Samii
1639 1483 1754 1510 quoque

966 1521 1082 1556 ligneam
1094 1521 1210 1549 Junouis
1228 1521 1342 1557 eﬂlgiem
1358 1522 1488 1555 habuere,
1507 1526 1538 1549 ut
1553 1521 1649 1549 scribit
1665 1522 1749 1549 Calli-

967 1567 1089 1596 machus.
1165 1589 1172 1595 .
1246 1589 1254 1596 .
1328 1588 1336 1596 .
1410 1586 1419 1595 .
1492 1586 1500 1595 .
1573 1588 1580 1595 .
1655 1587 1662 1594 .

966 1613 1044 1642 Piras
1060 1621 1124 1642 vero
1141 1614 1266 1649 princeps
1278 1613 1392 1642 lunonis
1409 1613 1541 1649 Argolica
1551 1613 1682 1648 templum
1696 1621 1746 1648 po-

966 1660 1055 1688 suisse
1070 1659 1166 1693 fertur,
1194 1664 1221 1687 et
1249 1659 1420 1695 Callithyiam
1443 1659 1526 1686 tiliam
1542 1659 1602 1694 ejus
1620 1659 1747 1687 sacerdo-

965 1710 1018 1733 tem
1035 1705 1141 1738 t‘ecisse,
1161 1711 1242 1741 atque
1264 1713 1297 1733 ex
1324 1705 1474 1741 Tirynthiis
1486 1705 1629 1732 arboribus
1644 1710 1746 1733 sectam

966 1760 1064 1788 pyrum
1082 1752 1234 1780 silvestrem
1253 1751 1279 1779 in
1295 1752 1444 1786 elegantem
1459 1759 1490 1778 ac
1505 1752 1615 1786 politam
1629 1751 1746 1785 lunonis

965 1799 1110 1833 imaginem
1126 1798 1321 1833 conﬁgurassc.
1336 1796 1402 1824 Nam
1421 1797 1537 1833 lapidem
1558 1798 1665 1833 quidem
1684 1799 1746 1832 ipsi,

967 1845 1068 1880 quippe
1082 1852 1139 1871 rem
1152 1843 1291 1871 duriorem
1307 1843 1452 1878 minusque
1469 1844 1521 1870 arti
1552 1844 1746 1879 obsequentem

964 1891 1108 1925 animaque
1124 1895 1271 1922 carentem,
1294 1889 1320 1916 in
1334 1889 1453 1917 numinis
1467 1889 1581 1925 eﬂigiem
1601 1889 1746 1924 scalpenda

965 1936 1137 1965 eonformare
1151 1936 1280 1964 nolebant
1297 1945 1304 1963 :
1319 1943 1416 1963 aurum
1438 1939 1531 1962 autem
1547 1941 1629 1971 atque
1649 1943 1747 1972 argen-

966 1988 1022 2010 tum
1036 1982 1135 2010 sterilis
1150 1990 1182 2010 ac
1195 1982 1282 2009 vitiati
1299 1982 1349 2009 soli
1361 1981 1504 2009 morbosos
1517 1982 1621 2010 colores
1632 1990 1702 2014 esse.
1715 1990 1747 2011 ac

965 2029 1059 2056 sordes
1082 2029 1212 2064 quasdam
1235 2033 1263 2056 et
1279 2028 1402 2056 maculas
1421 2036 1454 2055 ex
1469 2032 1540 2055 terra
1560 2028 1630 2064 ignis
1649 2029 1746 2057 ardore

965 2083 1115 2110 percussa,
1138 2075 1257 2102 vibieum
1284 2075 1370 2102 instar
1397 2074 1750 2103 exsisterearbitrabaulur:

963 2120 1046 2148 ebore
1071 2128 1135 2147 vero
1159 2119 1294 2147 interdum
1312 2127 1379 2147 sane
1394 2119 1550 2151 utebantur,
1569 2119 1616 2147 sed
1630 2120 1691 2154 joco
1705 2127 1748 2146 so-

964 2167 1033 2199 lum,
1048 2171 1075 2194 et
1090 2166 1167 2202 quasi
1179 2165 1211 2193 ad
1225 2166 1341 2200 aliquam
1360 2166 1518 2193 deliciarum
1531 2173 1562 2192 ac
1578 2165 1745 2194 lautitiarum

965 2212 1134 2239 varietatem.
1156 2221 1165 2237 I
1185 2210 1247 2238 llmc
1262 2210 1436 2243 Plutarchus,
1467 2218 1555 2246 eoque
1579 2211 1659 2247 longe
1677 2211 1747 2238 anti—

965 2258 1044 2293 quior
1055 2257 1132 2285 Plato
1145 2257 1211 2284 nihil
1227 2265 1276 2285 nec
1286 2257 1312 2284 in
1330 2264 1408 2290 auro,
1423 2265 1473 2284 uec
1491 2257 1519 2284 in
1536 2257 1682 2292 lapidibus,
1696 2266 1746 2286 nec

965 2302 992 2329 in
1014 2302 1106 2335 ebore,
1130 2310 1180 2330 nec
1193 2302 1220 2329 in
1237 2302 1292 2329 ullo
1309 2309 1423 2337 prorsus
1444 2309 1537 2337 opere,
1561 2303 1634 2338 quod
1656 2310 1689 2330 ex
1703 2302 1746 2329 iu-

965 2348 1049 2375 animi
1065 2348 1177 2376 materia
1198 2347 1340 2380 conﬂatur,
1363 2355 1423 2376 esse
1437 2349 1604 2383 pronuntiat,
1618 2348 1689 2383 quod
1705 2348 1746 2376 vel

931 2411 952 2438 ι)
965 2394 1051 2429 paulo.
1062 2394 1215 2429 augustius,
1229 2394 1270 2421 vel
1285 2399 1388 2421 naturae
1407 2394 1505 2421 divina:
1526 2398 1631 2428 aptum,
1652 2401 1684 2420 ac
1706 2393 1745 2420 si-

964 2440 1029 2467 mile
1045 2439 1138 2467 haberi
1151 2440 1246 2474 possit.
1262 2440 1303 2466 Tu
1323 2447 1398 2475 ergo,
1424 2440 1470 2474 qui
1488 2439 1636 2471 hominem,
1660 2439 1745 2467 hom}

963 2551 1060 2579 suisse.
1076 2550 1133 2578 Nisi
1146 2550 1279 2582 dicamus.
1294 2558 1356 2578 cum
1372 2551 1452 2578 rudes
1468 2550 1544 2585 prius
1560 2550 1745 2585 intermesque

963 2587 1069 2620 stipites
1081 2586 1260 2621 erigerentur,
1275 2587 1393 2620 primum
1417 2594 1432 2621 a
1456 2585 1548 2613 Danao
1564 2585 1689 2612 Minerva:
1707 2588 1745 2612 al-

962 2620 1173 2653 mulacrum,’ex
1196 2621 1269 2656 ligno
1287 2621 1352 2648 illud
1367 2620 1486 2656 quidem,
1506 2621 1553 2648 sed
1568 2621 1626 2648 laevi
1649 2629 1680 2648 ac
1697 2628 1746 2656 po-

962 2657 1020 2688 lito,
1038 2657 1215 2683 constitutum
1233 2656 1325 2683 fuisse.

999 2692 1103 2726 (75-76)
1124 2691 1263 2725 Χρώματα
1284 2690 1413 2725 νοσώδη.
1433 2690 1490 2719 Hoc
1513 2691 1594 2718 etiam
1621 2691 1745 2725 asperius

963 2733 1013 2757 est.
1026 2734 1106 2760 quam
1118 2728 1201 2760 quod.
1215 2726 1333 2753 Bernard
1346 2727 1426 2754 habet
1437 2734 1520 2753 serui.
1535 2727 1552 2752 4
1563 2727 1594 2752 de
1607 2726 1745 2753 Adventu:

963 2763 1066 2788 Aurum
1081 2766 1106 2788 et
1123 2767 1270 2795 argentum,
1284 2762 1481 2796 inquit,.nonne
1495 2767 1564 2787 terra
1582 2766 1618 2788 est
1629 2763 1709 2788 rubra
1719 2765 1744 2788 et

963 2797 1033 2828 alba,
1051 2804 1130 2831 quam
1150 2796 1222 2823 salus
1245 2796 1378 2823 hominum
1404 2805 1478 2823 error
1500 2797 1576 2831 facit,
1591 2802 1636 2823 aut
1660 2797 1744 2831 magis

965 2837 1079 2865 reputat,
1095 2832 1259 2865 pretiosam?

1000 2867 1055 2900 (77)
1080 2865 1202 2901 Τρυφῆς.
1223 2865 1305 2893 Error
1321 2865 1492 2901 manifestus,
1507 2874 1556 2901 pro
1570 2866 1695 2901 τρυφῆς.
1716 2870 1745 2892 ut

964 2902 1063 2929 habent
1087 2900 1238 2934 inauuscr.,
1253 2902 1314 2929 licet
1329 2900 1410 2929 Mont.
1432 2900 1543 2929 adnotet
1562 2902 1597 2928 al.
1615 2900 1745 2936 scriptum

963 2945 1023 2964 essm
1038 2945 1090 2972 jac;
1097 2946 1117 2971 5:
1123 2936 1166 2970 ῆς.
