2060 3213
206 180 257 209 18⁵1

529 178 662 207 EUSEBII
681 179 920 207 CESARIENSIS
939 179 1013 208 OPP.
1035 179 1125 207 PARS
1145 180 1178 207 ll.
1197 194 1233 200 -—
1251 178 1499 207 APOLOGETICA.

1769 173 1819 203 £88

204 247 349 269 collectqu
371 235 437 265 nihil
461 238 514 266 nisi
531 239 583 265 vim
612 246 644 266 ac
664 243 823 273 potestatem
840 239 910 274 ignis
926 247 986 266 esse

1040 239 1086 274 τῆς
1098 238 1145 266 τοῦ
1166 238 1251 273 πυρὸς
1274 238 1425 273 δυνάμεως.
1444 237 1522 263 Κατὰ
1538 235 1572 262 τὰ
1589 235 1656 262 αὐτὰ
1672 235 1725 270 γὰρ
1744 231 1820 269 οἶμαι

204 287 340 314 dictitant.
365 284 432 312 Nam
459 285 594 319 ejusmodi
618 289 690 312 certe
718 292 846 311 versuum
870 285 985 312 istorum

206 332 367 361 sententiam
381 339 443 358 esse
454 331 572 358 arbitror
593 338 599 356 :

206 409 214 416 .
253 409 261 416 .
300 408 308 416 .
334 387 408 415 Mens
419 394 508 417 verax,
527 386 643 419 nullique
659 386 788 412 obnoxius
804 386 885 412 (et/rer

205 423 302 458 Regius
318 423 436 455 interitu,
450 422 494 456 qui
510 426 603 447 cuncta
617 427 749 455 morerque
762 421 876 455 regitque

204 458 332 486 Comitia.

204 514 308 548 Quibus
322 513 429 548 quidem
443 511 578 548 Orpheus,
593 513 638 539 ubi
655 512 786 539 mundum
800 513 895 549 ingens
903 514 987 548 quod-

202 560 265 588 dam
280 559 383 586 animal
397 559 456 586 sine
471 559 533 586 ullis
546 559 690 586 verborum
706 559 854 586 involucris
867 567 927 586 esse
938 567 986 594 po—

203 606 269 638 suit,
285 605 407 640 illudque
421 604 516 632 Jovem
540 605 695 640 appellavit,
723 609 780 632 tum
807 610 925 632 mentem
949 605 986 640 ip.

203 653 261 680 sius
276 660 377 684 aerem,
392 660 492 687 corpus
503 653 622 688 reliquas
637 652 732 680 mundi
749 657 838 687 partes
853 660 913 680 esse
925 660 986 688 pro-

202 699 318 726 nuntiat.
336 699 376 726 Ac
395 699 458 726 talis
471 698 581 734 quidem
603 699 682 726 nobis
696 698 866 725 carminibus
881 699 986 733 Jupiter-

201 744 369 772 describitur
387 753 394 772 :
411 745 564 772 Carminum
581 750 671 772 autem
688 745 821 780 interpres
850 745 910 780 ipso
935 749 987 772 sta-

201 788 250 815 tim
274 788 352 816 initio
377 789 541 816 sententiam
567 797 661 816 eorum
689 794 800 817 secutus
822 790 859 817 ita
876 791 984 818 subdit:

199 833 305 869 Jupiter
319 842 384 870 ergo
405 834 525 862 mundus
549 835 694 862 universus
722 839 772 866 est,
801 836 928 863 animans
951 844 985 863 ex

200 879 398 913 animantibus,
413 887 446 907 ac
459 879 526 907 deus
537 887 570 907 ex
586 881 649 908 diis.
676 880 753 916 103
779 881 877 916 Sicque
898 883 986 909 mani-

1037 286 1084 311 καὶ
1100 286 1128 312 ἐν
1143 287 1199 317 τοῖς
1214 285 1307 311 ἔπεσιν
1322 284 1446 320 εἰρῆσθαι
1457 293 1464 299 ’

1036 380 1115 417 ἐνθῇς
1129 380 1153 406 δ’
1169 378 1639 417 ᾀψευὸὴς,βςισιᾼήῐοςειᾶφθιτος
1651 377 1748 412 αἰθὴρ,

1037 412 1073 449 τῼ
1085 415 1123 448 δὴ
1138 412 1236 441 πιίιίτα
1250 415 1359 441 κυκλοῖ
1371 414 1420 441 καὶ
1433 413 1578 448 φράζεται.

1036 515 1074 541 Δι’
1091 512 1128 542 ὧν
1143 514 1368 546 ἁνεπικαλύπτως
1385 515 1453 547 ζῶον
1470 514 1540 549 μέγα
1551 514 1598 540 τὸν
1612 513 1712 548 κόσμον
1724 513 1824 542 ὐποθέ-

1038 570 1127 596 μενος,
1144 561 1192 587 καὶ
1216 561 1310 587 τοῦτον
1326 560 1375 587 Δία
1397 559 1564 596 προσειπὼν,
1581 559 1643 585 νοῦν
1667 559 1716 594 μὲν
1738 558 1821 585 αὑτοῦ

1035 609 1081 635 τὸν
1095 607 1199 644 αἰθέρα,
1216 608 1295 643 σῶμα
1307 608 1335 634 δὲ
1347 607 1381 634 τά
1397 607 1476 634 λοιπὰ
1488 607 1534 634 τοῦ
1546 607 1647 642 κόσμου
1667 607 1735 642 μέρη
1753 600 1834 633 ἀπε-’

1037 654 1140 689 ᾳήνατο
1157 651 1236 679 εἶναι.
1254 653 1380 685 Τοιοῦτος
1394 653 1442 689 μέν
1459 662 1499 684 τις
1516 653 1530 678 ὁ
1543 652 1587 678 διὰ
1605 652 1659 678 τῶν
1670 652 1742 679 ἐπῶν
1753 652 1822 678 ὑπο-

1036 700 1208 736 γραφόμενος
1218 700 1345 734 tur/ﬁve:
1357 699 1424 731 Ζεύς
1433 707 1440 714 ·
1457 699 1471 725 6
1481 698 1509 724 δὲ
1522 698 1576 725 τῶν
1586 698 1659 725 ἐπῶν
1674 697 1820 733 ἐξηγητὴς,

1036 746 1186 781 ἀρξάμενος
1207 745 1267 781 μὲν,
1278 747 1334 777 τοῖς
1359 745 1451 771 ἔπεσιν
1475 744 1627 776 ἀκολούθως
1643 744 1727 778 λέγει’
1753 744 1820 774 Ζεὺς

1036 790 1081 818 οἷν
1105 793 1119 818 ὁ
1143 793 1196 823 πᾶς
1219 792 1329 827 κόσμος,
1348 790 1416 823 ζῶον
1440 792 1471 817 ἐκ
1493 789 1579 823 ζώων,
1599 790 1659 821 θεδς
1681 791 1713 816 ἐκ
1736 789 1821 816 θεῶν’

1037 837 1129 871 σαφῶς
1142 837 1186 864 τὸν
1201 836 1409 872 θεολογοὺμενον
1423 838 1472 863 Δία
1488 837 1559 869 θεὸν,
1579 838 1653 864 οὐδὲν
1671 837 1733 864 ἄλλο
1746 837 1762 872 ἢ
1778 837 1824 863 τὸν

1037 883 1174 920 ὁρώμενον
1197 884 1242 910 καὶ
1267 884 1394 920 αἰσθητὸν
1418 885 1518 920 κόσμον
1534 883 1686 920 δηλοῦσθαι,
1715 884 1757 910 διὰ
1777 883 1824 910 καὶ

201 924 270 952 feste
285 924 380 953 Jovem
401 926 487 958 illum,
516 934 598 961 quem
624 927 741 962 theologi
757 927 915 962 loquuntur,
932 929 988 962 ipse

1040 930 1112 956 ἐπῶν
1124 930 1304 965 ἑρμηνεύσας.

200 979 311 1007 quoque
331 980 386 1000 non
415 974 498 1000 alium
525 979 622 1008 praeter
642 975 773 1002 mundum
800 975 883 1002 istum
899 975 986 1003 Oculis
1006 984 1037 1004 ac
1055 977 1181 1004 sensibus
1203 977 1310 1004 obvium
1335 977 1503 1005 carminibus
1523 976 1576 1003 illis
1606 983 1764 1011 expressum
1791 982 1823 1002 ac

199 1019 388 1054 signiﬁcatum
407 1027 468 1046 esse
486 1020 616 1047 declarat.

238 1065 276 1092 Ea
292 1073 373 1100 porro
388 1066 579 1101 [Egyptiorum
602 1066 726 1094 doctrina
751 1067 811 1100 fuit,
832 1075 865 1095 ex
884 1069 986 1102 quibus

201 1117 232 1139 ut
245 1120 322 1140 suam
333 1111 457 1147 Orpbeus
471 1113 634 1148 theologiam
654 1114 792 1147 hauserat,
806 1114 841 1141 ita
855 1115 986 1141 mundum

201 1156 296 1190 utique
311 1155 397 1183 Deum
423 1163 484 1184 esse
497 1157 592 1190 voluit,
601 1165 635 1184 ex
649 1158 774 1192 pluribus
790 1158 843 1185 diis
857 1165 985 1194 tanquam

201 1203 244 1231 sui
259 1204 383 1238 partibus
399 1205 472 1240 (nam
492 1205 565 1239 ipsas
577 1213 686 1240 quoque
703 1206 796 1232 mundi
812 1212 902 1241 partes
925 1208 988 1234 dco-

201 1257 262 1278 rum
277 1250 304 1278 in
319 1259 434 1278 numero
445 1252 480 1278 ab
491 1252 525 1279 iis
539 1253 674 1287 repositas
690 1252 775 1280 fuisse
791 1258 869 1280 antea
879 1254 988 1280 demon-

201 1295 361 1330 stravimus)
377 1297 571 1330 constitutum;
599 1297 670 1332 quod
687 1305 772 1324 unum
789 1297 921 1332 profecto,
947 1299 989 1325 ni-

202 1341 296 1376 hilque
328 1347 456 1376 przetcrea
489 1343 592 1370 laudati
619 1351 635 1370 a
660 1344 741 1371 nobis
767 1343 868 1379 Orphei
892 1353 987 1372 versus

202 1395 372 1422 expressere.
398 1388 433 1415 At
450 1389 520 1416 idem
544 1389 630 1423 ipsius
648 1394 801 1422 enarrator,
821 1390 905 1425 priori
925 1391 987 1418 huic

202 1433 419 1467 interpretationi
437 1434 549 1461 alteram
566 1442 599 1462 ex
621 1443 672 1462 suo
690 1444 772 1463 Sensu
798 1436 986 1471 depromptam

203 1479 364 1514 subiiciens,
378 1484 581 1514 procreatorem
597 1481 679 1515 hujus
693 1481 879 1509 universitatis
888 1481 986 1515 Deum,

202 1524 367 1553 cll'ectricem
391 1530 508 1553 mentem
536 1525 610 1553 illam
636 1534 697 1553 esse
721 1527 870 1558 contendit,
884 1535 938 1562 qua
954 1527 988 1554 de

201 1570 348 1605 theologus
372 1571 423 1598 iste
451 1571 606 1604 disputarit.
626 1570 737 1603 Verum,
764 1573 901 1606 quomodo
928 1577 988 1599 tan-

203 1616 265 1642 dem
279 1616 414 1651 ejusmodi
432 1621 560 1650 mcntem,
587 1618 645 1645 suis
671 1618 797 1644 versibus
824 1622 915 1652 poeta,
940 1626 987 1645 seu

203 1661 338 1689 Thracius
361 1662 407 1689 ille
434 1662 570 1696 Orpheus,
600 1671 647 1690 seu
673 1663 762 1698 quivis
788 1663 858 1690 alius
886 1663 986 1696 fuerit,

1073 1069 1226 1104 Αἰγυπτίων
1249 1069 1276 1096 δὲ
1294 1070 1308 1095 6
1334 1069 1422 1103 λόγος,
1440 1066 1553 1104 παρ’ὧν
1573 1067 1620 1094 καὶ
1647 1067 1761 1103 Ὀρφεὺς
1775 1067 1826 1103 τὴν

1038 1115 1174 1150 θεολογίαν
1186 1115 1317 1147 ἐκλαϐὼν,
1333 1115 1378 1141 τὸν
1401 1116 1502 1149 κόσμον
1518 1113 1587 1141 εἶναι
1601 1113 1646 1140 τὸν
1668 1113 1733 1139 Θεὸν
1746 1113 1825 1148 ᾤετο,

1037 1161 1069 1187 ὲκ
1083 1161 1210 1187 πλειόνων
1225 1160 1293 1186 θεῶν
1308 1160 1361 1186 τῶν
1376 1160 1458 1186 αὐτοῦ
1477 1160 1567 1195 μερῶν
1585 1159 1642 1195 (ὅτι
1657 1159 1704 1185 καὶ
1723 1158 1756 1185 τὰ
1775 1157 1826 1194 μέ-

1039 1215 1072 1242 ρη
1089 1206 1135 1232 τοῦ
1152 1206 1254 1241 κόσμου
1270 1205 1456 1240 Θεολογοῦντες
1471 1207 1500 1232 ἐν
1513 1207 1570 1236 τοῖς
1586 1204 1702 1241 πρόσθεν
1718 1203 1827 1230 ἀπεδει-

1038 1252 1158 1287 χθησειν)
1174 1251 1336 1278 συνεστῶτας
1355 1252 1401 1278 καὶ
1423 1250 1525 1278 τούτου
1537 1251 1618 1277 πλέον
1639 1250 1714 1277 οὐδὲν
1724 1249 1757 1276 τὰ
1772 1258 1826 1276 πα-

1040 1296 1184 1332 ρατεθέντα
1199 1296 1252 1322 τῶν
1267 1295 1339 1322 ὲπῶν
1355 1297 1465 1331 ῥήματα
1480 1296 1652 1331 διεσάφησεν.
1669 1295 1697 1321 '0
1713 1294 1741 1321 δὲ
1757 1295 1826 1329 μετὰ

1037 1342 1086 1377 τὴν
1102 1342 1211 1377 πρώτην
1228 1342 1374 1377 ἑρμηνείαν
1401 1342 1529 1377 δευτέραν
1553 1342 1582 1374 ἐξ
1602 1340 1684 1368 αὐτοῦ
1714 1340 1826 1376 προστε-

1039 1388 1112 1422 Οησι,
1132 1388 1176 1414 τὸν
1189 1388 1244 1414 τῶν
1267 1388 1335 1414 ὅλων
1369 1388 1483 1423 ποιητὴν
1497 1387 1573 1420 Θεὸν,
1600 1387 1645 1414 τὸν
1661 1386 1827 1423 δημιουργὸν

1038 1435 1098 1461 νοῦν
1114 1434 1206 1460 τοῦτον
1218 1435 1329 1468 φάσκων
1342 1432 1411 1460 εἶναι
1431 1434 1476 1460 τὸν
1497 1432 1733 1468 τεθεολογημένον.
1764 1433 1826 1464 Πῶς

1037 1480 1060 1506 δ’
1075 1480 1108 1506 ἂν
1123 1480 1202 1506 αὑτὸν
1232 1479 1325 1506 τοῦτον
1343 1479 1487 1514 ὲθεολόγει,
1511 1479 1540 1505 6v
1578 1480 1644 1515 μηδὲ
1664 1479 1712 1514 τὴν
1740 1479 1827 1514 ἀρχὴν

1038 1527 1108 1560 ἔγνω
1120 1527 1134 1553 ὁ
1147 1526 1201 1552 τῶν
1215 1526 1288 1552 ἐπῶν
1305 1526 1437 1560 ποιητής
1453 1525 1507 1552 εἴτε
1523 1525 1538 1552 6
1550 1525 1623 1560 Θρᾲξ
1639 1524 1682 1560 εἴη
1701 1524 1826 1560 Ὀρφεὺς,

1039 1572 1115 1603 εἴτις
1127 1571 1214 1602 ἄλλος·
1230 1573 1254 1598 εἰ
1269 1571 1300 1606 δὴ
1316 1571 1380 1606 παρ’
1396 1571 1563 1605 Αιγυπτίων,
1590 1571 1607 1607 ἢ
1627 1570 1740 1598 καὶτῶν
1754 1569 1829 1604 πρώ-

1037 1627 1092 1645 των
1114 1617 1245 1653 Ἑλλήνων
1256 1618 1356 1652 ἥκοντα
1375 1615 1408 1652 ἦν
1422 1617 1461 1648 είς
1470 1617 1552 1643 αὑτὸν
1564 1616 1599 1643 τὰ
1610 1617 1659 1652 τῆς
1676 1616 1825 1650 θεολογίας·

1039 1665 1063 1690 οἱ
1073 1664 1101 1690 δέ
1119 1672 1149 1698 γε
1162 1663 1359 1698 ἀπεδείχθησαν
1373 1663 1449 1690 οὐδὲν
1463 1663 1556 1698 νοητὸν
1568 1663 1753 1698 ἐπιστάμενοι,
1773 1661 1828 1688 οὐδ’

203 1707 290 1734 Deum
305 1706 461 1739 cecinisset,
477 1708 510 1735 de
522 1716 575 1742 qua
590 1709 658 1736 nihil
680 1717 800 1744 unquam
828 1709 886 1743 ipse
900 1716 934 1736 ne
948 1709 988 1736 lc-

1041 1711 1069 1736 ὲν
1084 1711 1182 1745 ἀφανεῖ
1202 1709 1248 1736 καὶ
1273 1710 1408 1745 ἀσωμάτῳ
1423 1709 1502 1745 οὐσίᾳ
1525 1709 1725 1745 περιεχόμενον,
1741 1708 1768 1735 εἴ
1788 1717 1829 1743 τῳ

203 1752 317 1780 vissime
339 1753 448 1787 quidem
472 1753 686 1788 tenuissimeque
709 1754 895 1789 cognoverat!
919 1762 988 1789 pra:-

205 1799 299 1826 sertim
317 1799 341 1827 si
361 1799 493 1835 quidquid
515 1800 610 1827 habuit
626 1801 778 1836 theologia,
806 1805 891 1828 toturn
916 1801 942 1827 id
962 1801 989 1828 in

205 1845 294 1879 ipsum
311 1849 369 1872 erat
384 1846 424 1873 vel
441 1847 476 1874 ab
497 1846 642 1881 Egyptiis,
667 1847 708 1874 vel
730 1847 764 1874 ab
788 1846 989 1881 antiquioribus

205 1890 308 1918 Grzecis
332 1891 494 1926 derivatum,
510 1900 578 1927 quos
590 1893 699 1928 quidem
713 1893 882 1920 ostendimus
899 1897 990 1925 antea,

204 1936 275 1963 nihil
298 1937 410 1964 omnino
426 1938 566 1973 spiritalis,
593 1938 661 1965 nihil
688 1938 761 1974 quod
785 1943 925 1973 aspectum
949 1937 992 1965 fu-

206 1981 296 2016 giente
309 1986 337 2010 et
348 1984 473 2018 corporis
499 1989 611 2019 experte
634 1990 731 2012 natura
753 1988 892 2011 constaret
907 1991 992 2018 agno-

207 2027 282 2055 visse
294 2035 300 2061 ;
318 2027 343 2056 si
357 2029 401 2056 cui
415 2033 505 2057 tamen
522 2029 574 2057 hoc
586 2030 614 2057 iu
629 2037 726 2064 genere
736 2029 788 2056 {ide
804 2029 902 2064 dignus
914 2028 992 2056 Plato

205 2072 342 2107 videatur,
357 2074 403 2109 qui
423 2075 547 2103 homines
560 2075 632 2109 illos,
648 2075 694 2110 qui
709 2075 841 2103 Graeciam
853 2075 934 2111 primi
951 2078 991 2102 te-

207 2125 302 2151 nuere,
313 2126 362 2147 eos
376 2124 492 2153 tantum,
504 2129 574 2155 quos
587 2122 764 2148 barbarorum
775 2121 923 2148 etiamnum
936 2121 990 2155 ple‘

207 2162 287 2197 rique
315 2163 464 2197 celebrant,
494 2165 590 2198 solem,
609 2166 713 2196 lunam,
747 2171 858 2198 terram,
887 2166 987 2198 sidera,

207 2208 319 2240 caelum,
340 2210 406 2237 deos
420 2211 569 2244 censuisse,
588 2211 615 2238 in
627 2210 736 2246 Cratylo
749 2212 903 2238 conﬁtetur.
920 2211 990 2244 Quin

1043 1755 1133 1787 ἱκανὸς
1150 1754 1335 1781 πιστώσασθαι
1351 1755 1365 1781 6
1390 1755 1512 1787 Πλάτων,
1542 1755 1681 1790 ὁμολογῶν
1698 1755 1727 1781 ἐν
1751 1756 1826 1788 Κρα-

1043 1801 1122 1834 τύλῳ
1135 1801 1197 1832 τοὺς
1214 1800 1337 1835 πρώτους
1353 1799 1407 1826 τῶν
1435 1799 1585 1833 ἀνθρώπων
1602 1800 1666 1836 περὶ
1684 1799 1734 1834 τὴν
1768 1799 1828 1825 Ἑλ-

1043 1846 1109 1874 λάδα
1121 1846 1231 1877 τούτους
1249 1846 1345 1881 μόνους
1357 1845 1434 1877 θεοὺς
1447 1845 1582 1881 ἡγεῖσθαι,
1593 1845 1696 1880 οὕσπερ
1710 1844 1757 1871 νῦν
1770 1843 1832 1870 πολ-

1043 1892 1084 1918 λοὶ
1099 1891 1153 1918 τῶν
1165 1891 1318 1927 βαρϐάρων,
1335 1891 1410 1926 ἣλιον
1428 1892 1475 1917 καὶ
1489 1891 1613 1926 σελήνην,
1641 1890 1688 1917 καὶ
1703 1889 1766 1924 γῆν,
1783 1889 1831 1916 καὶ

1041 1939 1139 1973 ἄστρα,
1153 1938 1200 1964 καὶ
1215 1937 1338 1972 οὐρανόν.
1357 1937 1412 1963 Καὶ
1425 1939 1439 1964 ὁ
1467 1937 1616 1972 Χαιρήμων
1632 1936 1660 1962 δὲ
1676 1935 1765 1971 μικρῷ
1780 1935 1831 1971 ἐμ-

1041 1983 1158 2019 προσθεν
1171 1982 1332 2018 ἐμαρτύρει,
1360 1983 1414 2009 οὐδ’
1426 1982 1489 2009 ἄλλο
1513 1991 1539 2008 τι
1566 1982 1619 2018 πρὸ
1633 1981 1679 2007 τοῦ
1691 1981 1830 2016 ὁρωμένου

1041 2028 1142 2063 κόσμου
1159 2027 1223 2059 τοὺς
1235 2027 1400 2061 Αἰγυπτίους
1415 2026 1550 2062 ἡγεῖσθαι,
1566 2025 1619 2052 οὐδ’
1630 2024 1726 2056 ἄλλους
1742 2024 1829 2055 θεοὺς,

1041 2074 1111 2109 πλὴν
1142 2073 1197 2100 τῶν
1227 2073 1370 2108 πλανητῶν
1401 2073 1447 2099 καὶ
1484 2072 1537 2097 τῶν
1564 2070 1664 2097 λοιπῶν
1695 2069 1828 2105 ἀστέρων·

1043 2120 1131 2146 πάντα
1156 2127 1185 2145 τε
1210 2119 1251 2150 εἰς
1276 2118 1310 2144 τὰ
1336 2117 1462 2153 ὁρώμενα
1482 2116 1528 2143 τοῦ
1554 2116 1656 2150 κόσμου
1672 2115 1759 2151 μέρη,
1783 2115 1831 2141 καὶ

1042 2165 1117 2192 οὐδὲν
1142 2165 1182 2196 είς
1198 2163 1359 2199 ἀσωμάτους
1392 2163 1440 2189 καὶ
1463 2163 1552 2195 ζώσας
1579 2161 1673 2193 οὐσίας
1698 2159 1831 2197 ἑρμηνεύ-

1043 2219 1131 2241 οντας.

207 2255 289 2282 etiam
315 2256 396 2291 paulo
421 2261 484 2284 ante
506 2257 646 2285 Chmremo
670 2258 828 2289 testabatur,
854 2265 887 2283 ne
913 2257 987 2292 ipsos
1008 2256 1116 2290 quidem
1134 2254 1275 2290 Egyptios
1304 2257 1352 2280 aut
1371 2252 1443 2280 aliud
1456 2251 1604 2286 quidquam
1631 2252 1682 2279 hoc
1706 2255 1828 2286 aspecta-

208 2300 256 2328 bili
271 2301 374 2329 mundo
390 2302 465 2336 prius
481 2306 508 2329 et
522 2302 660 2337 antiquius
683 2303 821 2334 habuisse,
849 2307 896 2329 aut
921 2302 988 2329 alios
1020 2308 1080 2328 esse
1101 2304 1197 2335 praeter
1216 2299 1338 2334 planetas
1359 2306 1390 2325 ac
1424 2298 1529 2332 reliqua
1552 2297 1641 2325 sidera
1662 2297 1727 2325 deos
1752 2302 1832 2332 puta-

208 2345 300 2380 visse;
325 2346 446 2382 adeoque
475 2347 549 2382 ipsos
579 2349 670 2376 omnia
697 2357 809 2384 prorsus
834 2349 867 2376 ad
896 2349 979 2379 hunc,
999 2355 1079 2382 quem
1106 2346 1254 2379 cernimus,
1285 2344 1426 2376 mundum,
1444 2344 1512 2372 nihil
1541 2344 1574 2371 ad
1593 2344 1765 2379 incorporeas
1791 2344 1834 2371 ri-

211 2399 359 2430 ventesque
384 2399 496 2423 naturas
526 2395 794 2430 interpretationibus
829 2395 887 2422 suis
918 2401 1071 2422 revomsse.

516 2441 630 2469 CAPUT
650 2441 683 2468 X.

215 2486 321 2514 Coactis
335 2495 366 2514 ac
380 2488 499 2515 υἰοιεηιιτ
515 2489 627 2558 istorurm
639 2487 755 2514 omnium
771 2487 993 2514 accommodatio-

509 2524 550 2550 πίε
563 2532 589 2550 re
603 2524 699 2551 utalia.

509 2524 550 2550 nis
563 2524 699 2551 refutatio.

251 2565 298 2595 llle
314 2567 396 2602 igitur
413 2574 503 2603 poeta,
518 2570 564 2604 qui
578 2574 651 2597 totus
665 2577 698 2596 ex
716 2568 837 2596 fontibus
851 2569 927 2596 hisce
937 2576 996 2603 pro-

215 2614 303 2646 ﬂuxit,
317 2614 390 2641 unde
407 2616 524 2647 tandem,
550 2616 756 2651 autquomodo,
769 2623 858 2651 quove
882 2616 995 2643 doctore

215 2665 296 2694 atque
310 2660 430 2695 auspice,
448 2661 532 2688 Deum
549 2661 624 2689 illum
641 2661 734 2689 mundi
750 2662 817 2689 lines
843 2669 875 2688 ac
902 2661 996 2689 terrui-

216 2714 266 2734 nos
283 2714 378 2734 omnes
393 2713 577 2742 superantem,
607 2709 787 2744 eumdemque
810 2709 886 2741 solis,
912 2709 994 2742 lunze,

217 2752 348 2784 siderum,
365 2751 505 2786 ipsiusque
519 2753 580 2780 cmli
597 2757 624 2780 ct
635 2753 709 2780 orbis
732 2753 852 2781 universi
868 2753 990 2781 condito-

217 2805 273 2824 rem
288 2798 346 2825 suis
362 2797 388 2824 in
403 2798 525 2825 versibus
542 2799 695 2833 posuisset?
713 2799 793 2835 104
810 2799 886 2827 Unde
905 2805 995 2827 autem

218 2844 383 2880 incorporea:
397 2849 501 2872 natura:
526 2845 705 2880 cognitionem
731 2846 887 2874 hausisset?
903 2845 996 2873 Enim-

217 2896 281 2916 vero
298 2889 365 2917 nihil
381 2897 494 2924 prorsus
510 2890 623 2918 istorum
648 2891 770 2918 omnium
800 2891 851 2926 ipsi
877 2899 997 2926 unquam

1325 2436 1522 2464 ΚΕΦΛΛΑΙΟΝ
1535 2437 1562 2463 Ι’.

1045 2486 1190 2520 Ἔλεγχος
1207 2485 1255 2512 καὶ
1270 2483 1422 2520 ἀνατροπὴ
1446 2482 1502 2520 τῆς
1518 2483 1567 2509 καὶ
1581 2482 1694 2509 τούτων
1725 2479 1831 2510 βεὸιιμ

1259 2518 1375 2554 σμένης
1386 2518 1569 2550 ἀποδόσεως.

1084 2567 1112 2593 ’0
1121 2566 1152 2602 δὴ
1166 2563 1213 2593 οὖν
1226 2567 1258 2592 ὲκ
1274 2566 1376 2592 τούτων
1389 2564 1550 2600 ὁρμώμενος
1567 2563 1691 2599 ποιητὴς,
1706 2561 1798 2592 πόθεν,
1814 2562 1832 2596 ἢ

1044 2611 1112 2643 πῶς,
1127 2611 1144 2646 ἥ
1171 2611 1246 2645 παρὰ
1266 2610 1336 2642 τίνος
1353 2609 1443 2636 λαϐὼν
1461 2609 1489 2635 ἐν
1519 2609 1576 2639 τοῖς
1605 2608 1684 2634 ἔπεσι
1706 2607 1752 2633 τὸν
1768 2607 1833 2633 ὲπέ-

1048 2666 1124 2685 κείνα
1137 2657 1184 2684 τοῦ
1199 2657 1300 2691 κόσμου
1317 2655 1391 2687 Θεὸν,
1407 2655 1453 2681 καὶ
1477 2654 1523 2680 τὸν
1544 2653 1629 2689 ἡλίου,
1645 2654 1692 2680 καὶ
1709 2653 1832 2688 σελήνης,

1049 2705 1095 2731 καὶ
1108 2705 1224 2738 ἄστρων,
1238 2702 1319 2730 αὺτοῦ
1344 2710 1374 2728 τε
1397 2699 1512 2736 οὐρανοῦ
1526 2700 1573 2726 καὶ
1602 2699 1649 2725 τοῦ
1678 2698 1835 2733 σύμπαντος

1049 2751 1152 2786 κόσμου
1164 2748 1328 2784 δημιουργὸν
1352 2747 1419 2783 [γρ.
1453 2744 1661 2780 κατεδάλλετο.]
1690 2744 1835 2771 κατελάϐε-

1050 2805 1098 2828 co;
1117 2794 1274 2830 Ἀσωμάτου
1301 2793 1359 2828 an,
1378 2792 1478 2826 γνῶσις
1496 2789 1569 2824 αὑτῷ
1596 2789 1691 2822 πόθεν;
1718 2789 1787 2815 Ἀλλ’
1803 2789 1834 2815 οὺ

1050 2842 1152 2868 τούτων
1167 2849 1197 2875 γε
1209 2840 1284 2867 οὐδὲν
1296 2838 1373 2870 εἰδὼς
1388 2837 1524 2872 τυγχάνει·
1542 2836 1556 2861 6
1571 2835 1624 2870 γάρ
1649 2843 1689 2862 τοι
1700 2834 1754 2861 τῶν
1766 2834 1834 2861 ὅλων

1051 2887 1243 2924 δημιουργικδς
1254 2885 1315 2917 νοῦς
1327 2883 1381 2911 οὔτ’
1397 2885 1428 2910 ὲκ
1454 2882 1582 2909 πλειόνων
1600 2880 1690 2917 μερῶν
1708 2881 1836 2917 συνέστη-
