2060 3213
202 195 249 223 189

779 195 937 223 ΡΒᾹΞΡΑΒ.
958 194 1082 223 EVANG.
1104 195 1169 224 LIB.
1188 194 1231 223 Ill.

1759 195 1810 224 {90

200 262 255 284 κεν,
268 252 326 279 οὔτ’
341 252 375 279 ἂν
391 252 499 287 γένοιτο
511 251 593 280 αὑτοῦ
605 252 708 288 κεφαλὴ
723 253 844 289 οὐρανὸς,
859 253 889 279 οὗ
905 253 980 288 σῶμα

1034 254 1061 281 ἰη
1072 259 1189 282 mentem
1207 254 1290 282 venit.
1304 252 1397 289 Neque
1422 260 1494 281 enim
1522 252 1641 280 eﬂeetrlx
1663 252 1709 280 llla
1733 260 1811 281 mens

199 299 262 334 πῦρ,
272 299 319 325 καὶ
342 298 427 334 ὓδωρ,
451 299 499 325 καὶ
523 300 597 333 γαῖα·
609 299 668 326 ἀλλ’
683 299 744 325 οὐδὲ
765 299 876 334 ὄμματα
898 299 980 326 αὑτοῦ

197 345 270 380 ἣλιος
285 345 333 371 καὶ
352 345 464 381 σελήνη.
482 345 544 377 Πῶς
570 346 593 373 δ’
605 345 637 372 ἂν
651 343 705 372 εἶεν
720 342 790 380 ὦμοι
802 346 849 373 καὶ
871 345 980 381 στέρνα,

198 393 244 418 καὶ
259 391 343 423 νῶτα,
358 392 406 418 καὶ
420 392 501 427 νηδὺς
525 392 570 418 τοῦ
590 392 642 418 τῶν
652 393 718 418 ὅλων
736 392 901 428 δημιουργοῦ
913 393 980 419 Θεοῦ

197 438 251 474 ἀὴρ
263 437 403 473 εὐρυϐίης,
419 438 466 464 καὶ
475 438 521 472 γῆ,
535 438 582 464 καὶ
598 439 681 473 ὀρέων
697 439 806 465 αἰπεινὰ
817 439 940 473 κάρηνα;
963 438 979 473 ἢ

197 483 278 515 πῶςό
290 483 372 519 αιθὴρ
399 483 460 515 νοῦς
481 483 538 510 ποτ’
554 484 758 519 ἂν⁶ἐπινοηθείη
778 484 824 510 τοῦ
841 485 895 511 τῶν
913 484 981 511 ὅλων

197 529 320 565 ποιητοῦ,
334 530 351 565 ἢ
365 529 412 556 τοῦ
424 529 470 556 νοῦ
485 530 532 556 τοῦ
555 530 767 566 δημιουργικοῦ;
783 531 842 557 Ὅτι
861 532 909 566 μὲν
935 528 980 557 οὖν

195 575 281 602 ταῦτα
298 575 454 609 σεσόφισται
480 575 518 611 τῷ
541 575 594 602 τῶν
611 576 684 603 ἐπῶν
700 577 823 611 ἑρμηνεῖ,
840 577 914 603 οὐδὲν
927 578 982 603 ἑπι-

196 620 286 655 λέγειν
297 621 360 657 χρή.
378 622 486 655 Ἔγωγε
505 621 557 656 μὴν
573 621 607 648 τὰ
621 622 720 657 ἔσχατα
733 622 840 649 ἀσεϐεῖν
855 631 925 657 φημι
937 622 981 648 τὸν

197 667 336 701 φάσκοντα
350 667 420 702 μέρη
435 665 504 694 εἷναι
524 667 592 694 Θεοῦ
605 668 639 694 τὰ
657 668 727 704 μέρη
741 668 786 694 τοῦ
804 669 916 703 κόσμου·
934 669 981 695 καὶ

196 712 238 738 ἔτι
249 712 348 747 μᾶλλον
375 713 422 739 τὸν
450 713 656 749 ἀποφηνάμενον
677 714 721 740 τὸν
744 714 823 740 αὑτὸν
849 711 917 740 εἶναι
942 714 980 749 τῷ

197 758 292 794 κόσμῳ
306 759 351 786 τὸν
362 759 441 786 Θεόν·
457 760 504 786 καὶ
532 760 578 786 ἐπὶ
595 760 697 792 τούτοις
712 761 757 787 τὸν
771 760 920 796 ἡγούμενον
935 760 980 787 τοῦ

198 804 299 840 κόσμου
311 804 373 831 νοῦν
387 803 457 832 εἶναι
468 805 521 831 τῶν
533 805 600 832 ὅλων
612 806 782 842 δημιουργόν.
801 807 917 841 Ποιητὴν
932 806 982 841 μὲν

197 848 251 885 γὰρ
263 849 342 877 αὑτὸν
359 850 407 877 καὶ
421 851 530 886 σωτῆρα
551 851 598 877 τοῦ
624 852 737 887 κόσμου,
755 852 845 887 ἕτερον
855 852 918 878 ὄντα
934 852 980 878 τοῦ

197 895 391 930 πεποιημένου,
415 896 525 929 εὐσεϐὲς
544 898 713 932 ἀποφαίνειν·
745 897 806 924 νοῦν
818 898 846 924 δὲ
860 897 906 924 τοῦ
920 898 982 924 κόσ-

198 951 259 977 μου,
277 942 371 978 ὥσπερ
386 943 458 975 τινὸς
471 943 540 975 ζώου
558 943 657 979 ψυχὴν,
673 944 809 979 ἡνωμένον
822 944 919 975 διόλου,
935 945 981 970 καὶ

196 986 227 1012 τὸ
241 987 295 1013 πᾶν
311 987 506 1023 ἠμφιεσμένον,
534 988 584 1014 οὐκ
614 988 651 1014 ἔθ’
666 989 738 1015 ὅσιον
759 989 791 1015 ἂν
819 989 860 1024 εἴη
880 989 981 1022 λέγειν.

196 1032 291 1058 Καίτοι
317 1034 444 1069 παρεῖναι
461 1034 540 1060 αὑτὸν
557 1033 595 1068 τῷ
624 1035 716 1066 παντὶ,
730 1035 775 1060 καὶ
794 1035 916 1069 προνοεῖν
935 1034 981 1060 τοῦ

196 1076 310 1112 κόσμου,
325 1077 447 1104 παιδεύει
474 1078 507 1104 τὰ
531 1078 674 1113 καθ’ήμᾶς
702 1078 760 1114 ἱερὰ
783 1078 870 1112 λόγια,
893 1078 982 1104 θεολο-

195 1121 296 1156 γοῦντα
308 1122 427 1156 ἐπαξίως
436 1123 482 1150 καὶ
499 1123 667 1159 θεοπρεπῶς.
684 1124 723 1150 Δι’
737 1122 775 1150 ὧν
793 1132 883 1159 φησιν·
899 1124 981 1158 ιΟὺχὶ

195 1168 240 1194 τὸν
252 1168 366 1204 οὐρανὸν
377 1169 423 1196 καὶ
436 1169 485 1204 τὴν
500 1170 551 1204 γῆν
564 1169 618 1203 ἐγὼ
633 1169 726 1205 πληρῶ
738 1178 745 1202 ;
760 1170 833 1203 λέγει
850 1170 960 1204 Κύριος·
969 1178 978 1194 ι

196 1213 252 1240 Καὶ
272 1213 361 1240 πάλιν·
382 1223 391 1239 t
406 1215 466 1241 Ὀτι
481 1215 495 1240 6
508 1214 573 1246 Θεὸς
585 1216 613 1241 ὲν
624 1215 663 1250 τῷ
674 1215 779 1251 οὐρανῴ
791 1215 856 1247 ἅνω,
876 1216 922 1242 καὶ
937 1216 982 1241 ἐπὶ

194 1258 244 1294 τῆς
253 1258 305 1294 γῆς
322 1259 423 1286 κάτω-ι
443 1260 490 1286 καὶ
517 1260 607 1287 πάλιν·
628 1270 637 1286 ί
662 1261 705 1287 Ἐν
722 1261 796 1296 αὐτῷ
817 1261 871 1296 γὰρ
885 1262 931 1288 καὶ
945 1271 983 1288 κί-

196 1304 324 1340 νούμεθα,
340 1307 387 1332 καὶ
402 1305 502 1341 ζῶμεν,
513 1308 559 1333 καὶ
570 1307 680 1342 ἐσμέν-ι
702 1307 759 1334 ἀλλ’
773 1309 821 1342 οὐχ
840 1307 877 1339 ὡς
892 1308 920 1334 ὲν
937 1308 983 1343 μὲ-

198 1358 239 1385 ρει
253 1359 301 1377 του
313 1350 427 1386 κόσμου,
440 1351 494 1378 οὐδ’
508 1351 545 1383 ὡς
558 1352 587 1378 ὲν
599 1352 671 1387 ψυχῇ
684 1352 765 1379 αὑτοῦ
781 1354 829 1380 καὶ
844 1353 893 1380 νοΐ.
912 1354 982 1380 Ἀλλ’

194 1397 220 1423 εὶ
231 1396 284 1432 χρὴ
297 1397 498 1433 παραδείγματι
518 1398 670 1434 χρήσασθαι
689 1398 919 1435 θεοπρεπέστερον
935 1401 982 1426 καὶ

196 1442 386 1480 ἀληθέστερον,
400 1444 507 1476 οἰκείως
517 1445 530 1470 6
546 1445 617 1480 ἱερός
637 1453 687 1471 που
705 1445 782 1480 λόγος
798 1445 979 1481 ἐξεφώνησεν·

199 1497 209 1514 1
226 1488 256 1516 '0
273 1489 388 1525 οὐρανός
403 1498 448 1525 μοι
465 1489 584 1526 Θρόνος,›
602 1490 698 1523 εἰπὼν,
725 1501 733 1517 t
751 1493 766 1526 ἡ
781 1491 808 1518 δὲ
826 1492 861 1526 γῆ
879 1492 982 1518 ὑποπό-

196 1533 251 1561 διον
264 1535 317 1561 τῶν
333 1535 420 1562 ποδῶν
436 1545 512 1571 μου.ο
531 1537 562 1563 Et
585 1536 639 1573 γὰρ
667 1537 736 1572 χρῆν
757 1537 825 1569 ὅλως
841 1547 983 1573 προσωπο-

196 1582 281 1630 ποιεῖν
293 1581 532 1630 ,ἀνθριοπινωτέριρ
548 1583 630 1618 λόγῳ,
649 1583 762 1630 Δθεαλαιὸ
785 1584 909 1620 διάφορον
931 1584 980 1620 τῆς
992 1601 1015 1630 c

196 1625 342 1660 θεολογίας.
359 1627 388 1654 '0
413 1628 463 1661 μὲν
488 1628 542 1663 γὰρ
564 1630 610 1654 τὸν
629 1628 744 1664 οὐρανὸν
769 1628 853 1655 εἰπὼν
873 1628 979 1664 θρόνον,

195 1672 323 1701 ἐπέκεινα
337 1673 384 1700 τοῦ
398 1673 490 1709 θρόνου
508 1674 554 1700 καὶ
562 1675 691 1701 ἀνωτάτω
701 1675 754 1701 τῶν
766 1675 834 1701 ὅλων
850 1675 894 1701 τὸν
905 1683 980 1710 παμ-

196 1718 308 1747 ϐασιλέα
323 1719 390 1746 Θεὸν
407 1720 571 1756 ἀφωρίσατο,
585 1721 646 1747 οὐδὲ
669 1721 717 1756 τὴν
729 1721 780 1756 γῆν
793 1721 842 1756 τῆς
853 1721 980 1757 προνοίας

195 1766 278 1793 αὑτοῦ
289 1767 418 1803 χωρίσας·
430 1767 603 1801 ωγκατιέναι
618 1768 672 1802 γὰρ
689 1768 735 1794 καὶ
750 1769 795 1795 ἐπὶ
807 1769 840 1795 τὰ
854 1768 916 1803 τῇδε
930 1769 980 1803 τῆς

197 1813 319 1849 θεότητος
332 1814 381 1845 τὰς
394 1814 572 1850 προνοητικὰς
596 1814 678 1841 αὐτοῦ
695 1815 823 1850 δυνάμεις
849 1815 978 1841 διδάσκει·

195 1859 235 1886 διό
260 1868 359 1894 φησιν·
396 1859 427 1886 'H
453 1860 482 1886 δὲ
503 1861 538 1896 γῆ
565 1861 708 1887 ὑποπόδιον
730 1860 783 1887 τῶν
807 1860 894 1887 ποδῶν
917 1860 978 1895 μοῦ.

202 1903 270 1931 Ἀλλ’
284 1904 347 1932 οὕτε
360 1905 390 1932 τὸ
403 1905 555 1938 ὑποπόδιον,
567 1905 629 1933 οὒτε
641 1907 694 1941 μὴν
709 1907 723 1932 6
737 1906 828 1942 θρόνος
846 1906 923 1941 σῶμα
933 1905 980 1931 τοῦ

197 1950 400 1986 καθιδρυμένου,
416 1951 476 1978 οὐδέ
492 1960 523 1986 γε
540 1952 609 1987 μέρη
621 1953 681 1978 ποτ’
700 1952 733 1978 ἂν
755 1951 835 1978 αὐτοῦ
861 1951 979 1987 λεχθείη.

201 1996 230 2022 '0
244 1996 284 2029 ee,
293 1996 414 2032 κεφαλὴν
424 1996 471 2023 τοῦ
484 1997 550 2023 Θεοῦ
559 1998 605 2024 τὸν
618 1997 730 2032 οὐρανὸν
745 1998 791 2024 καὶ
803 1997 837 2023 τὰ
851 1999 880 2024 ὲν
894 1998 980 2032 τούτῳ

196 2041 304 2077 φήσας,
330 2042 376 2069 καὶ
392 2041 455 2068 νοῦν
472 2042 554 2069 αὐτοῦ
567 2043 614 2069 τὸν
628 2043 735 2078 αἰθέρα,
759 2043 825 2078 μέλη
848 2052 876 2068 τε
897 2042 979 2069 αὐτοῦ

193 2086 243 2115 καὶ
256 2086 336 2122 σῶμα
353 2087 388 2114 τὰ
401 2087 482 2114 λοιπὰ
497 2088 543 2114 τοῦ
561 2089 663 2123 κόσμου
679 2089 760 2124 μέρη,
776 2088 837 2115 οὔτε
851 2089 980 2123 δημιουρ-

192 2131 254 2166 γὸν,
270 2131 332 2159 οὔτε
344 2132 410 2159 Θεὸν
422 2133 560 2160 ἁλίσκεται
587 2133 673 2165 εἰδώς.
699 2134 736 2160 Οὐ
765 2133 819 2169 γὰρ
846 2134 878 2160 ἂν
901 2134 980 2165 αὐτὸς

192 2178 291 2206 ἑαυτὸν
303 2178 493 2215 δημιουργοίη,
507 2179 560 2206 οὐδ’
572 2180 605 2207 ἂν
615 2180 654 2207 ἔτι
662 2180 723 2212 νοῦς
731 2180 855 2214 λέγεσθαι
864 2180 980 2213 δύναιτο,

192 2217 226 2248 οὗ
238 2220 301 2252 νοῦς
310 2218 368 2257 ἦνὸ
379 2222 470 2258 αἰθήρ.
483 2223 561 2255 Ποίος
573 2223 601 2249 δὲ
618 2224 664 2250 καὶ
680 2224 722 2259 εἴη
735 2225 749 2251 ὁ
763 2224 838 2256 θεὸς,
851 2221 882 2251 οὗ
898 2224 979 2260 μέρη,

1034 299 1159 337 pluribus
1169 308 1203 327 ex
1215 300 1338 335 partibus
1354 302 1540 335 coagmentata
1554 302 1606 332 est,
1622 306 1672 326 nec
1688 299 1749 334 ejus
1765 302 1814 326 aut

1032 350 1113 380 caput
1127 345 1226 373 ctnlum
1240 353 1300 373 esse
1314 349 1412 380 potest,
1423 350 1577 379 autcorpus
1595 352 1627 372 ex
1645 345 1715 379 igne,
1729 351 1811 378 aqua,

1033 396 1159 426 terraque
1183 396 1320 424 constare,
1349 395 1396 418 aut
1415 391 1486 418 oculi
1503 391 1543 418 sol
1561 399 1592 418 ac
1608 391 1671 417 luna
1696 390 1812 418 censeri.

1034 437 1101 464 Nam
1121 438 1181 472 ejus
1201 438 1309 472 quidem
1334 437 1467 471 numinis,
1500 445 1514 464 a
1541 445 1595 472 quo
1611 437 1735 464 universa
1751 445 1813 472 pro-

1033 488 1170 516 creantur,
1186 484 1326 515 humeros,
1351 488 1456 518 pectus,
1472 483 1582 511 dorsum
1601 488 1680 518 atque
1695 488 1812 516 uterum,

1033 530 1170 565 quomodo
1186 529 1293 557 tandem
1306 537 1351 556 aer
1366 530 1443 564 longe
1456 529 1563 564 lateque
1578 528 1704 561 diffusus,
1716 533 1743 556 et
1759 534 1814 556 ter-

1033 584 1073 609 ra,
1099 580 1126 603 et
1153 576 1286 603 montium
1309 583 1415 603 summa
1443 576 1584 602 cacumina
1609 574 1744 602 alliciant?
1767 579 1814 602 aut

1033 621 1096 656 quis
1108 622 1239 657 intelligat
1255 621 1353 648 aethera
1373 622 1416 648 vel
1432 629 1521 649 rerum
1547 622 1668 648 omnium
1691 621 1814 648 condito-

1033 668 1082 699 ris,
1101 668 1142 695 vel
1161 668 1261 695 mentis
1274 668 1418 695 etl‘ectrieis
1435 672 1552 694 mentem
1564 667 1644 695 esse?
1658 668 1746 702 Atque
1757 667 1814 694 haec

1034 713 1150 748 argutuli
1176 720 1305 740 versuum
1339 712 1451 740 istorum
1482 712 1636 747 interpretis
1660 715 1813 739 commenta

1033 766 1103 791 esse,
1119 759 1243 793 pluribus
1255 758 1397 786 ostendere
1416 758 1482 785 nihil
1498 758 1601 785 attinet.
1617 757 1676 784 Jam
1689 765 1752 785 vero
1767 757 1814 792 qui

1033 804 1126 831 mundi
1139 809 1229 839 partes
1245 803 1291 831 Dei
1307 804 1427 831 membra
1445 811 1506 831 esse
1519 803 1601 835 dicat,
1614 811 1674 830 eum
1687 803 1814 838 projecta:

1034 857 1066 877 ac
1083 850 1231 885 proﬂigatae
1246 850 1393 883 impietatis
1404 857 1480 876 reum
1497 857 1557 877 esse
1574 850 1731 883 pronuntio,
1743 849 1813 875 mul-

1035 899 1116 930 toque
1131 896 1227 930 magis,
1242 895 1286 929 qui
1301 894 1385 921 Deum
1399 898 1479 928 atque
1491 894 1621 920 mundum
1633 901 1688 920 rcm
1697 901 1778 920 unam
1787 897 1814 920 et

1032 940 1153 967 eamdem
1163 943 1310 970 asseverat,
1317 939 1419 974 quique
1427 939 1459 965 ad
1472 943 1620 965 extremum
1629 938 1713 972 ipsius
1721 937 1814 964 mundi

1033 991 1150 1013 mentem
1169 986 1244 1012 illum
1259 993 1330 1017 esse,
1345 985 1390 1020 qui
1409 989 1506 1012 cuneta
1518 984 1680 1019 procreavit,
1697 983 1813 1010 arbitre-

1032 1037 1086 1060 tur.
1100 1032 1166 1060 Nam
1181 1036 1210 1059 ut
1224 1032 1377 1059 molitorem
1395 1037 1614 1066 servatoremque
1626 1030 1718 1057 mundi
1731 1029 1813 1057 alium

1033 1079 1066 1106 ab
1085 1086 1117 1106 eo
1137 1078 1209 1112 quod
1225 1077 1385 1112 productum
1413 1082 1455 1104 est
1475 1077 1666 1111 diversumque
1683 1079 1812 1106 statuere,

1033 1124 1144 1159 pietatis
1159 1128 1220 1151 est:
1237 1124 1279 1151 sic
1298 1131 1357 1150 eam
1379 1122 1473 1150 mundi
1496 1126 1624 1154 mentem,
1643 1121 1753 1156 perinde
1772 1125 1814 1147 al—

1033 1177 1086 1204 que
1101 1168 1247 1196 animantis
1261 1167 1377 1202 alicujus
1393 1169 1523 1200 animam,
1554 1167 1602 1194 toti
1628 1166 1729 1202 passim
1753 1165 1813 1192 orbi

1033 1215 1205 1249 conjunctam
1238 1214 1332 1241 intime
1358 1222 1389 1241 ac
1415 1214 1544 1242 sociatam
1578 1221 1654 1244 esse,
1692 1211 1814 1245 adeoque

1033 1261 1190 1288 universum
1208 1261 1296 1295 ipsum
1313 1261 1443 1291 induisse,
1460 1267 1539 1287 neruo
1554 1259 1596 1294 pie
1615 1258 1721 1285 dixerit.
1736 1257 1813 1294 Illum

1032 1307 1140 1342 quidem
1167 1307 1214 1333 toti
1241 1307 1368 1334 universo
1394 1310 1552 1340 praesentem
1576 1305 1682 1337 adessv,
1708 1311 1739 1330 ac
1763 1311 1813 1330 sua

1033 1352 1164 1379 mundum
1195 1350 1364 1386 providentia
1392 1351 1543 1385 gubernare
1566 1353 1737 1376 sacrosancta
1764 1355 1814 1374 no—

1033 1403 1151 1425 strorum
1187 1397 1285 1424 docent
1311 1397 1431 1427 oracula,
1465 1396 1563 1430 quibus
1593 1395 1719 1429 prmclara
1748 1401 1814 1420 sane

1033 1443 1217 1477 Deoque‘cum
1241 1442 1336 1477 primis
1358 1441 1437 1476 digna
1454 1439 1594 1474 theologia:
1609 1439 1677 1465 ratio
1693 1438 1814 1465 contine-

1033 1494 1086 1517 tur.
1102 1488 1148 1515 Sic
1167 1488 1238 1515 enitn
1259 1495 1307 1523 per
1320 1495 1350 1514 ea
1366 1486 1436 1513 Deus
1458 1486 1513 1520 ipse
1530 1485 1670 1519 loquitur:
1686 1481 1813 1517 Nunquid

1036 1544 1088 1562 non
1101 1534 1193 1562 celum
1206 1539 1229 1561 et
1248 1539 1345 1560 terram
1363 1541 1408 1567 ego
1421 1531 1536 1566 impleo?
1552 1531 1616 1557 dicit
1638 1529 1766 1556 Dominus
1781 1528 1812 1553 ".

1033 1582 1071 1609 Ae
1084 1589 1199 1609 rursus:
1216 1580 1292 1613 Quod
1308 1580 1376 1606 Deus
1391 1579 1417 1605 in
1431 1578 1493 1604 caelo
1516 1584 1632 1607 sursum,
1653 1581 1676 1602 et
1692 1575 1718 1601 in
1742 1579 1813 1600 terra

1032 1628 1153 1654 deorsum
1168 1627 1204 1659 ”;
1216 1630 1242 1654 et
1255 1626 1317 1653 alibi
1332 1633 1338 1650 2
1357 1623 1389 1651 In
1407 1624 1463 1658 ipso
1477 1623 1543 1650 enim
1556 1622 1676 1652 uiuimus,
1693 1624 1716 1646 et
1728 1626 1814 1645 mave-

1033 1682 1091 1700 mur
1111 1677 1134 1699 et
1154 1680 1244 1699 sumus
1262 1671 1301 1704 ¹⁶;
1320 1678 1373 1698 non
1399 1675 1488 1697 tamen
1511 1673 1540 1695 ut
1564 1668 1590 1694 in
1619 1670 1695 1701 parte
1723 1665 1812 1699 aliqua

1032 1718 1137 1750 mundi,
1150 1725 1200 1745 nec
1212 1722 1242 1744 ut
1263 1717 1289 1743 in
1305 1715 1391 1751 ipsius
1406 1715 1497 1742 anima
1516 1713 1557 1740 vel
1572 1716 1672 1739 mente.
1687 1711 1720 1737 At
1735 1711 1757 1737 si
1774 1710 1813 1736 Io-

1031 1772 1080 1792 cus
1092 1761 1263 1791 similitudini
1276 1768 1336 1788 esse
1357 1760 1445 1792 debet,
1461 1759 1539 1792 longe
1552 1764 1618 1784 sane
1637 1760 1666 1782 ut
1680 1754 1734 1781 Deo
1748 1761 1813 1780 con-

1030 1809 1184 1838 venientius
1210 1808 1275 1836 illud
1295 1811 1346 1838 est,
1366 1807 1401 1833 ita
1417 1813 1478 1833 cum
1500 1804 1613 1831 veritate
1628 1801 1811 1836 eonjunctius,

1031 1856 1102 1892 quod
1123 1856 1244 1890 apposite
1269 1861 1354 1881 sacrae
1369 1853 1463 1879 litterse
1489 1850 1587 1878 alicubi
1612 1848 1810 1883 prodiderunt:

1034 1902 1133 1929 Caelum
1149 1901 1213 1928 mihi
1236 1900 1308 1926 sedes
1324 1904 1372 1931 est,
1393 1903 1461 1924 terra
1488 1900 1574 1923 autem
1600 1895 1743 1922 scabellum
1769 1901 1813 1927 pe-

1031 1949 1094 1974 dum
1107 1955 1222 1974 meorum
1236 1947 1267 1972 ¹⁷.
1280 1945 1346 1972 Nam
1361 1944 1382 1971 si
1396 1943 1507 1970 omnino
1520 1949 1562 1968 res
1576 1941 1702 1976 postulat,
1716 1940 1753 1967 uti
1766 1940 1814 1966 hu-

1032 2000 1144 2020 manum
1172 1991 1300 2026 loquendi
1319 1997 1421 2016 morem
1438 1987 1562 2023 personis
1580 1986 1715 2021 ﬁngendis
1732 1985 1812 2020 paulo

1031 2038 1143 2073 propius
1169 2037 1322 2067 imitemur,
1343 2035 1485 2069 utriusque
1503 2032 1645 2066 theologia:
1665 2031 1812 2058 discrimen

1032 2084 1185 2112 considera.
1203 2083 1254 2115 Qui
1269 2082 1367 2108 coelum
1396 2080 1441 2107 Dei
1469 2079 1558 2107 sedem
1575 2077 1691 2109 vocavit,
1706 2077 1729 2104 is
1741 2081 1813 2104 certe

1032 2139 1086 2158 non
1111 2134 1213 2157 tantum
1245 2128 1314 2155 ultra
1333 2127 1435 2158 sedem,
1458 2133 1552 2153 verum
1570 2125 1650 2152 etiam
1671 2131 1753 2158 supra
1770 2130 1813 2150 res

1031 2183 1126 2204 omnes
1140 2182 1276 2203 summum
1295 2173 1369 2200 illum
1395 2172 1581 2200 universitatis
1595 2178 1686 2207 regem
1711 2171 1813 2205 longis-

1032 2221 1100 2249 sime
1113 2225 1247 2248 semotum
1268 2218 1420 2251 collocavit,
1445 2217 1484 2245 sic
1510 2221 1599 2244 tamen
1618 2221 1647 2244 ut
1663 2224 1696 2243 ne
1711 2221 1813 2243 terram

193 2267 232 2302 γῆ
243 2267 292 2294 καὶ
302 2267 337 2294 τὰ
353 2267 399 2295 ἐπὶ
415 2269 467 2304 γῆς
482 2268 543 2304 ὅρη,
553 2269 629 2303 ὄγκοι
644 2270 778 2305 σωμάτων
796 2270 903 2304 ἄλογοι,
920 2270 978 2301 πῶς

1031 2268 1140 2303 quidem
1157 2267 1243 2302 ipsam
1263 2266 1298 2293 ab
1319 2265 1440 2300 ejusdem
1457 2264 1625 2300 providentia
1643 2262 1811 2296 sccluderet;

192 2313 222 2340 δὲ
238 2313 287 2340 καὶ
311 2313 421 2348 εὔλογον
445 2314 511 2341 Θεὸν
535 2315 709 2350 ἀναγορεύειν
732 2315 778 2342 τὸν
800 2316 912 2350 ἀδελφὸν
933 2315 980 2342 καὶ

194 2359 316 2395 συγγενῆ
338 2360 432 2396 πυρὸς,
445 2360 491 2387 καὶ
508 2361 586 2396 ἀέρος
610 2361 676 2397 (82),
692 2362 738 2388 καὶ
755 2361 859 2394 ὕδατος,
880 2362 978 2395 ἀλόγου

193 2406 243 2432 καὶ
264 2405 387 2441 φθαρτῆς
409 2405 474 2442 ὕλης
497 2406 633 2440 ὲκγόνων;
652 2407 684 2433 Εἰ
700 2407 728 2433 δὲ
753 2408 799 2434 καὶ
819 2409 832 2434 6
855 2407 915 2439 νοῦς
932 2407 978 2433 τοῦ

193 2451 266 2484 Διὸς,
287 2452 363 2479 οὐδὲν
388 2453 451 2481 ἀλλο
463 2453 532 2488 πλὴν
551 2453 598 2480 τοῦ
622 2453 785 2489 δηλωθέντος
808 2453 915 2489 αἰθέρος
933 2451 976 2488 ἧν,

193 2497 277 2533 αἰθὴρ
287 2497 318 2525 δὲ
333 2499 387 2535 ἀήρ
402 2500 460 2526 ἐστι
475 2500 489 2526 6
509 2499 673 2534 ὑψηλότατος
697 2501 744 2526 καὶ
767 2499 892 2536 πυρώδης
904 2520 911 2531 ,
924 2499 978 2525 ἀπὸ

193 2544 242 2571 τώ
258 2544 393 2578 αἴθεσθαι,
406 2546 475 2581 ὅπερ
489 2545 547 2579 ἐστ),
560 2545 695 2578 καίεσθαι,
709 2545 821 2580 ταύτην,
832 2545 868 2577 ὦς
884 2554 975 2580 φασιν,

194 2590 310 2626 εἰληχὼς
323 2591 373 2627 τὴν
388 2591 559 2627 ἐπωνυμίαν·
576 2591 690 2626 σώματα
705 2592 733 2618 δὲ
743 2592 835 2627 ἄμφω,
853 2593 867 2618 ὅ
881 2600 909 2617 τε
925 2592 979 2627 ἀὴρ

194 2637 210 2663 δ
224 2646 254 2664 τε
268 2637 350 2673 αἰθήρ
359 2646 366 2653 ·
381 2638 432 2674 ὅρα
446 2637 497 2665 ποῦ
509 2646 549 2664 σοι
562 2637 608 2664 τοῦ
620 2638 679 2670 Διὸς
689 2639 702 2664 6
712 2637 773 2669 νοῦς
783 2637 976 2664 ἀποπέπτωκε.

198 2682 253 2709 Καὶ
284 2681 326 2713 τις
351 2683 384 2710 ἂν
403 2682 442 2710 ἔτι
454 2683 596 2719 προσείποι
623 2683 689 2710 Θεὸν
704 2683 757 2710 τῶν
776 2683 975 2718 εὐφρονούντων

193 2727 307 2761 ωὖτον,
326 2725 350 2762 ᾧ
365 2728 426 2761 νοῦς
445 2730 566 2766 ὑπῆρχεν
583 2729 663 2760 ἄνους
687 2730 733 2755 καὶ
758 2729 871 2763 ἀλογοςς
895 2731 918 2756 εὶ
944 2729 975 2765 δὴ

229 2806 252 2822 ¹⁸
270 2805 327 2833 Jer.
355 2814 434 2838 nm,
456 2806 501 2834 24.
553 2807 575 2823 ¹¹
595 2806 674 2834 Deut.
691 2814 727 2839 Iv,
742 2806 768 2834 9.

230 2874 285 2907 (82)
305 2875 359 2903 Kal
372 2876 456 2909 ἀέρος
486 2876 612 2904 Additum
638 2881 729 2904 estex
751 2876 798 2903 alt.
818 2885 869 2904 ms.
885 2876 973 2904 Minus

196 2914 278 2945 recte,
293 2915 324 2937 ut
346 2911 459 2945 \itletur,
476 2912 607 2940 elementa
632 2912 677 2939 illa
703 2911 837 2940 Eusebius
856 2913 974 2940 materia

817 2807 839 2824 "
858 2808 917 2835 Act.
933 2815 1000 2839 xvn,

1028 2315 1127 2350 quippe
1144 2313 1177 2341 ad
1194 2320 1238 2341 res
1252 2312 1324 2339 enim
1338 2319 1447 2346 quoque
1464 2315 1572 2338 nostras
1595 2310 1665 2336 hanc
1679 2309 1738 2344 ejus
1752 2316 1813 2343 pro-

1031 2360 1139 2388 videndi
1156 2359 1210 2386 vim
1222 2358 1370 2392 adjungere
1378 2364 1440 2384 sese
1452 2360 1479 2384 et
1496 2354 1704 2383 accommodare
1721 2354 1810 2387 docet,

1027 2414 1113 2441 eoque
1125 2404 1216 2432 subdit
1233 2412 1239 2429 ε
1257 2403 1339 2431 Terra
1357 2407 1446 2430 autem
1466 2401 1613 2428 scabellum
1631 2400 1729 2435 pedum
1739 2408 1811 2427 meo-

1027 2460 1098 2479 rum.
1119 2450 1196 2485 105
1209 2450 1301 2477 Atnec
1317 2449 1475 2478 scabelluln,
1491 2455 1539 2474 uec
1552 2454 1616 2473 vero
1634 2445 1711 2472 sedes
1720 2445 1759 2472 vel
1769 2453 1810 2472 se-

1027 2496 1115 2524 dentis
1124 2503 1233 2530 corpus,
1243 2495 1284 2521 vel
1293 2494 1473 2529 ipsiuspartes
1481 2493 1514 2519 ab
1523 2492 1578 2519 ullo
1590 2499 1708 2525 unquam
1722 2491 1810 2518 nomi-

1028 2546 1137 2570 nentur.
1159 2542 1212 2568 lste
1230 2548 1303 2572 vero,
1322 2540 1368 2575 qui
1380 2539 1491 2569 coelum,
1508 2545 1622 2573 qumque
1637 2537 1706 2565 caalo
1721 2537 1809 2564 couti—

1027 2592 1135 2621 nentur,
1162 2587 1209 2614 Dei
1233 2591 1322 2621 caput,
1356 2587 1454 2613 aethera
1489 2592 1553 2611 vero
1588 2588 1704 2611 tuentem
1739 2583 1809 2617 ejus,

1028 2635 1148 2662 membra
1155 2634 1273 2668 denique
1282 2633 1469 2668 reliquumque
1483 2638 1582 2665 corpus
1596 2634 1708 2657 exteras
1717 2630 1810 2656 mundi

1029 2686 1118 2716 partes
1145 2688 1205 2707 esse
1234 2679 1311 2712 dixit,
1340 2686 1426 2713 neque
1451 2677 1544 2704 mundi
1566 2676 1699 2711 opiﬁcem,
1723 2683 1811 2710 neque

1032 2728 1114 2756 Deum
1131 2734 1211 2754 nosse
1232 2726 1411 2753 convincitur.
1433 2724 1525 2759 Neque
1547 2723 1618 2750 enim
1642 2726 1688 2749 aut
1706 2729 1735 2749 se
1758 2730 1809 2748 un-

1127 2805 1148 2821 "
1169 2802 1221 2831 lsa.
1237 2810 1309 2834 LXVI,
1328 2801 1354 2828 I.

1027 2806 1074 2834 28.

1027 2876 1111 2916 fetum
1136 2873 1259 2906 vocavit,
1274 2878 1335 2908 quae
1355 2871 1428 2899 nulla
1445 2879 1479 2900 ex
1496 2869 1609 2898 materia
1633 2870 1724 2896 creata
1747 2867 1807 2896 lite-

1029 2914 1092 2939 rint.
