  <div class='ocr_page' id='page_1' title='image "/cluster/home/n/w/nwhite01/storage/ocr_20150623/21/njp.32101077772489/103.png"; bbox 0 0 2060 3213; ppageno 0'>
   <div class='ocr_carea' id='block_1_1' title="bbox 283 165 1898 200">
    <p class='ocr_par' dir='ltr' id='par_1_1' title="bbox 283 165 1898 200">
     <span class='ocr_line' id='line_1_1' title="bbox 283 165 1898 200; baseline 0.004 -6"><span class='ocrx_word' id='word_1_1' title='bbox 283 166 338 196; x_wconf 77' lang='grc'><strong>195</strong></span> <span class='ocrx_word' id='word_1_2' title='bbox 610 165 745 194; x_wconf 82' lang='lat' dir='ltr'><strong>EUSEBI]</strong></span> <span class='ocrx_word' id='word_1_3' title='bbox 764 165 1002 193; x_wconf 64' lang='lat' dir='ltr'><strong>CzESARlENSlS</strong></span> <span class='ocrx_word' id='word_1_4' title='bbox 1021 165 1095 193; x_wconf 83' lang='lat' dir='ltr'><strong>OPP.</strong></span> <span class='ocrx_word' id='word_1_5' title='bbox 1116 165 1206 194; x_wconf 72' lang='lat' dir='ltr'><strong>PARS</strong></span> <span class='ocrx_word' id='word_1_6' title='bbox 1227 166 1259 193; x_wconf 87' lang='lat' dir='ltr'><strong>ll.</strong></span> <span class='ocrx_word' id='word_1_7' title='bbox 1279 181 1315 187; x_wconf 75' lang='lat'><strong>——</strong></span> <span class='ocrx_word' id='word_1_8' title='bbox 1334 166 1582 197; x_wconf 75' lang='lat' dir='ltr'><strong>APULOGETICA.</strong></span> <span class='ocrx_word' id='word_1_9' title='bbox 1846 172 1898 200; x_wconf 75' lang='lat' dir='ltr'><strong>I96</strong></span> 
     </span>
    </p>
   </div>
   <div class='ocr_carea' id='block_1_2' title="bbox 281 224 1897 262">
    <p class='ocr_par' dir='ltr' id='par_1_2' title="bbox 281 224 1897 262">
     <span class='ocr_line' id='line_1_2' title="bbox 281 224 1897 262; baseline 0.004 -11"><span class='ocrx_word' id='word_1_10' title='bbox 281 228 395 262; x_wconf 76' lang='lat' dir='ltr'><strong>etigura</strong></span> <span class='ocrx_word' id='word_1_11' title='bbox 413 225 452 253; x_wconf 86' lang='lat' dir='ltr'><strong>vis</strong></span> <span class='ocrx_word' id='word_1_12' title='bbox 466 230 517 257; x_wconf 81' lang='lat' dir='ltr'><strong>est,</strong></span> <span class='ocrx_word' id='word_1_13' title='bbox 545 226 626 252; x_wconf 89' lang='lat' dir='ltr'><strong>modo</strong></span> <span class='ocrx_word' id='word_1_14' title='bbox 645 225 775 260; x_wconf 72' lang='lat' dir='ltr'><strong>spiritus;</strong></span> <span class='ocrx_word' id='word_1_15' title='bbox 793 232 866 251; x_wconf 89' lang='lat' dir='ltr'><strong>nunc</strong></span> <span class='ocrx_word' id='word_1_16' title='bbox 891 229 981 251; x_wconf 80' lang='lat' dir='ltr'><strong>autem</strong></span> <span class='ocrx_word' id='word_1_17' title='bbox 1004 224 1233 258; x_wconf 74' lang='lat' dir='ltr'><strong>quemadmodum</strong></span> <span class='ocrx_word' id='word_1_18' title='bbox 1264 225 1315 260; x_wconf 88' lang='lat' dir='ltr'><strong>ipsi</strong></span> <span class='ocrx_word' id='word_1_19' title='bbox 1334 230 1452 253; x_wconf 79' lang='lat' dir='ltr'><strong>mentem</strong></span> <span class='ocrx_word' id='word_1_20' title='bbox 1479 234 1571 254; x_wconf 88' lang='lat' dir='ltr'><strong>rerum</strong></span> <span class='ocrx_word' id='word_1_21' title='bbox 1591 226 1753 255; x_wconf 76' lang='lat' dir='ltr'><strong>eﬂ&#39;cctricem</strong></span> <span class='ocrx_word' id='word_1_22' title='bbox 1773 229 1897 257; x_wconf 87' lang='lat' dir='ltr'><strong>omnium</strong></span> 
     </span>
    </p>
   </div>
   <div class='ocr_carea' id='block_1_3' title="bbox 281 270 1900 310">
    <p class='ocr_par' dir='ltr' id='par_1_3' title="bbox 281 270 1900 310">
     <span class='ocr_line' id='line_1_3' title="bbox 281 270 1900 310; baseline 0.001 -10"><span class='ocrx_word' id='word_1_23' title='bbox 281 273 405 300; x_wconf 80' lang='lat' dir='ltr'><strong>eumdem</strong></span> <span class='ocrx_word' id='word_1_24' title='bbox 421 280 481 300; x_wconf 86' lang='lat' dir='ltr'><strong>esse</strong></span> <span class='ocrx_word' id='word_1_25' title='bbox 495 272 586 304; x_wconf 80' lang='lat' dir='ltr'><strong>velim,</strong></span> <span class='ocrx_word' id='word_1_26' title='bbox 611 271 680 298; x_wconf 88' lang='lat' dir='ltr'><strong>haud</strong></span> <span class='ocrx_word' id='word_1_27' title='bbox 708 271 831 305; x_wconf 82' lang='lat' dir='ltr'><strong>equidem</strong></span> <span class='ocrx_word' id='word_1_28' title='bbox 855 271 984 306; x_wconf 77' lang='lat' dir='ltr'><strong>intelligo.</strong></span> <span class='ocrx_word' id='word_1_29' title='bbox 1016 270 1196 303; x_wconf 68' lang='lat' dir='ltr'><strong>Quaerendum</strong></span> <span class='ocrx_word' id='word_1_30' title='bbox 1211 271 1284 298; x_wconf 86' lang='lat' dir='ltr'><strong>enim</strong></span> <span class='ocrx_word' id='word_1_31' title='bbox 1305 278 1339 298; x_wconf 83' lang='lat' dir='ltr'><strong>ex</strong></span> <span class='ocrx_word' id='word_1_32' title='bbox 1369 272 1421 299; x_wconf 89' lang='lat' dir='ltr'><strong>illis</strong></span> <span class='ocrx_word' id='word_1_33' title='bbox 1453 272 1542 305; x_wconf 78' lang='lat' dir='ltr'><strong>fuerit,</strong></span> <span class='ocrx_word' id='word_1_34' title='bbox 1570 280 1649 307; x_wconf 84' lang='lat' dir='ltr'><strong>quem</strong></span> <span class='ocrx_word' id='word_1_35' title='bbox 1675 273 1753 301; x_wconf 90' lang='lat' dir='ltr'><strong>istius</strong></span> <span class='ocrx_word' id='word_1_36' title='bbox 1786 281 1900 310; x_wconf 84' lang='lat' dir='ltr'><strong>patrem,</strong></span> 
     </span>
    </p>
   </div>
   <div class='ocr_carea' id='block_1_4' title="bbox 280 315 1902 355">
    <p class='ocr_par' dir='ltr' id='par_1_4' title="bbox 280 315 1902 355">
     <span class='ocr_line' id='line_1_4' title="bbox 280 315 1902 355; baseline 0.001 -9"><span class='ocrx_word' id='word_1_37' title='bbox 280 327 360 355; x_wconf 86' lang='lat' dir='ltr'><strong>quem</strong></span> <span class='ocrx_word' id='word_1_38' title='bbox 381 326 460 345; x_wconf 81' lang='lat' dir='ltr'><strong>avum</strong></span> <span class='ocrx_word' id='word_1_39' title='bbox 477 318 561 345; x_wconf 81' lang='lat' dir='ltr'><strong>fuisse</strong></span> <span class='ocrx_word' id='word_1_40' title='bbox 587 317 697 345; x_wconf 77' lang='lat' dir='ltr'><strong>dicant?</strong></span> <span class='ocrx_word' id='word_1_41' title='bbox 722 315 789 344; x_wconf 81' lang='lat' dir='ltr'><strong>Nam</strong></span> <span class='ocrx_word' id='word_1_42' title='bbox 818 315 911 343; x_wconf 86' lang='lat' dir='ltr'><strong>Jovem</strong></span> <span class='ocrx_word' id='word_1_43' title='bbox 923 317 1030 350; x_wconf 86' lang='lat' dir='ltr'><strong>quidem</strong></span> <span class='ocrx_word' id='word_1_44' title='bbox 1046 316 1155 343; x_wconf 89' lang='lat' dir='ltr'><strong>Saturni</strong></span> <span class='ocrx_word' id='word_1_45' title='bbox 1174 316 1257 344; x_wconf 88' lang='lat' dir='ltr'><strong>ﬁlium</strong></span> <span class='ocrx_word' id='word_1_46' title='bbox 1272 324 1333 344; x_wconf 89' lang='lat' dir='ltr'><strong>esse</strong></span> <span class='ocrx_word' id='word_1_47' title='bbox 1357 318 1494 345; x_wconf 89' lang='lat' dir='ltr'><strong>communi</strong></span> <span class='ocrx_word' id='word_1_48' title='bbox 1516 326 1650 346; x_wconf 87' lang='lat' dir='ltr'><strong>consensu</strong></span> <span class='ocrx_word' id='word_1_49' title='bbox 1665 318 1779 354; x_wconf 81' lang='lat' dir='ltr'><strong>theologi</strong></span> <span class='ocrx_word' id='word_1_50' title='bbox 1805 328 1902 348; x_wconf 82' lang='lat' dir='ltr'><strong>omnes</strong></span> 
     </span>
    </p>
   </div>
   <div class='ocr_carea' id='block_1_5' title="bbox 279 361 1898 399">
    <p class='ocr_par' dir='ltr' id='par_1_5' title="bbox 279 361 1898 399">
     <span class='ocr_line' id='line_1_5' title="bbox 279 361 1898 399; baseline 0.002 -9"><span class='ocrx_word' id='word_1_51' title='bbox 279 365 460 396; x_wconf 87' lang='lat' dir='ltr'><strong>conﬁtentur;</strong></span> <span class='ocrx_word' id='word_1_52' title='bbox 487 371 600 398; x_wconf 64' lang='lat' dir='ltr'><strong>quaeque</strong></span> <span class='ocrx_word' id='word_1_53' title='bbox 632 371 704 390; x_wconf 89' lang='lat' dir='ltr'><strong>nunc</strong></span> <span class='ocrx_word' id='word_1_54' title='bbox 729 362 755 389; x_wconf 92' lang='lat' dir='ltr'><strong>in</strong></span> <span class='ocrx_word' id='word_1_55' title='bbox 779 362 905 389; x_wconf 85' lang='lat' dir='ltr'><strong>manibus</strong></span> <span class='ocrx_word' id='word_1_56' title='bbox 942 362 1074 390; x_wconf 84' lang='lat' dir='ltr'><strong>habemus</strong></span> <span class='ocrx_word' id='word_1_57' title='bbox 1101 361 1201 397; x_wconf 88' lang='lat' dir='ltr'><strong>Orphei</strong></span> <span class='ocrx_word' id='word_1_58' title='bbox 1237 363 1368 397; x_wconf 89' lang='lat' dir='ltr'><strong>carmina,</strong></span> <span class='ocrx_word' id='word_1_59' title='bbox 1391 364 1565 399; x_wconf 66' lang='lat' dir='ltr'><strong>praepotentis</strong></span> <span class='ocrx_word' id='word_1_60' title='bbox 1592 364 1702 391; x_wconf 84' lang='lat' dir='ltr'><strong>Saturni</strong></span> <span class='ocrx_word' id='word_1_61' title='bbox 1734 366 1898 398; x_wconf 74' lang='lat' dir='ltr'><strong>meminere;</strong></span> 
     </span>
    </p>
   </div>
   <div class='ocr_carea' id='block_1_6' title="bbox 279 409 1898 445">
    <p class='ocr_par' dir='ltr' id='par_1_6' title="bbox 279 409 1898 445">
     <span class='ocr_line' id='line_1_6' title="bbox 279 409 1898 445; baseline 0.001 -5"><span class='ocrx_word' id='word_1_62' title='bbox 279 412 424 440; x_wconf 85' lang='lat' dir='ltr'><strong>Saturnum</strong></span> <span class='ocrx_word' id='word_1_63' title='bbox 448 416 538 439; x_wconf 87' lang='lat' dir='ltr'><strong>autem</strong></span> <span class='ocrx_word' id='word_1_64' title='bbox 555 410 633 438; x_wconf 85' lang='lat' dir='ltr'><strong>Coeli.</strong></span> <span class='ocrx_word' id='word_1_65' title='bbox 651 410 750 437; x_wconf 85' lang='lat' dir='ltr'><strong>Demus</strong></span> <span class='ocrx_word' id='word_1_66' title='bbox 777 410 857 444; x_wconf 76' lang='lat' dir='ltr'><strong>igitur</strong></span> <span class='ocrx_word' id='word_1_67' title='bbox 881 409 941 436; x_wconf 82' lang='lat' dir='ltr'><strong>istis</strong></span> <span class='ocrx_word' id='word_1_68' title='bbox 966 409 1057 437; x_wconf 81' lang='lat' dir='ltr'><strong>Jovem</strong></span> <span class='ocrx_word' id='word_1_69' title='bbox 1087 414 1114 437; x_wconf 90' lang='lat' dir='ltr'><strong>et</strong></span> <span class='ocrx_word' id='word_1_70' title='bbox 1131 409 1211 437; x_wconf 86' lang='lat' dir='ltr'><strong>deum</strong></span> <span class='ocrx_word' id='word_1_71' title='bbox 1240 418 1330 438; x_wconf 88' lang='lat' dir='ltr'><strong>rerum</strong></span> <span class='ocrx_word' id='word_1_72' title='bbox 1352 411 1539 439; x_wconf 86' lang='lat' dir='ltr'><strong>universarum</strong></span> <span class='ocrx_word' id='word_1_73' title='bbox 1563 412 1760 440; x_wconf 82' lang='lat' dir='ltr'><strong>moderatorem</strong></span> <span class='ocrx_word' id='word_1_74' title='bbox 1780 421 1850 445; x_wconf 80' lang='lat' dir='ltr'><strong>esse,</strong></span> <span class='ocrx_word' id='word_1_75' title='bbox 1867 419 1898 442; x_wconf 86' lang='lat' dir='ltr'><strong>et</strong></span> 
     </span>
    </p>
   </div>
   <div class='ocr_carea' id='block_1_7' title="bbox 276 455 1898 494">
    <p class='ocr_par' dir='ltr' id='par_1_7' title="bbox 276 455 1898 494">
     <span class='ocr_line' id='line_1_7' title="bbox 276 455 1898 494; baseline 0 -8"><span class='ocrx_word' id='word_1_76' title='bbox 276 467 341 486; x_wconf 84' lang='lat' dir='ltr'><strong>vero</strong></span> <span class='ocrx_word' id='word_1_77' title='bbox 372 463 487 486; x_wconf 90' lang='lat' dir='ltr'><strong>mentem</strong></span> <span class='ocrx_word' id='word_1_78' title='bbox 525 465 584 485; x_wconf 84' lang='lat' dir='ltr'><strong>eam</strong></span> <span class='ocrx_word' id='word_1_79' title='bbox 621 465 681 491; x_wconf 70' lang='lat' dir='ltr'><strong>qum</strong></span> <span class='ocrx_word' id='word_1_80' title='bbox 705 462 801 484; x_wconf 89' lang='lat' dir='ltr'><strong>cuncta</strong></span> <span class='ocrx_word' id='word_1_81' title='bbox 823 456 983 484; x_wconf 89' lang='lat' dir='ltr'><strong>condiderit.</strong></span> <span class='ocrx_word' id='word_1_82' title='bbox 1010 455 1077 489; x_wconf 85' lang='lat' dir='ltr'><strong>Quis</strong></span> <span class='ocrx_word' id='word_1_83' title='bbox 1101 464 1165 492; x_wconf 76' lang='lat' dir='ltr'><strong>ergo</strong></span> <span class='ocrx_word' id='word_1_84' title='bbox 1195 457 1267 484; x_wconf 91' lang='lat' dir='ltr'><strong>illius</strong></span> <span class='ocrx_word' id='word_1_85' title='bbox 1295 457 1399 492; x_wconf 87' lang='lat' dir='ltr'><strong>pater?</strong></span> <span class='ocrx_word' id='word_1_86' title='bbox 1428 457 1573 485; x_wconf 82' lang='lat' dir='ltr'><strong>Saturnus.</strong></span> <span class='ocrx_word' id='word_1_87' title='bbox 1596 459 1671 486; x_wconf 78' lang='lat' dir='ltr'><strong>Avus</strong></span> <span class='ocrx_word' id='word_1_88' title='bbox 1692 463 1792 491; x_wconf 82' lang='lat' dir='ltr'><strong>autem,</strong></span> <span class='ocrx_word' id='word_1_89' title='bbox 1816 459 1898 494; x_wconf 79' lang='lat' dir='ltr'><strong>quis?</strong></span> 
     </span>
    </p>
   </div>
   <div class='ocr_carea' id='block_1_8' title="bbox 275 503 1898 541">
    <p class='ocr_par' dir='ltr' id='par_1_8' title="bbox 275 503 1898 541">
     <span class='ocr_line' id='line_1_8' title="bbox 275 503 1898 541; baseline 0.001 -9"><span class='ocrx_word' id='word_1_90' title='bbox 275 506 376 532; x_wconf 55' lang='lat' dir='ltr'><strong>(Larius.</strong></span> <span class='ocrx_word' id='word_1_91' title='bbox 394 505 473 539; x_wconf 78' lang='lat' dir='ltr'><strong>Atqui</strong></span> <span class='ocrx_word' id='word_1_92' title='bbox 490 505 512 532; x_wconf 88' lang='lat' dir='ltr'><strong>si</strong></span> <span class='ocrx_word' id='word_1_93' title='bbox 538 505 642 540; x_wconf 88' lang='lat' dir='ltr'><strong>printus</strong></span> <span class='ocrx_word' id='word_1_94' title='bbox 656 503 760 538; x_wconf 87' lang='lat' dir='ltr'><strong>Jupiter</strong></span> <span class='ocrx_word' id='word_1_95' title='bbox 781 509 833 536; x_wconf 85' lang='lat' dir='ltr'><strong>est,</strong></span> <span class='ocrx_word' id='word_1_96' title='bbox 858 508 949 538; x_wconf 89' lang='lat' dir='ltr'><strong>utpote</strong></span> <span class='ocrx_word' id='word_1_97' title='bbox 976 511 1068 530; x_wconf 89' lang='lat' dir='ltr'><strong>rerum</strong></span> <span class='ocrx_word' id='word_1_98' title='bbox 1094 504 1215 531; x_wconf 90' lang='lat' dir='ltr'><strong>omnium</strong></span> <span class='ocrx_word' id='word_1_99' title='bbox 1243 505 1418 538; x_wconf 86' lang='lat' dir='ltr'><strong>architectus,</strong></span> <span class='ocrx_word' id='word_1_100' title='bbox 1445 506 1513 534; x_wconf 84' lang='lat' dir='ltr'><strong>alios</strong></span> <span class='ocrx_word' id='word_1_101' title='bbox 1537 505 1657 540; x_wconf 80' lang='lat' dir='ltr'><strong>profecto</strong></span> <span class='ocrx_word' id='word_1_102' title='bbox 1681 506 1828 534; x_wconf 83' lang='lat' dir='ltr'><strong>secundum</strong></span> <span class='ocrx_word' id='word_1_103' title='bbox 1856 507 1898 541; x_wconf 91' lang='lat' dir='ltr'><strong>ip-</strong></span> 
     </span>
    </p>
   </div>
   <div class='ocr_carea' id='block_1_9' title="bbox 275 550 1893 588">
    <p class='ocr_par' dir='ltr' id='par_1_9' title="bbox 275 550 1893 588">
     <span class='ocr_line' id='line_1_9' title="bbox 275 550 1893 588; baseline 0.003 -12"><span class='ocrx_word' id='word_1_104' title='bbox 275 557 334 578; x_wconf 84' lang='lat' dir='ltr'><strong>Sunt</strong></span> <span class='ocrx_word' id='word_1_105' title='bbox 370 558 509 578; x_wconf 77' lang='lat' dir='ltr'><strong>recensere</strong></span> <span class='ocrx_word' id='word_1_106' title='bbox 531 551 660 584; x_wconf 86' lang='lat' dir='ltr'><strong>oportuit,</strong></span> <span class='ocrx_word' id='word_1_107' title='bbox 691 553 784 585; x_wconf 85' lang='lat' dir='ltr'><strong>utpote</strong></span> <span class='ocrx_word' id='word_1_108' title='bbox 807 550 842 577; x_wconf 88' lang='lat' dir='ltr'><strong>ab</strong></span> <span class='ocrx_word' id='word_1_109' title='bbox 865 557 897 577; x_wconf 93' lang='lat' dir='ltr'><strong>eo</strong></span> <span class='ocrx_word' id='word_1_110' title='bbox 918 550 1073 578; x_wconf 81' lang='lat' dir='ltr'><strong>fabricatos.</strong></span> <span class='ocrx_word' id='word_1_111' title='bbox 1099 551 1204 578; x_wconf 79' lang='lat' dir='ltr'><strong>Etenim</strong></span> <span class='ocrx_word' id='word_1_112' title='bbox 1231 551 1287 579; x_wconf 87' lang='lat' dir='ltr'><strong>sive</strong></span> <span class='ocrx_word' id='word_1_113' title='bbox 1307 551 1425 587; x_wconf 85' lang='lat' dir='ltr'><strong>Tempus</strong></span> <span class='ocrx_word' id='word_1_114' title='bbox 1450 552 1587 581; x_wconf 85' lang='lat' dir='ltr'><strong>Saturnus</strong></span> <span class='ocrx_word' id='word_1_115' title='bbox 1620 552 1710 586; x_wconf 81' lang='lat' dir='ltr'><strong>fuerit,</strong></span> <span class='ocrx_word' id='word_1_116' title='bbox 1736 559 1762 580; x_wconf 91' lang='lat' dir='ltr'><strong>et</strong></span> <span class='ocrx_word' id='word_1_117' title='bbox 1783 554 1893 588; x_wconf 87' lang='lat' dir='ltr'><strong>quidam</strong></span> 
     </span>
    </p>
   </div>
   <div class='ocr_carea' id='block_1_10' title="bbox 273 595 1895 633">
    <p class='ocr_par' dir='ltr' id='par_1_10' title="bbox 273 595 1895 633">
     <span class='ocr_line' id='line_1_10' title="bbox 273 595 1895 633; baseline 0.002 -9"><span class='ocrx_word' id='word_1_118' title='bbox 273 603 367 632; x_wconf 83' lang='lat' dir='ltr'><strong>suapte</strong></span> <span class='ocrx_word' id='word_1_119' title='bbox 383 601 478 625; x_wconf 87' lang='lat' dir='ltr'><strong>natura</strong></span> <span class='ocrx_word' id='word_1_120' title='bbox 495 596 563 624; x_wconf 56' lang='lat' dir='ltr'><strong>Caeli</strong></span> <span class='ocrx_word' id='word_1_121' title='bbox 589 595 669 629; x_wconf 82' lang='lat' dir='ltr'><strong>fetus,</strong></span> <span class='ocrx_word' id='word_1_122' title='bbox 695 597 794 630; x_wconf 86' lang='lat' dir='ltr'><strong>quippe</strong></span> <span class='ocrx_word' id='word_1_123' title='bbox 820 596 893 630; x_wconf 88' lang='lat' dir='ltr'><strong>quod</strong></span> <span class='ocrx_word' id='word_1_124' title='bbox 918 604 970 623; x_wconf 85' lang='lat' dir='ltr'><strong>una</strong></span> <span class='ocrx_word' id='word_1_125' title='bbox 993 605 1055 624; x_wconf 83' lang='lat' dir='ltr'><strong>cum</strong></span> <span class='ocrx_word' id='word_1_126' title='bbox 1073 597 1143 624; x_wconf 72' lang='lat' dir='ltr'><strong>uelo</strong></span> <span class='ocrx_word' id='word_1_127' title='bbox 1157 602 1262 632; x_wconf 88' lang='lat' dir='ltr'><strong>tempus</strong></span> <span class='ocrx_word' id='word_1_128' title='bbox 1288 605 1349 625; x_wconf 86' lang='lat' dir='ltr'><strong>esse</strong></span> <span class='ocrx_word' id='word_1_129' title='bbox 1377 598 1489 632; x_wconf 70' lang='lat' dir='ltr'><strong>cmperit</strong></span> <span class='ocrx_word' id='word_1_130' title='bbox 1504 598 1581 626; x_wconf 88' lang='lat' dir='ltr'><strong>:sive</strong></span> <span class='ocrx_word' id='word_1_131' title='bbox 1609 598 1714 626; x_wconf 66' lang='lat' dir='ltr'><strong>leum</strong></span> <span class='ocrx_word' id='word_1_132' title='bbox 1728 599 1815 633; x_wconf 90' lang='lat' dir='ltr'><strong>ipsum</strong></span> <span class='ocrx_word' id='word_1_133' title='bbox 1833 608 1895 628; x_wconf 72' lang='lat' dir='ltr'><strong>vare</strong></span> 
     </span>
    </p>
   </div>
   <div class='ocr_carea' id='block_1_11' title="bbox 273 641 1894 679">
    <p class='ocr_par' dir='ltr' id='par_1_11' title="bbox 273 641 1894 679">
     <span class='ocr_line' id='line_1_11' title="bbox 273 641 1894 679; baseline 0.001 -8"><span class='ocrx_word' id='word_1_134' title='bbox 273 644 382 671; x_wconf 89' lang='lat' dir='ltr'><strong>Saturni</strong></span> <span class='ocrx_word' id='word_1_135' title='bbox 397 647 510 677; x_wconf 81' lang='lat' dir='ltr'><strong>patrem,</strong></span> <span class='ocrx_word' id='word_1_136' title='bbox 538 650 570 670; x_wconf 87' lang='lat' dir='ltr'><strong>ac</strong></span> <span class='ocrx_word' id='word_1_137' title='bbox 597 642 745 670; x_wconf 83' lang='lat' dir='ltr'><strong>secundum</strong></span> <span class='ocrx_word' id='word_1_138' title='bbox 767 650 828 669; x_wconf 85' lang='lat' dir='ltr'><strong>cum</strong></span> <span class='ocrx_word' id='word_1_139' title='bbox 852 641 970 677; x_wconf 87' lang='lat' dir='ltr'><strong>Tempus</strong></span> <span class='ocrx_word' id='word_1_140' title='bbox 990 642 1073 670; x_wconf 82' lang='lat' dir='ltr'><strong>fuisse</strong></span> <span class='ocrx_word' id='word_1_141' title='bbox 1093 643 1190 670; x_wconf 87' lang='lat' dir='ltr'><strong>malint</strong></span> <span class='ocrx_word' id='word_1_142' title='bbox 1215 652 1222 670; x_wconf 89' lang='lat'>:</span> <span class='ocrx_word' id='word_1_143' title='bbox 1247 651 1313 671; x_wconf 85' lang='lat' dir='ltr'><strong>sane</strong></span> <span class='ocrx_word' id='word_1_144' title='bbox 1337 647 1426 670; x_wconf 85' lang='lat' dir='ltr'><strong>tamen</strong></span> <span class='ocrx_word' id='word_1_145' title='bbox 1454 644 1496 671; x_wconf 85' lang='lat' dir='ltr'><strong>his</strong></span> <span class='ocrx_word' id='word_1_146' title='bbox 1521 645 1601 671; x_wconf 88' lang='lat' dir='ltr'><strong>etiam</strong></span> <span class='ocrx_word' id='word_1_147' title='bbox 1627 645 1701 679; x_wconf 87' lang='lat' dir='ltr'><strong>prior</strong></span> <span class='ocrx_word' id='word_1_148' title='bbox 1728 644 1832 679; x_wconf 87' lang='lat' dir='ltr'><strong>Jupiter</strong></span> <span class='ocrx_word' id='word_1_149' title='bbox 1849 646 1894 673; x_wconf 75' lang='lat' dir='ltr'><strong>ille</strong></span> 
     </span>
    </p>
   </div>
   <div class='ocr_carea' id='block_1_12' title="bbox 270 686 1893 724">
    <p class='ocr_par' dir='ltr' id='par_1_12' title="bbox 270 686 1893 724">
     <span class='ocr_line' id='line_1_12' title="bbox 270 686 1893 724; baseline -0.001 -6"><span class='ocrx_word' id='word_1_150' title='bbox 270 698 330 718; x_wconf 87' lang='lat' dir='ltr'><strong>esse</strong></span> <span class='ocrx_word' id='word_1_151' title='bbox 343 689 444 721; x_wconf 84' lang='lat' dir='ltr'><strong>debuit,</strong></span> <span class='ocrx_word' id='word_1_152' title='bbox 459 696 539 722; x_wconf 87' lang='lat' dir='ltr'><strong>quem</strong></span> <span class='ocrx_word' id='word_1_153' title='bbox 570 688 620 723; x_wconf 87' lang='lat' dir='ltr'><strong>ipsi</strong></span> <span class='ocrx_word' id='word_1_154' title='bbox 656 687 736 714; x_wconf 86' lang='lat' dir='ltr'><strong>deum</strong></span> <span class='ocrx_word' id='word_1_155' title='bbox 767 695 856 714; x_wconf 85' lang='lat' dir='ltr'><strong>rerum</strong></span> <span class='ocrx_word' id='word_1_156' title='bbox 883 691 1019 714; x_wconf 87' lang='lat' dir='ltr'><strong>auctorem</strong></span> <span class='ocrx_word' id='word_1_157' title='bbox 1043 689 1176 719; x_wconf 86' lang='lat' dir='ltr'><strong>omnium,</strong></span> <span class='ocrx_word' id='word_1_158' title='bbox 1198 687 1318 722; x_wconf 84' lang='lat' dir='ltr'><strong>adeoque</strong></span> <span class='ocrx_word' id='word_1_159' title='bbox 1343 686 1411 715; x_wconf 85' lang='lat' dir='ltr'><strong>Cceli</strong></span> <span class='ocrx_word' id='word_1_160' title='bbox 1421 688 1585 723; x_wconf 88' lang='lat' dir='ltr'><strong>Saturnique</strong></span> <span class='ocrx_word' id='word_1_161' title='bbox 1608 696 1657 715; x_wconf 90' lang='lat' dir='ltr'><strong>seu</strong></span> <span class='ocrx_word' id='word_1_162' title='bbox 1672 687 1814 724; x_wconf 84' lang='lat' dir='ltr'><strong>Temporis</strong></span> <span class='ocrx_word' id='word_1_163' title='bbox 1829 698 1893 724; x_wconf 83' lang='lat' dir='ltr'><strong>pro-</strong></span> 
     </span>
    </p>
   </div>
   <div class='ocr_carea' id='block_1_13' title="bbox 270 734 1892 771">
    <p class='ocr_par' dir='ltr' id='par_1_13' title="bbox 270 734 1892 771">
     <span class='ocr_line' id='line_1_13' title="bbox 270 734 1892 771; baseline 0 -6"><span class='ocrx_word' id='word_1_164' title='bbox 270 742 418 765; x_wconf 80' lang='lat' dir='ltr'><strong>creatorem</strong></span> <span class='ocrx_word' id='word_1_165' title='bbox 444 744 504 764; x_wconf 85' lang='lat' dir='ltr'><strong>esse</strong></span> <span class='ocrx_word' id='word_1_166' title='bbox 527 735 629 762; x_wconf 89' lang='lat' dir='ltr'><strong>volunt.</strong></span> <span class='ocrx_word' id='word_1_167' title='bbox 661 735 737 768; x_wconf 86' lang='lat' dir='ltr'><strong>Quod</strong></span> <span class='ocrx_word' id='word_1_168' title='bbox 763 735 785 762; x_wconf 85' lang='lat' dir='ltr'><strong>si</strong></span> <span class='ocrx_word' id='word_1_169' title='bbox 804 735 839 762; x_wconf 83' lang='lat' dir='ltr'><strong>ita</strong></span> <span class='ocrx_word' id='word_1_170' title='bbox 864 739 915 767; x_wconf 80' lang='lat' dir='ltr'><strong>est,</strong></span> <span class='ocrx_word' id='word_1_171' title='bbox 940 742 992 761; x_wconf 88' lang='lat' dir='ltr'><strong>non</strong></span> <span class='ocrx_word' id='word_1_172' title='bbox 1013 735 1069 769; x_wconf 87' lang='lat' dir='ltr'><strong>jam</strong></span> <span class='ocrx_word' id='word_1_173' title='bbox 1086 735 1182 762; x_wconf 84' lang='lat' dir='ltr'><strong>tertius</strong></span> <span class='ocrx_word' id='word_1_174' title='bbox 1204 743 1220 762; x_wconf 90' lang='lat' dir='ltr'><strong>a</strong></span> <span class='ocrx_word' id='word_1_175' title='bbox 1247 734 1324 762; x_wconf 63' lang='lat' dir='ltr'><strong>Catio</strong></span> <span class='ocrx_word' id='word_1_176' title='bbox 1343 734 1446 770; x_wconf 86' lang='lat' dir='ltr'><strong>Jupiter</strong></span> <span class='ocrx_word' id='word_1_177' title='bbox 1470 735 1560 763; x_wconf 73' lang='lat' dir='ltr'><strong>fuerit.</strong></span> <span class='ocrx_word' id='word_1_178' title='bbox 1587 735 1729 768; x_wconf 87' lang='lat' dir='ltr'><strong>Quomodo</strong></span> <span class='ocrx_word' id='word_1_179' title='bbox 1749 736 1831 771; x_wconf 75' lang='lat' dir='ltr'><strong>igitur</strong></span> <span class='ocrx_word' id='word_1_180' title='bbox 1857 738 1892 765; x_wconf 90' lang='lat' dir='ltr'><strong>ab</strong></span> 
     </span>
    </p>
   </div>
   <div class='ocr_carea' id='block_1_14' title="bbox 269 781 1890 818">
    <p class='ocr_par' dir='ltr' id='par_1_14' title="bbox 269 781 1890 818">
     <span class='ocr_line' id='line_1_14' title="bbox 269 781 1890 818; baseline 0.001 -8"><span class='ocrx_word' id='word_1_181' title='bbox 269 785 395 812; x_wconf 77' lang='lat' dir='ltr'><strong>omnibus</strong></span> <span class='ocrx_word' id='word_1_182' title='bbox 413 791 466 810; x_wconf 90' lang='lat' dir='ltr'><strong>non</strong></span> <span class='ocrx_word' id='word_1_183' title='bbox 490 782 624 818; x_wconf 65' lang='lat' dir='ltr'><strong>Egyptiis</strong></span> <span class='ocrx_word' id='word_1_184' title='bbox 643 786 746 808; x_wconf 86' lang='lat' dir='ltr'><strong>tantum</strong></span> <span class='ocrx_word' id='word_1_185' title='bbox 761 789 792 808; x_wconf 85' lang='lat' dir='ltr'><strong>ac</strong></span> <span class='ocrx_word' id='word_1_186' title='bbox 810 781 889 817; x_wconf 78' lang='lat'><strong>108</strong></span> <span class='ocrx_word' id='word_1_187' title='bbox 907 781 1089 814; x_wconf 76' lang='lat' dir='ltr'><strong>thnicibus,</strong></span> <span class='ocrx_word' id='word_1_188' title='bbox 1107 790 1200 809; x_wconf 88' lang='lat' dir='ltr'><strong>verum</strong></span> <span class='ocrx_word' id='word_1_189' title='bbox 1225 782 1306 810; x_wconf 89' lang='lat' dir='ltr'><strong>etiam</strong></span> <span class='ocrx_word' id='word_1_190' title='bbox 1331 782 1432 810; x_wconf 61' lang='lat' dir='ltr'><strong>Griecis</strong></span> <span class='ocrx_word' id='word_1_191' title='bbox 1453 787 1533 818; x_wconf 86' lang='lat' dir='ltr'><strong>atque</strong></span> <span class='ocrx_word' id='word_1_192' title='bbox 1551 782 1718 818; x_wconf 88' lang='lat' dir='ltr'><strong>philosophis</strong></span> <span class='ocrx_word' id='word_1_193' title='bbox 1734 791 1811 812; x_wconf 89' lang='lat' dir='ltr'><strong>mens</strong></span> <span class='ocrx_word' id='word_1_194' title='bbox 1827 785 1890 818; x_wconf 88' lang='lat' dir='ltr'><strong>ista,</strong></span> 
     </span>
    </p>
   </div>
   <div class='ocr_carea' id='block_1_15' title="bbox 269 829 1891 868">
    <p class='ocr_par' dir='ltr' id='par_1_15' title="bbox 269 829 1891 868">
     <span class='ocr_line' id='line_1_15' title="bbox 269 829 1891 868; baseline 0.001 -10"><span class='ocrx_word' id='word_1_195' title='bbox 269 839 358 858; x_wconf 87' lang='lat' dir='ltr'><strong>rerum</strong></span> <span class='ocrx_word' id='word_1_196' title='bbox 374 830 493 857; x_wconf 88' lang='lat' dir='ltr'><strong>olnnium</strong></span> <span class='ocrx_word' id='word_1_197' title='bbox 520 829 676 861; x_wconf 79' lang='lat' dir='ltr'><strong>architecla,</strong></span> <span class='ocrx_word' id='word_1_198' title='bbox 693 829 718 855; x_wconf 92' lang='lat' dir='ltr'><strong>iu</strong></span> <span class='ocrx_word' id='word_1_199' title='bbox 745 830 886 856; x_wconf 87' lang='lat' dir='ltr'><strong>numinum</strong></span> <span class='ocrx_word' id='word_1_200' title='bbox 915 837 1023 856; x_wconf 86' lang='lat' dir='ltr'><strong>suorum</strong></span> <span class='ocrx_word' id='word_1_201' title='bbox 1050 830 1206 865; x_wconf 78' lang='lat' dir='ltr'><strong>genealogia</strong></span> <span class='ocrx_word' id='word_1_202' title='bbox 1234 838 1287 858; x_wconf 89' lang='lat' dir='ltr'><strong>non</strong></span> <span class='ocrx_word' id='word_1_203' title='bbox 1303 830 1355 857; x_wconf 89' lang='lat' dir='ltr'><strong>nisi</strong></span> <span class='ocrx_word' id='word_1_204' title='bbox 1378 831 1481 858; x_wconf 70' lang='lat' dir='ltr'><strong>aCuelo</strong></span> <span class='ocrx_word' id='word_1_205' title='bbox 1507 832 1585 858; x_wconf 87' lang='lat' dir='ltr'><strong>tertia</strong></span> <span class='ocrx_word' id='word_1_206' title='bbox 1602 837 1757 860; x_wconf 86' lang='lat' dir='ltr'><strong>recensetur</strong></span> <span class='ocrx_word' id='word_1_207' title='bbox 1775 833 1786 859; x_wconf 86' lang='lat'><strong>?</strong></span> <span class='ocrx_word' id='word_1_208' title='bbox 1801 833 1891 868; x_wconf 81' lang='lat' dir='ltr'><strong>Atque</strong></span> 
     </span>
    </p>
   </div>
   <div class='ocr_carea' id='block_1_16' title="bbox 268 875 1888 914">
    <p class='ocr_par' dir='ltr' id='par_1_16' title="bbox 268 875 1888 914">
     <span class='ocr_line' id='line_1_16' title="bbox 268 875 1888 914; baseline 0.001 -11"><span class='ocrx_word' id='word_1_209' title='bbox 268 876 311 904; x_wconf 88' lang='lat' dir='ltr'><strong>his</strong></span> <span class='ocrx_word' id='word_1_210' title='bbox 338 875 487 903; x_wconf 75' lang='lat' dir='ltr'><strong>rationibus</strong></span> <span class='ocrx_word' id='word_1_211' title='bbox 508 875 660 909; x_wconf 85' lang='lat' dir='ltr'><strong>philosophi</strong></span> <span class='ocrx_word' id='word_1_212' title='bbox 693 875 780 902; x_wconf 87' lang='lat' dir='ltr'><strong>nostri</strong></span> <span class='ocrx_word' id='word_1_213' title='bbox 810 879 994 902; x_wconf 85' lang='lat' dir='ltr'><strong>commentum</strong></span> <span class='ocrx_word' id='word_1_214' title='bbox 1020 876 1162 903; x_wconf 78' lang='lat' dir='ltr'><strong>manifeste</strong></span> <span class='ocrx_word' id='word_1_215' title='bbox 1185 876 1248 903; x_wconf 85' lang='lat' dir='ltr'><strong>licet</strong></span> <span class='ocrx_word' id='word_1_216' title='bbox 1280 881 1413 909; x_wconf 86' lang='lat' dir='ltr'><strong>teneatur,</strong></span> <span class='ocrx_word' id='word_1_217' title='bbox 1440 877 1510 904; x_wconf 72' lang='lat' dir='ltr'><strong>idem</strong></span> <span class='ocrx_word' id='word_1_218' title='bbox 1537 882 1626 905; x_wconf 88' lang='lat' dir='ltr'><strong>tamen</strong></span> <span class='ocrx_word' id='word_1_219' title='bbox 1653 877 1687 905; x_wconf 86' lang='lat' dir='ltr'><strong>iis</strong></span> <span class='ocrx_word' id='word_1_220' title='bbox 1712 877 1794 913; x_wconf 83' lang='lat' dir='ltr'><strong>ipsis,</strong></span> <span class='ocrx_word' id='word_1_221' title='bbox 1827 887 1888 914; x_wconf 75' lang='lat' dir='ltr'><strong>qua:</strong></span> 
     </span>
    </p>
   </div>
   <div class='ocr_carea' id='block_1_17' title="bbox 267 922 762 958">
    <p class='ocr_par' dir='ltr' id='par_1_17' title="bbox 267 922 762 958">
     <span class='ocr_line' id='line_1_17' title="bbox 267 922 762 958; baseline -0.002 -8"><span class='ocrx_word' id='word_1_222' title='bbox 267 928 359 958; x_wconf 84' lang='lat' dir='ltr'><strong>postea</strong></span> <span class='ocrx_word' id='word_1_223' title='bbox 376 922 493 957; x_wconf 88' lang='lat' dir='ltr'><strong>subjicit,</strong></span> <span class='ocrx_word' id='word_1_224' title='bbox 509 923 610 949; x_wconf 88' lang='lat' dir='ltr'><strong>clarius</strong></span> <span class='ocrx_word' id='word_1_225' title='bbox 624 927 762 957; x_wconf 74' lang='lat' dir='ltr'><strong>arguetur.</strong></span> 
     </span>
    </p>
   </div>
   <div class='ocr_carea' id='block_1_18' title="bbox 566 979 754 1008">
    <p class='ocr_par' dir='ltr' id='par_1_18' title="bbox 566 979 754 1008">
     <span class='ocr_line' id='line_1_18' title="bbox 566 979 754 1008; baseline -0.005 -1"><span class='ocrx_word' id='word_1_226' title='bbox 566 979 682 1008; x_wconf 80' lang='lat' dir='ltr'><strong>CAPUT</strong></span> <span class='ocrx_word' id='word_1_227' title='bbox 708 979 754 1007; x_wconf 82' lang='grc' dir='ltr'><strong>ΧΙ.</strong></span> 
     </span>
    </p>
   </div>
   <div class='ocr_carea' id='block_1_19' title="bbox 319 1026 996 1062">
    <p class='ocr_par' dir='ltr' id='par_1_19' title="bbox 319 1026 996 1062">
     <span class='ocr_line' id='line_1_19' title="bbox 319 1026 996 1062; baseline 0 -8"><span class='ocrx_word' id='word_1_228' title='bbox 319 1026 490 1054; x_wconf 75' lang='lat' dir='ltr'><strong>Validissima</strong></span> <span class='ocrx_word' id='word_1_229' title='bbox 508 1026 660 1053; x_wconf 52' lang='lat' dir='ltr'><strong>Graecorum</strong></span> <span class='ocrx_word' id='word_1_230' title='bbox 673 1026 824 1062; x_wconf 76' lang='lat' dir='ltr'><strong>dogmatum</strong></span> <span class='ocrx_word' id='word_1_231' title='bbox 839 1026 996 1061; x_wconf 76' lang='lat' dir='ltr'><strong>confatalia.</strong></span> 
     </span>
    </p>
   </div>
   <div class='ocr_carea' id='block_1_20' title="bbox 303 1114 1048 1149">
    <p class='ocr_par' dir='ltr' id='par_1_20' title="bbox 303 1114 1048 1149">
     <span class='ocr_line' id='line_1_20' title="bbox 303 1114 1048 1149; baseline 0 -8"><span class='ocrx_word' id='word_1_232' title='bbox 303 1124 312 1141; x_wconf 81' lang='grc' dir='ltr'><strong>ι</strong></span> <span class='ocrx_word' id='word_1_233' title='bbox 331 1114 426 1148; x_wconf 86' lang='lat' dir='ltr'><strong>Porro,</strong></span> <span class='ocrx_word' id='word_1_234' title='bbox 444 1114 588 1148; x_wconf 88' lang='lat' dir='ltr'><strong>Junonem,</strong></span> <span class='ocrx_word' id='word_1_235' title='bbox 606 1115 703 1149; x_wconf 90' lang='lat' dir='ltr'><strong>inquit,</strong></span> <span class='ocrx_word' id='word_1_236' title='bbox 718 1114 792 1142; x_wconf 88' lang='lat' dir='ltr'><strong>Jovis</strong></span> <span class='ocrx_word' id='word_1_237' title='bbox 803 1122 914 1141; x_wconf 81' lang='lat' dir='ltr'><strong>uxorem</strong></span> <span class='ocrx_word' id='word_1_238' title='bbox 925 1122 986 1141; x_wconf 85' lang='lat' dir='ltr'><strong>esse</strong></span> <span class='ocrx_word' id='word_1_239' title='bbox 1000 1115 1048 1141; x_wconf 84' lang='lat' dir='ltr'><strong>lin-</strong></span> 
     </span>
    </p>
   </div>
   <div class='ocr_carea' id='block_1_21' title="bbox 264 1159 1047 1197">
    <p class='ocr_par' dir='ltr' id='par_1_21' title="bbox 264 1159 1047 1197">
     <span class='ocr_line' id='line_1_21' title="bbox 264 1159 1047 1197; baseline -0.003 -9"><span class='ocrx_word' id='word_1_240' title='bbox 264 1161 453 1197; x_wconf 79' lang='lat' dir='ltr'><strong>xerunt,quod</strong></span> <span class='ocrx_word' id='word_1_241' title='bbox 463 1161 601 1188; x_wconf 73' lang='lat' dir='ltr'><strong>aetheriam</strong></span> <span class='ocrx_word' id='word_1_242' title='bbox 615 1161 716 1188; x_wconf 70' lang='lat' dir='ltr'><strong>scilicet</strong></span> <span class='ocrx_word' id='word_1_243' title='bbox 730 1161 886 1195; x_wconf 85' lang='lat' dir='ltr'><strong>aeriamque</strong></span> <span class='ocrx_word' id='word_1_244' title='bbox 894 1160 947 1186; x_wconf 80' lang='lat' dir='ltr'><strong>vim</strong></span> <span class='ocrx_word' id='word_1_245' title='bbox 962 1159 1047 1187; x_wconf 83' lang='lat' dir='ltr'><strong>Juno-</strong></span> 
     </span>
    </p>
   </div>
   <div class='ocr_carea' id='block_1_22' title="bbox 263 1206 1045 1242">
    <p class='ocr_par' dir='ltr' id='par_1_22' title="bbox 263 1206 1045 1242">
     <span class='ocr_line' id='line_1_22' title="bbox 263 1206 1045 1242; baseline -0.001 -8"><span class='ocrx_word' id='word_1_246' title='bbox 263 1216 324 1234; x_wconf 93' lang='lat' dir='ltr'><strong>nem</strong></span> <span class='ocrx_word' id='word_1_247' title='bbox 342 1208 524 1242; x_wconf 80' lang='lat' dir='ltr'><strong>appellarent;</strong></span> <span class='ocrx_word' id='word_1_248' title='bbox 540 1207 624 1233; x_wconf 60' lang='lat' dir='ltr'><strong>aether</strong></span> <span class='ocrx_word' id='word_1_249' title='bbox 639 1207 711 1233; x_wconf 88' lang='lat' dir='ltr'><strong>enim</strong></span> <span class='ocrx_word' id='word_1_250' title='bbox 738 1206 936 1234; x_wconf 88' lang='lat' dir='ltr'><strong>subtilissimus</strong></span> <span class='ocrx_word' id='word_1_251' title='bbox 957 1214 988 1233; x_wconf 90' lang='lat' dir='ltr'><strong>ac</strong></span> <span class='ocrx_word' id='word_1_252' title='bbox 1005 1212 1045 1233; x_wconf 89' lang='lat' dir='ltr'><strong>te-</strong></span> 
     </span>
    </p>
   </div>
   <div class='ocr_carea' id='block_1_23' title="bbox 263 1251 1045 1284">
    <p class='ocr_par' dir='ltr' id='par_1_23' title="bbox 263 1251 1045 1284">
     <span class='ocr_line' id='line_1_23' title="bbox 263 1251 1045 1284; baseline -0.003 -4"><span class='ocrx_word' id='word_1_253' title='bbox 263 1254 412 1280; x_wconf 77' lang='lat' dir='ltr'><strong>nuissimus</strong></span> <span class='ocrx_word' id='word_1_254' title='bbox 426 1260 472 1280; x_wconf 89' lang='lat' dir='ltr'><strong>aer</strong></span> <span class='ocrx_word' id='word_1_255' title='bbox 485 1257 534 1279; x_wconf 89' lang='lat' dir='ltr'><strong>est.</strong></span> <span class='ocrx_word' id='word_1_256' title='bbox 557 1262 566 1278; x_wconf 70' lang='grc' dir='ltr'><strong>ι</strong></span> <span class='ocrx_word' id='word_1_257' title='bbox 599 1252 755 1284; x_wconf 65' lang='lat' dir='ltr'><strong>Enimvero,</strong></span> <span class='ocrx_word' id='word_1_258' title='bbox 771 1252 871 1279; x_wconf 64' lang='lat' dir='ltr'><strong>aethera</strong></span> <span class='ocrx_word' id='word_1_259' title='bbox 891 1251 964 1279; x_wconf 82' lang='lat' dir='ltr'><strong>Jovis</strong></span> <span class='ocrx_word' id='word_1_260' title='bbox 985 1259 1045 1279; x_wconf 79' lang='lat' dir='ltr'><strong>esse</strong></span> 
     </span>
    </p>
   </div>
   <div class='ocr_carea' id='block_1_24' title="bbox 263 1297 1042 1333">
    <p class='ocr_par' dir='ltr' id='par_1_24' title="bbox 263 1297 1042 1333">
     <span class='ocr_line' id='line_1_24' title="bbox 263 1297 1042 1333; baseline -0.003 -7"><span class='ocrx_word' id='word_1_261' title='bbox 263 1304 379 1326; x_wconf 83' lang='lat' dir='ltr'><strong>mentem</strong></span> <span class='ocrx_word' id='word_1_262' title='bbox 398 1299 498 1333; x_wconf 80' lang='lat' dir='ltr'><strong>Orphei</strong></span> <span class='ocrx_word' id='word_1_263' title='bbox 518 1299 639 1326; x_wconf 86' lang='lat' dir='ltr'><strong>carmina</strong></span> <span class='ocrx_word' id='word_1_264' title='bbox 657 1299 737 1333; x_wconf 84' lang='lat' dir='ltr'><strong>paulo</strong></span> <span class='ocrx_word' id='word_1_265' title='bbox 763 1302 825 1325; x_wconf 85' lang='lat' dir='ltr'><strong>ante</strong></span> <span class='ocrx_word' id='word_1_266' title='bbox 850 1297 1042 1325; x_wconf 80' lang='lat' dir='ltr'><strong>declarabant:</strong></span> 
     </span>
    </p>
   </div>
   <div class='ocr_carea' id='block_1_25' title="bbox 262 1343 1043 1379">
    <p class='ocr_par' dir='ltr' id='par_1_25' title="bbox 262 1343 1043 1379">
     <span class='ocr_line' id='line_1_25' title="bbox 262 1343 1043 1379; baseline -0.003 -8"><span class='ocrx_word' id='word_1_267' title='bbox 262 1353 334 1371; x_wconf 80' lang='lat' dir='ltr'><strong>nunc</strong></span> <span class='ocrx_word' id='word_1_268' title='bbox 350 1349 452 1377; x_wconf 81' lang='lat' dir='ltr'><strong>antem,</strong></span> <span class='ocrx_word' id='word_1_269' title='bbox 467 1344 531 1379; x_wconf 89' lang='lat' dir='ltr'><strong>quid</strong></span> <span class='ocrx_word' id='word_1_270' title='bbox 548 1344 632 1371; x_wconf 67' lang='lat' dir='ltr'><strong>mther</strong></span> <span class='ocrx_word' id='word_1_271' title='bbox 649 1344 694 1371; x_wconf 90' lang='lat' dir='ltr'><strong>ille</strong></span> <span class='ocrx_word' id='word_1_272' title='bbox 716 1344 752 1371; x_wconf 87' lang='lat' dir='ltr'><strong>sit</strong></span> <span class='ocrx_word' id='word_1_273' title='bbox 774 1343 929 1378; x_wconf 85' lang='lat' dir='ltr'><strong>interpretis</strong></span> <span class='ocrx_word' id='word_1_274' title='bbox 958 1343 1043 1370; x_wconf 83' lang='lat' dir='ltr'><strong>nostri</strong></span> 
     </span>
    </p>
   </div>
   <div class='ocr_carea' id='block_1_26' title="bbox 260 1389 1043 1422">
    <p class='ocr_par' dir='ltr' id='par_1_26' title="bbox 260 1389 1043 1422">
     <span class='ocr_line' id='line_1_26' title="bbox 260 1389 1043 1422; baseline -0.001 -6"><span class='ocrx_word' id='word_1_275' title='bbox 260 1390 356 1416; x_wconf 86' lang='lat' dir='ltr'><strong>delinit</strong></span> <span class='ocrx_word' id='word_1_276' title='bbox 369 1390 466 1422; x_wconf 88' lang='lat' dir='ltr'><strong>oratio,</strong></span> <span class='ocrx_word' id='word_1_277' title='bbox 485 1390 548 1417; x_wconf 89' lang='lat' dir='ltr'><strong>dum</strong></span> <span class='ocrx_word' id='word_1_278' title='bbox 563 1389 754 1416; x_wconf 88' lang='lat' dir='ltr'><strong>tenuissimum</strong></span> <span class='ocrx_word' id='word_1_279' title='bbox 768 1397 858 1416; x_wconf 88' lang='lat' dir='ltr'><strong>aeretu</strong></span> <span class='ocrx_word' id='word_1_280' title='bbox 880 1389 956 1415; x_wconf 91' lang='lat' dir='ltr'><strong>illum</strong></span> <span class='ocrx_word' id='word_1_281' title='bbox 982 1395 1043 1416; x_wconf 81' lang='lat' dir='ltr'><strong>esse</strong></span> 
     </span>
    </p>
   </div>
   <div class='ocr_carea' id='block_1_27' title="bbox 259 1434 1043 1471">
    <p class='ocr_par' dir='ltr' id='par_1_27' title="bbox 259 1434 1043 1471">
     <span class='ocr_line' id='line_1_27' title="bbox 259 1434 1043 1471; baseline -0.003 -9"><span class='ocrx_word' id='word_1_282' title='bbox 259 1437 425 1470; x_wconf 82' lang='lat' dir='ltr'><strong>pronuntiat.</strong></span> <span class='ocrx_word' id='word_1_283' title='bbox 444 1436 527 1470; x_wconf 82' lang='lat' dir='ltr'><strong>Atqui</strong></span> <span class='ocrx_word' id='word_1_284' title='bbox 552 1444 650 1471; x_wconf 87' lang='lat' dir='ltr'><strong>corpus</strong></span> <span class='ocrx_word' id='word_1_285' title='bbox 673 1443 738 1464; x_wconf 86' lang='lat' dir='ltr'><strong>sane</strong></span> <span class='ocrx_word' id='word_1_286' title='bbox 762 1443 810 1463; x_wconf 87' lang='lat' dir='ltr'><strong>aer</strong></span> <span class='ocrx_word' id='word_1_287' title='bbox 831 1439 883 1468; x_wconf 87' lang='lat' dir='ltr'><strong>est,</strong></span> <span class='ocrx_word' id='word_1_288' title='bbox 902 1434 1043 1468; x_wconf 89' lang='lat' dir='ltr'><strong>multoque</strong></span> 
     </span>
    </p>
   </div>
   <div class='ocr_carea' id='block_1_28' title="bbox 259 1481 1041 1516">
    <p class='ocr_par' dir='ltr' id='par_1_28' title="bbox 259 1481 1041 1516">
     <span class='ocr_line' id='line_1_28' title="bbox 259 1481 1041 1516; baseline 0 -9"><span class='ocrx_word' id='word_1_289' title='bbox 259 1482 345 1516; x_wconf 76' lang='lat' dir='ltr'><strong>magis</strong></span> <span class='ocrx_word' id='word_1_290' title='bbox 359 1481 452 1513; x_wconf 80' lang='lat' dir='ltr'><strong>aether,</strong></span> <span class='ocrx_word' id='word_1_291' title='bbox 470 1489 502 1508; x_wconf 81' lang='lat' dir='ltr'><strong>ex</strong></span> <span class='ocrx_word' id='word_1_292' title='bbox 518 1490 573 1516; x_wconf 91' lang='lat' dir='ltr'><strong>quo</strong></span> <span class='ocrx_word' id='word_1_293' title='bbox 587 1482 729 1509; x_wconf 79' lang='lat' dir='ltr'><strong>manifeste</strong></span> <span class='ocrx_word' id='word_1_294' title='bbox 744 1481 818 1509; x_wconf 81' lang='lat' dir='ltr'><strong>Jovis</strong></span> <span class='ocrx_word' id='word_1_295' title='bbox 834 1486 962 1514; x_wconf 82' lang='lat' dir='ltr'><strong>mentem,</strong></span> <span class='ocrx_word' id='word_1_296' title='bbox 978 1481 1041 1508; x_wconf 88' lang='lat' dir='ltr'><strong>licet</strong></span> 
     </span>
    </p>
   </div>
   <div class='ocr_carea' id='block_1_29' title="bbox 257 1525 1040 1562">
    <p class='ocr_par' dir='ltr' id='par_1_29' title="bbox 257 1525 1040 1562">
     <span class='ocr_line' id='line_1_29' title="bbox 257 1525 1040 1562; baseline -0.003 -9"><span class='ocrx_word' id='word_1_297' title='bbox 257 1527 460 1560; x_wconf 72' lang='lat' dir='ltr'><strong>tenuissimum,</strong></span> <span class='ocrx_word' id='word_1_298' title='bbox 479 1535 580 1562; x_wconf 87' lang='lat' dir='ltr'><strong>corpus</strong></span> <span class='ocrx_word' id='word_1_299' title='bbox 596 1533 686 1555; x_wconf 84' lang='lat' dir='ltr'><strong>tamen</strong></span> <span class='ocrx_word' id='word_1_300' title='bbox 701 1535 762 1555; x_wconf 90' lang='lat' dir='ltr'><strong>esse</strong></span> <span class='ocrx_word' id='word_1_301' title='bbox 787 1527 969 1555; x_wconf 90' lang='lat' dir='ltr'><strong>convincitur.</strong></span> <span class='ocrx_word' id='word_1_302' title='bbox 990 1525 1040 1552; x_wconf 85' lang='lat' dir='ltr'><strong>Ec-</strong></span> 
     </span>
    </p>
   </div>
   <div class='ocr_carea' id='block_1_30' title="bbox 256 1572 1039 1608">
    <p class='ocr_par' dir='ltr' id='par_1_30' title="bbox 256 1572 1039 1608">
     <span class='ocr_line' id='line_1_30' title="bbox 256 1572 1039 1608; baseline -0.003 -10"><span class='ocrx_word' id='word_1_303' title='bbox 256 1573 317 1607; x_wconf 87' lang='lat' dir='ltr'><strong>quis</strong></span> <span class='ocrx_word' id='word_1_304' title='bbox 337 1580 400 1600; x_wconf 86' lang='lat' dir='ltr'><strong>vero</strong></span> <span class='ocrx_word' id='word_1_305' title='bbox 413 1581 509 1608; x_wconf 79' lang='lat' dir='ltr'><strong>capere</strong></span> <span class='ocrx_word' id='word_1_306' title='bbox 524 1581 644 1608; x_wconf 88' lang='lat' dir='ltr'><strong>unquam</strong></span> <span class='ocrx_word' id='word_1_307' title='bbox 665 1581 697 1600; x_wconf 84' lang='lat' dir='ltr'><strong>ac</strong></span> <span class='ocrx_word' id='word_1_308' title='bbox 716 1573 882 1607; x_wconf 87' lang='lat' dir='ltr'><strong>persuadere</strong></span> <span class='ocrx_word' id='word_1_309' title='bbox 902 1572 953 1599; x_wconf 90' lang='lat' dir='ltr'><strong>sibi</strong></span> <span class='ocrx_word' id='word_1_310' title='bbox 976 1579 1039 1606; x_wconf 73' lang='lat' dir='ltr'><strong>pos-</strong></span> 
     </span>
    </p>
   </div>
   <div class='ocr_carea' id='block_1_31' title="bbox 256 1615 1037 1658">
    <p class='ocr_par' dir='ltr' id='par_1_31' title="bbox 256 1615 1037 1658">
     <span class='ocr_line' id='line_1_31' title="bbox 256 1615 1037 1658; baseline -0.003 -15"><span class='ocrx_word' id='word_1_311' title='bbox 256 1617 302 1648; x_wconf 84' lang='lat' dir='ltr'><strong>sit,</strong></span> <span class='ocrx_word' id='word_1_312' title='bbox 326 1625 425 1652; x_wconf 84' lang='lat' dir='ltr'><strong>corpus</strong></span> <span class='ocrx_word' id='word_1_313' title='bbox 449 1623 529 1652; x_wconf 87' lang='lat' dir='ltr'><strong>atque</strong></span> <span class='ocrx_word' id='word_1_314' title='bbox 547 1623 664 1645; x_wconf 86' lang='lat' dir='ltr'><strong>mentem</strong></span> <span class='ocrx_word' id='word_1_315' title='bbox 689 1625 746 1644; x_wconf 89' lang='lat' dir='ltr'><strong>rem</strong></span> <span class='ocrx_word' id='word_1_316' title='bbox 772 1624 853 1658; x_wconf 80' lang='lat' dir='ltr'><strong>unam</strong></span> <span class='ocrx_word' id='word_1_317' title='bbox 877 1621 904 1643; x_wconf 90' lang='lat' dir='ltr'><strong>et</strong></span> <span class='ocrx_word' id='word_1_318' title='bbox 916 1615 1037 1642; x_wconf 81' lang='lat' dir='ltr'><strong>eamdem</strong></span> 
     </span>
    </p>
   </div>
   <div class='ocr_carea' id='block_1_32' title="bbox 1361 981 1628 1008">
    <p class='ocr_par' dir='ltr' id='par_1_32' title="bbox 1361 981 1628 1008">
     <span class='ocr_line' id='line_1_32' title="bbox 1361 981 1628 1008; baseline 0.004 -1"><span class='ocrx_word' id='word_1_319' title='bbox 1361 981 1557 1007; x_wconf 75' lang='grc' dir='ltr'><strong>ΚΕΦΑΛΑΙΟΝ</strong></span> <span class='ocrx_word' id='word_1_320' title='bbox 1577 982 1628 1008; x_wconf 84' lang='lat' dir='ltr'><strong>IA’.</strong></span> 
     </span>
    </p>
   </div>
   <div class='ocr_carea' id='block_1_33' title="bbox 1117 1026 1870 1065">
    <p class='ocr_par' dir='ltr' id='par_1_33' title="bbox 1117 1026 1870 1065">
     <span class='ocr_line' id='line_1_33' title="bbox 1117 1026 1870 1065; baseline 0.007 -12"><span class='ocrx_word' id='word_1_321' title='bbox 1117 1027 1262 1062; x_wconf 69' lang='grc' dir='ltr'>Ἔλεγχος</span> <span class='ocrx_word' id='word_1_322' title='bbox 1284 1027 1409 1062; x_wconf 65' lang='grc' dir='ltr'>ισχιφὸς</span> <span class='ocrx_word' id='word_1_323' title='bbox 1429 1026 1489 1065; x_wconf 66' lang='grc' dir='ltr'><strong>τῶν</strong></span> <span class='ocrx_word' id='word_1_324' title='bbox 1501 1028 1692 1065; x_wconf 18' lang='grc' dir='ltr'>ῌΈλληνικῶν</span> <span class='ocrx_word' id='word_1_325' title='bbox 1717 1029 1870 1065; x_wconf 58' lang='grc' dir='ltr'><strong>δωμάτων</strong></span> 
     </span>
    </p>
   </div>
   <div class='ocr_carea' id='block_1_34' title="bbox 1423 1062 1562 1089">
    <p class='ocr_par' dir='ltr' id='par_1_34' title="bbox 1423 1062 1562 1089">
     <span class='ocr_line' id='line_1_34' title="bbox 1423 1062 1562 1089; baseline 0.007 -1"><span class='ocrx_word' id='word_1_326' title='bbox 1423 1062 1562 1089; x_wconf 76' lang='grc' dir='ltr'><strong>ἐνταῦθα.</strong></span> 
     </span>
    </p>
   </div>
   <div class='ocr_carea' id='block_1_35' title="bbox 1135 1106 1885 1148">
    <p class='ocr_par' dir='ltr' id='par_1_35' title="bbox 1135 1106 1885 1148">
     <span class='ocr_line' id='line_1_35' title="bbox 1135 1106 1885 1148; baseline 0.008 -15"><span class='ocrx_word' id='word_1_327' title='bbox 1135 1116 1144 1132; x_wconf 81' lang='grc' dir='ltr'><strong>ι</strong></span> <span class='ocrx_word' id='word_1_328' title='bbox 1162 1106 1218 1143; x_wconf 79' lang='grc' dir='ltr'><strong>Τὴν</strong></span> <span class='ocrx_word' id='word_1_329' title='bbox 1233 1107 1261 1134; x_wconf 79' lang='grc' dir='ltr'><strong>δὲ</strong></span> <span class='ocrx_word' id='word_1_330' title='bbox 1275 1107 1364 1143; x_wconf 68' lang='grc' dir='ltr'>’Ἦραν</span> <span class='ocrx_word' id='word_1_331' title='bbox 1382 1107 1503 1134; x_wconf 77' lang='grc' dir='ltr'><strong>σύνοικον</strong></span> <span class='ocrx_word' id='word_1_332' title='bbox 1527 1108 1564 1144; x_wconf 82' lang='grc' dir='ltr'><strong>τῷ</strong></span> <span class='ocrx_word' id='word_1_333' title='bbox 1581 1108 1622 1135; x_wconf 82' lang='grc' dir='ltr'><strong>Διῖ</strong></span> <span class='ocrx_word' id='word_1_334' title='bbox 1636 1111 1817 1146; x_wconf 66' lang='grc' dir='ltr'>πεποιήκασι,</span> <span class='ocrx_word' id='word_1_335' title='bbox 1835 1112 1885 1148; x_wconf 79' lang='grc' dir='ltr'><strong>τὴν</strong></span> 
     </span>
    </p>
   </div>
   <div class='ocr_carea' id='block_1_36' title="bbox 1097 1152 1884 1192">
    <p class='ocr_par' dir='ltr' id='par_1_36' title="bbox 1097 1152 1884 1192">
     <span class='ocr_line' id='line_1_36' title="bbox 1097 1152 1884 1192; baseline 0.009 -14"><span class='ocrx_word' id='word_1_336' title='bbox 1097 1152 1216 1187; x_wconf 79' lang='grc' dir='ltr'><strong>αἰθέριον</strong></span> <span class='ocrx_word' id='word_1_337' title='bbox 1232 1154 1278 1179; x_wconf 74' lang='grc' dir='ltr'>καὶ</span> <span class='ocrx_word' id='word_1_338' title='bbox 1300 1153 1392 1188; x_wconf 81' lang='grc' dir='ltr'><strong>ἀέριον</strong></span> <span class='ocrx_word' id='word_1_339' title='bbox 1419 1153 1533 1189; x_wconf 81' lang='grc' dir='ltr'><strong>δύναμιν</strong></span> <span class='ocrx_word' id='word_1_340' title='bbox 1559 1155 1647 1190; x_wconf 80' lang='grc' dir='ltr'>’Ἦραν</span> <span class='ocrx_word' id='word_1_341' title='bbox 1672 1157 1884 1192; x_wconf 79' lang='grc' dir='ltr'>προσειπόντες”</span> 
     </span>
    </p>
   </div>
   <div class='ocr_carea' id='block_1_37' title="bbox 1096 1199 1883 1237">
    <p class='ocr_par' dir='ltr' id='par_1_37' title="bbox 1096 1199 1883 1237">
     <span class='ocr_line' id='line_1_37' title="bbox 1096 1199 1883 1237; baseline 0.008 -13"><span class='ocrx_word' id='word_1_342' title='bbox 1096 1199 1150 1225; x_wconf 75' lang='grc' dir='ltr'>ἔστι</span> <span class='ocrx_word' id='word_1_343' title='bbox 1170 1200 1222 1235; x_wconf 75' lang='grc' dir='ltr'>γὰρ</span> <span class='ocrx_word' id='word_1_344' title='bbox 1238 1199 1285 1226; x_wconf 66' lang='grc' dir='ltr'><strong>καὶ</strong></span> <span class='ocrx_word' id='word_1_345' title='bbox 1298 1199 1312 1225; x_wconf 90' lang='grc' dir='ltr'><strong>ὀ</strong></span> <span class='ocrx_word' id='word_1_346' title='bbox 1326 1199 1407 1235; x_wconf 82' lang='grc' dir='ltr'>αἰθὴρ</span> <span class='ocrx_word' id='word_1_347' title='bbox 1421 1200 1473 1235; x_wconf 77' lang='grc' dir='ltr'><strong>ἀὴρ</strong></span> <span class='ocrx_word' id='word_1_348' title='bbox 1483 1200 1497 1226; x_wconf 86' lang='grc' dir='ltr'>ὁ</span> <span class='ocrx_word' id='word_1_349' title='bbox 1507 1199 1762 1237; x_wconf 80' lang='grc' dir='ltr'>λεπτομερέστατος.</span> <span class='ocrx_word' id='word_1_350' title='bbox 1780 1213 1789 1229; x_wconf 73' lang='grc' dir='ltr'><strong>ι</strong></span> <span class='ocrx_word' id='word_1_351' title='bbox 1800 1204 1883 1230; x_wconf 81' lang='grc' dir='ltr'><strong>Ἀνω-</strong></span> 
     </span>
    </p>
   </div>
   <div class='ocr_carea' id='block_1_38' title="bbox 1095 1244 1883 1280">
    <p class='ocr_par' dir='ltr' id='par_1_38' title="bbox 1095 1244 1883 1280">
     <span class='ocr_line' id='line_1_38' title="bbox 1095 1244 1883 1280; baseline 0.008 -10"><span class='ocrx_word' id='word_1_352' title='bbox 1095 1245 1165 1279; x_wconf 79' lang='grc' dir='ltr'><strong>τέρω</strong></span> <span class='ocrx_word' id='word_1_353' title='bbox 1183 1245 1231 1279; x_wconf 78' lang='grc' dir='ltr'><strong>μὲν</strong></span> <span class='ocrx_word' id='word_1_354' title='bbox 1244 1245 1338 1280; x_wconf 79' lang='grc' dir='ltr'><strong>ἐδήλου</strong></span> <span class='ocrx_word' id='word_1_355' title='bbox 1351 1244 1385 1271; x_wconf 84' lang='grc' dir='ltr'>τὰ</span> <span class='ocrx_word' id='word_1_356' title='bbox 1401 1245 1454 1280; x_wconf 77' lang='grc' dir='ltr'><strong>ἔπη</strong></span> <span class='ocrx_word' id='word_1_357' title='bbox 1469 1246 1513 1272; x_wconf 81' lang='grc' dir='ltr'><strong>τὸν</strong></span> <span class='ocrx_word' id='word_1_358' title='bbox 1527 1246 1588 1273; x_wconf 77' lang='grc' dir='ltr'>νοῦν</span> <span class='ocrx_word' id='word_1_359' title='bbox 1604 1247 1651 1274; x_wconf 80' lang='grc' dir='ltr'>τοῦ</span> <span class='ocrx_word' id='word_1_360' title='bbox 1670 1247 1730 1280; x_wconf 75' lang='grc' dir='ltr'>Διὸς</span> <span class='ocrx_word' id='word_1_361' title='bbox 1752 1247 1821 1276; x_wconf 84' lang='grc' dir='ltr'>εἶναι</span> <span class='ocrx_word' id='word_1_362' title='bbox 1837 1250 1883 1276; x_wconf 77' lang='grc' dir='ltr'>τὸν</span> 
     </span>
    </p>
   </div>
   <div class='ocr_carea' id='block_1_39' title="bbox 1095 1290 1881 1331">
    <p class='ocr_par' dir='ltr' id='par_1_39' title="bbox 1095 1290 1881 1331">
     <span class='ocr_line' id='line_1_39' title="bbox 1095 1290 1881 1331; baseline 0.009 -16"><span class='ocrx_word' id='word_1_363' title='bbox 1095 1290 1205 1326; x_wconf 73' lang='grc' dir='ltr'><strong>αἰθέρα·</strong></span> <span class='ocrx_word' id='word_1_364' title='bbox 1222 1290 1279 1316; x_wconf 77' lang='grc' dir='ltr'>νυνὶ</span> <span class='ocrx_word' id='word_1_365' title='bbox 1290 1290 1318 1316; x_wconf 83' lang='grc' dir='ltr'><strong>δὲ</strong></span> <span class='ocrx_word' id='word_1_366' title='bbox 1335 1291 1349 1316; x_wconf 85' lang='grc' dir='ltr'>ὁ</span> <span class='ocrx_word' id='word_1_367' title='bbox 1368 1291 1444 1325; x_wconf 78' lang='grc' dir='ltr'>λόγος</span> <span class='ocrx_word' id='word_1_368' title='bbox 1459 1291 1485 1317; x_wconf 77' lang='grc' dir='ltr'>τε</span> <span class='ocrx_word' id='word_1_369' title='bbox 1503 1292 1567 1319; x_wconf 81' lang='grc' dir='ltr'>ποτέ</span> <span class='ocrx_word' id='word_1_370' title='bbox 1584 1293 1641 1319; x_wconf 80' lang='grc' dir='ltr'>ἐστι</span> <span class='ocrx_word' id='word_1_371' title='bbox 1661 1294 1676 1319; x_wconf 84' lang='grc' dir='ltr'><strong>ό</strong></span> <span class='ocrx_word' id='word_1_372' title='bbox 1694 1295 1776 1330; x_wconf 82' lang='grc' dir='ltr'><strong>αἰθὴρ</strong></span> <span class='ocrx_word' id='word_1_373' title='bbox 1796 1295 1881 1331; x_wconf 64' lang='grc' dir='ltr'>διορεα</span> 
     </span>
    </p>
   </div>
   <div class='ocr_carea' id='block_1_40' title="bbox 1095 1334 1880 1376">
    <p class='ocr_par' dir='ltr' id='par_1_40' title="bbox 1095 1334 1880 1376">
     <span class='ocr_line' id='line_1_40' title="bbox 1095 1334 1880 1376; baseline 0.008 -14"><span class='ocrx_word' id='word_1_374' title='bbox 1095 1337 1187 1368; x_wconf 64' lang='lat' dir='ltr'><strong>(ferat,</strong></span> <span class='ocrx_word' id='word_1_375' title='bbox 1210 1336 1278 1371; x_wconf 80' lang='grc' dir='ltr'>ἀέρα</span> <span class='ocrx_word' id='word_1_376' title='bbox 1301 1336 1388 1370; x_wconf 78' lang='grc' dir='ltr'>λέγων</span> <span class='ocrx_word' id='word_1_377' title='bbox 1416 1334 1483 1363; x_wconf 78' lang='grc' dir='ltr'>εἶναι</span> <span class='ocrx_word' id='word_1_378' title='bbox 1510 1338 1590 1364; x_wconf 75' lang='grc' dir='ltr'>αὐτὸν</span> <span class='ocrx_word' id='word_1_379' title='bbox 1614 1338 1880 1376; x_wconf 73' lang='grc' dir='ltr'><strong>λεπτομερέστατον·</strong></span> 
     </span>
    </p>
   </div>
   <div class='ocr_carea' id='block_1_41' title="bbox 1094 1381 1880 1424">
    <p class='ocr_par' dir='ltr' id='par_1_41' title="bbox 1094 1381 1880 1424">
     <span class='ocr_line' id='line_1_41' title="bbox 1094 1381 1880 1424; baseline 0.01 -17"><span class='ocrx_word' id='word_1_380' title='bbox 1094 1381 1172 1416; x_wconf 73' lang='grc' dir='ltr'>σῶμα</span> <span class='ocrx_word' id='word_1_381' title='bbox 1187 1381 1219 1410; x_wconf 67' lang='grc' dir='ltr'>δὲ</span> <span class='ocrx_word' id='word_1_382' title='bbox 1232 1382 1246 1407; x_wconf 72' lang='grc' dir='ltr'>ὁ</span> <span class='ocrx_word' id='word_1_383' title='bbox 1258 1382 1328 1417; x_wconf 79' lang='grc' dir='ltr'><strong>ἀὴρ,</strong></span> <span class='ocrx_word' id='word_1_384' title='bbox 1348 1383 1395 1408; x_wconf 80' lang='grc' dir='ltr'><strong>καὶ</strong></span> <span class='ocrx_word' id='word_1_385' title='bbox 1412 1383 1479 1409; x_wconf 80' lang='grc' dir='ltr'>πολὺ</span> <span class='ocrx_word' id='word_1_386' title='bbox 1505 1383 1635 1420; x_wconf 76' lang='grc' dir='ltr'>πρότερον</span> <span class='ocrx_word' id='word_1_387' title='bbox 1648 1386 1662 1411; x_wconf 82' lang='grc' dir='ltr'>ὁ</span> <span class='ocrx_word' id='word_1_388' title='bbox 1685 1385 1778 1422; x_wconf 72' lang='grc' dir='ltr'><strong>αἰθήρ.</strong></span> <span class='ocrx_word' id='word_1_389' title='bbox 1799 1387 1828 1414; x_wconf 85' lang='grc'><strong>’0</strong></span> <span class='ocrx_word' id='word_1_390' title='bbox 1848 1387 1880 1424; x_wconf 74' lang='grc' dir='ltr'><strong>δὴ</strong></span> 
     </span>
    </p>
   </div>
   <div class='ocr_carea' id='block_1_42' title="bbox 1093 1427 1879 1467">
    <p class='ocr_par' dir='ltr' id='par_1_42' title="bbox 1093 1427 1879 1467">
     <span class='ocr_line' id='line_1_42' title="bbox 1093 1427 1879 1467; baseline 0.008 -14"><span class='ocrx_word' id='word_1_391' title='bbox 1093 1428 1154 1458; x_wconf 82' lang='grc' dir='ltr'>νοῦς</span> <span class='ocrx_word' id='word_1_392' title='bbox 1170 1428 1223 1462; x_wconf 82' lang='grc' dir='ltr'>ἄρα</span> <span class='ocrx_word' id='word_1_393' title='bbox 1249 1427 1296 1453; x_wconf 73' lang='grc' dir='ltr'>τοῦ</span> <span class='ocrx_word' id='word_1_394' title='bbox 1319 1427 1379 1459; x_wconf 78' lang='grc' dir='ltr'>Διὸς</span> <span class='ocrx_word' id='word_1_395' title='bbox 1401 1428 1560 1464; x_wconf 79' lang='grc' dir='ltr'>ὲλήλεγκται</span> <span class='ocrx_word' id='word_1_396' title='bbox 1585 1430 1664 1466; x_wconf 82' lang='grc' dir='ltr'>σῶμα</span> <span class='ocrx_word' id='word_1_397' title='bbox 1678 1432 1835 1467; x_wconf 79' lang='grc' dir='ltr'><strong>τυγχάνων,</strong></span> <span class='ocrx_word' id='word_1_398' title='bbox 1855 1435 1879 1460; x_wconf 80' lang='grc' dir='ltr'><strong>ει</strong></span> 
     </span>
    </p>
   </div>
   <div class='ocr_carea' id='block_1_43' title="bbox 1092 1472 1879 1508">
    <p class='ocr_par' dir='ltr' id='par_1_43' title="bbox 1092 1472 1879 1508">
     <span class='ocr_line' id='line_1_43' title="bbox 1092 1472 1879 1508; baseline 0.008 -10"><span class='ocrx_word' id='word_1_399' title='bbox 1092 1473 1138 1499; x_wconf 64' lang='grc' dir='ltr'><strong>καὶ</strong></span> <span class='ocrx_word' id='word_1_400' title='bbox 1154 1472 1184 1498; x_wconf 70' lang='grc' dir='ltr'>τὸ</span> <span class='ocrx_word' id='word_1_401' title='bbox 1201 1472 1308 1499; x_wconf 75' lang='grc' dir='ltr'>πάντων</span> <span class='ocrx_word' id='word_1_402' title='bbox 1323 1472 1583 1508; x_wconf 70' lang='grc' dir='ltr'><strong>λεπτομερέστατον.</strong></span> <span class='ocrx_word' id='word_1_403' title='bbox 1600 1475 1653 1501; x_wconf 78' lang='grc' dir='ltr'><strong>Καὶ</strong></span> <span class='ocrx_word' id='word_1_404' title='bbox 1664 1476 1721 1508; x_wconf 78' lang='grc' dir='ltr'><strong>πῶς</strong></span> <span class='ocrx_word' id='word_1_405' title='bbox 1736 1477 1767 1503; x_wconf 78' lang='grc' dir='ltr'>ἂν</span> <span class='ocrx_word' id='word_1_406' title='bbox 1781 1476 1879 1504; x_wconf 69' lang='grc' dir='ltr'>ταῦτ-ὸν</span> 
     </span>
    </p>
   </div>
   <div class='ocr_carea' id='block_1_44' title="bbox 1093 1519 1877 1558">
    <p class='ocr_par' dir='ltr' id='par_1_44' title="bbox 1093 1519 1877 1558">
     <span class='ocr_line' id='line_1_44' title="bbox 1093 1519 1877 1558; baseline 0.008 -13"><span class='ocrx_word' id='word_1_407' title='bbox 1093 1519 1249 1555; x_wconf 78' lang='grc' dir='ltr'><strong>ἐπινοηθείη</strong></span> <span class='ocrx_word' id='word_1_408' title='bbox 1268 1519 1345 1554; x_wconf 78' lang='grc' dir='ltr'>σῶμα</span> <span class='ocrx_word' id='word_1_409' title='bbox 1362 1521 1409 1546; x_wconf 79' lang='grc' dir='ltr'><strong>καὶ</strong></span> <span class='ocrx_word' id='word_1_410' title='bbox 1427 1519 1488 1552; x_wconf 84' lang='grc' dir='ltr'><strong>νοῦς</strong></span> <span class='ocrx_word' id='word_1_411' title='bbox 1506 1521 1576 1547; x_wconf 73' lang='grc' dir='ltr'>κατὰ</span> <span class='ocrx_word' id='word_1_412' title='bbox 1592 1521 1736 1558; x_wconf 79' lang='grc' dir='ltr'>διάμετρον</span> <span class='ocrx_word' id='word_1_413' title='bbox 1750 1525 1805 1556; x_wconf 78' lang='grc' dir='ltr'>τοῖς</span> <span class='ocrx_word' id='word_1_414' title='bbox 1826 1525 1877 1558; x_wconf 71' lang='grc' dir='ltr'><strong>φύ-</strong></span> 
     </span>
    </p>
   </div>
   <div class='ocr_carea' id='block_1_45' title="bbox 1092 1564 1877 1607">
    <p class='ocr_par' dir='ltr' id='par_1_45' title="bbox 1092 1564 1877 1607">
     <span class='ocr_line' id='line_1_45' title="bbox 1092 1564 1877 1607; baseline 0.009 -17"><span class='ocrx_word' id='word_1_415' title='bbox 1092 1574 1148 1591; x_wconf 83' lang='grc' dir='ltr'>σεσι</span> <span class='ocrx_word' id='word_1_416' title='bbox 1164 1565 1309 1597; x_wconf 68' lang='grc' dir='ltr'>διεστῶτας</span> <span class='ocrx_word' id='word_1_417' title='bbox 1328 1564 1383 1592; x_wconf 77' lang='grc' dir='ltr'><strong>Εἶτ’</strong></span> <span class='ocrx_word' id='word_1_418' title='bbox 1396 1566 1446 1592; x_wconf 69' lang='grc' dir='ltr'>οὐκ</span> <span class='ocrx_word' id='word_1_419' title='bbox 1461 1565 1508 1593; x_wconf 79' lang='grc' dir='ltr'><strong>οἷδ’</strong></span> <span class='ocrx_word' id='word_1_420' title='bbox 1520 1567 1591 1600; x_wconf 78' lang='grc' dir='ltr'><strong>ὅπως</strong></span> <span class='ocrx_word' id='word_1_421' title='bbox 1604 1568 1656 1594; x_wconf 79' lang='grc' dir='ltr'><strong>τῶν</strong></span> <span class='ocrx_word' id='word_1_422' title='bbox 1673 1569 1744 1596; x_wconf 69' lang='grc' dir='ltr'>ἑπιῖιν</span> <span class='ocrx_word' id='word_1_423' title='bbox 1755 1570 1877 1607; x_wconf 75' lang='grc' dir='ltr'>ἐπιλελη-</span> 
     </span>
    </p>
   </div>
   <div class='ocr_carea' id='block_1_46' title="bbox 1091 1612 1520 1648">
    <p class='ocr_par' dir='ltr' id='par_1_46' title="bbox 1091 1612 1520 1648">
     <span class='ocr_line' id='line_1_46' title="bbox 1091 1612 1520 1648; baseline 0 -8"><span class='ocrx_word' id='word_1_424' title='bbox 1091 1613 1187 1648; x_wconf 77' lang='grc' dir='ltr'>σμένος</span> <span class='ocrx_word' id='word_1_425' title='bbox 1200 1612 1346 1648; x_wconf 75' lang='grc' dir='ltr'><strong>διαρρήδην</strong></span> <span class='ocrx_word' id='word_1_426' title='bbox 1362 1613 1504 1648; x_wconf 73' lang='grc' dir='ltr'><strong>φησάντων</strong></span> <span class='ocrx_word' id='word_1_427' title='bbox 1514 1622 1520 1628; x_wconf 94' lang='grc'><strong>·</strong></span> 
     </span>
    </p>
   </div>
   <div class='ocr_carea' id='block_1_47' title="bbox 257 1659 1876 1699">
    <p class='ocr_par' dir='ltr' id='par_1_47' title="bbox 257 1659 1876 1699">
     <span class='ocr_line' id='line_1_47' title="bbox 257 1659 1876 1699; baseline 0.001 -9"><span class='ocrx_word' id='word_1_428' title='bbox 257 1671 327 1694; x_wconf 81' lang='lat' dir='ltr'><strong>esse,</strong></span> <span class='ocrx_word' id='word_1_429' title='bbox 357 1671 474 1696; x_wconf 84' lang='lat' dir='ltr'><strong>quorum</strong></span> <span class='ocrx_word' id='word_1_430' title='bbox 495 1668 599 1690; x_wconf 70' lang='lat' dir='ltr'><strong>uaturm</strong></span> <span class='ocrx_word' id='word_1_431' title='bbox 629 1671 663 1690; x_wconf 85' lang='lat' dir='ltr'><strong>ex</strong></span> <span class='ocrx_word' id='word_1_432' title='bbox 693 1663 836 1693; x_wconf 71' lang='lat' dir='ltr'><strong>diametro,</strong></span> <span class='ocrx_word' id='word_1_433' title='bbox 855 1662 927 1696; x_wconf 91' lang='lat' dir='ltr'><strong>quod</strong></span> <span class='ocrx_word' id='word_1_434' title='bbox 958 1661 1044 1691; x_wconf 78' lang='lat' dir='ltr'><strong>aiunt,</strong></span> <span class='ocrx_word' id='word_1_435' title='bbox 1072 1660 1143 1687; x_wconf 85' lang='lat' dir='ltr'><strong>inter</strong></span> <span class='ocrx_word' id='word_1_436' title='bbox 1166 1666 1225 1685; x_wconf 69' lang='lat' dir='ltr'><strong>sese</strong></span> <span class='ocrx_word' id='word_1_437' title='bbox 1247 1659 1447 1693; x_wconf 79' lang='lat' dir='ltr'><strong>opponantur?</strong></span> <span class='ocrx_word' id='word_1_438' title='bbox 1474 1659 1574 1688; x_wconf 81' lang='lat' dir='ltr'><strong>Deinde</strong></span> <span class='ocrx_word' id='word_1_439' title='bbox 1595 1669 1687 1689; x_wconf 76' lang='lat' dir='ltr'><strong>ncsrto</strong></span> <span class='ocrx_word' id='word_1_440' title='bbox 1713 1670 1767 1698; x_wconf 87' lang='lat' dir='ltr'><strong>quo</strong></span> <span class='ocrx_word' id='word_1_441' title='bbox 1795 1671 1876 1699; x_wconf 82' lang='lat' dir='ltr'><strong>pacto</strong></span> 
     </span>
    </p>
   </div>
   <div class='ocr_carea' id='block_1_48' title="bbox 255 1705 1570 1742">
    <p class='ocr_par' dir='ltr' id='par_1_48' title="bbox 255 1705 1570 1742">
     <span class='ocr_line' id='line_1_48' title="bbox 255 1705 1570 1742; baseline -0.002 -7"><span class='ocrx_word' id='word_1_442' title='bbox 255 1708 405 1736; x_wconf 75' lang='lat' dir='ltr'><strong>carminum</strong></span> <span class='ocrx_word' id='word_1_443' title='bbox 425 1709 538 1735; x_wconf 83' lang='lat' dir='ltr'><strong>istorum</strong></span> <span class='ocrx_word' id='word_1_444' title='bbox 553 1709 653 1736; x_wconf 88' lang='lat' dir='ltr'><strong>oblitus</strong></span> <span class='ocrx_word' id='word_1_445' title='bbox 670 1708 713 1735; x_wconf 91' lang='lat' dir='ltr'><strong>ille</strong></span> <span class='ocrx_word' id='word_1_446' title='bbox 738 1708 828 1741; x_wconf 81' lang='lat' dir='ltr'><strong>fuerit,</strong></span> <span class='ocrx_word' id='word_1_447' title='bbox 852 1715 965 1742; x_wconf 87' lang='lat' dir='ltr'><strong>quorum</strong></span> <span class='ocrx_word' id='word_1_448' title='bbox 979 1714 1106 1741; x_wconf 77' lang='lat' dir='ltr'><strong>expressa</strong></span> <span class='ocrx_word' id='word_1_449' title='bbox 1123 1705 1180 1731; x_wconf 76' lang='lat' dir='ltr'><strong>haec</strong></span> <span class='ocrx_word' id='word_1_450' title='bbox 1194 1708 1235 1731; x_wconf 84' lang='lat' dir='ltr'><strong>est</strong></span> <span class='ocrx_word' id='word_1_451' title='bbox 1247 1709 1394 1739; x_wconf 62' lang='lat' dir='ltr'><strong>apertaque</strong></span> <span class='ocrx_word' id='word_1_452' title='bbox 1406 1705 1541 1732; x_wconf 86' lang='lat' dir='ltr'><strong>sententia</strong></span> <span class='ocrx_word' id='word_1_453' title='bbox 1562 1715 1570 1733; x_wconf 90' lang='lat'><strong>:</strong></span> 
     </span>
    </p>
   </div>
   <div class='ocr_carea' id='block_1_49' title="bbox 257 1765 848 1800">
    <p class='ocr_par' dir='ltr' id='par_1_49' title="bbox 257 1765 848 1800">
     <span class='ocr_line' id='line_1_49' title="bbox 257 1765 848 1800; baseline -0.002 -8"><span class='ocrx_word' id='word_1_454' title='bbox 305 1765 378 1791; x_wconf 70' lang='lat' dir='ltr'><strong>Mens</strong></span> <span class='ocrx_word' id='word_1_455' title='bbox 391 1772 480 1795; x_wconf 67' lang='lat' dir='ltr'><strong>verax,</strong></span> <span class='ocrx_word' id='word_1_456' title='bbox 497 1765 612 1800; x_wconf 78' lang='lat' dir='ltr'><strong>nullique</strong></span> <span class='ocrx_word' id='word_1_457' title='bbox 624 1765 750 1792; x_wconf 70' lang='lat' dir='ltr'><strong>obnoxius</strong></span> <span class='ocrx_word' id='word_1_458' title='bbox 768 1766 848 1792; x_wconf 75' lang='lat' dir='ltr'><strong>wther</strong></span> 
     </span>
    </p>
   </div>
   <div class='ocr_carea' id='block_1_50' title="bbox 255 1801 936 1835">
    <p class='ocr_par' dir='ltr' id='par_1_50' title="bbox 255 1801 936 1835">
     <span class='ocr_line' id='line_1_50' title="bbox 255 1801 936 1835; baseline -0.001 -8"><span class='ocrx_word' id='word_1_459' title='bbox 255 1801 348 1834; x_wconf 77' lang='lat' dir='ltr'><strong>llegius</strong></span> <span class='ocrx_word' id='word_1_460' title='bbox 364 1801 482 1830; x_wconf 70' lang='lat' dir='ltr'><strong>interitu,</strong></span> <span class='ocrx_word' id='word_1_461' title='bbox 499 1801 543 1834; x_wconf 87' lang='lat' dir='ltr'><strong>qui</strong></span> <span class='ocrx_word' id='word_1_462' title='bbox 559 1806 653 1826; x_wconf 73' lang='lat' dir='ltr'><strong>cuitala</strong></span> <span class='ocrx_word' id='word_1_463' title='bbox 668 1806 800 1835; x_wconf 72' lang='lat' dir='ltr'><strong>motvquue</strong></span> <span class='ocrx_word' id='word_1_464' title='bbox 820 1801 936 1835; x_wconf 70' lang='lat' dir='ltr'><strong>regitque</strong></span> 
     </span>
    </p>
   </div>
   <div class='ocr_carea' id='block_1_51' title="bbox 253 1835 963 1869">
    <p class='ocr_par' dir='ltr' id='par_1_51' title="bbox 253 1835 963 1869">
     <span class='ocr_line' id='line_1_51' title="bbox 253 1835 963 1869; baseline -0.001 -7"><span class='ocrx_word' id='word_1_465' title='bbox 253 1836 380 1862; x_wconf 77' lang='lat' dir='ltr'><strong>Consilia.</strong></span> <span class='ocrx_word' id='word_1_466' title='bbox 402 1835 456 1862; x_wconf 75' lang='lat' dir='ltr'><strong>Vox</strong></span> <span class='ocrx_word' id='word_1_467' title='bbox 470 1835 542 1861; x_wconf 78' lang='lat' dir='ltr'><strong>nulla</strong></span> <span class='ocrx_word' id='word_1_468' title='bbox 558 1841 651 1869; x_wconf 79' lang='lat' dir='ltr'><strong>potest,</strong></span> <span class='ocrx_word' id='word_1_469' title='bbox 667 1836 806 1869; x_wconf 66' lang='lat' dir='ltr'><strong>sopituwc.</strong></span> <span class='ocrx_word' id='word_1_470' title='bbox 832 1844 877 1862; x_wconf 83' lang='lat' dir='ltr'><strong>nec</strong></span> <span class='ocrx_word' id='word_1_471' title='bbox 894 1835 963 1861; x_wconf 81' lang='lat' dir='ltr'><strong>ullus</strong></span> 
     </span>
    </p>
   </div>
   <div class='ocr_carea' id='block_1_52' title="bbox 253 1864 979 1919">
    <p class='ocr_par' dir='ltr' id='par_1_52' title="bbox 253 1864 979 1919">
     <span class='ocr_line' id='line_1_52' title="bbox 253 1864 979 1919; baseline 0.001 -23"><span class='ocrx_word' id='word_1_472' title='bbox 253 1871 357 1897; x_wconf 69' lang='lat' dir='ltr'><strong>llunccc</strong></span> <span class='ocrx_word' id='word_1_473' title='bbox 373 1870 447 1897; x_wconf 81' lang='lat' dir='ltr'><strong>Juvis</strong></span> <span class='ocrx_word' id='word_1_474' title='bbox 461 1864 574 1897; x_wconf 75' lang='lat' dir='ltr'><strong>sebo/etii</strong></span> <span class='ocrx_word' id='word_1_475' title='bbox 587 1864 722 1919; x_wconf 61' lang='grc' dir='ltr'>εινιιρἱιξς,</span> <span class='ocrx_word' id='word_1_476' title='bbox 737 1879 782 1897; x_wconf 75' lang='lat' dir='ltr'><strong>nec</strong></span> <span class='ocrx_word' id='word_1_477' title='bbox 796 1864 869 1905; x_wconf 72' lang='lat' dir='ltr'><strong>fama</strong></span> <span class='ocrx_word' id='word_1_478' title='bbox 887 1871 979 1898; x_wconf 80' lang='lat' dir='ltr'><strong>latere.</strong></span> 
     </span>
    </p>
   </div>
   <div class='ocr_carea' id='block_1_53' title="bbox 248 1937 1031 1972">
    <p class='ocr_par' dir='ltr' id='par_1_53' title="bbox 248 1937 1031 1972">
     <span class='ocr_line' id='line_1_53' title="bbox 248 1937 1031 1972; baseline 0.004 -10"><span class='ocrx_word' id='word_1_479' title='bbox 248 1938 353 1969; x_wconf 49' lang='lat' dir='ltr'><strong>()uiluus</strong></span> <span class='ocrx_word' id='word_1_480' title='bbox 381 1937 479 1964; x_wconf 70' lang='lat' dir='ltr'><strong>mihera</strong></span> <span class='ocrx_word' id='word_1_481' title='bbox 509 1938 583 1966; x_wconf 79' lang='lat' dir='ltr'><strong>Jovis</strong></span> <span class='ocrx_word' id='word_1_482' title='bbox 609 1945 670 1965; x_wconf 87' lang='lat' dir='ltr'><strong>esse</strong></span> <span class='ocrx_word' id='word_1_483' title='bbox 699 1943 816 1966; x_wconf 87' lang='lat' dir='ltr'><strong>mentem</strong></span> <span class='ocrx_word' id='word_1_484' title='bbox 832 1937 971 1972; x_wconf 84' lang='lat' dir='ltr'><strong>perspicue</strong></span> <span class='ocrx_word' id='word_1_485' title='bbox 983 1938 1031 1965; x_wconf 66' lang='lat' dir='ltr'><strong>de&lt;</strong></span> 
     </span>
    </p>
   </div>
   <div class='ocr_carea' id='block_1_54' title="bbox 250 1980 1032 2018">
    <p class='ocr_par' dir='ltr' id='par_1_54' title="bbox 250 1980 1032 2018">
     <span class='ocr_line' id='line_1_54' title="bbox 250 1980 1032 2018; baseline 0.001 -9"><span class='ocrx_word' id='word_1_486' title='bbox 250 1983 380 2010; x_wconf 84' lang='lat' dir='ltr'><strong>claratur.</strong></span> <span class='ocrx_word' id='word_1_487' title='bbox 405 1980 459 2010; x_wconf 80' lang='lat' dir='ltr'><strong>iste</strong></span> <span class='ocrx_word' id='word_1_488' title='bbox 483 1987 572 2010; x_wconf 86' lang='lat' dir='ltr'><strong>autem</strong></span> <span class='ocrx_word' id='word_1_489' title='bbox 599 1991 694 2011; x_wconf 87' lang='lat' dir='ltr'><strong>rursus</strong></span> <span class='ocrx_word' id='word_1_490' title='bbox 716 1983 854 2011; x_wconf 78' lang='lat' dir='ltr'><strong>:etheriam</strong></span> <span class='ocrx_word' id='word_1_491' title='bbox 877 1984 1032 2018; x_wconf 86' lang='lat' dir='ltr'><strong>aeriamque</strong></span> 
     </span>
    </p>
   </div>
   <div class='ocr_carea' id='block_1_55' title="bbox 249 2027 1031 2064">
    <p class='ocr_par' dir='ltr' id='par_1_55' title="bbox 249 2027 1031 2064">
     <span class='ocr_line' id='line_1_55' title="bbox 249 2027 1031 2064; baseline 0.003 -10"><span class='ocrx_word' id='word_1_492' title='bbox 249 2028 304 2055; x_wconf 75' lang='lat' dir='ltr'><strong>vim</strong></span> <span class='ocrx_word' id='word_1_493' title='bbox 329 2027 463 2056; x_wconf 77' lang='lat' dir='ltr'><strong>Junoncm</strong></span> <span class='ocrx_word' id='word_1_494' title='bbox 494 2035 555 2056; x_wconf 83' lang='lat' dir='ltr'><strong>esse</strong></span> <span class='ocrx_word' id='word_1_495' title='bbox 585 2029 681 2058; x_wconf 86' lang='lat' dir='ltr'><strong>tradit.</strong></span> <span class='ocrx_word' id='word_1_496' title='bbox 708 2037 825 2064; x_wconf 80' lang='lat' dir='ltr'><strong>moxque</strong></span> <span class='ocrx_word' id='word_1_497' title='bbox 860 2029 1031 2056; x_wconf 86' lang='lat' dir='ltr'><strong>distinctione</strong></span> 
     </span>
    </p>
   </div>
   <div class='ocr_carea' id='block_1_56' title="bbox 248 2074 1030 2110">
    <p class='ocr_par' dir='ltr' id='par_1_56' title="bbox 248 2074 1030 2110">
     <span class='ocr_line' id='line_1_56' title="bbox 248 2074 1030 2110; baseline 0.003 -10"><span class='ocrx_word' id='word_1_498' title='bbox 248 2079 326 2101; x_wconf 88' lang='lat' dir='ltr'><strong>utens</strong></span> <span class='ocrx_word' id='word_1_499' title='bbox 340 2074 375 2101; x_wconf 90' lang='lat' dir='ltr'><strong>ita</strong></span> <span class='ocrx_word' id='word_1_500' title='bbox 393 2074 530 2109; x_wconf 65' lang='lat' dir='ltr'><strong>sulijungit</strong></span> <span class='ocrx_word' id='word_1_501' title='bbox 545 2084 551 2101; x_wconf 87' lang='grc'>;</span> <span class='ocrx_word' id='word_1_502' title='bbox 571 2084 579 2100; x_wconf 83' lang='grc' dir='ltr'><strong>ι</strong></span> <span class='ocrx_word' id='word_1_503' title='bbox 599 2075 638 2102; x_wconf 84' lang='lat' dir='ltr'><strong>Ac</strong></span> <span class='ocrx_word' id='word_1_504' title='bbox 653 2075 693 2102; x_wconf 92' lang='lat' dir='ltr'><strong>vis</strong></span> <span class='ocrx_word' id='word_1_505' title='bbox 708 2075 829 2110; x_wconf 86' lang='lat' dir='ltr'><strong>quidem,</strong></span> <span class='ocrx_word' id='word_1_506' title='bbox 846 2075 944 2109; x_wconf 89' lang='lat' dir='ltr'><strong>inquit.</strong></span> <span class='ocrx_word' id='word_1_507' title='bbox 959 2075 1030 2102; x_wconf 87' lang='lat' dir='ltr'><strong>aeris</strong></span> 
     </span>
    </p>
   </div>
   <div class='ocr_carea' id='block_1_57' title="bbox 248 2120 1028 2155">
    <p class='ocr_par' dir='ltr' id='par_1_57' title="bbox 248 2120 1028 2155">
     <span class='ocr_line' id='line_1_57' title="bbox 248 2120 1028 2155; baseline 0.003 -9"><span class='ocrx_word' id='word_1_508' title='bbox 248 2120 378 2152; x_wconf 78' lang='lat' dir='ltr'><strong>universi,</strong></span> <span class='ocrx_word' id='word_1_509' title='bbox 397 2121 481 2155; x_wconf 72' lang='grc' dir='ltr'>Ἦρα,</span> <span class='ocrx_word' id='word_1_510' title='bbox 497 2121 549 2148; x_wconf 91' lang='lat' dir='ltr'><strong>hoc</strong></span> <span class='ocrx_word' id='word_1_511' title='bbox 562 2126 603 2148; x_wconf 87' lang='lat' dir='ltr'><strong>est</strong></span> <span class='ocrx_word' id='word_1_512' title='bbox 617 2120 698 2154; x_wconf 89' lang='lat' dir='ltr'><strong>Juno,</strong></span> <span class='ocrx_word' id='word_1_513' title='bbox 715 2121 895 2155; x_wconf 84' lang='lat' dir='ltr'><strong>appellatione</strong></span> <span class='ocrx_word' id='word_1_514' title='bbox 918 2120 952 2148; x_wconf 85' lang='lat' dir='ltr'><strong>ab</strong></span> <span class='ocrx_word' id='word_1_515' title='bbox 967 2129 1028 2148; x_wconf 86' lang='lat' dir='ltr'><strong>aere</strong></span> 
     </span>
    </p>
   </div>
   <div class='ocr_carea' id='block_1_58' title="bbox 245 2165 1027 2200">
    <p class='ocr_par' dir='ltr' id='par_1_58' title="bbox 245 2165 1027 2200">
     <span class='ocr_line' id='line_1_58' title="bbox 245 2165 1027 2200; baseline 0.003 -10"><span class='ocrx_word' id='word_1_516' title='bbox 245 2165 336 2196; x_wconf 81' lang='lat' dir='ltr'><strong>ducta,</strong></span> <span class='ocrx_word' id='word_1_517' title='bbox 353 2165 508 2191; x_wconf 82' lang='lat' dir='ltr'><strong>nominatur</strong></span> <span class='ocrx_word' id='word_1_518' title='bbox 526 2173 533 2197; x_wconf 87' lang='lat'><strong>;</strong></span> <span class='ocrx_word' id='word_1_519' title='bbox 554 2165 613 2200; x_wconf 87' lang='lat' dir='ltr'><strong>ejus</strong></span> <span class='ocrx_word' id='word_1_520' title='bbox 639 2170 728 2192; x_wconf 78' lang='lat' dir='ltr'><strong>alitem</strong></span> <span class='ocrx_word' id='word_1_521' title='bbox 754 2165 836 2197; x_wconf 85' lang='lat' dir='ltr'><strong>aeris,</strong></span> <span class='ocrx_word' id='word_1_522' title='bbox 859 2173 938 2200; x_wconf 86' lang='lat' dir='ltr'><strong>quem</strong></span> <span class='ocrx_word' id='word_1_523' title='bbox 959 2165 1027 2193; x_wconf 77' lang='lat' dir='ltr'><strong>infra</strong></span> 
     </span>
    </p>
   </div>
   <div class='ocr_carea' id='block_1_59' title="bbox 244 2209 1026 2240">
    <p class='ocr_par' dir='ltr' id='par_1_59' title="bbox 244 2209 1026 2240">
     <span class='ocr_line' id='line_1_59' title="bbox 244 2209 1026 2240; baseline 0.005 -5"><span class='ocrx_word' id='word_1_524' title='bbox 244 2209 337 2235; x_wconf 91' lang='lat' dir='ltr'><strong>lunam</strong></span> <span class='ocrx_word' id='word_1_525' title='bbox 358 2210 439 2236; x_wconf 90' lang='lat' dir='ltr'><strong>modo</strong></span> <span class='ocrx_word' id='word_1_526' title='bbox 466 2210 626 2240; x_wconf 78' lang='lat' dir='ltr'><strong>illuminari.</strong></span> <span class='ocrx_word' id='word_1_527' title='bbox 643 2211 724 2237; x_wconf 90' lang='lat' dir='ltr'><strong>modo</strong></span> <span class='ocrx_word' id='word_1_528' title='bbox 742 2211 860 2238; x_wconf 88' lang='lat' dir='ltr'><strong>tenebris</strong></span> <span class='ocrx_word' id='word_1_529' title='bbox 887 2212 1026 2239; x_wconf 80' lang='lat' dir='ltr'><strong>obscurari</strong></span> 
     </span>
    </p>
   </div>
   <div class='ocr_carea' id='block_1_60' title="bbox 243 2254 1026 2292">
    <p class='ocr_par' dir='ltr' id='par_1_60' title="bbox 243 2254 1026 2292">
     <span class='ocr_line' id='line_1_60' title="bbox 243 2254 1026 2292; baseline 0.004 -11"><span class='ocrx_word' id='word_1_530' title='bbox 243 2255 378 2286; x_wconf 84' lang='lat' dir='ltr'><strong>videmus,</strong></span> <span class='ocrx_word' id='word_1_531' title='bbox 395 2254 497 2282; x_wconf 87' lang='lat' dir='ltr'><strong>Latona</strong></span> <span class='ocrx_word' id='word_1_532' title='bbox 513 2256 665 2290; x_wconf 82' lang='lat' dir='ltr'><strong>symbolum</strong></span> <span class='ocrx_word' id='word_1_533' title='bbox 685 2261 737 2288; x_wconf 80' lang='lat' dir='ltr'><strong>est,</strong></span> <span class='ocrx_word' id='word_1_534' title='bbox 763 2257 862 2292; x_wconf 88' lang='lat' dir='ltr'><strong>quippe</strong></span> <span class='ocrx_word' id='word_1_535' title='bbox 878 2264 938 2291; x_wconf 61' lang='lat' dir='ltr'><strong>qua:</strong></span> <span class='ocrx_word' id='word_1_536' title='bbox 953 2256 1026 2292; x_wconf 83' lang='grc' dir='ltr'><strong>ληθώ</strong></span> 
     </span>
    </p>
   </div>
   <div class='ocr_carea' id='block_1_61' title="bbox 241 2300 1025 2336">
    <p class='ocr_par' dir='ltr' id='par_1_61' title="bbox 241 2300 1025 2336">
     <span class='ocr_line' id='line_1_61' title="bbox 241 2300 1025 2336; baseline 0.001 -8"><span class='ocrx_word' id='word_1_537' title='bbox 241 2301 376 2335; x_wconf 77' lang='lat' dir='ltr'><strong>quaedam,</strong></span> <span class='ocrx_word' id='word_1_538' title='bbox 401 2300 428 2326; x_wconf 90' lang='lat' dir='ltr'><strong>id</strong></span> <span class='ocrx_word' id='word_1_539' title='bbox 446 2305 488 2328; x_wconf 90' lang='lat' dir='ltr'><strong>est</strong></span> <span class='ocrx_word' id='word_1_540' title='bbox 503 2301 615 2331; x_wconf 83' lang='lat' dir='ltr'><strong>oblivio,</strong></span> <span class='ocrx_word' id='word_1_541' title='bbox 635 2302 680 2334; x_wconf 86' lang='lat' dir='ltr'><strong>sit,</strong></span> <span class='ocrx_word' id='word_1_542' title='bbox 706 2301 802 2336; x_wconf 89' lang='lat' dir='ltr'><strong>partim</strong></span> <span class='ocrx_word' id='word_1_543' title='bbox 827 2302 900 2336; x_wconf 91' lang='lat' dir='ltr'><strong>quod</strong></span> <span class='ocrx_word' id='word_1_544' title='bbox 928 2303 1025 2330; x_wconf 89' lang='lat' dir='ltr'><strong>animis</strong></span> 
     </span>
    </p>
   </div>
   <div class='ocr_carea' id='block_1_62' title="bbox 240 2346 1024 2382">
    <p class='ocr_par' dir='ltr' id='par_1_62' title="bbox 240 2346 1024 2382">
     <span class='ocr_line' id='line_1_62' title="bbox 240 2346 1024 2382; baseline 0.003 -9"><span class='ocrx_word' id='word_1_545' title='bbox 240 2347 306 2379; x_wconf 88' lang='lat' dir='ltr'><strong>illis,</strong></span> <span class='ocrx_word' id='word_1_546' title='bbox 326 2354 396 2381; x_wconf 90' lang='lat' dir='ltr'><strong>quos</strong></span> <span class='ocrx_word' id='word_1_547' title='bbox 411 2346 480 2372; x_wconf 80' lang='lat' dir='ltr'><strong>infra</strong></span> <span class='ocrx_word' id='word_1_548' title='bbox 510 2346 603 2373; x_wconf 91' lang='lat' dir='ltr'><strong>lunam</strong></span> <span class='ocrx_word' id='word_1_549' title='bbox 621 2347 760 2381; x_wconf 88' lang='lat' dir='ltr'><strong>procreari</strong></span> <span class='ocrx_word' id='word_1_550' title='bbox 782 2347 925 2382; x_wconf 82' lang='lat' dir='ltr'><strong>contingit,</strong></span> <span class='ocrx_word' id='word_1_551' title='bbox 940 2348 1024 2376; x_wconf 78' lang='lat' dir='ltr'><strong>divini</strong></span> 
     </span>
    </p>
   </div>
   <div class='ocr_carea' id='block_1_63' title="bbox 240 2392 1023 2428">
    <p class='ocr_par' dir='ltr' id='par_1_63' title="bbox 240 2392 1023 2428">
     <span class='ocr_line' id='line_1_63' title="bbox 240 2392 1023 2428; baseline 0.003 -9"><span class='ocrx_word' id='word_1_552' title='bbox 240 2393 362 2420; x_wconf 92' lang='lat' dir='ltr'><strong>numinis</strong></span> <span class='ocrx_word' id='word_1_553' title='bbox 379 2392 481 2420; x_wconf 87' lang='lat' dir='ltr'><strong>oblivio</strong></span> <span class='ocrx_word' id='word_1_554' title='bbox 496 2393 650 2420; x_wconf 88' lang='lat' dir='ltr'><strong>comitetur.</strong></span> <span class='ocrx_word' id='word_1_555' title='bbox 670 2393 762 2428; x_wconf 83' lang='lat' dir='ltr'><strong>Itaque</strong></span> <span class='ocrx_word' id='word_1_556' title='bbox 782 2398 869 2420; x_wconf 89' lang='lat' dir='ltr'><strong>mater</strong></span> <span class='ocrx_word' id='word_1_557' title='bbox 891 2394 1023 2428; x_wconf 81' lang='lat' dir='ltr'><strong>Apollinis</strong></span> 
     </span>
    </p>
   </div>
   <div class='ocr_carea' id='block_1_64' title="bbox 239 2439 1020 2475">
    <p class='ocr_par' dir='ltr' id='par_1_64' title="bbox 239 2439 1020 2475">
     <span class='ocr_line' id='line_1_64' title="bbox 239 2439 1020 2475; baseline 0.003 -9"><span class='ocrx_word' id='word_1_558' title='bbox 239 2446 271 2466; x_wconf 91' lang='lat' dir='ltr'><strong>ac</strong></span> <span class='ocrx_word' id='word_1_559' title='bbox 295 2439 396 2472; x_wconf 85' lang='lat' dir='ltr'><strong>Dianae,</strong></span> <span class='ocrx_word' id='word_1_560' title='bbox 418 2448 432 2466; x_wconf 88' lang='lat' dir='ltr'><strong>a</strong></span> <span class='ocrx_word' id='word_1_561' title='bbox 450 2440 551 2474; x_wconf 90' lang='lat' dir='ltr'><strong>quibus</strong></span> <span class='ocrx_word' id='word_1_562' title='bbox 578 2440 667 2466; x_wconf 74' lang='lat' dir='ltr'><strong>noctis</strong></span> <span class='ocrx_word' id='word_1_563' title='bbox 689 2440 851 2467; x_wconf 84' lang='lat' dir='ltr'><strong>illuminath</strong></span> <span class='ocrx_word' id='word_1_564' title='bbox 871 2439 1020 2475; x_wconf 60' lang='lat' dir='ltr'><strong>Miratur,</strong></span> 
     </span>
    </p>
   </div>
   <div class='ocr_carea' id='block_1_65' title="bbox 237 2485 1020 2520">
    <p class='ocr_par' dir='ltr' id='par_1_65' title="bbox 237 2485 1020 2520">
     <span class='ocr_line' id='line_1_65' title="bbox 237 2485 1020 2520; baseline 0.004 -9"><span class='ocrx_word' id='word_1_565' title='bbox 237 2485 331 2511; x_wconf 81' lang='lat' dir='ltr'><strong>cadent</strong></span> <span class='ocrx_word' id='word_1_566' title='bbox 344 2485 447 2512; x_wconf 81' lang='lat' dir='ltr'><strong>Latona</strong></span> <span class='ocrx_word' id='word_1_567' title='bbox 461 2486 611 2520; x_wconf 86' lang='lat' dir='ltr'><strong>nuncupari</strong></span> <span class='ocrx_word' id='word_1_568' title='bbox 629 2486 707 2518; x_wconf 85' lang='lat' dir='ltr'><strong>solet,</strong></span> <span class='ocrx_word' id='word_1_569' title='bbox 725 2496 734 2512; x_wconf 85' lang='grc'><strong>›</strong></span> <span class='ocrx_word' id='word_1_570' title='bbox 750 2486 848 2520; x_wconf 88' lang='lat' dir='ltr'><strong>quibus</strong></span> <span class='ocrx_word' id='word_1_571' title='bbox 866 2486 937 2514; x_wconf 81' lang='lat' dir='ltr'><strong>aliud</strong></span> <span class='ocrx_word' id='word_1_572' title='bbox 954 2487 1020 2514; x_wconf 86' lang='lat' dir='ltr'><strong>nihil</strong></span> 
     </span>
    </p>
   </div>
   <div class='ocr_carea' id='block_1_66' title="bbox 238 2527 1019 2566">
    <p class='ocr_par' dir='ltr' id='par_1_66' title="bbox 238 2527 1019 2566">
     <span class='ocr_line' id='line_1_66' title="bbox 238 2527 1019 2566; baseline 0.003 -9"><span class='ocrx_word' id='word_1_573' title='bbox 238 2531 384 2565; x_wconf 77' lang='lat' dir='ltr'><strong>signiﬁcari</strong></span> <span class='ocrx_word' id='word_1_574' title='bbox 403 2531 485 2558; x_wconf 90' lang='lat' dir='ltr'><strong>tradit</strong></span> <span class='ocrx_word' id='word_1_575' title='bbox 497 2540 579 2566; x_wconf 87' lang='lat' dir='ltr'><strong>quam</strong></span> <span class='ocrx_word' id='word_1_576' title='bbox 595 2539 685 2558; x_wconf 86' lang='lat' dir='ltr'><strong>aerem</strong></span> <span class='ocrx_word' id='word_1_577' title='bbox 701 2531 764 2558; x_wconf 85' lang='lat' dir='ltr'><strong>luna</strong></span> <span class='ocrx_word' id='word_1_578' title='bbox 790 2532 947 2559; x_wconf 80' lang='lat' dir='ltr'><strong>inferiorem</strong></span> <span class='ocrx_word' id='word_1_579' title='bbox 972 2527 1019 2559; x_wconf 58' lang='lat' dir='ltr'><strong>so:</strong></span> 
     </span>
    </p>
   </div>
   <div class='ocr_carea' id='block_1_67' title="bbox 237 2576 1016 2612">
    <p class='ocr_par' dir='ltr' id='par_1_67' title="bbox 237 2576 1016 2612">
     <span class='ocr_line' id='line_1_67' title="bbox 237 2576 1016 2612; baseline 0.004 -10"><span class='ocrx_word' id='word_1_580' title='bbox 237 2577 271 2603; x_wconf 83' lang='lat' dir='ltr'><strong>lis</strong></span> <span class='ocrx_word' id='word_1_581' title='bbox 285 2584 317 2603; x_wconf 88' lang='lat' dir='ltr'><strong>ac</strong></span> <span class='ocrx_word' id='word_1_582' title='bbox 329 2576 399 2603; x_wconf 71' lang='lat' dir='ltr'><strong>luna.-</strong></span> <span class='ocrx_word' id='word_1_583' title='bbox 410 2582 548 2612; x_wconf 87' lang='lat' dir='ltr'><strong>parcntem</strong></span> <span class='ocrx_word' id='word_1_584' title='bbox 572 2585 641 2608; x_wconf 78' lang='lat' dir='ltr'><strong>esse,</strong></span> <span class='ocrx_word' id='word_1_585' title='bbox 657 2577 766 2612; x_wconf 85' lang='lat' dir='ltr'><strong>quippe,</strong></span> <span class='ocrx_word' id='word_1_586' title='bbox 782 2578 828 2612; x_wconf 90' lang='lat' dir='ltr'><strong>qui</strong></span> <span class='ocrx_word' id='word_1_587' title='bbox 852 2577 952 2605; x_wconf 82' lang='lat' dir='ltr'><strong>Latona</strong></span> <span class='ocrx_word' id='word_1_588' title='bbox 972 2579 1016 2605; x_wconf 91' lang='lat' dir='ltr'><strong>sit.</strong></span> 
     </span>
    </p>
   </div>
   <div class='ocr_carea' id='block_1_68' title="bbox 235 2622 1017 2658">
    <p class='ocr_par' dir='ltr' id='par_1_68' title="bbox 235 2622 1017 2658">
     <span class='ocr_line' id='line_1_68' title="bbox 235 2622 1017 2658; baseline 0.003 -10"><span class='ocrx_word' id='word_1_589' title='bbox 235 2622 362 2652; x_wconf 80' lang='lat' dir='ltr'><strong>Atenim,</strong></span> <span class='ocrx_word' id='word_1_590' title='bbox 379 2622 516 2656; x_wconf 91' lang='lat' dir='ltr'><strong>quomodo</strong></span> <span class='ocrx_word' id='word_1_591' title='bbox 538 2623 645 2650; x_wconf 86' lang='lat' dir='ltr'><strong>tandem</strong></span> <span class='ocrx_word' id='word_1_592' title='bbox 660 2631 707 2650; x_wconf 89' lang='lat' dir='ltr'><strong>aer</strong></span> <span class='ocrx_word' id='word_1_593' title='bbox 729 2631 827 2658; x_wconf 86' lang='lat' dir='ltr'><strong>parens</strong></span> <span class='ocrx_word' id='word_1_594' title='bbox 847 2631 941 2650; x_wconf 89' lang='lat' dir='ltr'><strong>eorum</strong></span> <span class='ocrx_word' id='word_1_595' title='bbox 957 2631 1017 2651; x_wconf 85' lang='lat' dir='ltr'><strong>esse</strong></span> 
     </span>
    </p>
   </div>
   <div class='ocr_carea' id='block_1_69' title="bbox 235 2667 1013 2704">
    <p class='ocr_par' dir='ltr' id='par_1_69' title="bbox 235 2667 1013 2704">
     <span class='ocr_line' id='line_1_69' title="bbox 235 2667 1013 2704; baseline 0.004 -11"><span class='ocrx_word' id='word_1_596' title='bbox 235 2667 331 2702; x_wconf 87' lang='lat' dir='ltr'><strong>possit,</strong></span> <span class='ocrx_word' id='word_1_597' title='bbox 350 2675 410 2702; x_wconf 80' lang='lat' dir='ltr'><strong>qua-</strong></span> <span class='ocrx_word' id='word_1_598' title='bbox 426 2668 632 2696; x_wconf 81' lang='lat' dir='ltr'><strong>illuminationis</strong></span> <span class='ocrx_word' id='word_1_599' title='bbox 647 2677 737 2697; x_wconf 70' lang='lat' dir='ltr'><strong>causa:</strong></span> <span class='ocrx_word' id='word_1_600' title='bbox 765 2676 839 2702; x_wconf 88' lang='lat' dir='ltr'><strong>sunt,</strong></span> <span class='ocrx_word' id='word_1_601' title='bbox 866 2670 1013 2704; x_wconf 74' lang='lat' dir='ltr'><strong>przesertim</strong></span> 
     </span>
    </p>
   </div>
   <div class='ocr_carea' id='block_1_70' title="bbox 234 2712 1013 2750">
    <p class='ocr_par' dir='ltr' id='par_1_70' title="bbox 234 2712 1013 2750">
     <span class='ocr_line' id='line_1_70' title="bbox 234 2712 1013 2750; baseline 0.003 -11"><span class='ocrx_word' id='word_1_602' title='bbox 234 2720 296 2739; x_wconf 85' lang='lat' dir='ltr'><strong>cum</strong></span> <span class='ocrx_word' id='word_1_603' title='bbox 314 2712 443 2740; x_wconf 80' lang='lat' dir='ltr'><strong>etliciatur</strong></span> <span class='ocrx_word' id='word_1_604' title='bbox 458 2714 515 2748; x_wconf 87' lang='lat' dir='ltr'><strong>ipse</strong></span> <span class='ocrx_word' id='word_1_605' title='bbox 532 2715 632 2749; x_wconf 88' lang='lat' dir='ltr'><strong>potius,</strong></span> <span class='ocrx_word' id='word_1_606' title='bbox 651 2723 731 2750; x_wconf 85' lang='lat' dir='ltr'><strong>quam</strong></span> <span class='ocrx_word' id='word_1_607' title='bbox 745 2716 857 2743; x_wconf 77' lang='lat' dir='ltr'><strong>emciat?</strong></span> <span class='ocrx_word' id='word_1_608' title='bbox 871 2715 950 2750; x_wconf 82' lang='lat'><strong>109</strong></span> <span class='ocrx_word' id='word_1_609' title='bbox 966 2715 1013 2742; x_wconf 81' lang='lat' dir='ltr'><strong>Sol</strong></span> 
     </span>
    </p>
   </div>
   <div class='ocr_carea' id='block_1_71' title="bbox 233 2759 1014 2796">
    <p class='ocr_par' dir='ltr' id='par_1_71' title="bbox 233 2759 1014 2796">
     <span class='ocr_line' id='line_1_71' title="bbox 233 2759 1014 2796; baseline 0.004 -12"><span class='ocrx_word' id='word_1_610' title='bbox 233 2759 306 2785; x_wconf 87' lang='lat' dir='ltr'><strong>euitn</strong></span> <span class='ocrx_word' id='word_1_611' title='bbox 333 2765 414 2794; x_wconf 85' lang='lat' dir='ltr'><strong>atque</strong></span> <span class='ocrx_word' id='word_1_612' title='bbox 441 2760 504 2786; x_wconf 91' lang='lat' dir='ltr'><strong>luna</strong></span> <span class='ocrx_word' id='word_1_613' title='bbox 530 2761 632 2787; x_wconf 84' lang='lat' dir='ltr'><strong>variam</strong></span> <span class='ocrx_word' id='word_1_614' title='bbox 651 2770 682 2788; x_wconf 91' lang='lat' dir='ltr'><strong>ac</strong></span> <span class='ocrx_word' id='word_1_615' title='bbox 708 2762 884 2796; x_wconf 84' lang='lat' dir='ltr'><strong>multiplicem</strong></span> <span class='ocrx_word' id='word_1_616' title='bbox 903 2762 929 2788; x_wconf 93' lang='lat' dir='ltr'><strong>in</strong></span> <span class='ocrx_word' id='word_1_617' title='bbox 953 2768 1014 2787; x_wconf 89' lang='lat' dir='ltr'><strong>aere</strong></span> 
     </span>
    </p>
   </div>
   <div class='ocr_carea' id='block_1_72' title="bbox 233 2805 1014 2834">
    <p class='ocr_par' dir='ltr' id='par_1_72' title="bbox 233 2805 1014 2834">
     <span class='ocr_line' id='line_1_72' title="bbox 233 2805 1014 2834; baseline 0.001 -4"><span class='ocrx_word' id='word_1_618' title='bbox 233 2805 411 2832; x_wconf 85' lang='lat' dir='ltr'><strong>mutationem</strong></span> <span class='ocrx_word' id='word_1_619' title='bbox 435 2813 467 2832; x_wconf 85' lang='lat' dir='ltr'><strong>ac</strong></span> <span class='ocrx_word' id='word_1_620' title='bbox 489 2805 704 2833; x_wconf 88' lang='lat' dir='ltr'><strong>vicissitudinem</strong></span> <span class='ocrx_word' id='word_1_621' title='bbox 726 2806 854 2834; x_wconf 83' lang='lat' dir='ltr'><strong>elllciunt.</strong></span> <span class='ocrx_word' id='word_1_622' title='bbox 879 2805 937 2832; x_wconf 86' lang='lat' dir='ltr'><strong>Jam</strong></span> <span class='ocrx_word' id='word_1_623' title='bbox 952 2812 1014 2831; x_wconf 90' lang='lat' dir='ltr'><strong>vero</strong></span> 
     </span>
    </p>
   </div>
   <div class='ocr_carea' id='block_1_73' title="bbox 269 2867 1014 2904">
    <p class='ocr_par' dir='ltr' id='par_1_73' title="bbox 269 2867 1014 2904">
     <span class='ocr_line' id='line_1_73' title="bbox 269 2867 1014 2904; baseline 0.004 -11"><span class='ocrx_word' id='word_1_624' title='bbox 269 2867 323 2904; x_wconf 73' lang='lat'><strong>(85)</strong></span> <span class='ocrx_word' id='word_1_625' title='bbox 343 2868 421 2901; x_wconf 82' lang='grc' dir='ltr'>Νοῦς</span> <span class='ocrx_word' id='word_1_626' title='bbox 431 2868 466 2894; x_wconf 79' lang='grc' dir='ltr'><strong>δ’.</strong></span> <span class='ocrx_word' id='word_1_627' title='bbox 479 2867 580 2897; x_wconf 85' lang='lat' dir='ltr'><strong>Versus</strong></span> <span class='ocrx_word' id='word_1_628' title='bbox 592 2870 730 2904; x_wconf 78' lang='lat' dir='ltr'><strong>integritas</strong></span> <span class='ocrx_word' id='word_1_629' title='bbox 741 2870 870 2904; x_wconf 74' lang='lat' dir='ltr'><strong>postulat,</strong></span> <span class='ocrx_word' id='word_1_630' title='bbox 883 2875 911 2897; x_wconf 90' lang='lat' dir='ltr'><strong>ut</strong></span> <span class='ocrx_word' id='word_1_631' title='bbox 922 2877 1014 2904; x_wconf 87' lang='lat' dir='ltr'><strong>supra,</strong></span> 
     </span>
    </p>
   </div>
   <div class='ocr_carea' id='block_1_74' title="bbox 234 2902 543 2938">
    <p class='ocr_par' dir='ltr' id='par_1_74' title="bbox 234 2902 543 2938">
     <span class='ocr_line' id='line_1_74' title="bbox 234 2902 543 2938; baseline 0.006 -9"><span class='ocrx_word' id='word_1_632' title='bbox 234 2902 293 2929; x_wconf 53' lang='grc' dir='ltr'>νοῦς</span> <span class='ocrx_word' id='word_1_633' title='bbox 306 2903 333 2924; x_wconf 64' lang='grc' dir='ltr'>δέ</span> <span class='ocrx_word' id='word_1_634' title='bbox 350 2912 391 2938; x_wconf 72' lang='grc' dir='ltr'><strong>γε,</strong></span> <span class='ocrx_word' id='word_1_635' title='bbox 408 2905 447 2931; x_wconf 83' lang='lat' dir='ltr'><strong>vel</strong></span> <span class='ocrx_word' id='word_1_636' title='bbox 460 2903 488 2930; x_wconf 79' lang='grc' dir='ltr'><strong>δέ</strong></span> <span class='ocrx_word' id='word_1_637' title='bbox 504 2913 543 2931; x_wconf 79' lang='grc' dir='ltr'>τε.</span> 
     </span>
    </p>
   </div>
   <div class='ocr_carea' id='block_1_75' title="bbox 1046 1758 1852 1798">
    <p class='ocr_par' dir='ltr' id='par_1_75' title="bbox 1046 1758 1852 1798">
     <span class='ocr_line' id='line_1_75' title="bbox 1046 1758 1852 1798; baseline 0.002 -10"><span class='ocrx_word' id='word_1_638' title='bbox 1046 1767 1066 1795; x_wconf 67' lang='grc' dir='ltr'><strong>(ζ</strong></span> <span class='ocrx_word' id='word_1_639' title='bbox 1083 1760 1194 1798; x_wconf 23' lang='grc' dir='ltr'><strong>θ’θῦςᾼδ*</strong></span> <span class='ocrx_word' id='word_1_640' title='bbox 1278 1758 1736 1798; x_wconf 64' lang='grc' dir='ltr'><strong>ἀψευδὴςτβασιλήῖος,’ἄφθιτος</strong></span> <span class='ocrx_word' id='word_1_641' title='bbox 1750 1763 1852 1798; x_wconf 56' lang='lat' dir='ltr'><strong>alam),</strong></span> 
     </span>
    </p>
   </div>
   <div class='ocr_carea' id='block_1_76' title="bbox 1085 1795 1869 1833">
    <p class='ocr_par' dir='ltr' id='par_1_76' title="bbox 1085 1795 1869 1833">
     <span class='ocr_line' id='line_1_76' title="bbox 1085 1795 1869 1833; baseline 0.006 -12"><span class='ocrx_word' id='word_1_642' title='bbox 1085 1795 1123 1832; x_wconf 71' lang='grc' dir='ltr'><strong>’ῃ</strong></span> <span class='ocrx_word' id='word_1_643' title='bbox 1137 1796 1181 1833; x_wconf 55' lang='lat' dir='ltr'><strong>dif</strong></span> <span class='ocrx_word' id='word_1_644' title='bbox 1191 1796 1287 1833; x_wconf 56' lang='grc' dir='ltr'><strong>πάιίτα</strong></span> <span class='ocrx_word' id='word_1_645' title='bbox 1302 1797 1470 1833; x_wconf 22' lang='grc' dir='ltr'><strong>κλυκλεῖκαὶ</strong></span> <span class='ocrx_word' id='word_1_646' title='bbox 1483 1797 1628 1830; x_wconf 65' lang='grc' dir='ltr'><strong>φράζεται·</strong></span> <span class='ocrx_word' id='word_1_647' title='bbox 1639 1795 1710 1824; x_wconf 69' lang='grc' dir='ltr'><strong>οὐδέ</strong></span> <span class='ocrx_word' id='word_1_648' title='bbox 1721 1795 1765 1832; x_wconf 63' lang='grc' dir='ltr'><strong>τις</strong></span> <span class='ocrx_word' id='word_1_649' title='bbox 1779 1795 1869 1833; x_wconf 44' lang='lat' dir='ltr'><strong>auch,</strong></span> 
     </span>
    </p>
   </div>
   <div class='ocr_carea' id='block_1_77' title="bbox 1087 1830 1753 1865">
    <p class='ocr_par' dir='ltr' id='par_1_77' title="bbox 1087 1830 1753 1865">
     <span class='ocr_line' id='line_1_77' title="bbox 1087 1830 1753 1865; baseline 0.003 -7"><span class='ocrx_word' id='word_1_650' title='bbox 1087 1830 1154 1858; x_wconf 72' lang='grc' dir='ltr'><strong>Οὔτ*</strong></span> <span class='ocrx_word' id='word_1_651' title='bbox 1168 1830 1273 1864; x_wconf 78' lang='grc' dir='ltr'><strong>ἐνοπὴ,</strong></span> <span class='ocrx_word' id='word_1_652' title='bbox 1288 1831 1357 1865; x_wconf 57' lang='grc' dir='ltr'>οὔτε</span> <span class='ocrx_word' id='word_1_653' title='bbox 1370 1832 1492 1864; x_wconf 78' lang='grc' dir='ltr'><strong>κτύπος,</strong></span> <span class='ocrx_word' id='word_1_654' title='bbox 1507 1832 1576 1857; x_wconf 70' lang='grc' dir='ltr'><strong>οὐδὲ</strong></span> <span class='ocrx_word' id='word_1_655' title='bbox 1590 1834 1648 1865; x_wconf 77' lang='grc' dir='ltr'><strong>μὲν</strong></span> <span class='ocrx_word' id='word_1_656' title='bbox 1663 1833 1753 1865; x_wconf 79' lang='grc' dir='ltr'>ὅσσα,</span> 
     </span>
    </p>
   </div>
   <div class='ocr_carea' id='block_1_78' title="bbox 1087 1863 1779 1904">
    <p class='ocr_par' dir='ltr' id='par_1_78' title="bbox 1087 1863 1779 1904">
     <span class='ocr_line' id='line_1_78' title="bbox 1087 1863 1779 1904; baseline 0.003 -10"><span class='ocrx_word' id='word_1_657' title='bbox 1087 1869 1121 1894; x_wconf 79' lang='grc' dir='ltr'><strong><em>Ἠ</em></strong></span> <span class='ocrx_word' id='word_1_658' title='bbox 1133 1866 1217 1899; x_wconf 71' lang='grc' dir='ltr'>λήθει</span> <span class='ocrx_word' id='word_1_659' title='bbox 1230 1867 1294 1898; x_wconf 67' lang='grc' dir='ltr'>Διὸς</span> <span class='ocrx_word' id='word_1_660' title='bbox 1309 1863 1358 1892; x_wconf 81' lang='grc' dir='ltr'><strong>υἷα</strong></span> <span class='ocrx_word' id='word_1_661' title='bbox 1373 1863 1536 1900; x_wconf 64' lang='grc' dir='ltr'><strong>ὑπερμενέα</strong></span> <span class='ocrx_word' id='word_1_662' title='bbox 1552 1863 1703 1901; x_wconf 55' lang='grc' dir='ltr'><strong>Κρονίωνα</strong></span> <span class='ocrx_word' id='word_1_663' title='bbox 1714 1863 1779 1904; x_wconf 76' lang='grc'><strong>(86).</strong></span> 
     </span>
    </p>
   </div>
   <div class='ocr_carea' id='block_1_79' title="bbox 1083 1929 1866 1969">
    <p class='ocr_par' dir='ltr' id='par_1_79' title="bbox 1083 1929 1866 1969">
     <span class='ocr_line' id='line_1_79' title="bbox 1083 1929 1866 1969; baseline 0.006 -11"><span class='ocrx_word' id='word_1_664' title='bbox 1083 1933 1121 1959; x_wconf 80' lang='grc' dir='ltr'><strong>Δι’</strong></span> <span class='ocrx_word' id='word_1_665' title='bbox 1135 1929 1173 1959; x_wconf 81' lang='grc' dir='ltr'><strong>ὧν</strong></span> <span class='ocrx_word' id='word_1_666' title='bbox 1193 1932 1285 1966; x_wconf 61' lang='grc' dir='ltr'>σαφῶς</span> <span class='ocrx_word' id='word_1_667' title='bbox 1297 1932 1311 1958; x_wconf 86' lang='grc' dir='ltr'>ὁ</span> <span class='ocrx_word' id='word_1_668' title='bbox 1333 1931 1414 1968; x_wconf 75' lang='grc' dir='ltr'>αἰθὴρ</span> <span class='ocrx_word' id='word_1_669' title='bbox 1434 1932 1496 1964; x_wconf 82' lang='grc' dir='ltr'>νοῦς</span> <span class='ocrx_word' id='word_1_670' title='bbox 1514 1933 1652 1969; x_wconf 78' lang='grc' dir='ltr'>ἁνείρηται</span> <span class='ocrx_word' id='word_1_671' title='bbox 1673 1934 1710 1962; x_wconf 82' lang='grc' dir='ltr'><strong>ὦν</strong></span> <span class='ocrx_word' id='word_1_672' title='bbox 1733 1935 1780 1962; x_wconf 74' lang='grc' dir='ltr'>τοῦ</span> <span class='ocrx_word' id='word_1_673' title='bbox 1797 1937 1866 1968; x_wconf 76' lang='grc' dir='ltr'>Διὸς.</span> 
     </span>
    </p>
   </div>
   <div class='ocr_carea' id='block_1_80' title="bbox 1089 1977 1868 2017">
    <p class='ocr_par' dir='ltr' id='par_1_80' title="bbox 1089 1977 1868 2017">
     <span class='ocr_line' id='line_1_80' title="bbox 1089 1977 1868 2017; baseline 0.008 -14"><span class='ocrx_word' id='word_1_674' title='bbox 1089 1978 1116 2003; x_wconf 88' lang='grc'><strong>’0</strong></span> <span class='ocrx_word' id='word_1_675' title='bbox 1133 1977 1162 2004; x_wconf 79' lang='grc' dir='ltr'><strong>δὲ</strong></span> <span class='ocrx_word' id='word_1_676' title='bbox 1175 1977 1224 2012; x_wconf 78' lang='grc' dir='ltr'><strong>τὴν</strong></span> <span class='ocrx_word' id='word_1_677' title='bbox 1238 1978 1325 2013; x_wconf 71' lang='grc' dir='ltr'>Ἥραν</span> <span class='ocrx_word' id='word_1_678' title='bbox 1340 1977 1420 2004; x_wconf 81' lang='grc' dir='ltr'>πάλιν</span> <span class='ocrx_word' id='word_1_679' title='bbox 1434 1978 1483 2013; x_wconf 80' lang='grc' dir='ltr'>τὴν</span> <span class='ocrx_word' id='word_1_680' title='bbox 1504 1979 1622 2014; x_wconf 74' lang='grc' dir='ltr'><strong>αἰθέριον</strong></span> <span class='ocrx_word' id='word_1_681' title='bbox 1643 1980 1690 2006; x_wconf 71' lang='grc' dir='ltr'><strong>καὶ</strong></span> <span class='ocrx_word' id='word_1_682' title='bbox 1711 1981 1802 2017; x_wconf 82' lang='grc' dir='ltr'><strong>ἀέριον</strong></span> <span class='ocrx_word' id='word_1_683' title='bbox 1821 1983 1868 2009; x_wconf 69' lang='grc' dir='ltr'><strong>δύ-</strong></span> 
     </span>
    </p>
   </div>
   <div class='ocr_carea' id='block_1_81' title="bbox 1081 2021 1868 2061">
    <p class='ocr_par' dir='ltr' id='par_1_81' title="bbox 1081 2021 1868 2061">
     <span class='ocr_line' id='line_1_81' title="bbox 1081 2021 1868 2061; baseline 0.009 -12"><span class='ocrx_word' id='word_1_684' title='bbox 1081 2032 1160 2058; x_wconf 83' lang='grc' dir='ltr'>ναμιν</span> <span class='ocrx_word' id='word_1_685' title='bbox 1178 2021 1245 2050; x_wconf 73' lang='grc' dir='ltr'>εἶναι</span> <span class='ocrx_word' id='word_1_686' title='bbox 1269 2032 1375 2059; x_wconf 75' lang='grc' dir='ltr'>φησιν.·</span> <span class='ocrx_word' id='word_1_687' title='bbox 1393 2023 1488 2051; x_wconf 73' lang='grc' dir='ltr'>ἔπειτα</span> <span class='ocrx_word' id='word_1_688' title='bbox 1508 2025 1618 2061; x_wconf 84' lang='grc' dir='ltr'>διαιρῶν</span> <span class='ocrx_word' id='word_1_689' title='bbox 1636 2027 1769 2061; x_wconf 79' lang='grc' dir='ltr'>ἐπιλέγει’</span> <span class='ocrx_word' id='word_1_690' title='bbox 1789 2038 1798 2054; x_wconf 82' lang='lat' dir='ltr'><strong>t</strong></span> <span class='ocrx_word' id='word_1_691' title='bbox 1814 2030 1868 2056; x_wconf 74' lang='grc' dir='ltr'><strong>Καὶ</strong></span> 
     </span>
    </p>
   </div>
   <div class='ocr_carea' id='block_1_82' title="bbox 1080 2069 1867 2108">
    <p class='ocr_par' dir='ltr' id='par_1_82' title="bbox 1080 2069 1867 2108">
     <span class='ocr_line' id='line_1_82' title="bbox 1080 2069 1867 2108; baseline 0.009 -13"><span class='ocrx_word' id='word_1_692' title='bbox 1080 2069 1127 2095; x_wconf 81' lang='grc' dir='ltr'><strong>τοῦ</strong></span> <span class='ocrx_word' id='word_1_693' title='bbox 1145 2069 1193 2104; x_wconf 82' lang='grc' dir='ltr'><strong>μὲν</strong></span> <span class='ocrx_word' id='word_1_694' title='bbox 1206 2070 1306 2101; x_wconf 79' lang='grc' dir='ltr'>παντὸς</span> <span class='ocrx_word' id='word_1_695' title='bbox 1322 2069 1402 2105; x_wconf 80' lang='grc' dir='ltr'>ἀέρος</span> <span class='ocrx_word' id='word_1_696' title='bbox 1423 2071 1440 2105; x_wconf 89' lang='grc' dir='ltr'>ἡ</span> <span class='ocrx_word' id='word_1_697' title='bbox 1457 2070 1571 2106; x_wconf 74' lang='grc' dir='ltr'>δύναμις</span> <span class='ocrx_word' id='word_1_698' title='bbox 1590 2072 1662 2107; x_wconf 85' lang='grc' dir='ltr'>Ἦρα</span> <span class='ocrx_word' id='word_1_699' title='bbox 1678 2072 1795 2108; x_wconf 79' lang='grc' dir='ltr'>τοῦνομα</span> <span class='ocrx_word' id='word_1_700' title='bbox 1812 2075 1867 2102; x_wconf 76' lang='grc' dir='ltr'><strong>ἀπὸ</strong></span> 
     </span>
    </p>
   </div>
   <div class='ocr_carea' id='block_1_83' title="bbox 1079 2115 1864 2153">
    <p class='ocr_par' dir='ltr' id='par_1_83' title="bbox 1079 2115 1864 2153">
     <span class='ocr_line' id='line_1_83' title="bbox 1079 2115 1864 2153; baseline 0.009 -13"><span class='ocrx_word' id='word_1_701' title='bbox 1079 2115 1124 2141; x_wconf 75' lang='grc' dir='ltr'>τοῦ</span> <span class='ocrx_word' id='word_1_702' title='bbox 1140 2115 1218 2150; x_wconf 79' lang='grc' dir='ltr'>ἀέρος</span> <span class='ocrx_word' id='word_1_703' title='bbox 1235 2115 1390 2151; x_wconf 81' lang='grc' dir='ltr'><strong>κεκλημένη</strong></span> <span class='ocrx_word' id='word_1_704' title='bbox 1401 2124 1408 2130; x_wconf 79' lang='lat'><strong>&#39;</strong></span> <span class='ocrx_word' id='word_1_705' title='bbox 1426 2115 1472 2142; x_wconf 85' lang='grc' dir='ltr'>τοῦ</span> <span class='ocrx_word' id='word_1_706' title='bbox 1495 2116 1523 2142; x_wconf 81' lang='grc' dir='ltr'><strong>δὲ</strong></span> <span class='ocrx_word' id='word_1_707' title='bbox 1545 2117 1596 2143; x_wconf 76' lang='grc' dir='ltr'><strong>ὑπὸ</strong></span> <span class='ocrx_word' id='word_1_708' title='bbox 1616 2117 1728 2153; x_wconf 78' lang='grc' dir='ltr'>σελήνην</span> <span class='ocrx_word' id='word_1_709' title='bbox 1749 2119 1864 2153; x_wconf 81' lang='grc' dir='ltr'>φωτιζο-</span> 
     </span>
    </p>
   </div>
   <div class='ocr_carea' id='block_1_84' title="bbox 1080 2160 1862 2200">
    <p class='ocr_par' dir='ltr' id='par_1_84' title="bbox 1080 2160 1862 2200">
     <span class='ocr_line' id='line_1_84' title="bbox 1080 2160 1862 2200; baseline 0.006 -13"><span class='ocrx_word' id='word_1_710' title='bbox 1080 2162 1159 2196; x_wconf 79' lang='grc' dir='ltr'>μένου</span> <span class='ocrx_word' id='word_1_711' title='bbox 1178 2161 1224 2187; x_wconf 75' lang='grc' dir='ltr'><strong>καὶ</strong></span> <span class='ocrx_word' id='word_1_712' title='bbox 1249 2160 1438 2196; x_wconf 80' lang='grc' dir='ltr'>σκοτιζομένου</span> <span class='ocrx_word' id='word_1_713' title='bbox 1466 2161 1545 2197; x_wconf 82' lang='grc' dir='ltr'>ἀέρος</span> <span class='ocrx_word' id='word_1_714' title='bbox 1571 2163 1587 2197; x_wconf 81' lang='grc' dir='ltr'>ἡ</span> <span class='ocrx_word' id='word_1_715' title='bbox 1611 2162 1690 2198; x_wconf 73' lang='grc' dir='ltr'><strong>Λητὼ</strong></span> <span class='ocrx_word' id='word_1_716' title='bbox 1715 2163 1862 2200; x_wconf 76' lang='grc' dir='ltr'>σύμϐολον·</span> 
     </span>
    </p>
   </div>
   <div class='ocr_carea' id='block_1_85' title="bbox 1078 2205 1863 2243">
    <p class='ocr_par' dir='ltr' id='par_1_85' title="bbox 1078 2205 1863 2243">
     <span class='ocr_line' id='line_1_85' title="bbox 1078 2205 1863 2243; baseline 0.006 -11"><span class='ocrx_word' id='word_1_717' title='bbox 1078 2207 1150 2243; x_wconf 79' lang='grc' dir='ltr'>ληοὼ</span> <span class='ocrx_word' id='word_1_718' title='bbox 1167 2207 1220 2242; x_wconf 78' lang='grc' dir='ltr'>γὰρ</span> <span class='ocrx_word' id='word_1_719' title='bbox 1236 2207 1321 2242; x_wconf 66' lang='grc' dir='ltr'>αὐτὴν</span> <span class='ocrx_word' id='word_1_720' title='bbox 1333 2205 1401 2234; x_wconf 74' lang='grc' dir='ltr'>εἶναι</span> <span class='ocrx_word' id='word_1_721' title='bbox 1416 2206 1460 2233; x_wconf 81' lang='grc' dir='ltr'><strong>διὰ</strong></span> <span class='ocrx_word' id='word_1_722' title='bbox 1478 2207 1526 2242; x_wconf 86' lang='grc' dir='ltr'>τὴν</span> <span class='ocrx_word' id='word_1_723' title='bbox 1545 2208 1615 2234; x_wconf 76' lang='grc' dir='ltr'><strong>κατὰ</strong></span> <span class='ocrx_word' id='word_1_724' title='bbox 1628 2208 1672 2235; x_wconf 82' lang='grc' dir='ltr'>τὸν</span> <span class='ocrx_word' id='word_1_725' title='bbox 1689 2208 1771 2236; x_wconf 79' lang='grc' dir='ltr'>ὕπνον</span> <span class='ocrx_word' id='word_1_726' title='bbox 1788 2211 1863 2238; x_wconf 82' lang='grc' dir='ltr'>ἀναι-</span> 
     </span>
    </p>
   </div>
   <div class='ocr_carea' id='block_1_86' title="bbox 1078 2253 1862 2291">
    <p class='ocr_par' dir='ltr' id='par_1_86' title="bbox 1078 2253 1862 2291">
     <span class='ocr_line' id='line_1_86' title="bbox 1078 2253 1862 2291; baseline 0.006 -12"><span class='ocrx_word' id='word_1_727' title='bbox 1078 2253 1207 2289; x_wconf 59' lang='grc' dir='ltr'>σθησίαν</span> <span class='ocrx_word' id='word_1_728' title='bbox 1234 2253 1280 2279; x_wconf 79' lang='grc' dir='ltr'>καὶ</span> <span class='ocrx_word' id='word_1_729' title='bbox 1308 2253 1348 2279; x_wconf 76' lang='grc' dir='ltr'><strong>ὅτι</strong></span> <span class='ocrx_word' id='word_1_730' title='bbox 1371 2254 1469 2288; x_wconf 68' lang='grc' dir='ltr'><strong>ψυχαῖς</strong></span> <span class='ocrx_word' id='word_1_731' title='bbox 1498 2253 1550 2280; x_wconf 79' lang='grc' dir='ltr'>ὑπὸ</span> <span class='ocrx_word' id='word_1_732' title='bbox 1573 2254 1686 2290; x_wconf 69' lang='grc' dir='ltr'>σελήνην</span> <span class='ocrx_word' id='word_1_733' title='bbox 1708 2256 1862 2291; x_wconf 79' lang='grc' dir='ltr'><strong>γινομέναις</strong></span> 
     </span>
    </p>
   </div>
   <div class='ocr_carea' id='block_1_87' title="bbox 1075 2298 1861 2338">
    <p class='ocr_par' dir='ltr' id='par_1_87' title="bbox 1075 2298 1861 2338">
     <span class='ocr_line' id='line_1_87' title="bbox 1075 2298 1861 2338; baseline 0.001 -12"><span class='ocrx_word' id='word_1_734' title='bbox 1075 2299 1144 2336; x_wconf 84' lang='grc' dir='ltr'><strong>λήθη</strong></span> <span class='ocrx_word' id='word_1_735' title='bbox 1163 2299 1324 2335; x_wconf 81' lang='grc' dir='ltr'><strong>ξυνομαρτεῖ</strong></span> <span class='ocrx_word' id='word_1_736' title='bbox 1334 2298 1379 2325; x_wconf 79' lang='grc' dir='ltr'>τοῦ</span> <span class='ocrx_word' id='word_1_737' title='bbox 1393 2299 1469 2325; x_wconf 81' lang='grc' dir='ltr'>Θείου</span> <span class='ocrx_word' id='word_1_738' title='bbox 1479 2307 1485 2313; x_wconf 92' lang='grc'><strong>·</strong></span> <span class='ocrx_word' id='word_1_739' title='bbox 1501 2299 1548 2325; x_wconf 77' lang='grc' dir='ltr'><strong>καὶ</strong></span> <span class='ocrx_word' id='word_1_740' title='bbox 1561 2299 1606 2326; x_wconf 82' lang='grc' dir='ltr'><strong>διὰ</strong></span> <span class='ocrx_word' id='word_1_741' title='bbox 1617 2300 1696 2326; x_wconf 77' lang='grc' dir='ltr'>τοῦτο</span> <span class='ocrx_word' id='word_1_742' title='bbox 1711 2301 1759 2327; x_wconf 70' lang='grc' dir='ltr'><strong>καὶ</strong></span> <span class='ocrx_word' id='word_1_743' title='bbox 1771 2303 1861 2338; x_wconf 76' lang='grc' dir='ltr'>μήτηρ</span> 
     </span>
    </p>
   </div>
   <div class='ocr_carea' id='block_1_88' title="bbox 1082 2344 1860 2382">
    <p class='ocr_par' dir='ltr' id='par_1_88' title="bbox 1082 2344 1860 2382">
     <span class='ocr_line' id='line_1_88' title="bbox 1082 2344 1860 2382; baseline 0.003 -10"><span class='ocrx_word' id='word_1_744' title='bbox 1082 2345 1245 2376; x_wconf 78' lang='grc' dir='ltr'>Ἀπόλλωνός</span> <span class='ocrx_word' id='word_1_745' title='bbox 1260 2353 1289 2370; x_wconf 88' lang='grc' dir='ltr'><strong>τε</strong></span> <span class='ocrx_word' id='word_1_746' title='bbox 1306 2345 1354 2371; x_wconf 81' lang='grc' dir='ltr'><strong>καὶ</strong></span> <span class='ocrx_word' id='word_1_747' title='bbox 1372 2344 1526 2380; x_wconf 80' lang='grc' dir='ltr'>Ἀρτέμιδος</span> <span class='ocrx_word' id='word_1_748' title='bbox 1539 2344 1593 2371; x_wconf 81' lang='grc' dir='ltr'>τῶν</span> <span class='ocrx_word' id='word_1_749' title='bbox 1612 2345 1706 2372; x_wconf 73' lang='grc' dir='ltr'>αἰτίων</span> <span class='ocrx_word' id='word_1_750' title='bbox 1720 2347 1860 2382; x_wconf 78' lang='grc' dir='ltr'>φωτισμοῦ</span> 
     </span>
    </p>
   </div>
   <div class='ocr_carea' id='block_1_89' title="bbox 1074 2390 1859 2428">
    <p class='ocr_par' dir='ltr' id='par_1_89' title="bbox 1074 2390 1859 2428">
     <span class='ocr_line' id='line_1_89' title="bbox 1074 2390 1859 2428; baseline 0.001 -10"><span class='ocrx_word' id='word_1_751' title='bbox 1074 2394 1106 2427; x_wconf 83' lang='grc' dir='ltr'>τῇ</span> <span class='ocrx_word' id='word_1_752' title='bbox 1118 2392 1204 2418; x_wconf 75' lang='grc' dir='ltr'>νυκτί.</span> <span class='ocrx_word' id='word_1_753' title='bbox 1216 2401 1224 2417; x_wconf 79' lang='grc' dir='ltr'><strong>ι</strong></span> <span class='ocrx_word' id='word_1_754' title='bbox 1236 2391 1290 2417; x_wconf 81' lang='grc' dir='ltr'><strong>Καὶ</strong></span> <span class='ocrx_word' id='word_1_755' title='bbox 1301 2391 1329 2417; x_wconf 83' lang='grc' dir='ltr'>ἐν</span> <span class='ocrx_word' id='word_1_756' title='bbox 1342 2390 1444 2421; x_wconf 77' lang='grc' dir='ltr'>τούτοις</span> <span class='ocrx_word' id='word_1_757' title='bbox 1462 2390 1536 2425; x_wconf 81' lang='grc' dir='ltr'>ἡλίου</span> <span class='ocrx_word' id='word_1_758' title='bbox 1557 2391 1603 2418; x_wconf 74' lang='grc' dir='ltr'><strong>καὶ</strong></span> <span class='ocrx_word' id='word_1_759' title='bbox 1619 2392 1731 2427; x_wconf 81' lang='grc' dir='ltr'><strong>σελήνης</strong></span> <span class='ocrx_word' id='word_1_760' title='bbox 1753 2393 1859 2428; x_wconf 77' lang='grc' dir='ltr'><strong>μητέρα</strong></span> 
     </span>
    </p>
   </div>
   <div class='ocr_carea' id='block_1_90' title="bbox 1038 2435 1857 2473">
    <p class='ocr_par' dir='ltr' id='par_1_90' title="bbox 1038 2435 1857 2473">
     <span class='ocr_line' id='line_1_90' title="bbox 1038 2435 1857 2473; baseline -0.002 -7"><span class='ocrx_word' id='word_1_761' title='bbox 1038 2439 1060 2466; x_wconf 83' lang='grc' dir='ltr'><strong>ι)</strong></span> <span class='ocrx_word' id='word_1_762' title='bbox 1076 2439 1156 2473; x_wconf 65' lang='grc' dir='ltr'>φησιν</span> <span class='ocrx_word' id='word_1_763' title='bbox 1169 2435 1236 2463; x_wconf 70' lang='grc' dir='ltr'>εἶναι</span> <span class='ocrx_word' id='word_1_764' title='bbox 1247 2436 1292 2463; x_wconf 76' lang='grc' dir='ltr'>τὸν</span> <span class='ocrx_word' id='word_1_765' title='bbox 1305 2437 1356 2462; x_wconf 81' lang='grc' dir='ltr'><strong>ὑπὸ</strong></span> <span class='ocrx_word' id='word_1_766' title='bbox 1373 2436 1486 2471; x_wconf 79' lang='grc' dir='ltr'><strong>σελήνην</strong></span> <span class='ocrx_word' id='word_1_767' title='bbox 1503 2437 1587 2472; x_wconf 77' lang='grc' dir='ltr'>ἀέρα³</span> <span class='ocrx_word' id='word_1_768' title='bbox 1610 2437 1703 2464; x_wconf 83' lang='grc' dir='ltr'>τοῦτον</span> <span class='ocrx_word' id='word_1_769' title='bbox 1716 2437 1769 2473; x_wconf 80' lang='grc' dir='ltr'>γὰρ</span> <span class='ocrx_word' id='word_1_770' title='bbox 1789 2436 1857 2465; x_wconf 76' lang='grc' dir='ltr'>εἶναι</span> 
     </span>
    </p>
   </div>
   <div class='ocr_carea' id='block_1_91' title="bbox 1072 2482 1858 2520">
    <p class='ocr_par' dir='ltr' id='par_1_91' title="bbox 1072 2482 1858 2520">
     <span class='ocr_line' id='line_1_91' title="bbox 1072 2482 1858 2520; baseline 0.001 -10"><span class='ocrx_word' id='word_1_771' title='bbox 1072 2484 1120 2520; x_wconf 79' lang='grc' dir='ltr'><strong>τὴν</strong></span> <span class='ocrx_word' id='word_1_772' title='bbox 1143 2483 1232 2519; x_wconf 74' lang='grc' dir='ltr'>Λητώ.</span> <span class='ocrx_word' id='word_1_773' title='bbox 1256 2483 1311 2509; x_wconf 83' lang='grc' dir='ltr'><strong>Καὶ</strong></span> <span class='ocrx_word' id='word_1_774' title='bbox 1328 2482 1386 2514; x_wconf 82' lang='grc' dir='ltr'>πῶς</span> <span class='ocrx_word' id='word_1_775' title='bbox 1407 2482 1440 2509; x_wconf 84' lang='grc' dir='ltr'><strong>ἄν</strong></span> <span class='ocrx_word' id='word_1_776' title='bbox 1459 2484 1473 2509; x_wconf 84' lang='grc' dir='ltr'>ὁ</span> <span class='ocrx_word' id='word_1_777' title='bbox 1494 2483 1547 2518; x_wconf 82' lang='grc' dir='ltr'><strong>ἀὴρ</strong></span> <span class='ocrx_word' id='word_1_778' title='bbox 1563 2484 1666 2517; x_wconf 83' lang='grc' dir='ltr'>γένοιτο</span> <span class='ocrx_word' id='word_1_779' title='bbox 1690 2485 1779 2519; x_wconf 79' lang='grc' dir='ltr'>μήτηρ</span> <span class='ocrx_word' id='word_1_780' title='bbox 1803 2485 1858 2511; x_wconf 86' lang='grc' dir='ltr'>τῶν</span> 
     </span>
    </p>
   </div>
   <div class='ocr_carea' id='block_1_92' title="bbox 1071 2529 1855 2565">
    <p class='ocr_par' dir='ltr' id='par_1_92' title="bbox 1071 2529 1855 2565">
     <span class='ocr_line' id='line_1_92' title="bbox 1071 2529 1855 2565; baseline 0.001 -9"><span class='ocrx_word' id='word_1_781' title='bbox 1071 2531 1164 2557; x_wconf 83' lang='grc' dir='ltr'><strong>αἰτίων</strong></span> <span class='ocrx_word' id='word_1_782' title='bbox 1180 2529 1330 2564; x_wconf 73' lang='grc' dir='ltr'>φωτισμοῦ,</span> <span class='ocrx_word' id='word_1_783' title='bbox 1351 2529 1450 2564; x_wconf 81' lang='grc' dir='ltr'>μᾶλλον</span> <span class='ocrx_word' id='word_1_784' title='bbox 1469 2529 1549 2561; x_wconf 73' lang='grc' dir='ltr'>αὐτὸς</span> <span class='ocrx_word' id='word_1_785' title='bbox 1562 2530 1701 2565; x_wconf 80' lang='grc' dir='ltr'>γινόμενος</span> <span class='ocrx_word' id='word_1_786' title='bbox 1719 2531 1735 2565; x_wconf 79' lang='grc' dir='ltr'><strong>ἢ</strong></span> <span class='ocrx_word' id='word_1_787' title='bbox 1754 2531 1855 2563; x_wconf 85' lang='grc' dir='ltr'>ποιῶν;</span> 
     </span>
    </p>
   </div>
   <div class='ocr_carea' id='block_1_93' title="bbox 1069 2575 1854 2611">
    <p class='ocr_par' dir='ltr' id='par_1_93' title="bbox 1069 2575 1854 2611">
     <span class='ocr_line' id='line_1_93' title="bbox 1069 2575 1854 2611; baseline 0.003 -10"><span class='ocrx_word' id='word_1_788' title='bbox 1069 2576 1142 2610; x_wconf 76' lang='grc' dir='ltr'>ἥλιος</span> <span class='ocrx_word' id='word_1_789' title='bbox 1162 2575 1216 2611; x_wconf 80' lang='grc' dir='ltr'>γὰρ</span> <span class='ocrx_word' id='word_1_790' title='bbox 1230 2576 1276 2601; x_wconf 70' lang='grc' dir='ltr'><strong>καὶ</strong></span> <span class='ocrx_word' id='word_1_791' title='bbox 1299 2575 1395 2610; x_wconf 81' lang='grc' dir='ltr'>σελήνη</span> <span class='ocrx_word' id='word_1_792' title='bbox 1412 2575 1505 2602; x_wconf 82' lang='grc' dir='ltr'>ἄλλοτε</span> <span class='ocrx_word' id='word_1_793' title='bbox 1523 2575 1609 2607; x_wconf 79' lang='grc' dir='ltr'>ἄλλως</span> <span class='ocrx_word' id='word_1_794' title='bbox 1629 2576 1673 2602; x_wconf 80' lang='grc' dir='ltr'>τὸν</span> <span class='ocrx_word' id='word_1_795' title='bbox 1689 2575 1756 2611; x_wconf 81' lang='grc' dir='ltr'>ἀέρα.</span> <span class='ocrx_word' id='word_1_796' title='bbox 1772 2584 1854 2611; x_wconf 75' lang='grc' dir='ltr'>μετα-</span> 
     </span>
    </p>
   </div>
   <div class='ocr_carea' id='block_1_94' title="bbox 1069 2619 1856 2655">
    <p class='ocr_par' dir='ltr' id='par_1_94' title="bbox 1069 2619 1856 2655">
     <span class='ocr_line' id='line_1_94' title="bbox 1069 2619 1856 2655; baseline 0.001 -9"><span class='ocrx_word' id='word_1_797' title='bbox 1069 2620 1203 2647; x_wconf 74' lang='grc' dir='ltr'>ϐάλλουσι.</span> <span class='ocrx_word' id='word_1_798' title='bbox 1235 2620 1318 2646; x_wconf 74' lang='grc' dir='ltr'>Πάλιν</span> <span class='ocrx_word' id='word_1_799' title='bbox 1348 2619 1376 2646; x_wconf 73' lang='grc' dir='ltr'><strong>δὲ</strong></span> <span class='ocrx_word' id='word_1_800' title='bbox 1398 2619 1499 2655; x_wconf 82' lang='grc' dir='ltr'>προῖὼν</span> <span class='ocrx_word' id='word_1_801' title='bbox 1532 2620 1594 2655; x_wconf 76' lang='grc' dir='ltr'>ἑξῆς</span> <span class='ocrx_word' id='word_1_802' title='bbox 1617 2621 1700 2655; x_wconf 79' lang='grc' dir='ltr'>λέγει·</span> <span class='ocrx_word' id='word_1_803' title='bbox 1721 2630 1730 2646; x_wconf 81' lang='grc' dir='ltr'><strong>ι</strong></span> <span class='ocrx_word' id='word_1_804' title='bbox 1750 2622 1804 2648; x_wconf 81' lang='grc' dir='ltr'><strong>Καὶ</strong></span> <span class='ocrx_word' id='word_1_805' title='bbox 1825 2621 1856 2647; x_wconf 78' lang='grc' dir='ltr'><strong>τὸ</strong></span> 
     </span>
    </p>
   </div>
   <div class='ocr_carea' id='block_1_95' title="bbox 1070 2665 1855 2701">
    <p class='ocr_par' dir='ltr' id='par_1_95' title="bbox 1070 2665 1855 2701">
     <span class='ocr_line' id='line_1_95' title="bbox 1070 2665 1855 2701; baseline 0 -9"><span class='ocrx_word' id='word_1_806' title='bbox 1070 2666 1118 2700; x_wconf 81' lang='grc' dir='ltr'><strong>μὲν</strong></span> <span class='ocrx_word' id='word_1_807' title='bbox 1134 2666 1295 2701; x_wconf 74' lang='grc' dir='ltr'>ἡγεμονικὸν</span> <span class='ocrx_word' id='word_1_808' title='bbox 1315 2666 1364 2700; x_wconf 80' lang='grc' dir='ltr'><strong>τῆς</strong></span> <span class='ocrx_word' id='word_1_809' title='bbox 1386 2665 1493 2700; x_wconf 81' lang='grc' dir='ltr'>χθονίας</span> <span class='ocrx_word' id='word_1_810' title='bbox 1517 2665 1666 2700; x_wconf 74' lang='grc' dir='ltr'><strong>δυνάμεως,</strong></span> <span class='ocrx_word' id='word_1_811' title='bbox 1699 2666 1789 2693; x_wconf 78' lang='grc' dir='ltr'>Ἑστία</span> <span class='ocrx_word' id='word_1_812' title='bbox 1809 2667 1855 2692; x_wconf 85' lang='grc' dir='ltr'><strong>κέ-</strong></span> 
     </span>
    </p>
   </div>
   <div class='ocr_carea' id='block_1_96' title="bbox 1068 2710 1852 2747">
    <p class='ocr_par' dir='ltr' id='par_1_96' title="bbox 1068 2710 1852 2747">
     <span class='ocr_line' id='line_1_96' title="bbox 1068 2710 1852 2747; baseline 0 -10"><span class='ocrx_word' id='word_1_813' title='bbox 1068 2710 1208 2747; x_wconf 79' lang='grc' dir='ltr'>κληται,ἦς</span> <span class='ocrx_word' id='word_1_814' title='bbox 1222 2711 1330 2746; x_wconf 75' lang='grc' dir='ltr'><strong>ἄγαλμα</strong></span> <span class='ocrx_word' id='word_1_815' title='bbox 1346 2711 1507 2747; x_wconf 81' lang='grc' dir='ltr'>παρθενικὺν</span> <span class='ocrx_word' id='word_1_816' title='bbox 1520 2711 1563 2746; x_wconf 81' lang='grc' dir='ltr'><strong>ἐφ’</strong></span> <span class='ocrx_word' id='word_1_817' title='bbox 1575 2711 1666 2743; x_wconf 80' lang='grc' dir='ltr'><strong>ἑστίας</strong></span> <span class='ocrx_word' id='word_1_818' title='bbox 1683 2711 1766 2747; x_wconf 78' lang='grc' dir='ltr'>πυρὸς</span> <span class='ocrx_word' id='word_1_819' title='bbox 1778 2711 1852 2747; x_wconf 83' lang='grc' dir='ltr'>ἱδρύ-</span> 
     </span>
    </p>
   </div>
   <div class='ocr_carea' id='block_1_97' title="bbox 1070 2756 1853 2792">
    <p class='ocr_par' dir='ltr' id='par_1_97' title="bbox 1070 2756 1853 2792">
     <span class='ocr_line' id='line_1_97' title="bbox 1070 2756 1853 2792; baseline 0 -9"><span class='ocrx_word' id='word_1_820' title='bbox 1070 2765 1159 2792; x_wconf 85' lang='grc' dir='ltr'>μενον·</span> <span class='ocrx_word' id='word_1_821' title='bbox 1175 2757 1242 2783; x_wconf 78' lang='grc' dir='ltr'><strong>καθὸ</strong></span> <span class='ocrx_word' id='word_1_822' title='bbox 1263 2757 1291 2783; x_wconf 82' lang='grc' dir='ltr'><strong>δὲ</strong></span> <span class='ocrx_word' id='word_1_823' title='bbox 1314 2757 1424 2792; x_wconf 80' lang='grc' dir='ltr'>γόνιμος</span> <span class='ocrx_word' id='word_1_824' title='bbox 1438 2757 1455 2792; x_wconf 79' lang='grc' dir='ltr'>ἡ</span> <span class='ocrx_word' id='word_1_825' title='bbox 1472 2756 1594 2791; x_wconf 79' lang='grc' dir='ltr'><strong>δύναμις,</strong></span> <span class='ocrx_word' id='word_1_826' title='bbox 1615 2757 1790 2791; x_wconf 74' lang='grc' dir='ltr'><strong>σημαίνουσιν</strong></span> <span class='ocrx_word' id='word_1_827' title='bbox 1805 2758 1853 2784; x_wconf 72' lang='grc' dir='ltr'><strong>αὑ-</strong></span> 
     </span>
    </p>
   </div>
   <div class='ocr_carea' id='block_1_98' title="bbox 1068 2801 1851 2838">
    <p class='ocr_par' dir='ltr' id='par_1_98' title="bbox 1068 2801 1851 2838">
     <span class='ocr_line' id='line_1_98' title="bbox 1068 2801 1851 2838; baseline 0 -9"><span class='ocrx_word' id='word_1_828' title='bbox 1068 2803 1117 2838; x_wconf 79' lang='grc' dir='ltr'>τὴν</span> <span class='ocrx_word' id='word_1_829' title='bbox 1129 2803 1254 2836; x_wconf 68' lang='grc' dir='ltr'><strong>γυναικὸς</strong></span> <span class='ocrx_word' id='word_1_830' title='bbox 1269 2802 1333 2829; x_wconf 82' lang='grc' dir='ltr'>εἴδει</span> <span class='ocrx_word' id='word_1_831' title='bbox 1356 2803 1408 2838; x_wconf 70' lang='grc' dir='ltr'>πρὸ</span> <span class='ocrx_word' id='word_1_832' title='bbox 1428 2801 1540 2836; x_wconf 70' lang='grc' dir='ltr'>μαστοῦ.</span> <span class='ocrx_word' id='word_1_833' title='bbox 1557 2802 1611 2837; x_wconf 84' lang='grc' dir='ltr'><strong>Τὴν</strong></span> <span class='ocrx_word' id='word_1_834' title='bbox 1626 2802 1654 2828; x_wconf 79' lang='grc' dir='ltr'><strong>δὲ</strong></span> <span class='ocrx_word' id='word_1_835' title='bbox 1675 2803 1752 2829; x_wconf 69' lang='grc' dir='ltr'><strong>Ῥέαν</strong></span> <span class='ocrx_word' id='word_1_836' title='bbox 1768 2810 1851 2838; x_wconf 85' lang='grc' dir='ltr'>προσ-</span> 
     </span>
    </p>
   </div>
   <div class='ocr_carea' id='block_1_99' title="bbox 1106 2868 1851 2905">
    <p class='ocr_par' dir='ltr' id='par_1_99' title="bbox 1106 2868 1851 2905">
     <span class='ocr_line' id='line_1_99' title="bbox 1106 2868 1851 2905; baseline 0.001 -11"><span class='ocrx_word' id='word_1_837' title='bbox 1106 2869 1162 2905; x_wconf 71' lang='lat'><strong>(86)</strong></span> <span class='ocrx_word' id='word_1_838' title='bbox 1189 2868 1361 2902; x_wconf 65' lang='grc' dir='ltr'><strong>Ὑπεωιενέα</strong></span> <span class='ocrx_word' id='word_1_839' title='bbox 1378 2869 1536 2902; x_wconf 76' lang='grc' dir='ltr'><strong>Κρονίωνα.</strong></span> <span class='ocrx_word' id='word_1_840' title='bbox 1559 2868 1663 2902; x_wconf 76' lang='lat' dir='ltr'><strong>Melius,</strong></span> <span class='ocrx_word' id='word_1_841' title='bbox 1685 2869 1789 2905; x_wconf 73' lang='grc' dir='ltr'>ὑπερμε</span> <span class='ocrx_word' id='word_1_842' title='bbox 1808 2869 1851 2900; x_wconf 61' lang='lat' dir='ltr'><strong>se;</strong></span> 
     </span>
    </p>
   </div>
   <div class='ocr_carea' id='block_1_100' title="bbox 1069 2903 1386 2940">
    <p class='ocr_par' dir='ltr' id='par_1_100' title="bbox 1069 2903 1386 2940">
     <span class='ocr_line' id='line_1_100' title="bbox 1069 2903 1386 2940; baseline 0 -10"><span class='ocrx_word' id='word_1_843' title='bbox 1069 2903 1231 2940; x_wconf 78' lang='grc' dir='ltr'><strong>Κρονίωνος,</strong></span> <span class='ocrx_word' id='word_1_844' title='bbox 1251 2909 1279 2930; x_wconf 82' lang='grc' dir='ltr'><strong>ιιι</strong></span> <span class='ocrx_word' id='word_1_845' title='bbox 1294 2911 1386 2938; x_wconf 76' lang='lat' dir='ltr'><strong>supra.</strong></span> 
     </span>
    </p>
   </div>
  </div>
