  <div class='ocr_page' id='page_1' title='image "/cluster/home/n/w/nwhite01/storage/ocr_20150623/21/njp.32101077772489/104.png"; bbox 0 0 2060 3213; ppageno 0'>
   <div class='ocr_carea' id='block_1_1' title="bbox 183 147 233 176">
    <p class='ocr_par' dir='ltr' id='par_1_1' title="bbox 183 147 233 176">
     <span class='ocr_line' id='line_1_1' title="bbox 183 147 233 176; baseline 0.04 -2"><span class='ocrx_word' id='word_1_1' title='bbox 183 147 233 176; x_wconf 70' lang='grc'><strong>107</strong></span> 
     </span>
    </p>
   </div>
   <div class='ocr_carea' id='block_1_2' title="bbox 763 149 1218 177">
    <p class='ocr_par' dir='ltr' id='par_1_2' title="bbox 763 149 1218 177">
     <span class='ocr_line' id='line_1_2' title="bbox 763 149 1218 177; baseline 0 0"><span class='ocrx_word' id='word_1_2' title='bbox 763 149 921 177; x_wconf 68' lang='grc' dir='ltr'><strong>ΡΚᾸΞΡᾹΒ.</strong></span> <span class='ocrx_word' id='word_1_3' title='bbox 942 149 1067 177; x_wconf 69' lang='grc' dir='ltr'><strong>ΕνΑΝο.</strong></span> <span class='ocrx_word' id='word_1_4' title='bbox 1089 149 1152 177; x_wconf 81' lang='lat' dir='ltr'><strong>LIB.</strong></span> <span class='ocrx_word' id='word_1_5' title='bbox 1174 149 1218 177; x_wconf 92' lang='grc' dir='ltr'><strong>ΙΙΙ.</strong></span> 
     </span>
    </p>
   </div>
   <div class='ocr_carea' id='block_1_3' title="bbox 1750 149 1802 177">
    <p class='ocr_par' dir='ltr' id='par_1_3' title="bbox 1750 149 1802 177">
     <span class='ocr_line' id='line_1_3' title="bbox 1750 149 1802 177; baseline 0.019 -1"><span class='ocrx_word' id='word_1_6' title='bbox 1750 149 1802 177; x_wconf 64' lang='lat'><strong>£98</strong></span> 
     </span>
    </p>
   </div>
   <div class='ocr_carea' id='block_1_4' title="bbox 179 207 955 244">
    <p class='ocr_par' dir='ltr' id='par_1_4' title="bbox 179 207 955 244">
     <span class='ocr_line' id='line_1_4' title="bbox 179 207 955 244; baseline 0.001 -9"><span class='ocrx_word' id='word_1_7' title='bbox 179 209 258 235; x_wconf 72' lang='grc' dir='ltr'>εἶπαν</span> <span class='ocrx_word' id='word_1_8' title='bbox 277 207 330 244; x_wconf 77' lang='grc' dir='ltr'>τὴν</span> <span class='ocrx_word' id='word_1_9' title='bbox 351 207 401 244; x_wconf 81' lang='grc' dir='ltr'><strong>τῆς</strong></span> <span class='ocrx_word' id='word_1_10' title='bbox 425 207 577 244; x_wconf 78' lang='grc' dir='ltr'><strong>πετρώδους</strong></span> <span class='ocrx_word' id='word_1_11' title='bbox 598 207 646 235; x_wconf 75' lang='grc' dir='ltr'>καὶ</span> <span class='ocrx_word' id='word_1_12' title='bbox 667 208 755 244; x_wconf 83' lang='grc' dir='ltr'>ὀρείου</span> <span class='ocrx_word' id='word_1_13' title='bbox 770 209 822 244; x_wconf 82' lang='grc' dir='ltr'>γῆς</span> <span class='ocrx_word' id='word_1_14' title='bbox 843 208 955 244; x_wconf 82' lang='grc' dir='ltr'>δύναμιν</span> 
     </span>
    </p>
   </div>
   <div class='ocr_carea' id='block_1_5' title="bbox 1007 207 1801 244">
    <p class='ocr_par' dir='ltr' id='par_1_5' title="bbox 1020 207 1801 244">
     <span class='ocr_line' id='line_1_5' title="bbox 1020 207 1801 244; baseline -0.003 -7"><span class='ocrx_word' id='word_1_15' title='bbox 1020 210 1056 237; x_wconf 90' lang='lat' dir='ltr'><strong>ita</strong></span> <span class='ocrx_word' id='word_1_16' title='bbox 1069 209 1197 243; x_wconf 82' lang='lat' dir='ltr'><strong>deinceps</strong></span> <span class='ocrx_word' id='word_1_17' title='bbox 1211 208 1262 236; x_wconf 87' lang='lat' dir='ltr'><strong>iste</strong></span> <span class='ocrx_word' id='word_1_18' title='bbox 1276 208 1467 244; x_wconf 77' lang='lat' dir='ltr'><strong>prosequitur:</strong></span> <span class='ocrx_word' id='word_1_19' title='bbox 1486 217 1496 234; x_wconf 74' lang='grc' dir='ltr'><strong>ί</strong></span> <span class='ocrx_word' id='word_1_20' title='bbox 1510 208 1539 236; x_wconf 94' lang='lat' dir='ltr'><strong>ld</strong></span> <span class='ocrx_word' id='word_1_21' title='bbox 1550 207 1623 243; x_wconf 87' lang='lat' dir='ltr'><strong>quod</strong></span> <span class='ocrx_word' id='word_1_22' title='bbox 1635 211 1687 240; x_wconf 83' lang='lat' dir='ltr'><strong>est.</strong></span> <span class='ocrx_word' id='word_1_23' title='bbox 1703 207 1801 243; x_wconf 85' lang='lat' dir='ltr'><strong>inquit,</strong></span> 
     </span>
    </p>
   </div>
   <div class='ocr_carea' id='block_1_6' title="bbox 179 252 970 289">
    <p class='ocr_par' dir='ltr' id='par_1_6' title="bbox 179 252 970 289">
     <span class='ocr_line' id='line_1_6' title="bbox 179 252 970 289; baseline 0.003 -11"><span class='ocrx_word' id='word_1_24' title='bbox 179 252 268 289; x_wconf 70' lang='grc' dir='ltr'>τηνδὶ</span> <span class='ocrx_word' id='word_1_25' title='bbox 283 254 429 289; x_wconf 80' lang='grc' dir='ltr'>Δήμητραν</span> <span class='ocrx_word' id='word_1_26' title='bbox 440 255 491 288; x_wconf 86' lang='grc' dir='ltr'><strong>τὴν</strong></span> <span class='ocrx_word' id='word_1_27' title='bbox 511 254 561 289; x_wconf 79' lang='grc' dir='ltr'>τῆς</span> <span class='ocrx_word' id='word_1_28' title='bbox 582 254 692 289; x_wconf 74' lang='grc' dir='ltr'>πεδινῆς</span> <span class='ocrx_word' id='word_1_29' title='bbox 714 254 760 280; x_wconf 70' lang='grc' dir='ltr'>καὶ</span> <span class='ocrx_word' id='word_1_30' title='bbox 777 253 898 289; x_wconf 83' lang='grc' dir='ltr'>γονίμου.</span> <span class='ocrx_word' id='word_1_31' title='bbox 917 256 970 289; x_wconf 85' lang='grc' dir='ltr'><strong>Δη-</strong></span> 
     </span>
    </p>
   </div>
   <div class='ocr_carea' id='block_1_7' title="bbox 180 299 966 336">
    <p class='ocr_par' dir='ltr' id='par_1_7' title="bbox 180 299 966 336">
     <span class='ocr_line' id='line_1_7' title="bbox 180 299 966 336; baseline 0 -10"><span class='ocrx_word' id='word_1_32' title='bbox 180 299 272 335; x_wconf 76' lang='grc' dir='ltr'>μήτηρ</span> <span class='ocrx_word' id='word_1_33' title='bbox 290 299 320 327; x_wconf 76' lang='grc' dir='ltr'><strong>δὲ</strong></span> <span class='ocrx_word' id='word_1_34' title='bbox 338 299 373 326; x_wconf 74' lang='grc' dir='ltr'><strong>τὰ</strong></span> <span class='ocrx_word' id='word_1_35' title='bbox 390 299 441 335; x_wconf 83' lang='grc' dir='ltr'>μὲν</span> <span class='ocrx_word' id='word_1_36' title='bbox 460 300 527 327; x_wconf 76' lang='grc' dir='ltr'>ἄλλα</span> <span class='ocrx_word' id='word_1_37' title='bbox 541 300 611 327; x_wconf 84' lang='grc' dir='ltr'>κατὰ</span> <span class='ocrx_word' id='word_1_38' title='bbox 631 300 665 326; x_wconf 83' lang='grc' dir='ltr'><strong>τὰ</strong></span> <span class='ocrx_word' id='word_1_39' title='bbox 683 300 752 326; x_wconf 73' lang='grc' dir='ltr'>αὐτὰ</span> <span class='ocrx_word' id='word_1_40' title='bbox 769 300 824 335; x_wconf 76' lang='grc' dir='ltr'>ἔχει</span> <span class='ocrx_word' id='word_1_41' title='bbox 839 302 872 336; x_wconf 87' lang='grc' dir='ltr'>τῇ</span> <span class='ocrx_word' id='word_1_42' title='bbox 896 301 966 335; x_wconf 74' lang='grc' dir='ltr'><strong>Ῥέᾳ·</strong></span> 
     </span>
    </p>
   </div>
   <div class='ocr_carea' id='block_1_8' title="bbox 163 344 969 382">
    <p class='ocr_par' dir='ltr' id='par_1_8' title="bbox 163 344 969 382">
     <span class='ocr_line' id='line_1_8' title="bbox 163 344 969 382; baseline 0.001 -11"><span class='ocrx_word' id='word_1_43' title='bbox 163 356 165 359; x_wconf 94' lang='grc'>·</span> <span class='ocrx_word' id='word_1_44' title='bbox 177 344 313 381; x_wconf 75' lang='grc' dir='ltr'><strong>διενήνοχε</strong></span> <span class='ocrx_word' id='word_1_45' title='bbox 324 344 363 378; x_wconf 80' lang='grc' dir='ltr'><strong>δὲ,</strong></span> <span class='ocrx_word' id='word_1_46' title='bbox 377 346 417 372; x_wconf 81' lang='grc' dir='ltr'>ὅτι</span> <span class='ocrx_word' id='word_1_47' title='bbox 430 346 446 381; x_wconf 87' lang='grc' dir='ltr'><strong>ἡ</strong></span> <span class='ocrx_word' id='word_1_48' title='bbox 459 346 528 382; x_wconf 80' lang='grc' dir='ltr'>αὐτὴ</span> <span class='ocrx_word' id='word_1_49' title='bbox 543 347 604 373; x_wconf 81' lang='grc' dir='ltr'>κυεῖ</span> <span class='ocrx_word' id='word_1_50' title='bbox 618 346 666 381; x_wconf 78' lang='grc' dir='ltr'>τὴν</span> <span class='ocrx_word' id='word_1_51' title='bbox 678 346 771 381; x_wconf 80' lang='grc' dir='ltr'>Κόρην</span> <span class='ocrx_word' id='word_1_52' title='bbox 782 347 813 372; x_wconf 82' lang='grc' dir='ltr'>ὲκ</span> <span class='ocrx_word' id='word_1_53' title='bbox 823 347 894 378; x_wconf 82' lang='grc' dir='ltr'>Διὸς,</span> <span class='ocrx_word' id='word_1_54' title='bbox 910 355 969 373; x_wconf 82' lang='grc' dir='ltr'><strong>¹του-</strong></span> 
     </span>
    </p>
   </div>
   <div class='ocr_carea' id='block_1_9' title="bbox 175 390 966 427">
    <p class='ocr_par' dir='ltr' id='par_1_9' title="bbox 175 390 966 427">
     <span class='ocr_line' id='line_1_9' title="bbox 175 390 966 427; baseline 0.001 -11"><span class='ocrx_word' id='word_1_55' title='bbox 175 390 252 417; x_wconf 52' lang='lat' dir='ltr'><strong>«em</strong></span> <span class='ocrx_word' id='word_1_56' title='bbox 276 390 322 417; x_wconf 79' lang='grc' dir='ltr'>τὸν</span> <span class='ocrx_word' id='word_1_57' title='bbox 342 391 422 427; x_wconf 85' lang='grc' dir='ltr'>κόρον</span> <span class='ocrx_word' id='word_1_58' title='bbox 448 392 480 418; x_wconf 84' lang='grc' dir='ltr'>ὲκ</span> <span class='ocrx_word' id='word_1_59' title='bbox 500 391 554 418; x_wconf 82' lang='grc' dir='ltr'>τῶν</span> <span class='ocrx_word' id='word_1_60' title='bbox 579 391 760 427; x_wconf 77' lang='grc' dir='ltr'>φρυγανωδῶν</span> <span class='ocrx_word' id='word_1_61' title='bbox 792 391 966 427; x_wconf 76' lang='grc' dir='ltr'><strong>σπερμάτων.</strong></span> 
     </span>
    </p>
   </div>
   <div class='ocr_carea' id='block_1_10' title="bbox 177 435 966 472">
    <p class='ocr_par' dir='ltr' id='par_1_10' title="bbox 177 435 966 472">
     <span class='ocr_line' id='line_1_10' title="bbox 177 435 966 472; baseline 0.003 -11"><span class='ocrx_word' id='word_1_62' title='bbox 177 435 223 461; x_wconf 79' lang='grc' dir='ltr'><strong>Διὸ</strong></span> <span class='ocrx_word' id='word_1_63' title='bbox 238 435 285 462; x_wconf 71' lang='grc' dir='ltr'>καὶ</span> <span class='ocrx_word' id='word_1_64' title='bbox 301 435 484 463; x_wconf 79' lang='grc' dir='ltr'>κατέστεπται</span> <span class='ocrx_word' id='word_1_65' title='bbox 499 436 529 463; x_wconf 79' lang='grc' dir='ltr'><strong>τὸ</strong></span> <span class='ocrx_word' id='word_1_66' title='bbox 546 436 645 472; x_wconf 80' lang='grc' dir='ltr'>βρέτας</span> <span class='ocrx_word' id='word_1_67' title='bbox 667 437 751 472; x_wconf 77' lang='grc' dir='ltr'>αὐτῆς</span> <span class='ocrx_word' id='word_1_68' title='bbox 767 438 822 468; x_wconf 87' lang='grc' dir='ltr'>τοῖς</span> <span class='ocrx_word' id='word_1_69' title='bbox 841 437 966 471; x_wconf 79' lang='grc' dir='ltr'>στάχυσι,</span> 
     </span>
    </p>
   </div>
   <div class='ocr_carea' id='block_1_11' title="bbox 178 481 964 517">
    <p class='ocr_par' dir='ltr' id='par_1_11' title="bbox 178 481 964 517">
     <span class='ocr_line' id='line_1_11' title="bbox 178 481 964 517; baseline 0 -9"><span class='ocrx_word' id='word_1_70' title='bbox 178 481 304 517; x_wconf 77' lang='grc' dir='ltr'>μήκωνές</span> <span class='ocrx_word' id='word_1_71' title='bbox 319 491 348 509; x_wconf 88' lang='grc' dir='ltr'><strong>τε</strong></span> <span class='ocrx_word' id='word_1_72' title='bbox 366 482 429 517; x_wconf 79' lang='grc' dir='ltr'>περὶ</span> <span class='ocrx_word' id='word_1_73' title='bbox 445 482 529 517; x_wconf 70' lang='grc' dir='ltr'>αὑτὴν</span> <span class='ocrx_word' id='word_1_74' title='bbox 549 482 598 516; x_wconf 77' lang='grc' dir='ltr'>τῆς</span> <span class='ocrx_word' id='word_1_75' title='bbox 614 481 774 515; x_wconf 81' lang='grc' dir='ltr'>πολυγονίας</span> <span class='ocrx_word' id='word_1_76' title='bbox 792 481 933 516; x_wconf 72' lang='grc' dir='ltr'>σύμϐολον.</span> <span class='ocrx_word' id='word_1_77' title='bbox 955 491 964 507; x_wconf 76' lang='grc' dir='ltr'><strong>ι</strong></span> 
     </span>
    </p>
   </div>
   <div class='ocr_carea' id='block_1_12' title="bbox 175 526 966 562">
    <p class='ocr_par' dir='ltr' id='par_1_12' title="bbox 175 526 966 562">
     <span class='ocr_line' id='line_1_12' title="bbox 175 526 966 562; baseline 0 -9"><span class='ocrx_word' id='word_1_78' title='bbox 175 526 324 554; x_wconf 71' lang='grc' dir='ltr'>Κάνταῦθα</span> <span class='ocrx_word' id='word_1_79' title='bbox 339 527 420 554; x_wconf 76' lang='grc' dir='ltr'>πάλιν</span> <span class='ocrx_word' id='word_1_80' title='bbox 433 527 538 559; x_wconf 84' lang='grc' dir='ltr'>σκόπει,</span> <span class='ocrx_word' id='word_1_81' title='bbox 555 527 615 553; x_wconf 82' lang='grc' dir='ltr'>τίνα</span> <span class='ocrx_word' id='word_1_82' title='bbox 632 528 733 562; x_wconf 78' lang='grc' dir='ltr'>τρόπον</span> <span class='ocrx_word' id='word_1_83' title='bbox 750 527 798 562; x_wconf 82' lang='grc' dir='ltr'>τὴν</span> <span class='ocrx_word' id='word_1_84' title='bbox 820 528 897 554; x_wconf 77' lang='grc' dir='ltr'>Ῥέαν</span> <span class='ocrx_word' id='word_1_85' title='bbox 916 536 966 562; x_wconf 87' lang='grc' dir='ltr'>μη-</span> 
     </span>
    </p>
   </div>
   <div class='ocr_carea' id='block_1_13' title="bbox 175 571 965 608">
    <p class='ocr_par' dir='ltr' id='par_1_13' title="bbox 175 571 965 608">
     <span class='ocr_line' id='line_1_13' title="bbox 175 571 965 608; baseline 0.001 -10"><span class='ocrx_word' id='word_1_86' title='bbox 175 571 243 608; x_wconf 80' lang='grc' dir='ltr'>τέρα</span> <span class='ocrx_word' id='word_1_87' title='bbox 259 571 328 600; x_wconf 83' lang='grc' dir='ltr'>θεῶν</span> <span class='ocrx_word' id='word_1_88' title='bbox 347 572 505 608; x_wconf 77' lang='grc' dir='ltr'><strong>λεγομένην,</strong></span> <span class='ocrx_word' id='word_1_89' title='bbox 521 573 568 599; x_wconf 79' lang='grc' dir='ltr'>καὶ</span> <span class='ocrx_word' id='word_1_90' title='bbox 583 573 663 600; x_wconf 79' lang='grc' dir='ltr'>αὑτοῦ</span> <span class='ocrx_word' id='word_1_91' title='bbox 678 573 724 599; x_wconf 76' lang='grc' dir='ltr'>τοῦ</span> <span class='ocrx_word' id='word_1_92' title='bbox 738 573 808 605; x_wconf 81' lang='grc' dir='ltr'>Διὸς,</span> <span class='ocrx_word' id='word_1_93' title='bbox 824 573 898 599; x_wconf 70' lang='grc' dir='ltr'>κάτω</span> <span class='ocrx_word' id='word_1_94' title='bbox 915 582 965 600; x_wconf 85' lang='grc' dir='ltr'><strong>που</strong></span> 
     </span>
    </p>
   </div>
   <div class='ocr_carea' id='block_1_14' title="bbox 175 618 965 655">
    <p class='ocr_par' dir='ltr' id='par_1_14' title="bbox 175 618 965 655">
     <span class='ocr_line' id='line_1_14' title="bbox 175 618 965 655; baseline 0 -10"><span class='ocrx_word' id='word_1_95' title='bbox 175 618 241 654; x_wconf 83' lang='grc' dir='ltr'>περὶ</span> <span class='ocrx_word' id='word_1_96' title='bbox 257 619 359 654; x_wconf 76' lang='grc' dir='ltr'>πέτρας</span> <span class='ocrx_word' id='word_1_97' title='bbox 373 619 419 645; x_wconf 82' lang='grc' dir='ltr'><strong>καὶ</strong></span> <span class='ocrx_word' id='word_1_98' title='bbox 431 619 483 653; x_wconf 78' lang='grc' dir='ltr'>γῆν</span> <span class='ocrx_word' id='word_1_99' title='bbox 498 618 693 654; x_wconf 75' lang='grc' dir='ltr'>καταϐέϐληκε,</span> <span class='ocrx_word' id='word_1_100' title='bbox 707 619 754 645; x_wconf 77' lang='grc' dir='ltr'>καὶ</span> <span class='ocrx_word' id='word_1_101' title='bbox 770 618 858 645; x_wconf 76' lang='grc' dir='ltr'>πάντα</span> <span class='ocrx_word' id='word_1_102' title='bbox 873 619 965 655; x_wconf 79' lang='grc' dir='ltr'>φύρων</span> 
     </span>
    </p>
   </div>
   <div class='ocr_carea' id='block_1_15' title="bbox 174 661 963 700">
    <p class='ocr_par' dir='ltr' id='par_1_15' title="bbox 174 661 963 700">
     <span class='ocr_line' id='line_1_15' title="bbox 174 661 963 700; baseline 0 -10"><span class='ocrx_word' id='word_1_103' title='bbox 174 663 225 698; x_wconf 80' lang='grc' dir='ltr'>τὴν</span> <span class='ocrx_word' id='word_1_104' title='bbox 245 663 330 699; x_wconf 79' lang='grc' dir='ltr'>αὐτὴν</span> <span class='ocrx_word' id='word_1_105' title='bbox 346 661 414 690; x_wconf 82' lang='grc' dir='ltr'>εἷναί</span> <span class='ocrx_word' id='word_1_106' title='bbox 436 672 502 699; x_wconf 79' lang='grc' dir='ltr'>φησι</span> <span class='ocrx_word' id='word_1_107' title='bbox 524 665 557 699; x_wconf 80' lang='grc' dir='ltr'>τῇ</span> <span class='ocrx_word' id='word_1_108' title='bbox 575 663 709 699; x_wconf 78' lang='grc' dir='ltr'>Δήμητρι,</span> <span class='ocrx_word' id='word_1_109' title='bbox 721 662 805 698; x_wconf 73' lang='grc' dir='ltr'>πλὴν(</span> <span class='ocrx_word' id='word_1_110' title='bbox 820 664 858 690; x_wconf 78' lang='grc' dir='ltr'>ὅτι</span> <span class='ocrx_word' id='word_1_111' title='bbox 877 664 963 700; x_wconf 81' lang='grc' dir='ltr'>διενή-</span> 
     </span>
    </p>
   </div>
   <div class='ocr_carea' id='block_1_16' title="bbox 174 709 963 746">
    <p class='ocr_par' dir='ltr' id='par_1_16' title="bbox 174 709 963 746">
     <span class='ocr_line' id='line_1_16' title="bbox 174 709 963 746; baseline 0.003 -11"><span class='ocrx_word' id='word_1_112' title='bbox 174 717 247 744; x_wconf 78' lang='grc' dir='ltr'>νοχε,</span> <span class='ocrx_word' id='word_1_113' title='bbox 264 709 343 741; x_wconf 76' lang='grc' dir='ltr'>καθὸ,</span> <span class='ocrx_word' id='word_1_114' title='bbox 358 710 451 744; x_wconf 71' lang='grc' dir='ltr'>φησιν,</span> <span class='ocrx_word' id='word_1_115' title='bbox 467 710 483 744; x_wconf 83' lang='grc' dir='ltr'>ἡ</span> <span class='ocrx_word' id='word_1_116' title='bbox 500 710 632 745; x_wconf 77' lang='grc' dir='ltr'><strong>Δημήτηρ</strong></span> <span class='ocrx_word' id='word_1_117' title='bbox 646 711 677 736; x_wconf 79' lang='grc' dir='ltr'>ἐκ</span> <span class='ocrx_word' id='word_1_118' title='bbox 696 710 756 741; x_wconf 70' lang='grc' dir='ltr'>Διὸς</span> <span class='ocrx_word' id='word_1_119' title='bbox 773 712 832 736; x_wconf 81' lang='grc' dir='ltr'>κυεῖ</span> <span class='ocrx_word' id='word_1_120' title='bbox 848 710 895 746; x_wconf 81' lang='grc' dir='ltr'>τὴν</span> <span class='ocrx_word' id='word_1_121' title='bbox 910 711 963 737; x_wconf 84' lang='grc' dir='ltr'><strong>Κό-</strong></span> 
     </span>
    </p>
   </div>
   <div class='ocr_carea' id='block_1_17' title="bbox 176 753 964 792">
    <p class='ocr_par' dir='ltr' id='par_1_17' title="bbox 176 753 964 792">
     <span class='ocr_line' id='line_1_17' title="bbox 176 753 964 792; baseline 0.003 -11"><span class='ocrx_word' id='word_1_122' title='bbox 176 763 236 791; x_wconf 85' lang='grc' dir='ltr'>ρην·</span> <span class='ocrx_word' id='word_1_123' title='bbox 254 754 346 790; x_wconf 80' lang='grc' dir='ltr'>ὥςπερ</span> <span class='ocrx_word' id='word_1_124' title='bbox 365 753 412 782; x_wconf 79' lang='grc' dir='ltr'>οὖν</span> <span class='ocrx_word' id='word_1_125' title='bbox 425 756 442 791; x_wconf 83' lang='grc' dir='ltr'><strong>ἠ</strong></span> <span class='ocrx_word' id='word_1_126' title='bbox 456 755 550 788; x_wconf 78' lang='grc' dir='ltr'>πεδιὰς</span> <span class='ocrx_word' id='word_1_127' title='bbox 567 756 602 791; x_wconf 84' lang='grc' dir='ltr'>γῆ</span> <span class='ocrx_word' id='word_1_128' title='bbox 617 755 662 782; x_wconf 86' lang='grc' dir='ltr'><strong>τὺν</strong></span> <span class='ocrx_word' id='word_1_129' title='bbox 684 756 763 791; x_wconf 81' lang='grc' dir='ltr'>κόρον</span> <span class='ocrx_word' id='word_1_130' title='bbox 778 757 809 783; x_wconf 89' lang='grc' dir='ltr'>ὲκ</span> <span class='ocrx_word' id='word_1_131' title='bbox 825 757 878 783; x_wconf 85' lang='grc' dir='ltr'>τῶν</span> <span class='ocrx_word' id='word_1_132' title='bbox 896 766 964 792; x_wconf 71' lang='grc' dir='ltr'>φρυ-</span> 
     </span>
    </p>
   </div>
   <div class='ocr_carea' id='block_1_18' title="bbox 172 799 963 835">
    <p class='ocr_par' dir='ltr' id='par_1_18' title="bbox 172 799 963 835">
     <span class='ocr_line' id='line_1_18' title="bbox 172 799 963 835; baseline 0.004 -9"><span class='ocrx_word' id='word_1_133' title='bbox 172 799 302 833; x_wconf 81' lang='grc' dir='ltr'>γανωδῶν</span> <span class='ocrx_word' id='word_1_134' title='bbox 318 799 578 835; x_wconf 64' lang='grc' dir='ltr'>σπερμάτωνδἹδού</span> <span class='ocrx_word' id='word_1_135' title='bbox 598 809 638 827; x_wconf 88' lang='grc' dir='ltr'><strong>σοι</strong></span> <span class='ocrx_word' id='word_1_136' title='bbox 659 801 738 827; x_wconf 75' lang='grc' dir='ltr'>πάλιν</span> <span class='ocrx_word' id='word_1_137' title='bbox 757 802 771 827; x_wconf 83' lang='grc' dir='ltr'>ὁ</span> <span class='ocrx_word' id='word_1_138' title='bbox 787 802 854 833; x_wconf 77' lang='grc' dir='ltr'>Ζεὺς</span> <span class='ocrx_word' id='word_1_139' title='bbox 873 803 913 834; x_wconf 86' lang='grc' dir='ltr'><strong>είς</strong></span> <span class='ocrx_word' id='word_1_140' title='bbox 929 803 963 829; x_wconf 61' lang='grc' dir='ltr'><strong>τὰ</strong></span> 
     </span>
    </p>
   </div>
   <div class='ocr_carea' id='block_1_19' title="bbox 172 845 963 884">
    <p class='ocr_par' dir='ltr' id='par_1_19' title="bbox 172 845 963 884">
     <span class='ocr_line' id='line_1_19' title="bbox 172 845 963 884; baseline 0.005 -12"><span class='ocrx_word' id='word_1_141' title='bbox 172 845 336 882; x_wconf 83' lang='grc' dir='ltr'>φρυγανώδη</span> <span class='ocrx_word' id='word_1_142' title='bbox 361 847 505 883; x_wconf 82' lang='grc' dir='ltr'>σπέρματα</span> <span class='ocrx_word' id='word_1_143' title='bbox 532 847 738 883; x_wconf 72' lang='grc' dir='ltr'>μεταϐέϐληται.</span> <span class='ocrx_word' id='word_1_144' title='bbox 766 849 876 880; x_wconf 85' lang='grc' dir='ltr'>Τούτοις</span> <span class='ocrx_word' id='word_1_145' title='bbox 900 849 963 884; x_wconf 77' lang='grc' dir='ltr'><strong>ἑξῆς</strong></span> 
     </span>
    </p>
   </div>
   <div class='ocr_carea' id='block_1_20' title="bbox 172 893 962 930">
    <p class='ocr_par' dir='ltr' id='par_1_20' title="bbox 172 893 962 930">
     <span class='ocr_line' id='line_1_20' title="bbox 172 893 962 930; baseline 0.004 -11"><span class='ocrx_word' id='word_1_146' title='bbox 172 893 350 920; x_wconf 71' lang='grc' dir='ltr'>ὲκισυνάπτει</span> <span class='ocrx_word' id='word_1_147' title='bbox 361 893 457 928; x_wconf 77' lang='grc' dir='ltr'>λέγων’</span> <span class='ocrx_word' id='word_1_148' title='bbox 480 903 490 920; x_wconf 84' lang='grc'>‹</span> <span class='ocrx_word' id='word_1_149' title='bbox 513 894 629 921; x_wconf 78' lang='grc' dir='ltr'>Ἐπεὶδὲ</span> <span class='ocrx_word' id='word_1_150' title='bbox 642 894 753 921; x_wconf 78' lang='grc' dir='ltr'>καὶτῶν</span> <span class='ocrx_word' id='word_1_151' title='bbox 771 896 810 926; x_wconf 84' lang='grc' dir='ltr'><strong>είς</strong></span> <span class='ocrx_word' id='word_1_152' title='bbox 828 896 879 930; x_wconf 81' lang='grc' dir='ltr'><strong>γῆν</strong></span> <span class='ocrx_word' id='word_1_153' title='bbox 898 896 962 930; x_wconf 83' lang='grc' dir='ltr'>βαλ-</span> 
     </span>
    </p>
   </div>
   <div class='ocr_carea' id='block_1_21' title="bbox 171 935 962 976">
    <p class='ocr_par' dir='ltr' id='par_1_21' title="bbox 171 935 962 976">
     <span class='ocr_line' id='line_1_21' title="bbox 171 935 962 976; baseline 0.005 -13"><span class='ocrx_word' id='word_1_154' title='bbox 171 935 293 971; x_wconf 80' lang='grc' dir='ltr'>λομένων</span> <span class='ocrx_word' id='word_1_155' title='bbox 313 938 477 973; x_wconf 69' lang='grc' dir='ltr'>σπερμάτων</span> <span class='ocrx_word' id='word_1_156' title='bbox 498 936 532 973; x_wconf 84' lang='grc' dir='ltr'>ἧν</span> <span class='ocrx_word' id='word_1_157' title='bbox 553 947 594 970; x_wconf 85' lang='grc' dir='ltr'><strong>τις</strong></span> <span class='ocrx_word' id='word_1_158' title='bbox 618 939 740 974; x_wconf 82' lang='grc' dir='ltr'>δύναμις,</span> <span class='ocrx_word' id='word_1_159' title='bbox 756 939 789 974; x_wconf 81' lang='grc' dir='ltr'><strong>ἢν</strong></span> <span class='ocrx_word' id='word_1_160' title='bbox 803 940 876 974; x_wconf 85' lang='grc' dir='ltr'>ἣλιος</span> <span class='ocrx_word' id='word_1_161' title='bbox 900 942 962 976; x_wconf 68' lang='grc' dir='ltr'>περὶ</span> 
     </span>
    </p>
   </div>
   <div class='ocr_carea' id='block_1_22' title="bbox 173 982 961 1022">
    <p class='ocr_par' dir='ltr' id='par_1_22' title="bbox 173 982 961 1022">
     <span class='ocr_line' id='line_1_22' title="bbox 173 982 961 1022; baseline 0.006 -14"><span class='ocrx_word' id='word_1_162' title='bbox 173 982 203 1008; x_wconf 79' lang='grc' dir='ltr'><strong>τὸ</strong></span> <span class='ocrx_word' id='word_1_163' title='bbox 217 982 293 1009; x_wconf 70' lang='grc' dir='ltr'>κάτω</span> <span class='ocrx_word' id='word_1_164' title='bbox 306 983 482 1018; x_wconf 71' lang='grc' dir='ltr'><strong>ἡμισφαίριον</strong></span> <span class='ocrx_word' id='word_1_165' title='bbox 493 982 540 1010; x_wconf 85' lang='grc' dir='ltr'>ίὼν</span> <span class='ocrx_word' id='word_1_166' title='bbox 553 984 626 1011; x_wconf 84' lang='grc' dir='ltr'>’ἐλκει</span> <span class='ocrx_word' id='word_1_167' title='bbox 643 985 713 1012; x_wconf 75' lang='grc' dir='ltr'>κατὰ</span> <span class='ocrx_word' id='word_1_168' title='bbox 734 986 783 1017; x_wconf 73' lang='grc' dir='ltr'><strong>τὰς</strong></span> <span class='ocrx_word' id='word_1_169' title='bbox 802 987 961 1022; x_wconf 75' lang='grc' dir='ltr'>χειμερινὰς</span> 
     </span>
    </p>
   </div>
   <div class='ocr_carea' id='block_1_23' title="bbox 170 1028 962 1067">
    <p class='ocr_par' dir='ltr' id='par_1_23' title="bbox 170 1028 962 1067">
     <span class='ocr_line' id='line_1_23' title="bbox 170 1028 962 1067; baseline 0.006 -13"><span class='ocrx_word' id='word_1_170' title='bbox 170 1028 284 1063; x_wconf 63' lang='grc' dir='ltr'>τροπὰς,</span> <span class='ocrx_word' id='word_1_171' title='bbox 297 1029 374 1065; x_wconf 74' lang='grc' dir='ltr'>Κόρη</span> <span class='ocrx_word' id='word_1_172' title='bbox 391 1029 441 1065; x_wconf 78' lang='grc' dir='ltr'>μὲν</span> <span class='ocrx_word' id='word_1_173' title='bbox 453 1030 471 1065; x_wconf 81' lang='grc' dir='ltr'>ἡ</span> <span class='ocrx_word' id='word_1_174' title='bbox 485 1030 598 1066; x_wconf 81' lang='grc' dir='ltr'>δύναμις</span> <span class='ocrx_word' id='word_1_175' title='bbox 610 1031 625 1066; x_wconf 84' lang='grc' dir='ltr'>ἡ</span> <span class='ocrx_word' id='word_1_176' title='bbox 643 1031 858 1067; x_wconf 58' lang='grc' dir='ltr'>σπρματοῦχος,</span> <span class='ocrx_word' id='word_1_177' title='bbox 877 1033 962 1059; x_wconf 81' lang='grc' dir='ltr'>Πλού-</span> 
     </span>
    </p>
   </div>
   <div class='ocr_carea' id='block_1_24' title="bbox 169 1074 961 1116">
    <p class='ocr_par' dir='ltr' id='par_1_24' title="bbox 169 1074 961 1116">
     <span class='ocr_line' id='line_1_24' title="bbox 169 1074 961 1116; baseline 0.006 -16"><span class='ocrx_word' id='word_1_178' title='bbox 169 1082 224 1100; x_wconf 82' lang='grc' dir='ltr'><strong>των</strong></span> <span class='ocrx_word' id='word_1_179' title='bbox 239 1074 269 1101; x_wconf 80' lang='grc' dir='ltr'><strong>δὲ</strong></span> <span class='ocrx_word' id='word_1_180' title='bbox 284 1075 362 1102; x_wconf 58' lang='lat' dir='ltr'><strong>eam</strong></span> <span class='ocrx_word' id='word_1_181' title='bbox 377 1075 428 1111; x_wconf 81' lang='grc' dir='ltr'>γῆν</span> <span class='ocrx_word' id='word_1_182' title='bbox 444 1075 491 1102; x_wconf 85' lang='grc' dir='ltr'>ίὼν</span> <span class='ocrx_word' id='word_1_183' title='bbox 508 1075 593 1111; x_wconf 84' lang='grc' dir='ltr'>ἥλιος,</span> <span class='ocrx_word' id='word_1_184' title='bbox 610 1077 657 1104; x_wconf 74' lang='grc' dir='ltr'>καὶ</span> <span class='ocrx_word' id='word_1_185' title='bbox 674 1077 720 1104; x_wconf 77' lang='grc' dir='ltr'>τὸν</span> <span class='ocrx_word' id='word_1_186' title='bbox 743 1078 833 1113; x_wconf 56' lang='grc' dir='ltr'>ἆξαινῆ</span> <span class='ocrx_word' id='word_1_187' title='bbox 855 1087 961 1116; x_wconf 84' lang='grc' dir='ltr'>περινο-</span> 
     </span>
    </p>
   </div>
   <div class='ocr_carea' id='block_1_25' title="bbox 171 1119 961 1160">
    <p class='ocr_par' dir='ltr' id='par_1_25' title="bbox 171 1119 961 1160">
     <span class='ocr_line' id='line_1_25' title="bbox 171 1119 961 1160; baseline 0.006 -14"><span class='ocrx_word' id='word_1_188' title='bbox 171 1119 242 1147; x_wconf 80' lang='grc' dir='ltr'>στῶν</span> <span class='ocrx_word' id='word_1_189' title='bbox 261 1120 373 1156; x_wconf 80' lang='grc' dir='ltr'>κόσμον,</span> <span class='ocrx_word' id='word_1_190' title='bbox 396 1121 443 1148; x_wconf 83' lang='grc' dir='ltr'><strong>καὶ</strong></span> <span class='ocrx_word' id='word_1_191' title='bbox 453 1122 501 1153; x_wconf 80' lang='grc' dir='ltr'><strong>τὰς</strong></span> <span class='ocrx_word' id='word_1_192' title='bbox 515 1123 671 1158; x_wconf 74' lang='grc' dir='ltr'><strong>χειμερίους</strong></span> <span class='ocrx_word' id='word_1_193' title='bbox 688 1124 804 1159; x_wconf 79' lang='grc' dir='ltr'>τροπάς·</span> <span class='ocrx_word' id='word_1_194' title='bbox 821 1125 850 1156; x_wconf 85' lang='grc' dir='ltr'>ὃς</span> <span class='ocrx_word' id='word_1_195' title='bbox 872 1125 961 1160; x_wconf 81' lang='grc' dir='ltr'><strong>ἁρπά-</strong></span> 
     </span>
    </p>
   </div>
   <div class='ocr_carea' id='block_1_26' title="bbox 169 1163 960 1207">
    <p class='ocr_par' dir='ltr' id='par_1_26' title="bbox 169 1163 960 1207">
     <span class='ocr_line' id='line_1_26' title="bbox 169 1163 960 1207; baseline 0.008 -16"><span class='ocrx_word' id='word_1_196' title='bbox 169 1163 228 1198; x_wconf 79' lang='grc' dir='ltr'>ζειν</span> <span class='ocrx_word' id='word_1_197' title='bbox 252 1165 361 1200; x_wconf 80' lang='grc' dir='ltr'>λέγεται</span> <span class='ocrx_word' id='word_1_198' title='bbox 379 1166 429 1202; x_wconf 80' lang='grc' dir='ltr'>τὴν</span> <span class='ocrx_word' id='word_1_199' title='bbox 449 1167 550 1203; x_wconf 67' lang='grc' dir='ltr'>Κόρην,</span> <span class='ocrx_word' id='word_1_200' title='bbox 571 1169 604 1204; x_wconf 79' lang='grc' dir='ltr'><strong>ἦν</strong></span> <span class='ocrx_word' id='word_1_201' title='bbox 624 1169 727 1204; x_wconf 78' lang='grc' dir='ltr'>ποθεῖὴ</span> <span class='ocrx_word' id='word_1_202' title='bbox 749 1170 879 1206; x_wconf 80' lang='grc' dir='ltr'><strong>Δημήτηρ</strong></span> <span class='ocrx_word' id='word_1_203' title='bbox 894 1180 960 1207; x_wconf 84' lang='grc' dir='ltr'>κρυ-</span> 
     </span>
    </p>
   </div>
   <div class='ocr_carea' id='block_1_27' title="bbox 170 1209 959 1248">
    <p class='ocr_par' dir='ltr' id='par_1_27' title="bbox 170 1209 959 1248">
     <span class='ocr_line' id='line_1_27' title="bbox 170 1209 959 1248; baseline 0.01 -14"><span class='ocrx_word' id='word_1_204' title='bbox 170 1209 308 1245; x_wconf 75' lang='grc' dir='ltr'>τπομένην</span> <span class='ocrx_word' id='word_1_205' title='bbox 323 1209 375 1236; x_wconf 78' lang='grc' dir='ltr'><strong>ὑπὸ</strong></span> <span class='ocrx_word' id='word_1_206' title='bbox 386 1211 447 1245; x_wconf 84' lang='grc' dir='ltr'>γῆν.</span> <span class='ocrx_word' id='word_1_207' title='bbox 462 1211 522 1238; x_wconf 83' lang='grc' dir='ltr'><strong>Τῶν</strong></span> <span class='ocrx_word' id='word_1_208' title='bbox 537 1211 565 1237; x_wconf 81' lang='grc' dir='ltr'><strong>δὲ</strong></span> <span class='ocrx_word' id='word_1_209' title='bbox 581 1213 748 1248; x_wconf 71' lang='grc' dir='ltr'><strong>ἀκροδρύων,</strong></span> <span class='ocrx_word' id='word_1_210' title='bbox 764 1214 810 1240; x_wconf 68' lang='grc' dir='ltr'><strong>καὶ</strong></span> <span class='ocrx_word' id='word_1_211' title='bbox 824 1215 892 1247; x_wconf 78' lang='grc' dir='ltr'>ὅλως</span> <span class='ocrx_word' id='word_1_212' title='bbox 904 1215 959 1242; x_wconf 81' lang='grc' dir='ltr'>τῶν</span> 
     </span>
    </p>
   </div>
   <div class='ocr_carea' id='block_1_28' title="bbox 170 1254 959 1296">
    <p class='ocr_par' dir='ltr' id='par_1_28' title="bbox 170 1254 959 1296">
     <span class='ocr_line' id='line_1_28' title="bbox 170 1254 959 1296; baseline 0.01 -16"><span class='ocrx_word' id='word_1_213' title='bbox 170 1254 337 1288; x_wconf 76' lang='grc' dir='ltr'>φυτευτικῶν</span> <span class='ocrx_word' id='word_1_214' title='bbox 361 1256 377 1291; x_wconf 84' lang='grc' dir='ltr'><strong>ή</strong></span> <span class='ocrx_word' id='word_1_215' title='bbox 400 1255 522 1291; x_wconf 81' lang='grc' dir='ltr'>δύναμις,</span> <span class='ocrx_word' id='word_1_216' title='bbox 551 1257 676 1288; x_wconf 82' lang='grc' dir='ltr'>Διόνυσος</span> <span class='ocrx_word' id='word_1_217' title='bbox 695 1258 863 1294; x_wconf 75' lang='grc' dir='ltr'>ὀνομάζεται.</span> <span class='ocrx_word' id='word_1_218' title='bbox 890 1261 959 1296; x_wconf 82' lang='grc' dir='ltr'><strong>Ὅρα</strong></span> 
     </span>
    </p>
   </div>
   <div class='ocr_carea' id='block_1_29' title="bbox 168 1297 957 1341">
    <p class='ocr_par' dir='ltr' id='par_1_29' title="bbox 168 1297 957 1341">
     <span class='ocr_line' id='line_1_29' title="bbox 168 1297 957 1341; baseline 0.009 -16"><span class='ocrx_word' id='word_1_219' title='bbox 168 1297 199 1324; x_wconf 74' lang='grc' dir='ltr'><strong>δὲ</strong></span> <span class='ocrx_word' id='word_1_220' title='bbox 224 1299 270 1326; x_wconf 77' lang='grc' dir='ltr'><strong>καὶ</strong></span> <span class='ocrx_word' id='word_1_221' title='bbox 291 1299 393 1326; x_wconf 83' lang='grc' dir='ltr'>τούτων</span> <span class='ocrx_word' id='word_1_222' title='bbox 415 1300 464 1332; x_wconf 86' lang='grc' dir='ltr'><strong>τὰς</strong></span> <span class='ocrx_word' id='word_1_223' title='bbox 484 1300 600 1332; x_wconf 76' lang='grc' dir='ltr'>εἰκόνας.</span> <span class='ocrx_word' id='word_1_224' title='bbox 625 1302 750 1337; x_wconf 72' lang='grc' dir='ltr'>Σύμϐολα</span> <span class='ocrx_word' id='word_1_225' title='bbox 771 1304 824 1340; x_wconf 80' lang='grc' dir='ltr'><strong>γὰρ</strong></span> <span class='ocrx_word' id='word_1_226' title='bbox 845 1306 861 1340; x_wconf 79' lang='grc' dir='ltr'><strong>ἡ</strong></span> <span class='ocrx_word' id='word_1_227' title='bbox 883 1305 957 1341; x_wconf 73' lang='grc' dir='ltr'>Κόρη</span> 
     </span>
    </p>
   </div>
   <div class='ocr_carea' id='block_1_30' title="bbox 169 1343 957 1386">
    <p class='ocr_par' dir='ltr' id='par_1_30' title="bbox 169 1343 957 1386">
     <span class='ocr_line' id='line_1_30' title="bbox 169 1343 957 1386; baseline 0.01 -17"><span class='ocrx_word' id='word_1_228' title='bbox 169 1343 246 1379; x_wconf 72' lang='grc' dir='ltr'>φέρει</span> <span class='ocrx_word' id='word_1_229' title='bbox 258 1344 308 1380; x_wconf 82' lang='grc' dir='ltr'>τῆς</span> <span class='ocrx_word' id='word_1_230' title='bbox 321 1344 457 1380; x_wconf 78' lang='grc' dir='ltr'>προϐολῆς</span> <span class='ocrx_word' id='word_1_231' title='bbox 468 1345 520 1372; x_wconf 85' lang='grc' dir='ltr'>τῶν</span> <span class='ocrx_word' id='word_1_232' title='bbox 533 1346 602 1372; x_wconf 77' lang='grc' dir='ltr'>κατὰ</span> <span class='ocrx_word' id='word_1_233' title='bbox 614 1348 675 1379; x_wconf 81' lang='grc' dir='ltr'>τοὺς</span> <span class='ocrx_word' id='word_1_234' title='bbox 688 1349 810 1383; x_wconf 82' lang='grc' dir='ltr'>καρποὺς</span> <span class='ocrx_word' id='word_1_235' title='bbox 825 1350 894 1385; x_wconf 79' lang='grc' dir='ltr'>ὑπὲρ</span> <span class='ocrx_word' id='word_1_236' title='bbox 909 1352 957 1386; x_wconf 82' lang='grc' dir='ltr'><strong>τὴν</strong></span> 
     </span>
    </p>
   </div>
   <div class='ocr_carea' id='block_1_31' title="bbox 168 1389 957 1432">
    <p class='ocr_par' dir='ltr' id='par_1_31' title="bbox 168 1389 957 1432">
     <span class='ocr_line' id='line_1_31' title="bbox 168 1389 957 1432; baseline 0.01 -17"><span class='ocrx_word' id='word_1_237' title='bbox 168 1389 220 1424; x_wconf 79' lang='grc' dir='ltr'><strong>γῆν</strong></span> <span class='ocrx_word' id='word_1_238' title='bbox 242 1389 392 1424; x_wconf 75' lang='grc' dir='ltr'>ἑκφύσεων·</span> <span class='ocrx_word' id='word_1_239' title='bbox 415 1391 429 1418; x_wconf 82' lang='grc' dir='ltr'>ὁ</span> <span class='ocrx_word' id='word_1_240' title='bbox 452 1391 481 1417; x_wconf 81' lang='grc' dir='ltr'><strong>δὲ</strong></span> <span class='ocrx_word' id='word_1_241' title='bbox 504 1392 629 1424; x_wconf 74' lang='grc' dir='ltr'>Διόνυσος</span> <span class='ocrx_word' id='word_1_242' title='bbox 656 1394 733 1420; x_wconf 76' lang='grc' dir='ltr'>κοινὰ</span> <span class='ocrx_word' id='word_1_243' title='bbox 752 1395 801 1429; x_wconf 84' lang='grc' dir='ltr'><strong>μὲν</strong></span> <span class='ocrx_word' id='word_1_244' title='bbox 821 1396 887 1431; x_wconf 77' lang='grc' dir='ltr'>πρὸς</span> <span class='ocrx_word' id='word_1_245' title='bbox 907 1397 957 1432; x_wconf 80' lang='grc' dir='ltr'>τὴν</span> 
     </span>
    </p>
   </div>
   <div class='ocr_carea' id='block_1_32' title="bbox 168 1435 957 1477">
    <p class='ocr_par' dir='ltr' id='par_1_32' title="bbox 168 1435 957 1477">
     <span class='ocr_line' id='line_1_32' title="bbox 168 1435 957 1477; baseline 0.01 -16"><span class='ocrx_word' id='word_1_246' title='bbox 168 1435 260 1471; x_wconf 77' lang='grc' dir='ltr'>Κόρην</span> <span class='ocrx_word' id='word_1_247' title='bbox 273 1435 331 1471; x_wconf 75' lang='grc' dir='ltr'>ἔχει</span> <span class='ocrx_word' id='word_1_248' title='bbox 345 1436 378 1463; x_wconf 77' lang='grc' dir='ltr'>τὰ</span> <span class='ocrx_word' id='word_1_249' title='bbox 398 1437 511 1472; x_wconf 81' lang='grc' dir='ltr'>κέρατα,</span> <span class='ocrx_word' id='word_1_250' title='bbox 528 1438 585 1464; x_wconf 75' lang='grc' dir='ltr'>ἔστι</span> <span class='ocrx_word' id='word_1_251' title='bbox 603 1439 631 1466; x_wconf 82' lang='grc' dir='ltr'><strong>δὲ</strong></span> <span class='ocrx_word' id='word_1_252' title='bbox 649 1439 830 1476; x_wconf 72' lang='grc' dir='ltr'>Θηλύμορφος,</span> <span class='ocrx_word' id='word_1_253' title='bbox 849 1442 957 1477; x_wconf 78' lang='grc' dir='ltr'><strong>μηνύων</strong></span> 
     </span>
    </p>
   </div>
   <div class='ocr_carea' id='block_1_33' title="bbox 167 1479 956 1523">
    <p class='ocr_par' dir='ltr' id='par_1_33' title="bbox 167 1479 956 1523">
     <span class='ocr_line' id='line_1_33' title="bbox 167 1479 956 1523; baseline 0.011 -17"><span class='ocrx_word' id='word_1_254' title='bbox 167 1479 217 1515; x_wconf 77' lang='grc' dir='ltr'>τὴν</span> <span class='ocrx_word' id='word_1_255' title='bbox 239 1481 303 1516; x_wconf 77' lang='grc' dir='ltr'>περὶ</span> <span class='ocrx_word' id='word_1_256' title='bbox 328 1482 378 1517; x_wconf 83' lang='grc' dir='ltr'>τὴν</span> <span class='ocrx_word' id='word_1_257' title='bbox 399 1482 505 1516; x_wconf 84' lang='grc' dir='ltr'>γένεσιν</span> <span class='ocrx_word' id='word_1_258' title='bbox 526 1483 578 1510; x_wconf 79' lang='grc' dir='ltr'>τῶν</span> <span class='ocrx_word' id='word_1_259' title='bbox 595 1484 752 1521; x_wconf 75' lang='grc' dir='ltr'><strong>ἀκροδρύων</strong></span> <span class='ocrx_word' id='word_1_260' title='bbox 775 1487 956 1523; x_wconf 74' lang='grc' dir='ltr'>ἀρῤενόοηλυν</span> 
     </span>
    </p>
   </div>
   <div class='ocr_carea' id='block_1_34' title="bbox 166 1524 956 1569">
    <p class='ocr_par' dir='ltr' id='par_1_34' title="bbox 166 1524 956 1569">
     <span class='ocr_line' id='line_1_34' title="bbox 166 1524 956 1569; baseline 0.013 -18"><span class='ocrx_word' id='word_1_261' title='bbox 166 1524 289 1561; x_wconf 82' lang='grc' dir='ltr'>δύναμιν.</span> <span class='ocrx_word' id='word_1_262' title='bbox 313 1526 438 1554; x_wconf 84' lang='grc' dir='ltr'><strong>Πλούτων</strong></span> <span class='ocrx_word' id='word_1_263' title='bbox 451 1528 480 1554; x_wconf 77' lang='grc' dir='ltr'><strong>δὲ</strong></span> <span class='ocrx_word' id='word_1_264' title='bbox 502 1530 515 1555; x_wconf 85' lang='grc' dir='ltr'><strong>ό</strong></span> <span class='ocrx_word' id='word_1_265' title='bbox 534 1529 625 1564; x_wconf 85' lang='grc' dir='ltr'>Κόρης</span> <span class='ocrx_word' id='word_1_266' title='bbox 638 1530 729 1566; x_wconf 76' lang='grc' dir='ltr'>ἅρπαξ</span> <span class='ocrx_word' id='word_1_267' title='bbox 746 1532 819 1559; x_wconf 84' lang='grc' dir='ltr'>κύων</span> <span class='ocrx_word' id='word_1_268' title='bbox 834 1533 890 1567; x_wconf 79' lang='grc'><strong>(87)</strong></span> <span class='ocrx_word' id='word_1_269' title='bbox 907 1534 956 1569; x_wconf 77' lang='grc' dir='ltr'>μὲν</span> 
     </span>
    </p>
   </div>
   <div class='ocr_carea' id='block_1_35' title="bbox 167 1568 957 1613">
    <p class='ocr_par' dir='ltr' id='par_1_35' title="bbox 167 1568 957 1613">
     <span class='ocr_line' id='line_1_35' title="bbox 167 1568 957 1613; baseline 0.014 -18"><span class='ocrx_word' id='word_1_270' title='bbox 167 1568 223 1605; x_wconf 81' lang='grc' dir='ltr'>ἔχει</span> <span class='ocrx_word' id='word_1_271' title='bbox 236 1568 283 1596; x_wconf 82' lang='grc' dir='ltr'>τοῦ</span> <span class='ocrx_word' id='word_1_272' title='bbox 298 1571 417 1606; x_wconf 80' lang='grc' dir='ltr'>ἀφανοῦς</span> <span class='ocrx_word' id='word_1_273' title='bbox 433 1573 514 1600; x_wconf 82' lang='grc' dir='ltr'>πόλου</span> <span class='ocrx_word' id='word_1_274' title='bbox 528 1573 559 1600; x_wconf 89' lang='grc' dir='ltr'><strong>σύ</strong></span> <span class='ocrx_word' id='word_1_275' title='bbox 564 1574 670 1609; x_wconf 77' lang='grc' dir='ltr'>μϐολον·</span> <span class='ocrx_word' id='word_1_276' title='bbox 688 1576 718 1602; x_wconf 86' lang='grc' dir='ltr'>τὸ</span> <span class='ocrx_word' id='word_1_277' title='bbox 732 1577 760 1603; x_wconf 86' lang='grc' dir='ltr'><strong>δὲ</strong></span> <span class='ocrx_word' id='word_1_278' title='bbox 774 1568 912 1613; x_wconf 82' lang='grc' dir='ltr'>σκῆπτρον</span> <span class='ocrx_word' id='word_1_279' title='bbox 926 1578 957 1606; x_wconf 82' lang='grc' dir='ltr'>τὸ</span> 
     </span>
    </p>
   </div>
   <div class='ocr_carea' id='block_1_36' title="bbox 166 1615 956 1655">
    <p class='ocr_par' dir='ltr' id='par_1_36' title="bbox 166 1615 956 1655">
     <span class='ocr_line' id='line_1_36' title="bbox 166 1615 956 1655; baseline 0.013 -15"><span class='ocrx_word' id='word_1_280' title='bbox 166 1615 276 1642; x_wconf 77' lang='grc' dir='ltr'>κολοὸὸν</span> <span class='ocrx_word' id='word_1_281' title='bbox 292 1618 404 1652; x_wconf 78' lang='grc' dir='ltr'>σημεῖον</span> <span class='ocrx_word' id='word_1_282' title='bbox 419 1618 469 1652; x_wconf 85' lang='grc' dir='ltr'>τῆς</span> <span class='ocrx_word' id='word_1_283' title='bbox 485 1619 538 1645; x_wconf 85' lang='grc' dir='ltr'>τῶν</span> <span class='ocrx_word' id='word_1_284' title='bbox 551 1620 625 1647; x_wconf 83' lang='grc' dir='ltr'>κάτω</span> <span class='ocrx_word' id='word_1_285' title='bbox 642 1621 788 1655; x_wconf 74' lang='grc' dir='ltr'>βασιλείας·</span> <span class='ocrx_word' id='word_1_286' title='bbox 805 1623 819 1649; x_wconf 85' lang='grc' dir='ltr'><strong><em>ὁ</em></strong></span> <span class='ocrx_word' id='word_1_287' title='bbox 832 1623 862 1650; x_wconf 79' lang='grc' dir='ltr'><strong>δὲ</strong></span> <span class='ocrx_word' id='word_1_288' title='bbox 883 1623 956 1650; x_wconf 88' lang='grc' dir='ltr'>κύων</span> 
     </span>
    </p>
   </div>
   <div class='ocr_carea' id='block_1_37' title="bbox 166 1660 956 1706">
    <p class='ocr_par' dir='ltr' id='par_1_37' title="bbox 166 1660 956 1706">
     <span class='ocr_line' id='line_1_37' title="bbox 166 1660 956 1706; baseline 0.014 -20"><span class='ocrx_word' id='word_1_289' title='bbox 166 1660 248 1687; x_wconf 67' lang='grc' dir='ltr'>αὐτοῦ</span> <span class='ocrx_word' id='word_1_290' title='bbox 261 1661 337 1697; x_wconf 86' lang='grc' dir='ltr'>δηλοῖ</span> <span class='ocrx_word' id='word_1_291' title='bbox 349 1663 398 1698; x_wconf 82' lang='grc' dir='ltr'><strong>τὴν</strong></span> <span class='ocrx_word' id='word_1_292' title='bbox 412 1663 509 1699; x_wconf 82' lang='grc' dir='ltr'>κύησιν</span> <span class='ocrx_word' id='word_1_293' title='bbox 523 1665 577 1692; x_wconf 82' lang='grc' dir='ltr'><strong>τῶν</strong></span> <span class='ocrx_word' id='word_1_294' title='bbox 593 1667 715 1702; x_wconf 81' lang='grc' dir='ltr'><strong>καρπῶν,</strong></span> <span class='ocrx_word' id='word_1_295' title='bbox 731 1669 770 1700; x_wconf 82' lang='grc' dir='ltr'><strong>είς</strong></span> <span class='ocrx_word' id='word_1_296' title='bbox 788 1669 850 1704; x_wconf 84' lang='grc' dir='ltr'>τρία</span> <span class='ocrx_word' id='word_1_297' title='bbox 863 1669 956 1706; x_wconf 80' lang='grc' dir='ltr'>διῃρη-</span> 
     </span>
    </p>
   </div>
   <div class='ocr_carea' id='block_1_38' title="bbox 167 1706 955 1751">
    <p class='ocr_par' dir='ltr' id='par_1_38' title="bbox 167 1706 955 1751">
     <span class='ocr_line' id='line_1_38' title="bbox 167 1706 955 1751; baseline 0.013 -19"><span class='ocrx_word' id='word_1_298' title='bbox 167 1706 261 1742; x_wconf 79' lang='grc' dir='ltr'>μένην,</span> <span class='ocrx_word' id='word_1_299' title='bbox 277 1708 316 1740; x_wconf 75' lang='grc' dir='ltr'><strong>εἰς</strong></span> <span class='ocrx_word' id='word_1_300' title='bbox 333 1707 380 1744; x_wconf 82' lang='grc' dir='ltr'>τὴν</span> <span class='ocrx_word' id='word_1_301' title='bbox 392 1710 553 1746; x_wconf 73' lang='grc' dir='ltr'>καταϐολὴν,</span> <span class='ocrx_word' id='word_1_302' title='bbox 567 1712 614 1738; x_wconf 79' lang='grc' dir='ltr'>καὶ</span> <span class='ocrx_word' id='word_1_303' title='bbox 627 1713 675 1748; x_wconf 83' lang='grc' dir='ltr'>τὴν</span> <span class='ocrx_word' id='word_1_304' title='bbox 693 1713 834 1749; x_wconf 85' lang='grc' dir='ltr'>ὑποδοχὴν,</span> <span class='ocrx_word' id='word_1_305' title='bbox 846 1715 893 1742; x_wconf 73' lang='grc' dir='ltr'>καὶ</span> <span class='ocrx_word' id='word_1_306' title='bbox 906 1716 955 1751; x_wconf 80' lang='grc' dir='ltr'>τὴν</span> 
     </span>
    </p>
   </div>
   <div class='ocr_carea' id='block_1_39' title="bbox 165 1752 955 1796">
    <p class='ocr_par' dir='ltr' id='par_1_39' title="bbox 165 1752 955 1796">
     <span class='ocr_line' id='line_1_39' title="bbox 165 1752 955 1796; baseline 0.01 -18"><span class='ocrx_word' id='word_1_307' title='bbox 165 1752 298 1780; x_wconf 71' lang='grc' dir='ltr'>ἀνάδοσιν.</span> <span class='ocrx_word' id='word_1_308' title='bbox 325 1754 363 1780; x_wconf 80' lang='grc' dir='ltr'><strong>Οὐ</strong></span> <span class='ocrx_word' id='word_1_309' title='bbox 385 1755 440 1790; x_wconf 82' lang='grc' dir='ltr'>γὰρ</span> <span class='ocrx_word' id='word_1_310' title='bbox 463 1757 538 1792; x_wconf 70' lang='grc' dir='ltr'>παρὰ</span> <span class='ocrx_word' id='word_1_311' title='bbox 565 1757 596 1783; x_wconf 87' lang='grc' dir='ltr'>τὸ</span> <span class='ocrx_word' id='word_1_312' title='bbox 616 1757 665 1789; x_wconf 82' lang='grc' dir='ltr'>τὰς</span> <span class='ocrx_word' id='word_1_313' title='bbox 682 1758 770 1793; x_wconf 77' lang='grc' dir='ltr'>κῆρας</span> <span class='ocrx_word' id='word_1_314' title='bbox 791 1759 863 1794; x_wconf 80' lang='grc' dir='ltr'>ἔχειν</span> <span class='ocrx_word' id='word_1_315' title='bbox 888 1760 955 1796; x_wconf 78' lang='grc' dir='ltr'>πρὸς</span> 
     </span>
    </p>
   </div>
   <div class='ocr_carea' id='block_1_40' title="bbox 167 1797 955 1841">
    <p class='ocr_par' dir='ltr' id='par_1_40' title="bbox 167 1797 955 1841">
     <span class='ocr_line' id='line_1_40' title="bbox 167 1797 955 1841; baseline 0.01 -16"><span class='ocrx_word' id='word_1_316' title='bbox 167 1797 278 1834; x_wconf 73' lang='grc' dir='ltr'>βορρᾶν,</span> <span class='ocrx_word' id='word_1_317' title='bbox 289 1799 304 1826; x_wconf 81' lang='grc' dir='ltr'><strong>ὃ</strong></span> <span class='ocrx_word' id='word_1_318' title='bbox 315 1799 390 1839; x_wconf 81' lang='grc' dir='ltr'><strong>δηλοῖ</strong></span> <span class='ocrx_word' id='word_1_319' title='bbox 402 1801 451 1833; x_wconf 80' lang='grc' dir='ltr'><strong>τὰς</strong></span> <span class='ocrx_word' id='word_1_320' title='bbox 463 1802 560 1838; x_wconf 75' lang='grc' dir='ltr'>ψυχὰς,</span> <span class='ocrx_word' id='word_1_321' title='bbox 575 1803 705 1838; x_wconf 77' lang='grc' dir='ltr'>κέκληται</span> <span class='ocrx_word' id='word_1_322' title='bbox 714 1804 796 1836; x_wconf 81' lang='grc' dir='ltr'>κύων,</span> <span class='ocrx_word' id='word_1_323' title='bbox 805 1805 872 1831; x_wconf 77' lang='grc' dir='ltr'>ἀλλὰ</span> <span class='ocrx_word' id='word_1_324' title='bbox 882 1807 955 1841; x_wconf 72' lang='grc' dir='ltr'>παρὰ</span> 
     </span>
    </p>
   </div>
   <div class='ocr_carea' id='block_1_41' title="bbox 164 1845 954 1888">
    <p class='ocr_par' dir='ltr' id='par_1_41' title="bbox 164 1845 954 1888">
     <span class='ocr_line' id='line_1_41' title="bbox 164 1845 954 1888; baseline 0.009 -17"><span class='ocrx_word' id='word_1_325' title='bbox 164 1845 196 1871; x_wconf 76' lang='grc' dir='ltr'><strong>ἐδ</strong></span> <span class='ocrx_word' id='word_1_326' title='bbox 206 1847 292 1877; x_wconf 76' lang='grc' dir='ltr'>κυεῖν.</span> <span class='ocrx_word' id='word_1_327' title='bbox 305 1847 322 1881; x_wconf 77' lang='grc' dir='ltr'><strong>ἡ</strong></span> <span class='ocrx_word' id='word_1_328' title='bbox 333 1848 447 1884; x_wconf 77' lang='grc' dir='ltr'>χορηγὸς</span> <span class='ocrx_word' id='word_1_329' title='bbox 459 1848 514 1884; x_wconf 90' lang='grc'>(88)</span> <span class='ocrx_word' id='word_1_330' title='bbox 529 1850 543 1876; x_wconf 87' lang='grc' dir='ltr'>ὁ</span> <span class='ocrx_word' id='word_1_331' title='bbox 554 1849 690 1882; x_wconf 84' lang='grc' dir='ltr'>Πλούτων,</span> <span class='ocrx_word' id='word_1_332' title='bbox 705 1851 766 1877; x_wconf 79' lang='grc' dir='ltr'>ὅταν</span> <span class='ocrx_word' id='word_1_333' title='bbox 781 1851 891 1888; x_wconf 77' lang='grc' dir='ltr'><strong>ἁρπάσῃ</strong></span> <span class='ocrx_word' id='word_1_334' title='bbox 905 1853 954 1887; x_wconf 75' lang='grc' dir='ltr'><strong>τὴν</strong></span> 
     </span>
    </p>
   </div>
   <div class='ocr_carea' id='block_1_42' title="bbox 165 1890 954 1932">
    <p class='ocr_par' dir='ltr' id='par_1_42' title="bbox 165 1890 954 1932">
     <span class='ocr_line' id='line_1_42' title="bbox 165 1890 954 1932; baseline 0.01 -16"><span class='ocrx_word' id='word_1_335' title='bbox 165 1890 267 1926; x_wconf 82' lang='grc' dir='ltr'>Κόρην.</span> <span class='ocrx_word' id='word_1_336' title='bbox 281 1892 374 1924; x_wconf 83' lang='grc' dir='ltr'>Ἀττις</span> <span class='ocrx_word' id='word_1_337' title='bbox 391 1893 480 1920; x_wconf 76' lang='grc' dir='ltr'>δὲκαὶ</span> <span class='ocrx_word' id='word_1_338' title='bbox 500 1894 613 1927; x_wconf 75' lang='grc' dir='ltr'>’Ἄδωνις</span> <span class='ocrx_word' id='word_1_339' title='bbox 635 1898 667 1931; x_wconf 79' lang='grc' dir='ltr'><strong>τῇ</strong></span> <span class='ocrx_word' id='word_1_340' title='bbox 687 1896 741 1923; x_wconf 82' lang='grc' dir='ltr'><strong>τῶν</strong></span> <span class='ocrx_word' id='word_1_341' title='bbox 767 1898 879 1932; x_wconf 84' lang='grc' dir='ltr'>καρπῶν</span> <span class='ocrx_word' id='word_1_342' title='bbox 900 1896 954 1924; x_wconf 78' lang='grc' dir='ltr'>εἷεν</span> 
     </span>
    </p>
   </div>
   <div class='ocr_carea' id='block_1_43' title="bbox 163 1937 954 1977">
    <p class='ocr_par' dir='ltr' id='par_1_43' title="bbox 163 1937 954 1977">
     <span class='ocr_line' id='line_1_43' title="bbox 163 1937 954 1977; baseline 0.009 -14"><span class='ocrx_word' id='word_1_343' title='bbox 163 1937 296 1974; x_wconf 76' lang='grc' dir='ltr'>ἀναλογίᾳ</span> <span class='ocrx_word' id='word_1_344' title='bbox 310 1940 502 1975; x_wconf 72' lang='grc' dir='ltr'>προσήκοντες.</span> <span class='ocrx_word' id='word_1_345' title='bbox 521 1940 588 1967; x_wconf 77' lang='grc' dir='ltr'>Ἀλλ’</span> <span class='ocrx_word' id='word_1_346' title='bbox 609 1941 623 1967; x_wconf 84' lang='grc' dir='ltr'>ὁ</span> <span class='ocrx_word' id='word_1_347' title='bbox 641 1942 689 1977; x_wconf 78' lang='grc' dir='ltr'><strong>μὲν</strong></span> <span class='ocrx_word' id='word_1_348' title='bbox 705 1942 795 1974; x_wconf 72' lang='grc' dir='ltr'>Ἄττις</span> <span class='ocrx_word' id='word_1_349' title='bbox 816 1943 868 1969; x_wconf 83' lang='grc' dir='ltr'><strong>τῶν</strong></span> <span class='ocrx_word' id='word_1_350' title='bbox 884 1944 954 1970; x_wconf 66' lang='grc' dir='ltr'>κατὰ</span> 
     </span>
    </p>
   </div>
   <div class='ocr_carea' id='block_1_44' title="bbox 162 1983 952 2025">
    <p class='ocr_par' dir='ltr' id='par_1_44' title="bbox 162 1983 952 2025">
     <span class='ocr_line' id='line_1_44' title="bbox 162 1983 952 2025; baseline 0.006 -14"><span class='ocrx_word' id='word_1_351' title='bbox 162 1983 195 2011; x_wconf 79' lang='grc' dir='ltr'>’τὺ</span> <span class='ocrx_word' id='word_1_352' title='bbox 208 1984 259 2020; x_wconf 74' lang='grc' dir='ltr'><strong>ἔαρ</strong></span> <span class='ocrx_word' id='word_1_353' title='bbox 275 1986 495 2021; x_wconf 81' lang='grc' dir='ltr'>προφαινομένων</span> <span class='ocrx_word' id='word_1_354' title='bbox 508 1986 604 2018; x_wconf 81' lang='grc' dir='ltr'><strong>ἀνθῶν,</strong></span> <span class='ocrx_word' id='word_1_355' title='bbox 623 1988 669 2014; x_wconf 81' lang='grc' dir='ltr'><strong>καὶ</strong></span> <span class='ocrx_word' id='word_1_356' title='bbox 683 1988 748 2023; x_wconf 77' lang='grc' dir='ltr'>πρὶν</span> <span class='ocrx_word' id='word_1_357' title='bbox 766 1989 952 2025; x_wconf 76' lang='grc' dir='ltr'>τελεσιογονῆ-</span> 
     </span>
    </p>
   </div>
   <div class='ocr_carea' id='block_1_45' title="bbox 166 2030 952 2068">
    <p class='ocr_par' dir='ltr' id='par_1_45' title="bbox 166 2030 952 2068">
     <span class='ocr_line' id='line_1_45' title="bbox 166 2030 952 2068; baseline 0.005 -12"><span class='ocrx_word' id='word_1_358' title='bbox 166 2039 211 2057; x_wconf 86' lang='grc' dir='ltr'><strong>σαι</strong></span> <span class='ocrx_word' id='word_1_359' title='bbox 234 2030 290 2066; x_wconf 81' lang='grc'><strong>(89)</strong></span> <span class='ocrx_word' id='word_1_360' title='bbox 309 2031 498 2067; x_wconf 75' lang='grc' dir='ltr'>διαρρεὁντων.</span> <span class='ocrx_word' id='word_1_361' title='bbox 521 2032 601 2058; x_wconf 81' lang='grc' dir='ltr'>Ὅθεν</span> <span class='ocrx_word' id='word_1_362' title='bbox 627 2033 673 2059; x_wconf 72' lang='grc' dir='ltr'>καὶ</span> <span class='ocrx_word' id='word_1_363' title='bbox 702 2033 750 2068; x_wconf 75' lang='grc' dir='ltr'><strong>τὴν</strong></span> <span class='ocrx_word' id='word_1_364' title='bbox 767 2033 819 2060; x_wconf 85' lang='grc' dir='ltr'>τῶν</span> <span class='ocrx_word' id='word_1_365' title='bbox 847 2034 952 2060; x_wconf 79' lang='grc' dir='ltr'>αἰδοίων</span> 
     </span>
    </p>
   </div>
   <div class='ocr_carea' id='block_1_46' title="bbox 163 2076 952 2113">
    <p class='ocr_par' dir='ltr' id='par_1_46' title="bbox 163 2076 952 2113">
     <span class='ocr_line' id='line_1_46' title="bbox 163 2076 952 2113; baseline 0.005 -11"><span class='ocrx_word' id='word_1_366' title='bbox 163 2076 305 2112; x_wconf 77' lang='grc' dir='ltr'>ἀποκοπὴν</span> <span class='ocrx_word' id='word_1_367' title='bbox 321 2077 394 2112; x_wconf 81' lang='grc' dir='ltr'>αὐτῷ</span> <span class='ocrx_word' id='word_1_368' title='bbox 410 2077 620 2112; x_wconf 75' lang='grc' dir='ltr'>προσανέθεσαν,</span> <span class='ocrx_word' id='word_1_369' title='bbox 639 2077 676 2113; x_wconf 86' lang='grc' dir='ltr'>μὴ</span> <span class='ocrx_word' id='word_1_370' title='bbox 692 2078 851 2113; x_wconf 78' lang='grc' dir='ltr'><strong>φθασάντων</strong></span> <span class='ocrx_word' id='word_1_371' title='bbox 867 2079 952 2106; x_wconf 82' lang='grc' dir='ltr'>ἐλθεῖν</span> 
     </span>
    </p>
   </div>
   <div class='ocr_carea' id='block_1_47' title="bbox 163 2120 951 2157">
    <p class='ocr_par' dir='ltr' id='par_1_47' title="bbox 163 2120 951 2157">
     <span class='ocr_line' id='line_1_47' title="bbox 163 2120 951 2157; baseline 0.004 -10"><span class='ocrx_word' id='word_1_372' title='bbox 163 2120 218 2147; x_wconf 81' lang='grc' dir='ltr'>τῶν</span> <span class='ocrx_word' id='word_1_373' title='bbox 238 2120 351 2156; x_wconf 85' lang='grc' dir='ltr'>καρπῶν</span> <span class='ocrx_word' id='word_1_374' title='bbox 375 2121 415 2152; x_wconf 86' lang='grc' dir='ltr'><strong>εἰς</strong></span> <span class='ocrx_word' id='word_1_375' title='bbox 436 2120 482 2156; x_wconf 81' lang='grc' dir='ltr'>τὴν</span> <span class='ocrx_word' id='word_1_376' title='bbox 507 2122 693 2157; x_wconf 81' lang='grc' dir='ltr'>σπερματικὴν</span> <span class='ocrx_word' id='word_1_377' title='bbox 719 2122 865 2150; x_wconf 79' lang='grc' dir='ltr'><strong>τελείωσιν·</strong></span> <span class='ocrx_word' id='word_1_378' title='bbox 886 2125 900 2150; x_wconf 81' lang='grc' dir='ltr'>ὁ</span> <span class='ocrx_word' id='word_1_379' title='bbox 924 2124 951 2150; x_wconf 81' lang='grc' dir='ltr'><strong>δὲ</strong></span> 
     </span>
    </p>
   </div>
   <div class='ocr_carea' id='block_1_48' title="bbox 167 2164 948 2202">
    <p class='ocr_par' dir='ltr' id='par_1_48' title="bbox 167 2164 948 2202">
     <span class='ocr_line' id='line_1_48' title="bbox 167 2164 948 2202; baseline 0.005 -11"><span class='ocrx_word' id='word_1_380' title='bbox 167 2164 282 2197; x_wconf 79' lang='grc' dir='ltr'>Ἄδωνις</span> <span class='ocrx_word' id='word_1_381' title='bbox 294 2165 343 2200; x_wconf 87' lang='grc' dir='ltr'>τῆς</span> <span class='ocrx_word' id='word_1_382' title='bbox 358 2165 412 2191; x_wconf 82' lang='grc' dir='ltr'>τῶν</span> <span class='ocrx_word' id='word_1_383' title='bbox 427 2165 535 2192; x_wconf 76' lang='grc' dir='ltr'><strong>τελείων</strong></span> <span class='ocrx_word' id='word_1_384' title='bbox 548 2166 660 2202; x_wconf 83' lang='grc' dir='ltr'>καρπῶν</span> <span class='ocrx_word' id='word_1_385' title='bbox 674 2167 793 2201; x_wconf 82' lang='grc' dir='ltr'>ὲκτομῆς</span> <span class='ocrx_word' id='word_1_386' title='bbox 808 2166 948 2202; x_wconf 75' lang='grc' dir='ltr'>σύμϐολον.</span> 
     </span>
    </p>
   </div>
   <div class='ocr_carea' id='block_1_49' title="bbox 980 879 998 906">
    <p class='ocr_par' dir='ltr' id='par_1_49' title="bbox 980 879 998 906">
     <span class='ocr_line' id='line_1_49' title="bbox 980 879 998 906; baseline -0.111 0"><span class='ocrx_word' id='word_1_387' title='bbox 980 879 998 906; x_wconf 73' lang='lat' dir='ltr'><strong>lt</strong></span> 
     </span>
    </p>
   </div>
   <div class='ocr_carea' id='block_1_50' title="bbox 970 1549 990 1577">
    <p class='ocr_par' dir='ltr' id='par_1_50' title="bbox 970 1549 990 1577">
     <span class='ocr_line' id='line_1_50' title="bbox 970 1549 990 1577; baseline 0 0"><span class='ocrx_word' id='word_1_388' title='bbox 970 1549 990 1577; x_wconf 86' lang='lat' dir='ltr'><strong><em>C</em></strong></span> 
     </span>
    </p>
   </div>
   <div class='ocr_carea' id='block_1_51' title="bbox 1022 252 1802 290">
    <p class='ocr_par' dir='ltr' id='par_1_51' title="bbox 1022 252 1802 290">
     <span class='ocr_line' id='line_1_51' title="bbox 1022 252 1802 290; baseline -0.001 -9"><span class='ocrx_word' id='word_1_389' title='bbox 1022 255 1048 281; x_wconf 95' lang='lat' dir='ltr'><strong>in</strong></span> <span class='ocrx_word' id='word_1_390' title='bbox 1069 260 1176 281; x_wconf 87' lang='lat' dir='ltr'><strong>terrena</strong></span> <span class='ocrx_word' id='word_1_391' title='bbox 1187 254 1212 281; x_wconf 91' lang='lat' dir='ltr'><strong>vi</strong></span> <span class='ocrx_word' id='word_1_392' title='bbox 1229 254 1356 289; x_wconf 78' lang='lat' dir='ltr'><strong>princeps</strong></span> <span class='ocrx_word' id='word_1_393' title='bbox 1369 259 1451 289; x_wconf 83' lang='lat' dir='ltr'><strong>alque</strong></span> <span class='ocrx_word' id='word_1_394' title='bbox 1465 254 1638 290; x_wconf 87' lang='lat' dir='ltr'><strong>primarium,</strong></span> <span class='ocrx_word' id='word_1_395' title='bbox 1657 252 1735 281; x_wconf 75' lang='lat' dir='ltr'><strong>Vesta</strong></span> <span class='ocrx_word' id='word_1_396' title='bbox 1752 261 1802 280; x_wconf 92' lang='lat' dir='ltr'><strong>no-</strong></span> 
     </span>
    </p>
   </div>
   <div class='ocr_carea' id='block_1_52' title="bbox 1020 299 1801 336">
    <p class='ocr_par' dir='ltr' id='par_1_52' title="bbox 1020 299 1801 336">
     <span class='ocr_line' id='line_1_52' title="bbox 1020 299 1801 336; baseline 0 -10"><span class='ocrx_word' id='word_1_397' title='bbox 1020 300 1149 332; x_wconf 80' lang='lat' dir='ltr'><strong>minatur,</strong></span> <span class='ocrx_word' id='word_1_398' title='bbox 1168 299 1247 334; x_wconf 88' lang='lat' dir='ltr'><strong>cujus</strong></span> <span class='ocrx_word' id='word_1_399' title='bbox 1265 299 1443 327; x_wconf 79' lang='lat' dir='ltr'><strong>simulacrum</strong></span> <span class='ocrx_word' id='word_1_400' title='bbox 1459 299 1578 336; x_wconf 72' lang='lat' dir='ltr'><strong>virginea</strong></span> <span class='ocrx_word' id='word_1_401' title='bbox 1604 299 1694 334; x_wconf 83' lang='lat' dir='ltr'><strong>specie</strong></span> <span class='ocrx_word' id='word_1_402' title='bbox 1723 299 1801 334; x_wconf 79' lang='lat' dir='ltr'><strong>juxta</strong></span> 
     </span>
    </p>
   </div>
   <div class='ocr_carea' id='block_1_53' title="bbox 1021 343 1802 379">
    <p class='ocr_par' dir='ltr' id='par_1_53' title="bbox 1021 343 1802 379">
     <span class='ocr_line' id='line_1_53' title="bbox 1021 343 1802 379; baseline -0.001 -8"><span class='ocrx_word' id='word_1_403' title='bbox 1021 345 1109 371; x_wconf 81' lang='lat' dir='ltr'><strong>focum</strong></span> <span class='ocrx_word' id='word_1_404' title='bbox 1124 343 1235 370; x_wconf 82' lang='lat' dir='ltr'><strong>excitari</strong></span> <span class='ocrx_word' id='word_1_405' title='bbox 1251 344 1434 379; x_wconf 80' lang='lat' dir='ltr'><strong>collocarique</strong></span> <span class='ocrx_word' id='word_1_406' title='bbox 1446 344 1514 372; x_wconf 87' lang='lat' dir='ltr'><strong>solet</strong></span> <span class='ocrx_word' id='word_1_407' title='bbox 1528 353 1536 372; x_wconf 83' lang='lat'><strong>:</strong></span> <span class='ocrx_word' id='word_1_408' title='bbox 1551 348 1687 379; x_wconf 87' lang='lat' dir='ltr'><strong>quatenus</strong></span> <span class='ocrx_word' id='word_1_409' title='bbox 1708 348 1802 371; x_wconf 88' lang='lat' dir='ltr'><strong>autem</strong></span> 
     </span>
    </p>
   </div>
   <div class='ocr_carea' id='block_1_54' title="bbox 1019 388 1801 420">
    <p class='ocr_par' dir='ltr' id='par_1_54' title="bbox 1019 388 1801 420">
     <span class='ocr_line' id='line_1_54' title="bbox 1019 388 1801 420; baseline -0.001 -4"><span class='ocrx_word' id='word_1_410' title='bbox 1019 389 1134 417; x_wconf 79' lang='lat' dir='ltr'><strong>fecunda</strong></span> <span class='ocrx_word' id='word_1_411' title='bbox 1152 389 1193 415; x_wconf 87' lang='lat' dir='ltr'><strong>vis</strong></span> <span class='ocrx_word' id='word_1_412' title='bbox 1208 388 1253 415; x_wconf 91' lang='lat' dir='ltr'><strong>illa</strong></span> <span class='ocrx_word' id='word_1_413' title='bbox 1268 393 1319 420; x_wconf 87' lang='lat' dir='ltr'><strong>est.</strong></span> <span class='ocrx_word' id='word_1_414' title='bbox 1334 389 1456 418; x_wconf 82' lang='lat' dir='ltr'><strong>eamdem</strong></span> <span class='ocrx_word' id='word_1_415' title='bbox 1485 389 1682 417; x_wconf 86' lang='lat' dir='ltr'><strong>uberumtenus</strong></span> <span class='ocrx_word' id='word_1_416' title='bbox 1702 389 1801 416; x_wconf 85' lang='lat' dir='ltr'><strong>mulie-</strong></span> 
     </span>
    </p>
   </div>
   <div class='ocr_carea' id='block_1_55' title="bbox 1020 433 1802 469">
    <p class='ocr_par' dir='ltr' id='par_1_55' title="bbox 1020 433 1802 469">
     <span class='ocr_line' id='line_1_55' title="bbox 1020 433 1802 469; baseline -0.003 -7"><span class='ocrx_word' id='word_1_417' title='bbox 1020 435 1059 462; x_wconf 84' lang='lat' dir='ltr'><strong>bii</strong></span> <span class='ocrx_word' id='word_1_418' title='bbox 1081 434 1166 461; x_wconf 82' lang='lat' dir='ltr'><strong>forma</strong></span> <span class='ocrx_word' id='word_1_419' title='bbox 1180 442 1337 469; x_wconf 76' lang='lat' dir='ltr'><strong>expressam</strong></span> <span class='ocrx_word' id='word_1_420' title='bbox 1353 435 1506 462; x_wconf 84' lang='lat' dir='ltr'><strong>voluerunt.</strong></span> <span class='ocrx_word' id='word_1_421' title='bbox 1526 433 1559 461; x_wconf 86' lang='lat' dir='ltr'><strong>Et</strong></span> <span class='ocrx_word' id='word_1_422' title='bbox 1581 433 1667 469; x_wconf 87' lang='lat' dir='ltr'><strong>Opem</strong></span> <span class='ocrx_word' id='word_1_423' title='bbox 1690 434 1802 469; x_wconf 84' lang='lat' dir='ltr'><strong>quidem</strong></span> 
     </span>
    </p>
   </div>
   <div class='ocr_carea' id='block_1_56' title="bbox 1019 479 1802 515">
    <p class='ocr_par' dir='ltr' id='par_1_56' title="bbox 1019 479 1802 515">
     <span class='ocr_line' id='line_1_56' title="bbox 1019 479 1802 515; baseline 0.003 -9"><span class='ocrx_word' id='word_1_424' title='bbox 1019 480 1133 515; x_wconf 79' lang='lat' dir='ltr'><strong>lapidesi</strong></span> <span class='ocrx_word' id='word_1_425' title='bbox 1152 487 1183 507; x_wconf 84' lang='lat' dir='ltr'><strong>ac</strong></span> <span class='ocrx_word' id='word_1_426' title='bbox 1197 480 1328 512; x_wconf 89' lang='lat' dir='ltr'><strong>montani,</strong></span> <span class='ocrx_word' id='word_1_427' title='bbox 1346 480 1473 507; x_wconf 81' lang='lat' dir='ltr'><strong>Cererem</strong></span> <span class='ocrx_word' id='word_1_428' title='bbox 1489 487 1554 508; x_wconf 87' lang='lat' dir='ltr'><strong>vero</strong></span> <span class='ocrx_word' id='word_1_429' title='bbox 1577 480 1650 515; x_wconf 86' lang='lat' dir='ltr'><strong>plani</strong></span> <span class='ocrx_word' id='word_1_430' title='bbox 1664 479 1802 515; x_wconf 85' lang='lat' dir='ltr'><strong>ejusdem-</strong></span> 
     </span>
    </p>
   </div>
   <div class='ocr_carea' id='block_1_57' title="bbox 1017 525 1801 561">
    <p class='ocr_par' dir='ltr' id='par_1_57' title="bbox 1017 525 1801 561">
     <span class='ocr_line' id='line_1_57' title="bbox 1017 525 1801 561; baseline 0.003 -8"><span class='ocrx_word' id='word_1_431' title='bbox 1017 534 1070 561; x_wconf 89' lang='lat' dir='ltr'><strong>que</strong></span> <span class='ocrx_word' id='word_1_432' title='bbox 1083 526 1180 554; x_wconf 73' lang='lat' dir='ltr'><strong>ferac‘s</strong></span> <span class='ocrx_word' id='word_1_433' title='bbox 1197 527 1246 553; x_wconf 87' lang='lat' dir='ltr'><strong>soli</strong></span> <span class='ocrx_word' id='word_1_434' title='bbox 1272 527 1326 553; x_wconf 87' lang='lat' dir='ltr'><strong>vim</strong></span> <span class='ocrx_word' id='word_1_435' title='bbox 1347 526 1526 561; x_wconf 89' lang='lat' dir='ltr'><strong>appellarunt.</strong></span> <span class='ocrx_word' id='word_1_436' title='bbox 1550 525 1617 553; x_wconf 81' lang='lat' dir='ltr'><strong>Nam</strong></span> <span class='ocrx_word' id='word_1_437' title='bbox 1634 525 1718 554; x_wconf 78' lang='lat' dir='ltr'><strong>Ceres</strong></span> <span class='ocrx_word' id='word_1_438' title='bbox 1737 535 1801 555; x_wconf 87' lang='lat' dir='ltr'><strong>cum</strong></span> 
     </span>
    </p>
   </div>
   <div class='ocr_carea' id='block_1_58' title="bbox 1016 572 1800 607">
    <p class='ocr_par' dir='ltr' id='par_1_58' title="bbox 1016 572 1800 607">
     <span class='ocr_line' id='line_1_58' title="bbox 1016 572 1800 607; baseline 0 -8"><span class='ocrx_word' id='word_1_439' title='bbox 1016 578 1111 599; x_wconf 71' lang='lat' dir='ltr'><strong>caetera</strong></span> <span class='ocrx_word' id='word_1_440' title='bbox 1134 573 1212 607; x_wconf 83' lang='lat' dir='ltr'><strong>plane.</strong></span> <span class='ocrx_word' id='word_1_441' title='bbox 1233 574 1324 600; x_wconf 86' lang='lat' dir='ltr'><strong>omnia</strong></span> <span class='ocrx_word' id='word_1_442' title='bbox 1347 579 1408 599; x_wconf 90' lang='lat' dir='ltr'><strong>cum</strong></span> <span class='ocrx_word' id='word_1_443' title='bbox 1430 572 1486 606; x_wconf 88' lang='lat' dir='ltr'><strong>Ope</strong></span> <span class='ocrx_word' id='word_1_444' title='bbox 1509 573 1666 600; x_wconf 85' lang='lat' dir='ltr'><strong>communia</strong></span> <span class='ocrx_word' id='word_1_445' title='bbox 1691 572 1800 604; x_wconf 80' lang='lat' dir='ltr'><strong>habeat,</strong></span> 
     </span>
    </p>
   </div>
   <div class='ocr_carea' id='block_1_59' title="bbox 1017 617 1802 654">
    <p class='ocr_par' dir='ltr' id='par_1_59' title="bbox 1017 617 1802 654">
     <span class='ocr_line' id='line_1_59' title="bbox 1017 617 1802 654; baseline 0.003 -10"><span class='ocrx_word' id='word_1_446' title='bbox 1017 623 1073 644; x_wconf 90' lang='lat' dir='ltr'><strong>tum</strong></span> <span class='ocrx_word' id='word_1_447' title='bbox 1090 619 1140 645; x_wconf 90' lang='lat' dir='ltr'><strong>hoc</strong></span> <span class='ocrx_word' id='word_1_448' title='bbox 1153 618 1188 646; x_wconf 90' lang='lat' dir='ltr'><strong>ab</strong></span> <span class='ocrx_word' id='word_1_449' title='bbox 1201 618 1246 644; x_wconf 91' lang='lat' dir='ltr'><strong>illa</strong></span> <span class='ocrx_word' id='word_1_450' title='bbox 1261 617 1364 649; x_wconf 79' lang='lat' dir='ltr'><strong>diﬂ‘ert,</strong></span> <span class='ocrx_word' id='word_1_451' title='bbox 1375 617 1447 651; x_wconf 90' lang='lat' dir='ltr'><strong>quod</strong></span> <span class='ocrx_word' id='word_1_452' title='bbox 1464 618 1521 652; x_wconf 86' lang='lat' dir='ltr'><strong>ipsa</strong></span> <span class='ocrx_word' id='word_1_453' title='bbox 1539 618 1642 654; x_wconf 84' lang='grc' dir='ltr'><strong>Κόρην,</strong></span> <span class='ocrx_word' id='word_1_454' title='bbox 1659 617 1802 654; x_wconf 85' lang='lat' dir='ltr'><strong>Proserpi-</strong></span> 
     </span>
    </p>
   </div>
   <div class='ocr_carea' id='block_1_60' title="bbox 1017 662 1800 698">
    <p class='ocr_par' dir='ltr' id='par_1_60' title="bbox 1017 662 1800 698">
     <span class='ocr_line' id='line_1_60' title="bbox 1017 662 1800 698; baseline 0.001 -8"><span class='ocrx_word' id='word_1_455' title='bbox 1017 671 1079 690; x_wconf 86' lang='lat' dir='ltr'><strong>nam</strong></span> <span class='ocrx_word' id='word_1_456' title='bbox 1095 671 1126 691; x_wconf 79' lang='lat' dir='ltr'><strong>ex</strong></span> <span class='ocrx_word' id='word_1_457' title='bbox 1142 662 1219 695; x_wconf 87' lang='lat' dir='ltr'><strong>Jove,</strong></span> <span class='ocrx_word' id='word_1_458' title='bbox 1238 664 1289 690; x_wconf 88' lang='lat' dir='ltr'><strong>hoc</strong></span> <span class='ocrx_word' id='word_1_459' title='bbox 1310 668 1352 690; x_wconf 89' lang='lat' dir='ltr'><strong>est</strong></span> <span class='ocrx_word' id='word_1_460' title='bbox 1375 663 1465 698; x_wconf 76' lang='grc' dir='ltr'>κόρον,</span> <span class='ocrx_word' id='word_1_461' title='bbox 1479 669 1614 691; x_wconf 72' lang='lat' dir='ltr'><strong>recentem</strong></span> <span class='ocrx_word' id='word_1_462' title='bbox 1627 668 1654 691; x_wconf 87' lang='lat' dir='ltr'><strong>et</strong></span> <span class='ocrx_word' id='word_1_463' title='bbox 1669 664 1800 692; x_wconf 89' lang='lat' dir='ltr'><strong>tenellum</strong></span> 
     </span>
    </p>
   </div>
   <div class='ocr_carea' id='block_1_61' title="bbox 1015 709 1801 746">
    <p class='ocr_par' dir='ltr' id='par_1_61' title="bbox 1015 709 1801 746">
     <span class='ocr_line' id='line_1_61' title="bbox 1015 709 1801 746; baseline 0.004 -11"><span class='ocrx_word' id='word_1_464' title='bbox 1015 717 1048 735; x_wconf 82' lang='lat' dir='ltr'><strong>ex</strong></span> <span class='ocrx_word' id='word_1_465' title='bbox 1063 710 1226 736; x_wconf 83' lang='lat' dir='ltr'><strong>cremiorum</strong></span> <span class='ocrx_word' id='word_1_466' title='bbox 1245 717 1277 736; x_wconf 84' lang='lat' dir='ltr'><strong>ac</strong></span> <span class='ocrx_word' id='word_1_467' title='bbox 1300 713 1462 736; x_wconf 70' lang='lat' dir='ltr'><strong>czeterorum</strong></span> <span class='ocrx_word' id='word_1_468' title='bbox 1491 709 1649 744; x_wconf 88' lang='lat' dir='ltr'><strong>hujusmodi</strong></span> <span class='ocrx_word' id='word_1_469' title='bbox 1670 711 1801 746; x_wconf 81' lang='lat' dir='ltr'><strong>virgulto-</strong></span> 
     </span>
    </p>
   </div>
   <div class='ocr_carea' id='block_1_62' title="bbox 1014 755 1799 790">
    <p class='ocr_par' dir='ltr' id='par_1_62' title="bbox 1014 755 1799 790">
     <span class='ocr_line' id='line_1_62' title="bbox 1014 755 1799 790; baseline 0.004 -9"><span class='ocrx_word' id='word_1_470' title='bbox 1014 762 1074 781; x_wconf 87' lang='lat' dir='ltr'><strong>rum</strong></span> <span class='ocrx_word' id='word_1_471' title='bbox 1093 755 1243 782; x_wconf 84' lang='lat' dir='ltr'><strong>seminibus</strong></span> <span class='ocrx_word' id='word_1_472' title='bbox 1268 762 1373 781; x_wconf 88' lang='lat' dir='ltr'><strong>rammn</strong></span> <span class='ocrx_word' id='word_1_473' title='bbox 1395 755 1493 781; x_wconf 88' lang='lat' dir='ltr'><strong>educat</strong></span> <span class='ocrx_word' id='word_1_474' title='bbox 1514 764 1520 781; x_wconf 93' lang='lat'><strong>:</strong></span> <span class='ocrx_word' id='word_1_475' title='bbox 1547 763 1607 790; x_wconf 69' lang='lat' dir='ltr'><strong>qua:</strong></span> <span class='ocrx_word' id='word_1_476' title='bbox 1620 764 1702 784; x_wconf 77' lang='lat' dir='ltr'><strong>causa</strong></span> <span class='ocrx_word' id='word_1_477' title='bbox 1716 757 1799 785; x_wconf 88' lang='lat' dir='ltr'><strong>etiam</strong></span> 
     </span>
    </p>
   </div>
   <div class='ocr_carea' id='block_1_63' title="bbox 1014 800 1799 836">
    <p class='ocr_par' dir='ltr' id='par_1_63' title="bbox 1014 800 1799 836">
     <span class='ocr_line' id='line_1_63' title="bbox 1014 800 1799 836; baseline 0.005 -9"><span class='ocrx_word' id='word_1_478' title='bbox 1014 806 1065 831; x_wconf 88' lang='lat' dir='ltr'><strong>est.</strong></span> <span class='ocrx_word' id='word_1_479' title='bbox 1085 800 1262 835; x_wconf 78' lang='lat' dir='ltr'><strong>quamobrem</strong></span> <span class='ocrx_word' id='word_1_480' title='bbox 1278 801 1363 835; x_wconf 88' lang='lat' dir='ltr'><strong>ipsius</strong></span> <span class='ocrx_word' id='word_1_481' title='bbox 1377 800 1478 835; x_wconf 81' lang='lat' dir='ltr'><strong>elligies</strong></span> <span class='ocrx_word' id='word_1_482' title='bbox 1495 802 1577 836; x_wconf 86' lang='lat' dir='ltr'><strong>spicis</strong></span> <span class='ocrx_word' id='word_1_483' title='bbox 1593 808 1750 835; x_wconf 76' lang='lat' dir='ltr'><strong>coronetur,</strong></span> <span class='ocrx_word' id='word_1_484' title='bbox 1766 811 1799 832; x_wconf 86' lang='lat' dir='ltr'><strong>ac</strong></span> 
     </span>
    </p>
   </div>
   <div class='ocr_carea' id='block_1_64' title="bbox 1013 846 1798 884">
    <p class='ocr_par' dir='ltr' id='par_1_64' title="bbox 1013 846 1798 884">
     <span class='ocr_line' id='line_1_64' title="bbox 1013 846 1798 884; baseline 0.006 -12"><span class='ocrx_word' id='word_1_485' title='bbox 1013 846 1211 880; x_wconf 79' lang='lat' dir='ltr'><strong>papaveribus,</strong></span> <span class='ocrx_word' id='word_1_486' title='bbox 1246 854 1307 880; x_wconf 63' lang='lat' dir='ltr'><strong>qua;</strong></span> <span class='ocrx_word' id='word_1_487' title='bbox 1340 854 1445 881; x_wconf 58' lang='lat' dir='ltr'><strong>magnae</strong></span> <span class='ocrx_word' id='word_1_488' title='bbox 1476 846 1650 876; x_wconf 72' lang='lat' dir='ltr'><strong>fecunditatis</strong></span> <span class='ocrx_word' id='word_1_489' title='bbox 1674 849 1798 884; x_wconf 59' lang='lat' dir='ltr'><strong>symbol:</strong></span> 
     </span>
    </p>
   </div>
   <div class='ocr_carea' id='block_1_65' title="bbox 1013 891 1797 929">
    <p class='ocr_par' dir='ltr' id='par_1_65' title="bbox 1013 891 1797 929">
     <span class='ocr_line' id='line_1_65' title="bbox 1013 891 1797 929; baseline 0.008 -12"><span class='ocrx_word' id='word_1_490' title='bbox 1013 896 1086 924; x_wconf 86' lang='lat' dir='ltr'><strong>sunt,</strong></span> <span class='ocrx_word' id='word_1_491' title='bbox 1112 891 1257 919; x_wconf 87' lang='lat' dir='ltr'><strong>ambiatur.</strong></span> <span class='ocrx_word' id='word_1_492' title='bbox 1281 902 1290 917; x_wconf 75' lang='grc' dir='ltr'><strong>ι</strong></span> <span class='ocrx_word' id='word_1_493' title='bbox 1325 891 1374 918; x_wconf 89' lang='lat' dir='ltr'><strong>llic</strong></span> <span class='ocrx_word' id='word_1_494' title='bbox 1402 900 1511 920; x_wconf 89' lang='lat' dir='ltr'><strong>rursum</strong></span> <span class='ocrx_word' id='word_1_495' title='bbox 1535 893 1654 926; x_wconf 71' lang='lat' dir='ltr'><strong>videsis,</strong></span> <span class='ocrx_word' id='word_1_496' title='bbox 1684 895 1797 929; x_wconf 79' lang='lat' dir='ltr'><strong>amabo,</strong></span> 
     </span>
    </p>
   </div>
   <div class='ocr_carea' id='block_1_66' title="bbox 1012 935 1793 973">
    <p class='ocr_par' dir='ltr' id='par_1_66' title="bbox 1012 935 1793 973">
     <span class='ocr_line' id='line_1_66' title="bbox 1012 935 1793 973; baseline 0.005 -10"><span class='ocrx_word' id='word_1_497' title='bbox 1012 937 1239 971; x_wconf 84' lang='lat' dir='ltr'><strong>quemadmodum</strong></span> <span class='ocrx_word' id='word_1_498' title='bbox 1256 937 1306 964; x_wconf 81' lang='lat' dir='ltr'><strong>iste</strong></span> <span class='ocrx_word' id='word_1_499' title='bbox 1319 935 1403 971; x_wconf 86' lang='lat' dir='ltr'><strong>Opem</strong></span> <span class='ocrx_word' id='word_1_500' title='bbox 1414 937 1498 970; x_wconf 88' lang='lat' dir='ltr'><strong>illam,</strong></span> <span class='ocrx_word' id='word_1_501' title='bbox 1513 946 1584 973; x_wconf 67' lang='lat' dir='ltr'><strong>quae,</strong></span> <span class='ocrx_word' id='word_1_502' title='bbox 1602 946 1664 966; x_wconf 91' lang='lat' dir='ltr'><strong>cum</strong></span> <span class='ocrx_word' id='word_1_503' title='bbox 1680 944 1793 968; x_wconf 65' lang='lat' dir='ltr'><strong>caetero-</strong></span> 
     </span>
    </p>
   </div>
   <div class='ocr_carea' id='block_1_67' title="bbox 1012 983 1797 1020">
    <p class='ocr_par' dir='ltr' id='par_1_67' title="bbox 1012 983 1797 1020">
     <span class='ocr_line' id='line_1_67' title="bbox 1012 983 1797 1020; baseline 0.006 -11"><span class='ocrx_word' id='word_1_504' title='bbox 1012 990 1072 1009; x_wconf 92' lang='lat' dir='ltr'><strong>rum</strong></span> <span class='ocrx_word' id='word_1_505' title='bbox 1089 984 1232 1010; x_wconf 90' lang='lat' dir='ltr'><strong>numinum</strong></span> <span class='ocrx_word' id='word_1_506' title='bbox 1248 1003 1254 1014; x_wconf 90' lang='lat'><strong>,</strong></span> <span class='ocrx_word' id='word_1_507' title='bbox 1269 987 1326 1010; x_wconf 92' lang='lat' dir='ltr'><strong>tum</strong></span> <span class='ocrx_word' id='word_1_508' title='bbox 1344 983 1429 1017; x_wconf 82' lang='lat' dir='ltr'><strong>ipsius</strong></span> <span class='ocrx_word' id='word_1_509' title='bbox 1441 983 1517 1011; x_wconf 84' lang='lat' dir='ltr'><strong>Jovis</strong></span> <span class='ocrx_word' id='word_1_510' title='bbox 1533 990 1621 1012; x_wconf 90' lang='lat' dir='ltr'><strong>mater</strong></span> <span class='ocrx_word' id='word_1_511' title='bbox 1635 986 1797 1020; x_wconf 85' lang='lat' dir='ltr'><strong>appellatur,</strong></span> 
     </span>
    </p>
   </div>
   <div class='ocr_carea' id='block_1_68' title="bbox 1011 1028 1798 1067">
    <p class='ocr_par' dir='ltr' id='par_1_68' title="bbox 1011 1028 1798 1067">
     <span class='ocr_line' id='line_1_68' title="bbox 1011 1028 1798 1067; baseline 0.005 -13"><span class='ocrx_word' id='word_1_512' title='bbox 1011 1028 1140 1054; x_wconf 86' lang='lat' dir='ltr'><strong>deorsum</strong></span> <span class='ocrx_word' id='word_1_513' title='bbox 1167 1028 1193 1055; x_wconf 90' lang='lat' dir='ltr'><strong>in</strong></span> <span class='ocrx_word' id='word_1_514' title='bbox 1222 1036 1288 1055; x_wconf 78' lang='lat' dir='ltr'><strong>saxa</strong></span> <span class='ocrx_word' id='word_1_515' title='bbox 1315 1033 1470 1063; x_wconf 88' lang='lat' dir='ltr'><strong>terramque</strong></span> <span class='ocrx_word' id='word_1_516' title='bbox 1488 1030 1627 1064; x_wconf 86' lang='lat' dir='ltr'><strong>abjecerit,</strong></span> <span class='ocrx_word' id='word_1_517' title='bbox 1652 1032 1798 1067; x_wconf 87' lang='lat' dir='ltr'><strong>omniaque</strong></span> 
     </span>
    </p>
   </div>
   <div class='ocr_carea' id='block_1_69' title="bbox 1011 1074 1797 1109">
    <p class='ocr_par' dir='ltr' id='par_1_69' title="bbox 1011 1074 1797 1109">
     <span class='ocr_line' id='line_1_69' title="bbox 1011 1074 1797 1109; baseline 0.008 -9"><span class='ocrx_word' id='word_1_518' title='bbox 1011 1074 1129 1101; x_wconf 85' lang='lat' dir='ltr'><strong>miscens</strong></span> <span class='ocrx_word' id='word_1_519' title='bbox 1155 1079 1236 1109; x_wconf 90' lang='lat' dir='ltr'><strong>atque</strong></span> <span class='ocrx_word' id='word_1_520' title='bbox 1256 1074 1437 1108; x_wconf 81' lang='lat' dir='ltr'><strong>confundens,</strong></span> <span class='ocrx_word' id='word_1_521' title='bbox 1465 1077 1589 1104; x_wconf 84' lang='lat' dir='ltr'><strong>eamdem</strong></span> <span class='ocrx_word' id='word_1_522' title='bbox 1614 1077 1686 1104; x_wconf 88' lang='lat' dir='ltr'><strong>illam</strong></span> <span class='ocrx_word' id='word_1_523' title='bbox 1703 1078 1797 1106; x_wconf 74' lang='lat' dir='ltr'><strong>fecerit</strong></span> 
     </span>
    </p>
   </div>
   <div class='ocr_carea' id='block_1_70' title="bbox 1011 1119 1795 1160">
    <p class='ocr_par' dir='ltr' id='par_1_70' title="bbox 1011 1119 1795 1160">
     <span class='ocr_line' id='line_1_70' title="bbox 1011 1119 1795 1160; baseline 0.009 -14"><span class='ocrx_word' id='word_1_524' title='bbox 1011 1127 1092 1154; x_wconf 85' lang='lat' dir='ltr'><strong>quam</strong></span> <span class='ocrx_word' id='word_1_525' title='bbox 1107 1119 1247 1153; x_wconf 87' lang='lat' dir='ltr'><strong>Cererem,</strong></span> <span class='ocrx_word' id='word_1_526' title='bbox 1266 1121 1317 1148; x_wconf 86' lang='lat' dir='ltr'><strong>hoc</strong></span> <span class='ocrx_word' id='word_1_527' title='bbox 1333 1126 1437 1148; x_wconf 90' lang='lat' dir='ltr'><strong>tantum</strong></span> <span class='ocrx_word' id='word_1_528' title='bbox 1455 1122 1624 1154; x_wconf 82' lang='lat' dir='ltr'><strong>discrimine,</strong></span> <span class='ocrx_word' id='word_1_529' title='bbox 1655 1124 1728 1160; x_wconf 88' lang='lat' dir='ltr'><strong>quod</strong></span> <span class='ocrx_word' id='word_1_530' title='bbox 1742 1124 1795 1152; x_wconf 85' lang='lat' dir='ltr'><strong>Ce-</strong></span> 
     </span>
    </p>
   </div>
   <div class='ocr_carea' id='block_1_71' title="bbox 1011 1166 1794 1207">
    <p class='ocr_par' dir='ltr' id='par_1_71' title="bbox 1011 1166 1794 1207">
     <span class='ocr_line' id='line_1_71' title="bbox 1011 1166 1794 1207; baseline 0.009 -15"><span class='ocrx_word' id='word_1_531' title='bbox 1011 1173 1064 1198; x_wconf 89' lang='lat' dir='ltr'><strong>res,</strong></span> <span class='ocrx_word' id='word_1_532' title='bbox 1080 1166 1179 1202; x_wconf 88' lang='lat' dir='ltr'><strong>inquit,</strong></span> <span class='ocrx_word' id='word_1_533' title='bbox 1195 1166 1385 1202; x_wconf 86' lang='lat' dir='ltr'><strong>Proserpinam</strong></span> <span class='ocrx_word' id='word_1_534' title='bbox 1400 1175 1432 1196; x_wconf 77' lang='lat' dir='ltr'><strong>ex</strong></span> <span class='ocrx_word' id='word_1_535' title='bbox 1445 1168 1511 1197; x_wconf 85' lang='lat' dir='ltr'><strong>Jove</strong></span> <span class='ocrx_word' id='word_1_536' title='bbox 1537 1170 1634 1204; x_wconf 84' lang='lat' dir='ltr'><strong>pariat,</strong></span> <span class='ocrx_word' id='word_1_537' title='bbox 1657 1173 1794 1207; x_wconf 85' lang='lat' dir='ltr'><strong>quomodo</strong></span> 
     </span>
    </p>
   </div>
   <div class='ocr_carea' id='block_1_72' title="bbox 1010 1212 1794 1253">
    <p class='ocr_par' dir='ltr' id='par_1_72' title="bbox 1010 1212 1794 1253">
     <span class='ocr_line' id='line_1_72' title="bbox 1010 1212 1794 1253; baseline 0.008 -14"><span class='ocrx_word' id='word_1_538' title='bbox 1010 1212 1115 1240; x_wconf 82' lang='lat' dir='ltr'><strong>scilicet</strong></span> <span class='ocrx_word' id='word_1_539' title='bbox 1129 1213 1239 1247; x_wconf 89' lang='lat' dir='ltr'><strong>planum</strong></span> <span class='ocrx_word' id='word_1_540' title='bbox 1258 1217 1338 1241; x_wconf 71' lang='lat' dir='ltr'><strong>terra:</strong></span> <span class='ocrx_word' id='word_1_541' title='bbox 1351 1215 1440 1242; x_wconf 92' lang='lat' dir='ltr'><strong>solum</strong></span> <span class='ocrx_word' id='word_1_542' title='bbox 1454 1223 1488 1242; x_wconf 74' lang='lat' dir='ltr'><strong>ex</strong></span> <span class='ocrx_word' id='word_1_543' title='bbox 1504 1217 1669 1244; x_wconf 89' lang='lat' dir='ltr'><strong>cremiorum</strong></span> <span class='ocrx_word' id='word_1_544' title='bbox 1687 1218 1794 1253; x_wconf 76' lang='lat' dir='ltr'><strong>virgul-</strong></span> 
     </span>
    </p>
   </div>
   <div class='ocr_carea' id='block_1_73' title="bbox 1011 1259 1792 1297">
    <p class='ocr_par' dir='ltr' id='par_1_73' title="bbox 1011 1259 1792 1297">
     <span class='ocr_line' id='line_1_73' title="bbox 1011 1259 1792 1297; baseline 0.008 -12"><span class='ocrx_word' id='word_1_545' title='bbox 1011 1262 1154 1293; x_wconf 90' lang='lat' dir='ltr'><strong>torumque</strong></span> <span class='ocrx_word' id='word_1_546' title='bbox 1170 1259 1321 1288; x_wconf 89' lang='lat' dir='ltr'><strong>seminibus</strong></span> <span class='ocrx_word' id='word_1_547' title='bbox 1336 1269 1431 1289; x_wconf 78' lang='lat' dir='ltr'><strong>recens</strong></span> <span class='ocrx_word' id='word_1_548' title='bbox 1457 1268 1489 1288; x_wconf 87' lang='lat' dir='ltr'><strong>ac</strong></span> <span class='ocrx_word' id='word_1_549' title='bbox 1515 1262 1652 1290; x_wconf 83' lang='lat' dir='ltr'><strong>novellum</strong></span> <span class='ocrx_word' id='word_1_550' title='bbox 1680 1271 1792 1297; x_wconf 75' lang='lat' dir='ltr'><strong>germen</strong></span> 
     </span>
    </p>
   </div>
   <div class='ocr_carea' id='block_1_74' title="bbox 1008 1303 1793 1341">
    <p class='ocr_par' dir='ltr' id='par_1_74' title="bbox 1008 1303 1793 1341">
     <span class='ocr_line' id='line_1_74' title="bbox 1008 1303 1793 1341; baseline 0.009 -11"><span class='ocrx_word' id='word_1_551' title='bbox 1008 1303 1108 1331; x_wconf 86' lang='lat' dir='ltr'><strong>educit.</strong></span> <span class='ocrx_word' id='word_1_552' title='bbox 1133 1303 1202 1332; x_wconf 88' lang='lat' dir='ltr'><strong>Ecce</strong></span> <span class='ocrx_word' id='word_1_553' title='bbox 1224 1305 1273 1332; x_wconf 88' lang='lat' dir='ltr'><strong>tibi</strong></span> <span class='ocrx_word' id='word_1_554' title='bbox 1290 1305 1396 1341; x_wconf 80' lang='lat' dir='ltr'><strong>Jupiter</strong></span> <span class='ocrx_word' id='word_1_555' title='bbox 1413 1307 1441 1335; x_wconf 90' lang='lat' dir='ltr'><strong>in</strong></span> <span class='ocrx_word' id='word_1_556' title='bbox 1457 1308 1621 1334; x_wconf 87' lang='lat' dir='ltr'><strong>cremiorum</strong></span> <span class='ocrx_word' id='word_1_557' title='bbox 1651 1308 1733 1336; x_wconf 90' lang='lat' dir='ltr'><strong>etiam</strong></span> <span class='ocrx_word' id='word_1_558' title='bbox 1761 1317 1793 1337; x_wconf 89' lang='lat' dir='ltr'><strong>ac</strong></span> 
     </span>
    </p>
   </div>
   <div class='ocr_carea' id='block_1_75' title="bbox 1008 1349 1792 1389">
    <p class='ocr_par' dir='ltr' id='par_1_75' title="bbox 1008 1349 1792 1389">
     <span class='ocr_line' id='line_1_75' title="bbox 1008 1349 1792 1389; baseline 0.009 -14"><span class='ocrx_word' id='word_1_559' title='bbox 1008 1349 1186 1384; x_wconf 80' lang='lat' dir='ltr'><strong>virgultorum</strong></span> <span class='ocrx_word' id='word_1_560' title='bbox 1201 1351 1304 1378; x_wconf 89' lang='lat' dir='ltr'><strong>semina</strong></span> <span class='ocrx_word' id='word_1_561' title='bbox 1319 1358 1512 1380; x_wconf 86' lang='lat' dir='ltr'><strong>commutatus.</strong></span> <span class='ocrx_word' id='word_1_562' title='bbox 1530 1353 1643 1386; x_wconf 85' lang='lat' dir='ltr'><strong>Verum,</strong></span> <span class='ocrx_word' id='word_1_563' title='bbox 1657 1362 1718 1389; x_wconf 78' lang='lat' dir='ltr'><strong>qua:</strong></span> <span class='ocrx_word' id='word_1_564' title='bbox 1727 1355 1792 1382; x_wconf 89' lang='lat' dir='ltr'><strong>sub-</strong></span> 
     </span>
    </p>
   </div>
   <div class='ocr_carea' id='block_1_76' title="bbox 1007 1393 1791 1434">
    <p class='ocr_par' dir='ltr' id='par_1_76' title="bbox 1007 1393 1791 1434">
     <span class='ocr_line' id='line_1_76' title="bbox 1007 1393 1791 1434; baseline 0.01 -14"><span class='ocrx_word' id='word_1_565' title='bbox 1007 1393 1118 1428; x_wconf 83' lang='lat' dir='ltr'><strong>jungat,</strong></span> <span class='ocrx_word' id='word_1_566' title='bbox 1149 1395 1316 1424; x_wconf 86' lang='lat' dir='ltr'><strong>audiamus:</strong></span> <span class='ocrx_word' id='word_1_567' title='bbox 1343 1406 1352 1422; x_wconf 71' lang='grc' dir='ltr'><strong>ε</strong></span> <span class='ocrx_word' id='word_1_568' title='bbox 1374 1397 1407 1424; x_wconf 84' lang='lat' dir='ltr'><strong>Et</strong></span> <span class='ocrx_word' id='word_1_569' title='bbox 1422 1399 1563 1433; x_wconf 69' lang='lat' dir='ltr'><strong>quoruiam,</strong></span> <span class='ocrx_word' id='word_1_570' title='bbox 1578 1399 1676 1434; x_wconf 86' lang='lat' dir='ltr'><strong>inquit,</strong></span> <span class='ocrx_word' id='word_1_571' title='bbox 1696 1408 1791 1428; x_wconf 91' lang='lat' dir='ltr'><strong>eorum</strong></span> 
     </span>
    </p>
   </div>
   <div class='ocr_carea' id='block_1_77' title="bbox 1008 1440 1792 1480">
    <p class='ocr_par' dir='ltr' id='par_1_77' title="bbox 1008 1440 1792 1480">
     <span class='ocr_line' id='line_1_77' title="bbox 1008 1440 1792 1480; baseline 0.01 -15"><span class='ocrx_word' id='word_1_572' title='bbox 1008 1440 1153 1471; x_wconf 82' lang='lat' dir='ltr'><strong>seminum,</strong></span> <span class='ocrx_word' id='word_1_573' title='bbox 1169 1448 1230 1475; x_wconf 71' lang='lat' dir='ltr'><strong>qua:</strong></span> <span class='ocrx_word' id='word_1_574' title='bbox 1245 1447 1324 1470; x_wconf 63' lang='lat' dir='ltr'><strong>terrae</strong></span> <span class='ocrx_word' id='word_1_575' title='bbox 1341 1444 1559 1476; x_wconf 87' lang='lat' dir='ltr'><strong>committuntur,</strong></span> <span class='ocrx_word' id='word_1_576' title='bbox 1575 1445 1614 1471; x_wconf 75' lang='lat' dir='ltr'><strong>vis</strong></span> <span class='ocrx_word' id='word_1_577' title='bbox 1630 1446 1753 1480; x_wconf 73' lang='lat' dir='ltr'><strong>quazdam</strong></span> <span class='ocrx_word' id='word_1_578' title='bbox 1765 1451 1792 1473; x_wconf 90' lang='lat' dir='ltr'><strong>et</strong></span> 
     </span>
    </p>
   </div>
   <div class='ocr_carea' id='block_1_78' title="bbox 1007 1483 1789 1524">
    <p class='ocr_par' dir='ltr' id='par_1_78' title="bbox 1007 1483 1789 1524">
     <span class='ocr_line' id='line_1_78' title="bbox 1007 1483 1789 1524; baseline 0.009 -14"><span class='ocrx_word' id='word_1_579' title='bbox 1007 1483 1152 1512; x_wconf 81' lang='lat' dir='ltr'><strong>eﬂicacitas</strong></span> <span class='ocrx_word' id='word_1_580' title='bbox 1166 1490 1217 1518; x_wconf 92' lang='lat' dir='ltr'><strong>est,</strong></span> <span class='ocrx_word' id='word_1_581' title='bbox 1234 1495 1315 1522; x_wconf 88' lang='lat' dir='ltr'><strong>quam</strong></span> <span class='ocrx_word' id='word_1_582' title='bbox 1332 1488 1373 1515; x_wconf 89' lang='lat' dir='ltr'><strong>sol</strong></span> <span class='ocrx_word' id='word_1_583' title='bbox 1391 1489 1422 1515; x_wconf 89' lang='lat' dir='ltr'><strong>ad</strong></span> <span class='ocrx_word' id='word_1_584' title='bbox 1436 1488 1551 1516; x_wconf 80' lang='lat' dir='ltr'><strong>inferius</strong></span> <span class='ocrx_word' id='word_1_585' title='bbox 1568 1489 1789 1524; x_wconf 65' lang='lat' dir='ltr'><strong>hemisphazrium</strong></span> 
     </span>
    </p>
   </div>
   <div class='ocr_carea' id='block_1_79' title="bbox 1008 1530 1790 1565">
    <p class='ocr_par' dir='ltr' id='par_1_79' title="bbox 1008 1530 1790 1565">
     <span class='ocr_line' id='line_1_79' title="bbox 1008 1530 1790 1565; baseline 0.009 -9"><span class='ocrx_word' id='word_1_586' title='bbox 1008 1530 1198 1565; x_wconf 81' lang='lat' dir='ltr'><strong>progrediens,</strong></span> <span class='ocrx_word' id='word_1_587' title='bbox 1221 1532 1293 1559; x_wconf 89' lang='lat' dir='ltr'><strong>circa</strong></span> <span class='ocrx_word' id='word_1_588' title='bbox 1318 1532 1435 1561; x_wconf 80' lang='lat' dir='ltr'><strong>hiemale</strong></span> <span class='ocrx_word' id='word_1_589' title='bbox 1457 1533 1605 1561; x_wconf 87' lang='lat' dir='ltr'><strong>solstitium</strong></span> <span class='ocrx_word' id='word_1_590' title='bbox 1628 1542 1720 1562; x_wconf 84' lang='lat' dir='ltr'><strong>secum</strong></span> <span class='ocrx_word' id='word_1_591' title='bbox 1736 1544 1790 1564; x_wconf 89' lang='lat' dir='ltr'><strong>una</strong></span> 
     </span>
    </p>
   </div>
   <div class='ocr_carea' id='block_1_80' title="bbox 1007 1576 1788 1613">
    <p class='ocr_par' dir='ltr' id='par_1_80' title="bbox 1007 1576 1788 1613">
     <span class='ocr_line' id='line_1_80' title="bbox 1007 1576 1788 1613; baseline 0.009 -11"><span class='ocrx_word' id='word_1_592' title='bbox 1007 1576 1119 1609; x_wconf 80' lang='lat' dir='ltr'><strong>delerat,</strong></span> <span class='ocrx_word' id='word_1_593' title='bbox 1136 1576 1298 1612; x_wconf 83' lang='lat' dir='ltr'><strong>Proserpina</strong></span> <span class='ocrx_word' id='word_1_594' title='bbox 1317 1578 1427 1613; x_wconf 91' lang='lat' dir='ltr'><strong>quidem</strong></span> <span class='ocrx_word' id='word_1_595' title='bbox 1448 1579 1488 1606; x_wconf 81' lang='lat' dir='ltr'><strong>vis</strong></span> <span class='ocrx_word' id='word_1_596' title='bbox 1516 1580 1562 1607; x_wconf 90' lang='lat' dir='ltr'><strong>illa</strong></span> <span class='ocrx_word' id='word_1_597' title='bbox 1586 1585 1628 1608; x_wconf 84' lang='lat' dir='ltr'><strong>cst</strong></span> <span class='ocrx_word' id='word_1_598' title='bbox 1653 1581 1788 1609; x_wconf 88' lang='lat' dir='ltr'><strong>seminum</strong></span> 
     </span>
    </p>
   </div>
   <div class='ocr_carea' id='block_1_81' title="bbox 1007 1623 1789 1661">
    <p class='ocr_par' dir='ltr' id='par_1_81' title="bbox 1007 1623 1789 1661">
     <span class='ocr_line' id='line_1_81' title="bbox 1007 1623 1789 1661; baseline 0.006 -12"><span class='ocrx_word' id='word_1_599' title='bbox 1007 1623 1202 1657; x_wconf 79' lang='lat' dir='ltr'><strong>conservatrix,</strong></span> <span class='ocrx_word' id='word_1_600' title='bbox 1221 1624 1300 1652; x_wconf 80' lang='lat' dir='ltr'><strong>Pluto</strong></span> <span class='ocrx_word' id='word_1_601' title='bbox 1317 1632 1381 1652; x_wconf 82' lang='lat' dir='ltr'><strong>vero</strong></span> <span class='ocrx_word' id='word_1_602' title='bbox 1395 1625 1446 1659; x_wconf 87' lang='lat' dir='ltr'><strong>sol,</strong></span> <span class='ocrx_word' id='word_1_603' title='bbox 1463 1626 1509 1661; x_wconf 88' lang='lat' dir='ltr'><strong>qui</strong></span> <span class='ocrx_word' id='word_1_604' title='bbox 1523 1627 1596 1654; x_wconf 88' lang='lat' dir='ltr'><strong>circa</strong></span> <span class='ocrx_word' id='word_1_605' title='bbox 1613 1627 1718 1654; x_wconf 70' lang='lat' dir='ltr'><strong>bruma:</strong></span> <span class='ocrx_word' id='word_1_606' title='bbox 1735 1628 1789 1654; x_wconf 85' lang='lat' dir='ltr'><strong>sol-</strong></span> 
     </span>
    </p>
   </div>
   <div class='ocr_carea' id='block_1_82' title="bbox 1007 1669 1789 1708">
    <p class='ocr_par' dir='ltr' id='par_1_82' title="bbox 1007 1669 1789 1708">
     <span class='ocr_line' id='line_1_82' title="bbox 1007 1669 1789 1708; baseline 0.006 -13"><span class='ocrx_word' id='word_1_607' title='bbox 1007 1669 1122 1702; x_wconf 87' lang='lat' dir='ltr'><strong>stitium,</strong></span> <span class='ocrx_word' id='word_1_608' title='bbox 1136 1669 1187 1697; x_wconf 89' lang='lat' dir='ltr'><strong>sub</strong></span> <span class='ocrx_word' id='word_1_609' title='bbox 1203 1674 1303 1697; x_wconf 87' lang='lat' dir='ltr'><strong>terram</strong></span> <span class='ocrx_word' id='word_1_610' title='bbox 1330 1679 1498 1704; x_wconf 89' lang='lat' dir='ltr'><strong>commeans,</strong></span> <span class='ocrx_word' id='word_1_611' title='bbox 1524 1672 1652 1700; x_wconf 88' lang='lat' dir='ltr'><strong>latentem</strong></span> <span class='ocrx_word' id='word_1_612' title='bbox 1669 1678 1695 1700; x_wconf 87' lang='lat' dir='ltr'><strong>et</strong></span> <span class='ocrx_word' id='word_1_613' title='bbox 1711 1673 1789 1708; x_wconf 74' lang='lat' dir='ltr'><strong>igno-</strong></span> 
     </span>
    </p>
   </div>
   <div class='ocr_carea' id='block_1_83' title="bbox 1007 1715 1788 1754">
    <p class='ocr_par' dir='ltr' id='par_1_83' title="bbox 1007 1715 1788 1754">
     <span class='ocr_line' id='line_1_83' title="bbox 1007 1715 1788 1754; baseline 0.008 -14"><span class='ocrx_word' id='word_1_614' title='bbox 1007 1718 1062 1741; x_wconf 90' lang='lat' dir='ltr'><strong>tum</strong></span> <span class='ocrx_word' id='word_1_615' title='bbox 1078 1715 1172 1742; x_wconf 91' lang='lat' dir='ltr'><strong>orbem</strong></span> <span class='ocrx_word' id='word_1_616' title='bbox 1197 1715 1390 1743; x_wconf 89' lang='lat' dir='ltr'><strong>circumeundo</strong></span> <span class='ocrx_word' id='word_1_617' title='bbox 1405 1722 1540 1751; x_wconf 79' lang='lat' dir='ltr'><strong>peragrat.</strong></span> <span class='ocrx_word' id='word_1_618' title='bbox 1556 1719 1643 1754; x_wconf 76' lang='lat' dir='ltr'><strong>Atque</strong></span> <span class='ocrx_word' id='word_1_619' title='bbox 1664 1719 1707 1745; x_wconf 90' lang='lat' dir='ltr'><strong>his</strong></span> <span class='ocrx_word' id='word_1_620' title='bbox 1721 1718 1788 1746; x_wconf 86' lang='lat' dir='ltr'><strong>Pro-</strong></span> 
     </span>
    </p>
   </div>
   <div class='ocr_carea' id='block_1_84' title="bbox 1006 1761 1787 1799">
    <p class='ocr_par' dir='ltr' id='par_1_84' title="bbox 1006 1761 1787 1799">
     <span class='ocr_line' id='line_1_84' title="bbox 1006 1761 1787 1799; baseline 0.006 -12"><span class='ocrx_word' id='word_1_621' title='bbox 1006 1761 1142 1795; x_wconf 87' lang='lat' dir='ltr'><strong>serpinam</strong></span> <span class='ocrx_word' id='word_1_622' title='bbox 1160 1762 1284 1796; x_wconf 80' lang='lat' dir='ltr'><strong>rapuisse</strong></span> <span class='ocrx_word' id='word_1_623' title='bbox 1300 1767 1442 1797; x_wconf 84' lang='lat' dir='ltr'><strong>propterea</strong></span> <span class='ocrx_word' id='word_1_624' title='bbox 1466 1764 1576 1796; x_wconf 86' lang='lat' dir='ltr'><strong>dieitur,</strong></span> <span class='ocrx_word' id='word_1_625' title='bbox 1605 1772 1687 1799; x_wconf 88' lang='lat' dir='ltr'><strong>quam</strong></span> <span class='ocrx_word' id='word_1_626' title='bbox 1705 1765 1787 1792; x_wconf 70' lang='lat' dir='ltr'><strong>Ceres</strong></span> 
     </span>
    </p>
   </div>
   <div class='ocr_carea' id='block_1_85' title="bbox 1006 1807 1786 1846">
    <p class='ocr_par' dir='ltr' id='par_1_85' title="bbox 1006 1807 1786 1846">
     <span class='ocr_line' id='line_1_85' title="bbox 1006 1807 1786 1846; baseline 0.006 -13"><span class='ocrx_word' id='word_1_627' title='bbox 1006 1807 1056 1833; x_wconf 89' lang='lat' dir='ltr'><strong>sub</strong></span> <span class='ocrx_word' id='word_1_628' title='bbox 1073 1812 1142 1834; x_wconf 88' lang='lat' dir='ltr'><strong>terra</strong></span> <span class='ocrx_word' id='word_1_629' title='bbox 1157 1807 1344 1834; x_wconf 87' lang='lat' dir='ltr'><strong>absconditam</strong></span> <span class='ocrx_word' id='word_1_630' title='bbox 1359 1816 1468 1836; x_wconf 88' lang='lat' dir='ltr'><strong>summo</strong></span> <span class='ocrx_word' id='word_1_631' title='bbox 1486 1810 1621 1837; x_wconf 86' lang='lat' dir='ltr'><strong>desiderio</strong></span> <span class='ocrx_word' id='word_1_632' title='bbox 1636 1818 1786 1846; x_wconf 85' lang='lat' dir='ltr'><strong>prosequa-</strong></span> 
     </span>
    </p>
   </div>
   <div class='ocr_carea' id='block_1_86' title="bbox 1005 1851 1785 1891">
    <p class='ocr_par' dir='ltr' id='par_1_86' title="bbox 1005 1851 1785 1891">
     <span class='ocr_line' id='line_1_86' title="bbox 1005 1851 1785 1891; baseline 0.009 -14"><span class='ocrx_word' id='word_1_633' title='bbox 1005 1856 1059 1878; x_wconf 87' lang='lat' dir='ltr'><strong>tur.</strong></span> <span class='ocrx_word' id='word_1_634' title='bbox 1077 1851 1111 1878; x_wconf 80' lang='lat' dir='ltr'><strong>At</strong></span> <span class='ocrx_word' id='word_1_635' title='bbox 1124 1860 1187 1879; x_wconf 85' lang='lat' dir='ltr'><strong>vero</strong></span> <span class='ocrx_word' id='word_1_636' title='bbox 1205 1852 1340 1880; x_wconf 79' lang='lat' dir='ltr'><strong>fructuum</strong></span> <span class='ocrx_word' id='word_1_637' title='bbox 1355 1854 1421 1886; x_wconf 79' lang='lat' dir='ltr'><strong>vim,</strong></span> <span class='ocrx_word' id='word_1_638' title='bbox 1436 1862 1491 1881; x_wconf 90' lang='lat' dir='ltr'><strong>non</strong></span> <span class='ocrx_word' id='word_1_639' title='bbox 1511 1863 1606 1883; x_wconf 88' lang='lat' dir='ltr'><strong>eorum</strong></span> <span class='ocrx_word' id='word_1_640' title='bbox 1626 1856 1707 1884; x_wconf 90' lang='lat' dir='ltr'><strong>modo</strong></span> <span class='ocrx_word' id='word_1_641' title='bbox 1725 1857 1785 1891; x_wconf 86' lang='lat' dir='ltr'><strong>qui-</strong></span> 
     </span>
    </p>
   </div>
   <div class='ocr_carea' id='block_1_87' title="bbox 1004 1895 1784 1931">
    <p class='ocr_par' dir='ltr' id='par_1_87' title="bbox 1004 1895 1784 1931">
     <span class='ocr_line' id='line_1_87' title="bbox 1004 1895 1784 1931; baseline 0.009 -10"><span class='ocrx_word' id='word_1_642' title='bbox 1004 1895 1055 1922; x_wconf 92' lang='lat' dir='ltr'><strong>bus</strong></span> <span class='ocrx_word' id='word_1_643' title='bbox 1071 1896 1135 1930; x_wconf 79' lang='lat' dir='ltr'><strong>ligni</strong></span> <span class='ocrx_word' id='word_1_644' title='bbox 1150 1896 1238 1924; x_wconf 89' lang='lat' dir='ltr'><strong>simile</strong></span> <span class='ocrx_word' id='word_1_645' title='bbox 1255 1902 1383 1931; x_wconf 85' lang='lat' dir='ltr'><strong>putamen</strong></span> <span class='ocrx_word' id='word_1_646' title='bbox 1410 1903 1461 1929; x_wconf 86' lang='lat' dir='ltr'><strong>est,</strong></span> <span class='ocrx_word' id='word_1_647' title='bbox 1491 1899 1537 1926; x_wconf 82' lang='lat' dir='ltr'><strong>sed</strong></span> <span class='ocrx_word' id='word_1_648' title='bbox 1555 1900 1635 1928; x_wconf 86' lang='lat' dir='ltr'><strong>etiam</strong></span> <span class='ocrx_word' id='word_1_649' title='bbox 1661 1902 1784 1928; x_wconf 88' lang='lat' dir='ltr'><strong>omnium</strong></span> 
     </span>
    </p>
   </div>
   <div class='ocr_carea' id='block_1_88' title="bbox 1006 1941 1782 1981">
    <p class='ocr_par' dir='ltr' id='par_1_88' title="bbox 1006 1941 1782 1981">
     <span class='ocr_line' id='line_1_88' title="bbox 1006 1941 1782 1981; baseline 0.008 -13"><span class='ocrx_word' id='word_1_650' title='bbox 1006 1941 1117 1969; x_wconf 90' lang='lat' dir='ltr'><strong>omnino</strong></span> <span class='ocrx_word' id='word_1_651' title='bbox 1131 1942 1177 1976; x_wconf 90' lang='lat' dir='ltr'><strong>qui</strong></span> <span class='ocrx_word' id='word_1_652' title='bbox 1200 1950 1232 1969; x_wconf 77' lang='lat' dir='ltr'><strong>ex</strong></span> <span class='ocrx_word' id='word_1_653' title='bbox 1249 1943 1348 1977; x_wconf 89' lang='lat' dir='ltr'><strong>plantis</strong></span> <span class='ocrx_word' id='word_1_654' title='bbox 1373 1943 1512 1976; x_wconf 88' lang='lat' dir='ltr'><strong>oriuntur,</strong></span> <span class='ocrx_word' id='word_1_655' title='bbox 1536 1944 1671 1972; x_wconf 86' lang='lat' dir='ltr'><strong>Bacchum</strong></span> <span class='ocrx_word' id='word_1_656' title='bbox 1695 1947 1782 1981; x_wconf 86' lang='lat' dir='ltr'><strong>appel-</strong></span> 
     </span>
    </p>
   </div>
   <div class='ocr_carea' id='block_1_89' title="bbox 1004 1986 1782 2025">
    <p class='ocr_par' dir='ltr' id='par_1_89' title="bbox 1004 1986 1782 2025">
     <span class='ocr_line' id='line_1_89' title="bbox 1004 1986 1782 2025; baseline 0.008 -13"><span class='ocrx_word' id='word_1_657' title='bbox 1004 1986 1069 2012; x_wconf 90' lang='lat' dir='ltr'><strong>lant.</strong></span> <span class='ocrx_word' id='word_1_658' title='bbox 1093 1986 1131 2013; x_wconf 79' lang='lat' dir='ltr'><strong>Ac</strong></span> <span class='ocrx_word' id='word_1_659' title='bbox 1151 1987 1217 2013; x_wconf 84' lang='lat' dir='ltr'><strong>mihi</strong></span> <span class='ocrx_word' id='word_1_660' title='bbox 1244 1991 1271 2013; x_wconf 93' lang='lat' dir='ltr'><strong>tu</strong></span> <span class='ocrx_word' id='word_1_661' title='bbox 1298 1994 1392 2014; x_wconf 89' lang='lat' dir='ltr'><strong>eorum</strong></span> <span class='ocrx_word' id='word_1_662' title='bbox 1421 1988 1553 2023; x_wconf 79' lang='lat' dir='ltr'><strong>imagines</strong></span> <span class='ocrx_word' id='word_1_663' title='bbox 1589 1992 1782 2025; x_wconf 83' lang='lat' dir='ltr'><strong>contemplare.</strong></span> 
     </span>
    </p>
   </div>
   <div class='ocr_carea' id='block_1_90' title="bbox 1002 2029 1782 2068">
    <p class='ocr_par' dir='ltr' id='par_1_90' title="bbox 1002 2029 1782 2068">
     <span class='ocr_line' id='line_1_90' title="bbox 1002 2029 1782 2068; baseline 0.009 -12"><span class='ocrx_word' id='word_1_664' title='bbox 1002 2029 1069 2057; x_wconf 90' lang='lat' dir='ltr'><strong>Nam</strong></span> <span class='ocrx_word' id='word_1_665' title='bbox 1085 2030 1244 2065; x_wconf 83' lang='lat' dir='ltr'><strong>Proserpina</strong></span> <span class='ocrx_word' id='word_1_666' title='bbox 1259 2033 1366 2066; x_wconf 88' lang='lat' dir='ltr'><strong>quidem</strong></span> <span class='ocrx_word' id='word_1_667' title='bbox 1380 2033 1500 2068; x_wconf 79' lang='lat' dir='ltr'><strong>symbola</strong></span> <span class='ocrx_word' id='word_1_668' title='bbox 1525 2034 1576 2061; x_wconf 79' lang='lat' dir='ltr'><strong>fert</strong></span> <span class='ocrx_word' id='word_1_669' title='bbox 1593 2036 1782 2063; x_wconf 73' lang='lat' dir='ltr'><strong>exsistentium</strong></span> 
     </span>
    </p>
   </div>
   <div class='ocr_carea' id='block_1_91' title="bbox 1003 2080 1781 2114">
    <p class='ocr_par' dir='ltr' id='par_1_91' title="bbox 1003 2080 1781 2114">
     <span class='ocr_line' id='line_1_91' title="bbox 1003 2080 1781 2114; baseline 0.008 -10"><span class='ocrx_word' id='word_1_670' title='bbox 1003 2085 1082 2111; x_wconf 83' lang='lat' dir='ltr'><strong>supra</strong></span> <span class='ocrx_word' id='word_1_671' title='bbox 1100 2081 1197 2104; x_wconf 85' lang='lat' dir='ltr'><strong>terram</strong></span> <span class='ocrx_word' id='word_1_672' title='bbox 1214 2086 1228 2105; x_wconf 86' lang='lat' dir='ltr'><strong>a</strong></span> <span class='ocrx_word' id='word_1_673' title='bbox 1244 2083 1364 2106; x_wconf 86' lang='lat' dir='ltr'><strong>semente</strong></span> <span class='ocrx_word' id='word_1_674' title='bbox 1383 2080 1536 2114; x_wconf 79' lang='lat' dir='ltr'><strong>germinum</strong></span> <span class='ocrx_word' id='word_1_675' title='bbox 1558 2090 1564 2107; x_wconf 90' lang='lat'>:</span> <span class='ocrx_word' id='word_1_676' title='bbox 1589 2080 1712 2109; x_wconf 81' lang='lat' dir='ltr'><strong>Bacchus</strong></span> <span class='ocrx_word' id='word_1_677' title='bbox 1733 2090 1781 2110; x_wconf 88' lang='lat' dir='ltr'><strong>au-</strong></span> 
     </span>
    </p>
   </div>
   <div class='ocr_carea' id='block_1_92' title="bbox 1002 2122 1782 2161">
    <p class='ocr_par' dir='ltr' id='par_1_92' title="bbox 1002 2122 1782 2161">
     <span class='ocr_line' id='line_1_92' title="bbox 1002 2122 1782 2161; baseline 0.008 -13"><span class='ocrx_word' id='word_1_678' title='bbox 1002 2126 1067 2154; x_wconf 89' lang='lat' dir='ltr'><strong>tem,</strong></span> <span class='ocrx_word' id='word_1_679' title='bbox 1085 2122 1129 2149; x_wconf 90' lang='lat' dir='ltr'><strong>cui</strong></span> <span class='ocrx_word' id='word_1_680' title='bbox 1157 2124 1311 2150; x_wconf 89' lang='lat' dir='ltr'><strong>communia</strong></span> <span class='ocrx_word' id='word_1_681' title='bbox 1338 2129 1402 2151; x_wconf 91' lang='lat' dir='ltr'><strong>sunt</strong></span> <span class='ocrx_word' id='word_1_682' title='bbox 1426 2132 1486 2151; x_wconf 91' lang='lat' dir='ltr'><strong>cum</strong></span> <span class='ocrx_word' id='word_1_683' title='bbox 1502 2126 1594 2152; x_wconf 87' lang='lat' dir='ltr'><strong>eadem</strong></span> <span class='ocrx_word' id='word_1_684' title='bbox 1619 2125 1782 2161; x_wconf 84' lang='lat' dir='ltr'><strong>Proserpina</strong></span> 
     </span>
    </p>
   </div>
   <div class='ocr_carea' id='block_1_93' title="bbox 1001 2170 1783 2208">
    <p class='ocr_par' dir='ltr' id='par_1_93' title="bbox 1001 2170 1783 2208">
     <span class='ocr_line' id='line_1_93' title="bbox 1001 2170 1783 2208; baseline 0.006 -14"><span class='ocrx_word' id='word_1_685' title='bbox 1001 2176 1114 2201; x_wconf 87' lang='lat' dir='ltr'><strong>cornua,</strong></span> <span class='ocrx_word' id='word_1_686' title='bbox 1127 2170 1252 2197; x_wconf 89' lang='lat' dir='ltr'><strong>muliebri</strong></span> <span class='ocrx_word' id='word_1_687' title='bbox 1268 2171 1355 2205; x_wconf 82' lang='lat' dir='ltr'><strong>specie</strong></span> <span class='ocrx_word' id='word_1_688' title='bbox 1373 2171 1492 2205; x_wconf 80' lang='lat' dir='ltr'><strong>tingitur,</strong></span> <span class='ocrx_word' id='word_1_689' title='bbox 1507 2176 1535 2198; x_wconf 93' lang='lat' dir='ltr'><strong>ut</strong></span> <span class='ocrx_word' id='word_1_690' title='bbox 1551 2172 1604 2198; x_wconf 85' lang='lat' dir='ltr'><strong>vim</strong></span> <span class='ocrx_word' id='word_1_691' title='bbox 1622 2172 1705 2205; x_wconf 89' lang='lat' dir='ltr'><strong>illam,</strong></span> <span class='ocrx_word' id='word_1_692' title='bbox 1722 2181 1783 2208; x_wconf 73' lang='lat' dir='ltr'><strong>quae</strong></span> 
     </span>
    </p>
   </div>
   <div class='ocr_carea' id='block_1_94' title="bbox 169 2213 955 2254">
    <p class='ocr_par' dir='ltr' id='par_1_94' title="bbox 169 2213 947 2251">
     <span class='ocr_line' id='line_1_94' title="bbox 169 2213 947 2251; baseline 0.001 -10"><span class='ocrx_word' id='word_1_693' title='bbox 169 2214 198 2241; x_wconf 87' lang='lat'><strong>&#39;0</strong></span> <span class='ocrx_word' id='word_1_694' title='bbox 211 2213 239 2240; x_wconf 80' lang='grc' dir='ltr'><strong>δὲ</strong></span> <span class='ocrx_word' id='word_1_695' title='bbox 255 2214 380 2249; x_wconf 81' lang='grc' dir='ltr'><strong>Σειληνὸς</strong></span> <span class='ocrx_word' id='word_1_696' title='bbox 394 2213 526 2249; x_wconf 82' lang='grc' dir='ltr'>σύμϐολον</span> <span class='ocrx_word' id='word_1_697' title='bbox 539 2214 588 2249; x_wconf 81' lang='grc' dir='ltr'>τῆς</span> <span class='ocrx_word' id='word_1_698' title='bbox 602 2215 787 2250; x_wconf 82' lang='grc' dir='ltr'>πνευματικῆς</span> <span class='ocrx_word' id='word_1_699' title='bbox 804 2216 947 2251; x_wconf 78' lang='grc' dir='ltr'>κινήσεως,</span> 
     </span>
    </p>
   </div>
   <div class='ocr_carea' id='block_1_95' title="bbox 1007 2213 1783 2254">
    <p class='ocr_par' dir='ltr' id='par_1_95' title="bbox 1007 2215 1783 2254">
     <span class='ocr_line' id='line_1_95' title="bbox 1007 2215 1783 2254; baseline 0.006 -13"><span class='ocrx_word' id='word_1_700' title='bbox 1007 2215 1154 2249; x_wconf 68' lang='lat' dir='ltr'><strong>plantarum</strong></span> <span class='ocrx_word' id='word_1_701' title='bbox 1171 2215 1303 2244; x_wconf 81' lang='lat' dir='ltr'><strong>fructibus</strong></span> <span class='ocrx_word' id='word_1_702' title='bbox 1319 2217 1398 2249; x_wconf 90' lang='lat' dir='ltr'><strong>inest,</strong></span> <span class='ocrx_word' id='word_1_703' title='bbox 1414 2224 1446 2243; x_wconf 85' lang='lat' dir='ltr'><strong>ex</strong></span> <span class='ocrx_word' id='word_1_704' title='bbox 1467 2217 1588 2244; x_wconf 85' lang='lat' dir='ltr'><strong>mascula</strong></span> <span class='ocrx_word' id='word_1_705' title='bbox 1612 2217 1783 2254; x_wconf 83' lang='lat' dir='ltr'><strong>femineaque</strong></span> 
     </span>
    </p>
   </div>
   <div class='ocr_carea' id='block_1_96' title="bbox 163 2258 947 2295">
    <p class='ocr_par' dir='ltr' id='par_1_96' title="bbox 163 2258 947 2295">
     <span class='ocr_line' id='line_1_96' title="bbox 163 2258 947 2295; baseline 0.003 -9"><span class='ocrx_word' id='word_1_706' title='bbox 163 2260 213 2287; x_wconf 82' lang='grc' dir='ltr'>οὐκ</span> <span class='ocrx_word' id='word_1_707' title='bbox 220 2259 299 2294; x_wconf 80' lang='grc' dir='ltr'>ὀλίγα</span> <span class='ocrx_word' id='word_1_708' title='bbox 310 2258 531 2295; x_wconf 77' lang='grc' dir='ltr'>συμϐαλλομένης</span> <span class='ocrx_word' id='word_1_709' title='bbox 547 2259 586 2295; x_wconf 85' lang='grc' dir='ltr'>τῷ</span> <span class='ocrx_word' id='word_1_710' title='bbox 600 2260 689 2286; x_wconf 83' lang='grc' dir='ltr'>παντί.</span> <span class='ocrx_word' id='word_1_711' title='bbox 707 2260 832 2295; x_wconf 78' lang='grc' dir='ltr'>Σύμϐολα</span> <span class='ocrx_word' id='word_1_712' title='bbox 850 2261 877 2287; x_wconf 79' lang='grc' dir='ltr'><strong>δέ</strong></span> <span class='ocrx_word' id='word_1_713' title='bbox 891 2262 947 2288; x_wconf 81' lang='grc' dir='ltr'>ἐστι</span> 
     </span>
    </p>
   </div>
   <div class='ocr_carea' id='block_1_97' title="bbox 163 2305 947 2342">
    <p class='ocr_par' dir='ltr' id='par_1_97' title="bbox 163 2305 947 2342">
     <span class='ocr_line' id='line_1_97' title="bbox 163 2305 947 2342; baseline 0.003 -10"><span class='ocrx_word' id='word_1_714' title='bbox 163 2306 194 2332; x_wconf 82' lang='grc' dir='ltr'><strong>τὸ</strong></span> <span class='ocrx_word' id='word_1_715' title='bbox 210 2306 260 2341; x_wconf 81' lang='grc' dir='ltr'><strong>μὲν</strong></span> <span class='ocrx_word' id='word_1_716' title='bbox 275 2305 400 2341; x_wconf 77' lang='grc' dir='ltr'>φίλανθον</span> <span class='ocrx_word' id='word_1_717' title='bbox 420 2306 466 2332; x_wconf 70' lang='grc' dir='ltr'><strong>καὶ</strong></span> <span class='ocrx_word' id='word_1_718' title='bbox 481 2305 604 2332; x_wconf 79' lang='grc' dir='ltr'>στιλπνὸν</span> <span class='ocrx_word' id='word_1_719' title='bbox 619 2305 689 2333; x_wconf 78' lang='grc' dir='ltr'>κατὰ</span> <span class='ocrx_word' id='word_1_720' title='bbox 704 2306 752 2341; x_wconf 80' lang='grc' dir='ltr'>τὴν</span> <span class='ocrx_word' id='word_1_721' title='bbox 767 2307 885 2342; x_wconf 77' lang='grc' dir='ltr'>κεφαλὴν</span> <span class='ocrx_word' id='word_1_722' title='bbox 899 2307 947 2342; x_wconf 78' lang='grc' dir='ltr'><strong>τῆς</strong></span> 
     </span>
    </p>
   </div>
   <div class='ocr_carea' id='block_1_98' title="bbox 163 2351 947 2388">
    <p class='ocr_par' dir='ltr' id='par_1_98' title="bbox 163 2351 947 2388">
     <span class='ocr_line' id='line_1_98' title="bbox 163 2351 947 2388; baseline 0.001 -10"><span class='ocrx_word' id='word_1_723' title='bbox 163 2351 288 2387; x_wconf 85' lang='grc' dir='ltr'>οὐρανίου</span> <span class='ocrx_word' id='word_1_724' title='bbox 315 2351 482 2387; x_wconf 72' lang='grc' dir='ltr'>περιφορᾶς,</span> <span class='ocrx_word' id='word_1_725' title='bbox 507 2353 524 2387; x_wconf 84' lang='grc' dir='ltr'>ἡ</span> <span class='ocrx_word' id='word_1_726' title='bbox 546 2351 574 2378; x_wconf 80' lang='grc' dir='ltr'><strong>δὲ</strong></span> <span class='ocrx_word' id='word_1_727' title='bbox 597 2352 772 2388; x_wconf 75' lang='grc' dir='ltr'>περικειμένη</span> <span class='ocrx_word' id='word_1_728' title='bbox 799 2352 869 2387; x_wconf 88' lang='grc' dir='ltr'>κόμη</span> <span class='ocrx_word' id='word_1_729' title='bbox 891 2354 947 2384; x_wconf 83' lang='grc' dir='ltr'>τοῖς</span> 
     </span>
    </p>
   </div>
   <div class='ocr_carea' id='block_1_99' title="bbox 163 2396 946 2433">
    <p class='ocr_par' dir='ltr' id='par_1_99' title="bbox 163 2396 946 2433">
     <span class='ocr_line' id='line_1_99' title="bbox 163 2396 946 2433; baseline -0.001 -9"><span class='ocrx_word' id='word_1_730' title='bbox 163 2397 238 2424; x_wconf 77' lang='grc' dir='ltr'>κάτω</span> <span class='ocrx_word' id='word_1_731' title='bbox 254 2397 365 2432; x_wconf 86' lang='grc' dir='ltr'>μέρεσιν</span> <span class='ocrx_word' id='word_1_732' title='bbox 381 2396 463 2423; x_wconf 86' lang='grc' dir='ltr'><strong>αὺτοῦ</strong></span> <span class='ocrx_word' id='word_1_733' title='bbox 479 2397 631 2432; x_wconf 77' lang='grc' dir='ltr'>ὑπόδειγμα</span> <span class='ocrx_word' id='word_1_734' title='bbox 653 2397 702 2432; x_wconf 75' lang='grc' dir='ltr'>τῆς</span> <span class='ocrx_word' id='word_1_735' title='bbox 726 2399 868 2432; x_wconf 77' lang='grc' dir='ltr'>προσγείου</span> <span class='ocrx_word' id='word_1_736' title='bbox 884 2399 946 2433; x_wconf 79' lang='grc' dir='ltr'>περὶ</span> 
     </span>
    </p>
   </div>
   <div class='ocr_carea' id='block_1_100' title="bbox 161 2441 946 2478">
    <p class='ocr_par' dir='ltr' id='par_1_100' title="bbox 161 2441 946 2478">
     <span class='ocr_line' id='line_1_100' title="bbox 161 2441 946 2478; baseline -0.001 -9"><span class='ocrx_word' id='word_1_737' title='bbox 161 2443 207 2469; x_wconf 73' lang='grc' dir='ltr'><strong>τὸν</strong></span> <span class='ocrx_word' id='word_1_738' title='bbox 221 2442 290 2478; x_wconf 82' lang='grc' dir='ltr'><strong>ἀέρα.</strong></span> <span class='ocrx_word' id='word_1_739' title='bbox 306 2441 470 2477; x_wconf 81' lang='grc' dir='ltr'>παχύτητος.</span> <span class='ocrx_word' id='word_1_740' title='bbox 491 2441 567 2468; x_wconf 73' lang='grc' dir='ltr'>Ἐπεὶ</span> <span class='ocrx_word' id='word_1_741' title='bbox 584 2441 611 2467; x_wconf 76' lang='grc' dir='ltr'><em>δὲ</em></span> <span class='ocrx_word' id='word_1_742' title='bbox 625 2441 675 2476; x_wconf 86' lang='grc' dir='ltr'>τῆς</span> <span class='ocrx_word' id='word_1_743' title='bbox 690 2442 736 2468; x_wconf 77' lang='grc' dir='ltr'>καὶ</span> <span class='ocrx_word' id='word_1_744' title='bbox 753 2442 884 2477; x_wconf 79' lang='grc' dir='ltr'>μαντικῆς</span> <span class='ocrx_word' id='word_1_745' title='bbox 902 2442 946 2468; x_wconf 79' lang='grc' dir='ltr'><strong>δυ-</strong></span> 
     </span>
    </p>
   </div>
   <div class='ocr_carea' id='block_1_101' title="bbox 161 2484 945 2522">
    <p class='ocr_par' dir='ltr' id='par_1_101' title="bbox 161 2484 945 2522">
     <span class='ocr_line' id='line_1_101' title="bbox 161 2484 945 2522; baseline -0.003 -9"><span class='ocrx_word' id='word_1_746' title='bbox 161 2486 270 2522; x_wconf 79' lang='grc' dir='ltr'>νάμεώς</span> <span class='ocrx_word' id='word_1_747' title='bbox 283 2495 324 2518; x_wconf 84' lang='grc' dir='ltr'><strong>τις</strong></span> <span class='ocrx_word' id='word_1_748' title='bbox 338 2486 450 2522; x_wconf 80' lang='grc' dir='ltr'>μέτοχος</span> <span class='ocrx_word' id='word_1_749' title='bbox 464 2484 497 2521; x_wconf 85' lang='grc' dir='ltr'><strong>ἦν</strong></span> <span class='ocrx_word' id='word_1_750' title='bbox 513 2486 635 2521; x_wconf 83' lang='grc' dir='ltr'>δύναμις,</span> <span class='ocrx_word' id='word_1_751' title='bbox 653 2486 736 2521; x_wconf 78' lang='grc' dir='ltr'>Θέμις</span> <span class='ocrx_word' id='word_1_752' title='bbox 754 2487 801 2521; x_wconf 80' lang='grc' dir='ltr'>μὲν</span> <span class='ocrx_word' id='word_1_753' title='bbox 818 2486 945 2521; x_wconf 79' lang='grc' dir='ltr'>κέκληται</span> 
     </span>
    </p>
   </div>
   <div class='ocr_carea' id='block_1_102' title="bbox 162 2531 946 2568">
    <p class='ocr_par' dir='ltr' id='par_1_102' title="bbox 162 2531 946 2568">
     <span class='ocr_line' id='line_1_102' title="bbox 162 2531 946 2568; baseline -0.001 -9"><span class='ocrx_word' id='word_1_754' title='bbox 162 2531 312 2568; x_wconf 79' lang='grc' dir='ltr'>ὴδύναμις,</span> <span class='ocrx_word' id='word_1_755' title='bbox 324 2532 364 2567; x_wconf 77' lang='grc' dir='ltr'>τῷ</span> <span class='ocrx_word' id='word_1_756' title='bbox 378 2531 411 2558; x_wconf 83' lang='grc' dir='ltr'><strong>τὰ</strong></span> <span class='ocrx_word' id='word_1_757' title='bbox 424 2532 566 2567; x_wconf 76' lang='grc' dir='ltr'>τεθειμένα</span> <span class='ocrx_word' id='word_1_758' title='bbox 582 2532 628 2558; x_wconf 83' lang='grc' dir='ltr'>καὶ</span> <span class='ocrx_word' id='word_1_759' title='bbox 644 2532 752 2566; x_wconf 77' lang='grc' dir='ltr'>ἑκάστῳ</span> <span class='ocrx_word' id='word_1_760' title='bbox 775 2532 886 2567; x_wconf 84' lang='grc' dir='ltr'>κείμενα</span> <span class='ocrx_word' id='word_1_761' title='bbox 903 2532 946 2558; x_wconf 84' lang='grc' dir='ltr'><strong>λέ-</strong></span> 
     </span>
    </p>
   </div>
   <div class='ocr_carea' id='block_1_103' title="bbox 196 2619 942 2658">
    <p class='ocr_par' dir='ltr' id='par_1_103' title="bbox 196 2619 942 2658">
     <span class='ocr_line' id='line_1_103' title="bbox 196 2619 942 2658; baseline -0.005 -8"><span class='ocrx_word' id='word_1_762' title='bbox 196 2621 254 2658; x_wconf 84' lang='grc'><strong>(87)</strong></span> <span class='ocrx_word' id='word_1_763' title='bbox 270 2622 366 2658; x_wconf 55' lang='grc' dir='ltr'><strong>Κύων.</strong></span> <span class='ocrx_word' id='word_1_764' title='bbox 387 2620 482 2658; x_wconf 66' lang='lat' dir='ltr'><strong>NonL,</strong></span> <span class='ocrx_word' id='word_1_765' title='bbox 498 2620 576 2647; x_wconf 79' lang='grc' dir='ltr'>κύνα.</span> <span class='ocrx_word' id='word_1_766' title='bbox 592 2619 612 2646; x_wconf 87' lang='grc' dir='ltr'>Ε</span> <span class='ocrx_word' id='word_1_767' title='bbox 622 2627 759 2658; x_wconf 73' lang='lat' dir='ltr'><strong>manuscr.</strong></span> <span class='ocrx_word' id='word_1_768' title='bbox 771 2620 848 2658; x_wconf 85' lang='lat' dir='ltr'><strong>a_lter_,</strong></span> <span class='ocrx_word' id='word_1_769' title='bbox 859 2619 942 2658; x_wconf 80' lang='grc' dir='ltr'>κυῷν,</span> 
     </span>
    </p>
   </div>
   <div class='ocr_carea' id='block_1_104' title="bbox 161 2655 941 2693">
    <p class='ocr_par' dir='ltr' id='par_1_104' title="bbox 161 2655 941 2693">
     <span class='ocr_line' id='line_1_104' title="bbox 161 2655 941 2693; baseline -0.001 -11"><span class='ocrx_word' id='word_1_770' title='bbox 161 2655 311 2693; x_wconf 51' lang='grc' dir='ltr'>κύναςμὲν.</span> <span class='ocrx_word' id='word_1_771' title='bbox 325 2657 402 2693; x_wconf 79' lang='lat' dir='ltr'><strong>Alter</strong></span> <span class='ocrx_word' id='word_1_772' title='bbox 418 2656 512 2693; x_wconf 73' lang='grc' dir='ltr'>κυνῆν,</span> <span class='ocrx_word' id='word_1_773' title='bbox 528 2663 664 2693; x_wconf 60' lang='lat' dir='ltr'><strong>quaevera</strong></span> <span class='ocrx_word' id='word_1_774' title='bbox 690 2655 754 2693; x_wconf 82' lang='lat' dir='ltr'><strong>t_nihi</strong></span> <span class='ocrx_word' id='word_1_775' title='bbox 783 2656 862 2693; x_wconf 78' lang='lat' dir='ltr'><strong>lectio</strong></span> <span class='ocrx_word' id='word_1_776' title='bbox 886 2655 941 2682; x_wconf 81' lang='lat' dir='ltr'><strong>visa</strong></span> 
     </span>
    </p>
   </div>
   <div class='ocr_carea' id='block_1_105' title="bbox 162 2690 943 2725">
    <p class='ocr_par' dir='ltr' id='par_1_105' title="bbox 162 2690 943 2725">
     <span class='ocr_line' id='line_1_105' title="bbox 162 2690 943 2725; baseline -0.005 -4"><span class='ocrx_word' id='word_1_777' title='bbox 162 2697 213 2721; x_wconf 83' lang='lat' dir='ltr'><strong>est.</strong></span> <span class='ocrx_word' id='word_1_778' title='bbox 226 2690 289 2720; x_wconf 71' lang='lat' dir='ltr'><strong>Oiei</strong></span> <span class='ocrx_word' id='word_1_779' title='bbox 314 2691 387 2718; x_wconf 85' lang='lat' dir='ltr'><strong>enim</strong></span> <span class='ocrx_word' id='word_1_780' title='bbox 410 2692 514 2724; x_wconf 75' lang='lat' dir='ltr'><strong>galeam</strong></span> <span class='ocrx_word' id='word_1_781' title='bbox 536 2690 669 2725; x_wconf 77' lang='lat' dir='ltr'><strong>intelligit.</strong></span> <span class='ocrx_word' id='word_1_782' title='bbox 690 2690 761 2717; x_wconf 82' lang='lat' dir='ltr'><strong>Sane</strong></span> <span class='ocrx_word' id='word_1_783' title='bbox 781 2691 861 2724; x_wconf 86' lang='lat' dir='ltr'><strong>paulo</strong></span> <span class='ocrx_word' id='word_1_784' title='bbox 884 2695 943 2723; x_wconf 76' lang='lat' dir='ltr'><strong>pOst</strong></span> 
     </span>
    </p>
   </div>
   <div class='ocr_carea' id='block_1_106' title="bbox 163 2724 939 2760">
    <p class='ocr_par' dir='ltr' id='par_1_106' title="bbox 163 2724 939 2760">
     <span class='ocr_line' id='line_1_106' title="bbox 163 2724 939 2760; baseline -0.006 -4"><span class='ocrx_word' id='word_1_785' title='bbox 163 2728 245 2759; x_wconf 81' lang='lat' dir='ltr'><strong>addit.</strong></span> <span class='ocrx_word' id='word_1_786' title='bbox 267 2733 363 2754; x_wconf 81' lang='lat' dir='ltr'><strong>canem</strong></span> <span class='ocrx_word' id='word_1_787' title='bbox 387 2726 461 2753; x_wconf 87' lang='lat' dir='ltr'><strong>aliud</strong></span> <span class='ocrx_word' id='word_1_788' title='bbox 483 2726 617 2760; x_wconf 90' lang='lat' dir='ltr'><strong>quoddam</strong></span> <span class='ocrx_word' id='word_1_789' title='bbox 643 2724 764 2752; x_wconf 86' lang='lat' dir='ltr'><strong>Plutonis</strong></span> <span class='ocrx_word' id='word_1_790' title='bbox 788 2725 939 2760; x_wconf 75' lang='lat' dir='ltr'><strong>symbotum</strong></span> 
     </span>
    </p>
   </div>
   <div class='ocr_carea' id='block_1_107' title="bbox 163 2762 940 2833">
    <p class='ocr_par' dir='ltr' id='par_1_107' title="bbox 163 2762 940 2833">
     <span class='ocr_line' id='line_1_107' title="bbox 163 2762 940 2833; baseline -0.001 -11"><span class='ocrx_word' id='word_1_791' title='bbox 163 2762 256 2833; x_wconf 38' lang='lat' dir='ltr'><strong>W553</strong></span> <span class='ocrx_word' id='word_1_792' title='bbox 274 2797 307 2824; x_wconf 80' lang='grc' dir='ltr'>Ἠ</span> <span class='ocrx_word' id='word_1_793' title='bbox 323 2796 463 2833; x_wconf 71' lang='grc' dir='ltr'><strong>χορῃτός.</strong></span> <span class='ocrx_word' id='word_1_794' title='bbox 485 2795 513 2833; x_wconf 81' lang='lat' dir='ltr'><strong>Si</strong></span> <span class='ocrx_word' id='word_1_795' title='bbox 535 2795 603 2833; x_wconf 77' lang='lat' dir='ltr'><strong>nihil</strong></span> <span class='ocrx_word' id='word_1_796' title='bbox 626 2794 738 2822; x_wconf 92' lang='lat' dir='ltr'><strong>omnino</strong></span> <span class='ocrx_word' id='word_1_797' title='bbox 752 2794 836 2833; x_wconf 74' lang='lat' dir='ltr'><strong>dccst,</strong></span> <span class='ocrx_word' id='word_1_798' title='bbox 851 2794 940 2829; x_wconf 78' lang='lat' dir='ltr'><strong>legen-</strong></span> 
     </span>
    </p>
   </div>
   <div class='ocr_carea' id='block_1_108' title="bbox 153 2829 939 2869">
    <p class='ocr_par' dir='ltr' id='par_1_108' title="bbox 153 2829 939 2869">
     <span class='ocr_line' id='line_1_108' title="bbox 153 2829 939 2869; baseline -0.008 -8"><span class='ocrx_word' id='word_1_799' title='bbox 153 2829 222 2861; x_wconf 67' lang='lat' dir='ltr'><strong>.dttin</strong></span> <span class='ocrx_word' id='word_1_800' title='bbox 239 2829 391 2869; x_wconf 34' lang='lat' dir='ltr'><strong>&#39;videtn&#39;r&#39;ﬁ</strong></span> <span class='ocrx_word' id='word_1_801' title='bbox 405 2829 531 2869; x_wconf 70' lang='grc' dir='ltr'>χορηγρς,</span> <span class='ocrx_word' id='word_1_802' title='bbox 545 2831 571 2869; x_wconf 84' lang='lat' dir='ltr'><strong>id</strong></span> <span class='ocrx_word' id='word_1_803' title='bbox 590 2834 641 2869; x_wconf 69' lang='lat' dir='ltr'><strong>est,</strong></span> <span class='ocrx_word' id='word_1_804' title='bbox 657 2837 722 2869; x_wconf 25' lang='lat' dir='ltr'><strong>quia,</strong></span> <span class='ocrx_word' id='word_1_805' title='bbox 735 2829 783 2869; x_wconf 44' lang='lat' dir='ltr'><strong>.ch</strong></span> <span class='ocrx_word' id='word_1_806' title='bbox 806 2833 939 2869; x_wconf 78' lang='lat' dir='ltr'><strong>quatenus</strong></span> 
     </span>
    </p>
   </div>
   <div class='ocr_carea' id='block_1_109' title="bbox 162 2865 937 2902">
    <p class='ocr_par' dir='ltr' id='par_1_109' title="bbox 162 2865 937 2902">
     <span class='ocr_line' id='line_1_109' title="bbox 162 2865 937 2902; baseline -0.01 -4"><span class='ocrx_word' id='word_1_807' title='bbox 162 2868 213 2897; x_wconf 84' lang='lat' dir='ltr'><strong>vim</strong></span> <span class='ocrx_word' id='word_1_808' title='bbox 223 2877 282 2897; x_wconf 78' lang='lat' dir='ltr'><strong>eam</strong></span> <span class='ocrx_word' id='word_1_809' title='bbox 300 2865 472 2902; x_wconf 64' lang='lat' dir='ltr'><strong>suppeditat.</strong></span> <span class='ocrx_word' id='word_1_810' title='bbox 486 2866 593 2894; x_wconf 82' lang='lat' dir='ltr'><strong>Plenius</strong></span> <span class='ocrx_word' id='word_1_811' title='bbox 610 2865 677 2892; x_wconf 78' lang='lat' dir='ltr'><strong>forte</strong></span> <span class='ocrx_word' id='word_1_812' title='bbox 692 2865 741 2900; x_wconf 75' lang='lat' dir='ltr'><strong>legi</strong></span> <span class='ocrx_word' id='word_1_813' title='bbox 757 2865 851 2899; x_wconf 85' lang='lat' dir='ltr'><strong>possit,</strong></span> <span class='ocrx_word' id='word_1_814' title='bbox 864 2866 937 2899; x_wconf 74' lang='grc' dir='ltr'>παρὰ</span> 
     </span>
    </p>
   </div>
   <div class='ocr_carea' id='block_1_110' title="bbox 1000 2261 1781 2299">
    <p class='ocr_par' dir='ltr' id='par_1_110' title="bbox 1000 2261 1781 2299">
     <span class='ocr_line' id='line_1_110' title="bbox 1000 2261 1781 2299; baseline 0.004 -10"><span class='ocrx_word' id='word_1_815' title='bbox 1000 2261 1142 2289; x_wconf 81' lang='lat' dir='ltr'><strong>conﬂatam</strong></span> <span class='ocrx_word' id='word_1_816' title='bbox 1156 2263 1299 2297; x_wconf 80' lang='lat' dir='ltr'><strong>signiﬁcet.</strong></span> <span class='ocrx_word' id='word_1_817' title='bbox 1314 2262 1392 2289; x_wconf 87' lang='lat' dir='ltr'><strong>Pluto</strong></span> <span class='ocrx_word' id='word_1_818' title='bbox 1406 2263 1450 2290; x_wconf 87' lang='lat' dir='ltr'><strong>ille</strong></span> <span class='ocrx_word' id='word_1_819' title='bbox 1464 2268 1603 2297; x_wconf 64' lang='lat' dir='ltr'><strong>pratterea,</strong></span> <span class='ocrx_word' id='word_1_820' title='bbox 1616 2264 1662 2299; x_wconf 89' lang='lat' dir='ltr'><strong>qui</strong></span> <span class='ocrx_word' id='word_1_821' title='bbox 1673 2264 1781 2292; x_wconf 83' lang='lat' dir='ltr'><strong>Proscr-</strong></span> 
     </span>
    </p>
   </div>
   <div class='ocr_carea' id='block_1_111' title="bbox 998 2308 1780 2344">
    <p class='ocr_par' dir='ltr' id='par_1_111' title="bbox 998 2308 1780 2344">
     <span class='ocr_line' id='line_1_111' title="bbox 998 2308 1780 2344; baseline 0.004 -10"><span class='ocrx_word' id='word_1_822' title='bbox 998 2308 1088 2342; x_wconf 88' lang='lat' dir='ltr'><strong>pinam</strong></span> <span class='ocrx_word' id='word_1_823' title='bbox 1116 2310 1215 2343; x_wconf 88' lang='lat' dir='ltr'><strong>rapuit,</strong></span> <span class='ocrx_word' id='word_1_824' title='bbox 1233 2309 1336 2344; x_wconf 81' lang='lat' dir='ltr'><strong>galeam</strong></span> <span class='ocrx_word' id='word_1_825' title='bbox 1352 2313 1449 2344; x_wconf 77' lang='lat' dir='ltr'><strong>gestat,</strong></span> <span class='ocrx_word' id='word_1_826' title='bbox 1475 2317 1535 2344; x_wconf 69' lang='lat' dir='ltr'><strong>quaz</strong></span> <span class='ocrx_word' id='word_1_827' title='bbox 1550 2309 1678 2337; x_wconf 89' lang='lat' dir='ltr'><strong>latentem</strong></span> <span class='ocrx_word' id='word_1_828' title='bbox 1702 2311 1780 2344; x_wconf 78' lang='lat' dir='ltr'><strong>igno-</strong></span> 
     </span>
    </p>
   </div>
   <div class='ocr_carea' id='block_1_112' title="bbox 999 2356 1780 2390">
    <p class='ocr_par' dir='ltr' id='par_1_112' title="bbox 999 2356 1780 2390">
     <span class='ocr_line' id='line_1_112' title="bbox 999 2356 1780 2390; baseline 0.003 -9"><span class='ocrx_word' id='word_1_829' title='bbox 999 2359 1110 2389; x_wconf 83' lang='lat' dir='ltr'><strong>tumque</strong></span> <span class='ocrx_word' id='word_1_830' title='bbox 1123 2356 1215 2390; x_wconf 86' lang='lat' dir='ltr'><strong>polum</strong></span> <span class='ocrx_word' id='word_1_831' title='bbox 1235 2360 1409 2390; x_wconf 58' lang='lat' dir='ltr'><strong>representet</strong></span> <span class='ocrx_word' id='word_1_832' title='bbox 1430 2365 1435 2382; x_wconf 94' lang='lat'><strong><em>:</em></strong></span> <span class='ocrx_word' id='word_1_833' title='bbox 1461 2361 1587 2382; x_wconf 88' lang='lat' dir='ltr'><strong>truncum</strong></span> <span class='ocrx_word' id='word_1_834' title='bbox 1616 2357 1678 2383; x_wconf 88' lang='lat' dir='ltr'><strong>item</strong></span> <span class='ocrx_word' id='word_1_835' title='bbox 1698 2357 1780 2383; x_wconf 83' lang='lat' dir='ltr'><strong>muti-</strong></span> 
     </span>
    </p>
   </div>
   <div class='ocr_carea' id='block_1_113' title="bbox 1002 2400 1779 2436">
    <p class='ocr_par' dir='ltr' id='par_1_113' title="bbox 1002 2400 1779 2436">
     <span class='ocr_line' id='line_1_113' title="bbox 1002 2400 1779 2436; baseline 0.003 -10"><span class='ocrx_word' id='word_1_836' title='bbox 1002 2400 1112 2434; x_wconf 88' lang='lat' dir='ltr'><strong>lumque</strong></span> <span class='ocrx_word' id='word_1_837' title='bbox 1137 2405 1284 2435; x_wconf 81' lang='lat' dir='ltr'><strong>sceptrum,</strong></span> <span class='ocrx_word' id='word_1_838' title='bbox 1300 2408 1354 2435; x_wconf 90' lang='lat' dir='ltr'><strong>quo</strong></span> <span class='ocrx_word' id='word_1_839' title='bbox 1380 2401 1500 2434; x_wconf 86' lang='lat' dir='ltr'><strong>ejusdem</strong></span> <span class='ocrx_word' id='word_1_840' title='bbox 1527 2400 1553 2427; x_wconf 90' lang='lat' dir='ltr'><strong>in</strong></span> <span class='ocrx_word' id='word_1_841' title='bbox 1580 2408 1673 2428; x_wconf 89' lang='lat' dir='ltr'><strong>manes</strong></span> <span class='ocrx_word' id='word_1_842' title='bbox 1699 2401 1779 2436; x_wconf 83' lang='grc' dir='ltr'>ιιο</span> 
     </span>
    </p>
   </div>
   <div class='ocr_carea' id='block_1_114' title="bbox 997 2444 1778 2480">
    <p class='ocr_par' dir='ltr' id='par_1_114' title="bbox 997 2444 1778 2480">
     <span class='ocr_line' id='line_1_114' title="bbox 997 2444 1778 2480; baseline 0.004 -10"><span class='ocrx_word' id='word_1_843' title='bbox 997 2444 1164 2479; x_wconf 86' lang='lat' dir='ltr'><strong>umbrasque</strong></span> <span class='ocrx_word' id='word_1_844' title='bbox 1184 2445 1325 2480; x_wconf 87' lang='lat' dir='ltr'><strong>imperium</strong></span> <span class='ocrx_word' id='word_1_845' title='bbox 1343 2446 1488 2471; x_wconf 86' lang='lat' dir='ltr'><strong>denotetnr</strong></span> <span class='ocrx_word' id='word_1_846' title='bbox 1509 2454 1514 2471; x_wconf 92' lang='lat'><strong><em>:</em></strong></span> <span class='ocrx_word' id='word_1_847' title='bbox 1543 2452 1637 2471; x_wconf 80' lang='lat' dir='ltr'><strong>canem</strong></span> <span class='ocrx_word' id='word_1_848' title='bbox 1662 2446 1778 2480; x_wconf 85' lang='lat' dir='ltr'><strong>denique</strong></span> 
     </span>
    </p>
   </div>
   <div class='ocr_carea' id='block_1_115' title="bbox 997 2489 1778 2527">
    <p class='ocr_par' dir='ltr' id='par_1_115' title="bbox 997 2489 1778 2527">
     <span class='ocr_line' id='line_1_115' title="bbox 997 2489 1778 2527; baseline 0.006 -12"><span class='ocrx_word' id='word_1_849' title='bbox 997 2489 1086 2522; x_wconf 82' lang='lat' dir='ltr'><strong>habet,</strong></span> <span class='ocrx_word' id='word_1_850' title='bbox 1111 2491 1156 2524; x_wconf 93' lang='lat' dir='ltr'><strong>qui</strong></span> <span class='ocrx_word' id='word_1_851' title='bbox 1180 2490 1288 2525; x_wconf 79' lang='lat' dir='ltr'><strong>frugum</strong></span> <span class='ocrx_word' id='word_1_852' title='bbox 1315 2490 1437 2525; x_wconf 72' lang='lat' dir='ltr'><strong>designet</strong></span> <span class='ocrx_word' id='word_1_853' title='bbox 1457 2491 1692 2525; x_wconf 81' lang='lat' dir='ltr'><strong>procreationem,</strong></span> <span class='ocrx_word' id='word_1_854' title='bbox 1718 2500 1778 2527; x_wconf 67' lang='lat' dir='ltr'><strong>quae</strong></span> 
     </span>
    </p>
   </div>
   <div class='ocr_carea' id='block_1_116' title="bbox 996 2535 1778 2571">
    <p class='ocr_par' dir='ltr' id='par_1_116' title="bbox 996 2535 1778 2571">
     <span class='ocr_line' id='line_1_116' title="bbox 996 2535 1778 2571; baseline 0.005 -9"><span class='ocrx_word' id='word_1_855' title='bbox 996 2535 1082 2562; x_wconf 88' lang='lat' dir='ltr'><strong>tribus</strong></span> <span class='ocrx_word' id='word_1_856' title='bbox 1110 2536 1191 2563; x_wconf 86' lang='lat' dir='ltr'><strong>veluti</strong></span> <span class='ocrx_word' id='word_1_857' title='bbox 1219 2536 1351 2571; x_wconf 82' lang='lat' dir='ltr'><strong>partibus,</strong></span> <span class='ocrx_word' id='word_1_858' title='bbox 1375 2541 1495 2563; x_wconf 86' lang='lat' dir='ltr'><strong>semente</strong></span> <span class='ocrx_word' id='word_1_859' title='bbox 1517 2535 1649 2569; x_wconf 85' lang='lat' dir='ltr'><strong>facienda,</strong></span> <span class='ocrx_word' id='word_1_860' title='bbox 1670 2538 1778 2566; x_wconf 83' lang='lat' dir='ltr'><strong>eadem--</strong></span> 
     </span>
    </p>
   </div>
   <div class='ocr_carea' id='block_1_117' title="bbox 994 2619 1778 2662">
    <p class='ocr_par' dir='ltr' id='par_1_117' title="bbox 994 2619 1778 2662">
     <span class='ocr_line' id='line_1_117' title="bbox 994 2619 1778 2662; baseline 0.004 -14"><span class='ocrx_word' id='word_1_861' title='bbox 994 2623 1023 2649; x_wconf 78' lang='grc' dir='ltr'>τὸ</span> <span class='ocrx_word' id='word_1_862' title='bbox 1037 2623 1112 2648; x_wconf 83' lang='grc' dir='ltr'>κυεῖν</span> <span class='ocrx_word' id='word_1_863' title='bbox 1124 2622 1172 2662; x_wconf 63' lang='grc' dir='ltr'>τῂν</span> <span class='ocrx_word' id='word_1_864' title='bbox 1187 2622 1248 2662; x_wconf 64' lang='grc' dir='ltr'>γην,</span> <span class='ocrx_word' id='word_1_865' title='bbox 1300 2622 1426 2658; x_wconf 77' lang='grc' dir='ltr'>χορηγός,</span> <span class='ocrx_word' id='word_1_866' title='bbox 1441 2622 1482 2649; x_wconf 78' lang='lat' dir='ltr'><strong>vel</strong></span> <span class='ocrx_word' id='word_1_867' title='bbox 1498 2622 1588 2657; x_wconf 86' lang='lat' dir='ltr'><strong>potius</strong></span> <span class='ocrx_word' id='word_1_868' title='bbox 1602 2619 1632 2649; x_wconf 72' lang='grc' dir='ltr'><strong>οὗ</strong></span> <span class='ocrx_word' id='word_1_869' title='bbox 1649 2625 1778 2659; x_wconf 81' lang='grc' dir='ltr'>χορηγός,</span> 
     </span>
    </p>
   </div>
   <div class='ocr_carea' id='block_1_118' title="bbox 995 2659 1249 2690">
    <p class='ocr_par' dir='ltr' id='par_1_118' title="bbox 995 2659 1249 2690">
     <span class='ocr_line' id='line_1_118' title="bbox 995 2659 1249 2690; baseline -0.004 -6"><span class='ocrx_word' id='word_1_870' title='bbox 995 2666 1089 2690; x_wconf 87' lang='lat' dir='ltr'><strong>nempe</strong></span> <span class='ocrx_word' id='word_1_871' title='bbox 1105 2659 1151 2683; x_wconf 79' lang='grc' dir='ltr'>τοῦ</span> <span class='ocrx_word' id='word_1_872' title='bbox 1165 2659 1249 2683; x_wconf 86' lang='grc' dir='ltr'>κυεῖν.</span> 
     </span>
    </p>
   </div>
   <div class='ocr_carea' id='block_1_119' title="bbox 1028 2691 1778 2726">
    <p class='ocr_par' dir='ltr' id='par_1_119' title="bbox 1028 2691 1778 2726">
     <span class='ocr_line' id='line_1_119' title="bbox 1028 2691 1778 2726; baseline 0.001 -8"><span class='ocrx_word' id='word_1_873' title='bbox 1028 2693 1083 2726; x_wconf 81' lang='lat'><strong>(89)</strong></span> <span class='ocrx_word' id='word_1_874' title='bbox 1106 2691 1362 2726; x_wconf 65' lang='lat' dir='ltr'><strong>Telsmororﬁcrat.</strong></span> <span class='ocrx_word' id='word_1_875' title='bbox 1384 2691 1461 2719; x_wconf 85' lang='lat' dir='ltr'><strong>Haud</strong></span> <span class='ocrx_word' id='word_1_876' title='bbox 1485 2697 1585 2720; x_wconf 74' lang='lat' dir='ltr'><strong>temere</strong></span> <span class='ocrx_word' id='word_1_877' title='bbox 1606 2693 1718 2720; x_wconf 87' lang='lat' dir='ltr'><strong>verbum</strong></span> <span class='ocrx_word' id='word_1_878' title='bbox 1734 2703 1778 2720; x_wconf 83' lang='grc' dir='ltr'>τε-</span> 
     </span>
    </p>
   </div>
   <div class='ocr_carea' id='block_1_120' title="bbox 992 2727 1777 2762">
    <p class='ocr_par' dir='ltr' id='par_1_120' title="bbox 992 2727 1777 2762">
     <span class='ocr_line' id='line_1_120' title="bbox 992 2727 1777 2762; baseline 0.003 -9"><span class='ocrx_word' id='word_1_879' title='bbox 992 2727 1152 2762; x_wconf 81' lang='grc' dir='ltr'>λεσιογονεῖν</span> <span class='ocrx_word' id='word_1_880' title='bbox 1169 2728 1302 2761; x_wconf 83' lang='lat' dir='ltr'><strong>reperias;</strong></span> <span class='ocrx_word' id='word_1_881' title='bbox 1328 2735 1398 2761; x_wconf 56' lang='lat' dir='ltr'><strong>saepe</strong></span> <span class='ocrx_word' id='word_1_882' title='bbox 1421 2727 1626 2762; x_wconf 78' lang='grc' dir='ltr'>τελεσσιγονεῖν.</span> <span class='ocrx_word' id='word_1_883' title='bbox 1641 2728 1720 2755; x_wconf 81' lang='lat' dir='ltr'><strong>Forte</strong></span> <span class='ocrx_word' id='word_1_884' title='bbox 1736 2734 1777 2755; x_wconf 85' lang='lat' dir='ltr'><strong>ta-</strong></span> 
     </span>
    </p>
   </div>
   <div class='ocr_carea' id='block_1_121' title="bbox 991 2761 1776 2798">
    <p class='ocr_par' dir='ltr' id='par_1_121' title="bbox 991 2761 1776 2798">
     <span class='ocr_line' id='line_1_121' title="bbox 991 2761 1776 2798; baseline 0.001 -10"><span class='ocrx_word' id='word_1_885' title='bbox 991 2770 1052 2788; x_wconf 86' lang='lat' dir='ltr'><strong>men</strong></span> <span class='ocrx_word' id='word_1_886' title='bbox 1067 2761 1081 2787; x_wconf 77' lang='grc' dir='ltr'><strong>ο</strong></span> <span class='ocrx_word' id='word_1_887' title='bbox 1098 2761 1169 2788; x_wconf 79' lang='lat' dir='ltr'><strong>istud</strong></span> <span class='ocrx_word' id='word_1_888' title='bbox 1187 2762 1268 2798; x_wconf 76' lang='lat' dir='ltr'><strong>inseri</strong></span> <span class='ocrx_word' id='word_1_889' title='bbox 1287 2763 1431 2796; x_wconf 84' lang='lat' dir='ltr'><strong>aliquando</strong></span> <span class='ocrx_word' id='word_1_890' title='bbox 1447 2763 1543 2797; x_wconf 85' lang='lat' dir='ltr'><strong>possit,</strong></span> <span class='ocrx_word' id='word_1_891' title='bbox 1560 2767 1588 2789; x_wconf 91' lang='lat' dir='ltr'><strong>ut</strong></span> <span class='ocrx_word' id='word_1_892' title='bbox 1612 2764 1637 2789; x_wconf 93' lang='lat' dir='ltr'><strong>in</strong></span> <span class='ocrx_word' id='word_1_893' title='bbox 1653 2764 1776 2798; x_wconf 85' lang='grc' dir='ltr'>εύρεσιο-</span> 
     </span>
    </p>
   </div>
   <div class='ocr_carea' id='block_1_122' title="bbox 991 2796 1775 2834">
    <p class='ocr_par' dir='ltr' id='par_1_122' title="bbox 991 2796 1775 2834">
     <span class='ocr_line' id='line_1_122' title="bbox 991 2796 1775 2834; baseline 0.005 -12"><span class='ocrx_word' id='word_1_894' title='bbox 991 2797 1066 2834; x_wconf 75' lang='grc' dir='ltr'>λογία</span> <span class='ocrx_word' id='word_1_895' title='bbox 1083 2805 1131 2834; x_wconf 81' lang='lat' dir='ltr'><strong>pro</strong></span> <span class='ocrx_word' id='word_1_896' title='bbox 1145 2796 1325 2834; x_wconf 71' lang='grc' dir='ltr'>εὑρεσιλογία,</span> <span class='ocrx_word' id='word_1_897' title='bbox 1341 2805 1432 2834; x_wconf 81' lang='lat' dir='ltr'><strong>supra.</strong></span> <span class='ocrx_word' id='word_1_898' title='bbox 1448 2796 1627 2834; x_wconf 14' lang='lat' dir='ltr'><strong>&#39;Sane‘infra,</strong></span> <span class='ocrx_word' id='word_1_899' title='bbox 1643 2796 1704 2834; x_wconf 66' lang='lat' dir='ltr'><strong>pag.</strong></span> <span class='ocrx_word' id='word_1_900' title='bbox 1724 2799 1775 2826; x_wconf 77' lang='lat'><strong>“9</strong></span> 
     </span>
    </p>
   </div>
   <div class='ocr_carea' id='block_1_123' title="bbox 991 2832 1600 2867">
    <p class='ocr_par' dir='ltr' id='par_1_123' title="bbox 991 2832 1600 2867">
     <span class='ocr_line' id='line_1_123' title="bbox 991 2832 1600 2867; baseline 0.002 -8"><span class='ocrx_word' id='word_1_901' title='bbox 991 2833 1085 2859; x_wconf 86' lang='lat' dir='ltr'><strong>eodem</strong></span> <span class='ocrx_word' id='word_1_902' title='bbox 1101 2832 1198 2860; x_wconf 89' lang='lat' dir='ltr'><strong>iterum</strong></span> <span class='ocrx_word' id='word_1_903' title='bbox 1214 2833 1295 2859; x_wconf 90' lang='lat' dir='ltr'><strong>modo</strong></span> <span class='ocrx_word' id='word_1_904' title='bbox 1309 2833 1439 2867; x_wconf 85' lang='lat' dir='ltr'><strong>scriptum</strong></span> <span class='ocrx_word' id='word_1_905' title='bbox 1455 2832 1600 2867; x_wconf 79' lang='lat' dir='ltr'><strong>reperitur.</strong></span> 
     </span>
    </p>
   </div>
  </div>
