2060 3213
253 138 305 167 I99

576 138 712 167 EUSEBII
729 134 969 166 CESARIENSIS
987 136 1062 165 OPP.
1084 135 1174 164 PARS
1192 134 1225 163 11.
1246 150 1280 156 —-
1300 133 1548 165 APOLOGETICA.

1806 139 1860 168 200

250 204 305 232 que
318 204 380 224 cum
393 196 562 234 excipienda,
581 202 638 225 tum
652 197 685 225 ad
699 201 849 225 extremum
872 197 899 224 in
916 196 1024 224 herbam

1079 204 1149 230 γειν.
1165 195 1214 222 Διὰ
1222 195 1254 231 δὴ
1269 195 1375 222 πάντων
1387 196 1489 224 τούτων
1501 197 1517 231 ὴ
1529 197 1592 232 περὶ
1604 196 1655 232 γῆν
1663 196 1787 233 δύναμις,
1801 198 1861 233 ἑξη-

249 248 278 271 et
291 243 411 271 culmum
426 243 565 271 educenda
582 244 744 272 continetur.
757 242 849 277 Neque
859 242 931 270 enim
950 250 982 269 ex
997 249 1030 270 eo

248 289 324 325 quod
340 289 398 325 ipse
415 290 514 325 κῆρας,
534 290 586 317 hoe
608 293 650 317 est
673 288 788 320 animas,
811 296 881 324 quas
907 288 1029 320 devoret,

248 334 349 363 habeat
366 335 451 367 κύων,
465 335 491 362 id
507 339 549 362 est
567 335 656 367 canis,
675 334 835 369 appellatur,
850 334 897 362 sed
910 334 985 369 παρὰ
999 334 1029 361 τδ

248 381 334 414 κυεῖν,
352 382 404 410 hoc
423 386 465 409 est
480 389 494 407 a
511 380 565 408 feto
588 381 753 416 gravidoque
769 385 848 408 terrae
874 385 961 413 utero,
984 380 1028 408 cui

246 427 426 463 progignendi
453 427 508 454 vim
521 426 602 454 Pluto
625 426 791 462 suppeditat,
808 435 871 454 cum
887 427 1028 461 Proserpi-

246 480 310 500 nam
325 473 407 507 rapit.
423 472 494 505 Quin
508 472 590 500 etiam
605 473 676 500 Attis
689 477 717 500 et
730 472 834 501 Adonis
848 473 966 508 aliquam
978 473 1027 500 ha-

246 516 313 544 bent
337 524 399 544 cum
424 516 521 544 iisdem
543 516 668 552 frugibus
681 518 894 552 proportionem.
911 517 944 545 Ει
957 518 1027 545 Attis

244 562 355 597 quidem
380 569 442 589 cum
466 562 500 589 iis
523 561 638 590 ﬂoribus
656 567 840 597 comparatur.
865 562 912 597 qui
937 563 1026 597 primo

245 614 307 634 vere
321 614 383 634 cum
398 607 588 640 excludantur,
606 607 721 635 necdum
737 607 842 642 integro
864 611 1026 643 maturoque

244 651 333 680 fructu
357 652 495 680 decidunt.
523 653 553 680 Id
578 652 650 688 quod
673 653 701 679 in
715 661 797 680 causa
811 653 871 685 fuit,
885 661 934 681 cur
947 661 1026 681 exse-

244 702 318 725 ctum
339 698 414 725 illum
435 698 567 731 dicerent,
585 706 640 734 quo
656 697 760 726 fructus
783 707 830 726 eos
852 699 1026 735 designarent

244 742 291 777 qui
308 743 430 770 nondum
444 743 486 770 vis
497 743 637 771 seminatis
648 747 742 771 essent
752 744 935 771 maturitatem
949 751 1024 771 assc-

243 787 309 816 cuti.
338 787 440 816 Adonis
463 793 554 816 autem
575 793 744 816 maturarum
770 789 878 824 frugum
907 796 1023 816 messem

245 838 432 868 repraesentat.
450 833 510 861 Jam
526 833 634 862 Silenus
651 834 782 869 spiritalis
805 838 896 861 motus
913 834 1024 868 symbo-

243 877 300 906 lum
312 883 364 911 est,
380 879 427 913 qui
443 883 471 906 et
487 878 544 913 ipse
561 886 615 906 non
631 886 728 914 parum
743 879 872 906 universo
885 878 1022 910 conducit;
1040 866 1061 896 Β

244 927 271 950 et
298 922 408 957 quidem
432 929 545 951 ornatus
567 924 664 958 capitis
688 924 802 951 floribus
826 931 858 950 ac
883 923 1027 958 splendore

243 968 419 1002 conspicuus,
433 968 569 996 caelestem
587 969 811 1002 conversionem;
824 969 948 997 casaries
963 976 1027 996 vero

242 1014 277 1042 ad
294 1019 385 1049 partes
400 1015 523 1050 ejusdem
539 1015 682 1043 inferiores
705 1023 792 1050 usque
806 1015 952 1050 promissa,
972 1019 1026 1043 ter-

243 1060 325 1087 restri
351 1060 466 1088 similem
487 1061 558 1088 aeris
584 1061 794 1089 crassitudinem
819 1065 959 1096 utcunque
978 1061 1027 1088 ad-

241 1106 360 1133 umbrat.
372 1105 405 1133 Et
415 1107 544 1141 quouiam
560 1107 602 1134 vis
611 1112 739 1142 praeterea
751 1107 890 1134 divinandi
903 1107 1024 1142 quaedam

241 1152 340 1184 inerat,
356 1151 470 1179 Themin
488 1153 546 1187 ipsa
563 1153 751 1186 nominarunt,
769 1153 849 1187 quasi
864 1153 979 1188 singulis
990 1153 1024 1180 τὰ

240 1198 394 1234 τεθειμένα,
406 1198 458 1226 hoc
469 1203 511 1226 est
525 1205 568 1226 res
579 1198 635 1226 fato
649 1200 813 1226 constitutas
827 1198 1025 1235 eventurasque

240 1244 415 1278 praenuntiet.
428 1243 516 1279 Atque
530 1243 602 1271 hunc
617 1244 645 1270 in
660 1244 770 1271 modum
784 1244 837 1271 vim
848 1245 922 1271 illam
947 1250 1026 1272 terra:

239 1292 281 1318 tot
296 1289 484 1324 symbolarum
503 1289 630 1316 varietate
655 1289 816 1324 explicatam
839 1295 1023 1324 venerantur;

240 1342 272 1362 ac
286 1335 400 1369 virginis
415 1335 525 1370 quidem
537 1334 680 1369 Vestaeque
697 1335 818 1368 nomine,
842 1340 978 1371 quatenus
991 1343 1024 1364 ea

240 1385 366 1408 centrum
382 1382 503 1409 universi
516 1382 726 1417 complectitur;
746 1382 876 1417 parentis,
890 1388 1024 1418 quatenus

239 1427 426 1455 animantibus
441 1428 568 1455 alimenta
583 1429 737 1463 suppeditat
759 1437 767 1461 ;
789 1427 865 1463 Opis,
888 1434 1024 1464 quatenus

239 1472 342 1507 lapides
369 1477 492 1508 generat,
511 1474 704 1509 montibusque
727 1475 883 1509 prominet;
905 1475 1022 1509 Cereris,

215 1554 221 1561 ο
240 1523 376 1553 quatenus
393 1519 508 1546 virentia
528 1521 650 1555 germina
662 1526 804 1555 procreat;
823 1521 1021 1549 ad'extremum
1036 1539 1059 1570 ο

240 1563 391 1598 Themidis,
417 1570 551 1600 quatenus
573 1565 719 1594 fundendis
739 1567 859 1593 oraculis
882 1567 945 1594 usui
970 1573 1021 1595 est.

238 1608 300 1637 Vim
316 1615 406 1638 autem
423 1611 545 1644 seminis,
561 1611 635 1646 quod
650 1611 736 1646 ipsius
749 1612 776 1638 in
790 1613 924 1647 gremium
939 1613 1023 1640 eil‘un-

241 1656 325 1688 ditur,
347 1656 374 1683 in
398 1655 489 1691 Priapi
516 1657 633 1691 speciem
652 1657 789 1691 ellinxere,
815 1659 854 1685 sic
877 1663 966 1685 tamen
993 1663 1023 1686 ut

239 1703 313 1737 quod
326 1702 407 1729 siccis
419 1701 542 1737 frugibus
556 1703 737 1737 producendis
751 1708 842 1738 aptum
855 1710 942 1738 esset,
957 1704 1023 1732 Pro-

239 1748 388 1782 serpinam,
412 1748 485 1783 quod
509 1755 575 1775 vero
598 1747 631 1775 ad
647 1748 817 1777 humidiores
839 1750 1023 1785 arborumque

239 1793 312 1821 fetus
333 1794 492 1829 pertineret,
517 1794 654 1822 Bacchum
680 1795 856 1830 appellarent.
876 1796 921 1824 Sic
940 1798 1023 1833 igitur

239 1840 402 1876 Proserpina
423 1841 532 1876 quidem
558 1841 687 1869 sementis
711 1847 833 1877 tempore
855 1850 870 1870 a
895 1843 1020 1877 Plutone,

239 1888 291 1915 hoc
319 1892 362 1915 est
381 1895 398 1914 a
417 1888 475 1916 sole
506 1888 557 1915 sub
581 1894 667 1916 terras
682 1884 868 1916 'commeante
895 1889 1020 1924 rapitur;

239 1934 363 1962 Bacchus
376 1937 466 1961 autem
487 1941 549 1962 cum
579 1933 732 1969 germinare
750 1933 856 1969 incipit,
873 1934 954 1970 idque
972 1943 1021 1970 pro

239 1979 417 2015 qualitatibus
432 1979 476 2013 iis,
493 1980 594 2016 quibus
609 1979 654 2007 illa
674 1979 715 2007 vis
728 1979 853 2014 afﬁcitur,
865 1988 926 2015 qua:
945 1986 1021 2008 tene-

237 2024 294 2052 rior
312 2024 411 2058 adhuc,
427 2024 536 2052 tametsi
550 2024 584 2051 ad
610 2023 717 2051 fructus
740 2025 898 2053 excellentis
920 2026 1021 2060 produ-

238 2070 355 2098 ctionem
375 2070 483 2103 idonea,
514 2070 565 2097 sub
591 2074 662 2097 terra
689 2070 823 2097 delitescit
844 2080 851 2098 :
874 2075 929 2098 tum
957 2080 1021 2100 vero

239 2123 317 2144 suam
332 2115 357 2143 ei
373 2116 468 2142 virtuti
480 2117 637 2142 commodat
651 2123 773 2150 operam.
789 2124 849 2152 quae
861 2122 892 2144 ut
908 2117 1020 2146 ﬂoribus

237 2161 414 2189 excludendis
429 2166 537 2196 praeest,
563 2161 634 2188 Attis
651 2161 776 2197 symbolo
790 2171 797 2195 ;
813 2167 842 2189 ut
856 2167 945 2190 autem
966 2171 1021 2191 ma-

236 2213 360 2235 turarum
382 2206 490 2242 frugum
513 2206 607 2239 messi,
624 2206 728 2234 Adonis
748 2207 858 2234 nomine
871 2208 1018 2235 adumbra-
1036 2216 1057 2246 ι)

237 2257 292 2280 tur.
310 2251 442 2279 Praeterea
458 2252 499 2279 vis
513 2252 558 2279 illa
575 2252 718 2287 spiritalis,
739 2260 800 2287 quze
818 2253 944 2280 universa
959 2261 1020 2288 pcr-

236 2303 320 2332 meat,
328 2297 427 2331 Sileni;
435 2305 496 2333 qum
507 2305 571 2325 vero
581 2298 688 2326 cunctis
695 2299 826 2333 paulatim
834 2299 982 2327 edncendis
989 2307 1020 2327 ac

237 2347 323 2382 magis
331 2347 472 2382 magisque
487 2345 657 2382 proferendis
674 2348 841 2380 continetur,
857 2348 1019 2376 Bacchantis

239 2392 316 2427 ιιι
344 2393 371 2420 in
399 2393 517 2427 speciem
541 2392 729 2420 conformatur
754 2403 761 2420 :
789 2394 1018 2426 quemadmodum

238 2439 318 2465 etiam
332 2439 458 2474 impetus,
469 2439 516 2473 qui
533 2439 566 2466 ad
577 2438 708 2466 Venerem
723 2440 890 2474 exstimulat,
904 2440 1018 2476 Satyro-

238 2491 299 2510 rum
323 2483 408 2519 etligie
433 2484 503 2512 solet
529 2484 662 2512 exhiberi.
697 2485 786 2520 Atque
814 2485 872 2512 haec
896 2486 1018 2521 symbola

238 2532 312 2561 sunt,
334 2529 434 2563 quibus
455 2532 535 2556 terra:
552 2530 592 2557 vis
608 2529 689 2557 insita
711 2530 873 2557 declaratur.
896 2539 905 2555 ι
924 2529 1020 2557 Hacte-

239 2582 291 2602 nus
304 2581 368 2609 crgo
380 2574 558 2610 Porphyrius,
574 2584 635 2611 qua:
651 2575 720 2602 mihi
737 2576 845 2603 brevius
859 2575 979 2611 quidem,
992 2579 1020 2603 at.

239 2620 394 2647 necessario
416 2625 506 2647 tamen
530 2622 770 2649 commemoranda
798 2622 875 2655 duxi,
899 2630 932 2649 ne
954 2622 1018 2657 quid

239 2664 371 2699 speciosae
385 2665 608 2700 philosophorum
630 2667 744 2694 istorum
763 2667 894 2695 doctrina:
915 2675 964 2694 nos
980 2668 1019 2694 la-

240 2714 304 2736 teat.
316 2709 453 2738 Habemus
464 2711 535 2737 enim
551 2719 625 2744 vero,
642 2720 674 2739 ex
689 2713 775 2739 nostri
792 2713 874 2747 hujus
888 2713 1019 2748 interpre-

241 2755 277 2781 tis
301 2755 491 2789 explicatione,
524 2755 714 2792 Proserpinam
745 2759 854 2793 quidem
881 2757 1017 2786 fructuum

241 2808 335 2827 eorum
354 2801 409 2831 vim
432 2801 550 2829 nativam
569 2810 640 2836 esse,
659 2804 706 2838 qui
726 2803 800 2838 jacto
817 2805 932 2835 semine,
949 2803 1017 2832 Bne-

242 2846 322 2873 cllum
337 2850 425 2874 autem
442 2854 546 2879 eorum,
568 2848 613 2882 qui
629 2856 660 2875 ex
680 2848 780 2881 plantis
792 2849 937 2875 oriuntur:
957 2857 1017 2876 ver-

1080 243 1186 278 γήσεως
1201 241 1330 277 τυχοῦσα.
1345 242 1535 277 θρησκεύεται·
1547 243 1585 275 ὠς
1608 244 1656 278 μὲν
1669 244 1801 280 παρθένος
1815 244 1863 271 καὶ

1086 288 1186 320 Ἑστία,
1207 289 1224 323 ἡ
1246 289 1434 325 κεντροφόρος·
1459 289 1541 321 agat
1558 290 1650 323 τοκὰς,
1666 292 1683 326 ἡ
1704 291 1812 327 τροφός·
1824 291 1863 323 ὼς

1078 334 1107 361 δὲ
1128 334 1201 366 Ῥέα,
1216 335 1233 369 ἡ
1253 335 1423 370 πετροποιὸς,
1446 335 1493 362 καὶ
1505 335 1602 370 ὄρειος·
1621 335 1658 367 ὡς
1673 336 1702 363 δὲ
1718 337 1861 373 Δημήτηρ,

1079 380 1095 414 ἡ
1112 379 1269 415 χλοηφόρος·
1287 380 1325 412 ὡς
1339 380 1368 407 δὲ
1381 380 1474 415 Θέμις,
1490 382 1506 415 ὴ
1520 381 1690 416 χρησμῳδδςρ
1706 382 1752 408 τοῦ
1767 384 1806 414 εἰς
1818 384 1863 410 σε»

1077 425 1125 460 τὴν
1139 425 1278 456 κατιόντος
1302 425 1489 461 σπερματικοῦ
1510 426 1589 460 λόγου
1614 428 1653 458 είς
1671 427 1717 454 τὸν
1742 427 1862 463 Πρίαπον

1077 471 1311 507 ἐκτετυπωμένου·
1324 469 1355 499 οὗ
1366 472 1397 498 τδ
1411 473 1459 507 μὲν
1475 473 1538 508 περὶ
1551 473 1614 504 τοὺς
1627 472 1725 508 ξηροὺς
1738 474 1862 509 καρποὺς

1076 517 1165 552 Κόρη,
1179 516 1211 544 τὸ
1223 517 1251 543 δὲ
1268 517 1340 544 κατὰ
1355 519 1418 549 τοὺς
1430 518 1528 553 ὑγροὶις
1543 518 1589 544 καὶ
1608 519 1642 545 τέι
1654 519 1790 554 ἀκρόδρυα
1802 519 1862 546 Διό-

1075 570 1153 594 νυσος
1168 563 1298 589 καλεῖται’
1318 563 1367 598 τῆς
1389 564 1438 598 μὲν
1459 564 1548 599 Κόρης
1568 563 1620 590 ὑπὸ
1639 564 1794 597 Πλούτωνος
1813 565 1861 591 τοῦ

1077 609 1129 635 ὑπὸ
1143 609 1197 644 Γῆν
1211 609 1294 641 ἰόντος
1323 609 1412 636 Ἠλίου
1429 609 1620 646 ἁρπαζομένης
1639 611 1709 637 κατὰ
1731 612 1778 638 τὸν
1799 613 1863 639 σπό-

1076 661 1131 688 ρον·
1146 654 1193 681 τοῦ
1203 654 1231 681 δὲ
1245 654 1370 681 Διονύσου
1383 656 1452 682 κατὰ
1463 655 1499 682 τὰ
1509 656 1582 691 πάθη
1593 657 1642 691 τῆς
1653 657 1792 692 δυνάμεως
1808 659 1862 684 ὑπὸ

1074 698 1127 734 γῆν
1144 699 1194 734 μὲν
1209 699 1344 735 νεωτέρας
1362 701 1409 727 καί¹
1429 701 1590 736 καλλιγὸνης
1606 701 1764 729 ϐλαστάνειν
1777 704 1861 739 ἀρχο-

1076 744 1167 779 μένου,
1181 746 1226 772 ὲπι
1230 746 1316 781 μάχου
1325 747 1353 772 δὲ
1361 746 1410 781 τῆς
1417 746 1488 774 κατὰ
1498 747 1545 782 τὴν
1555 747 1638 782 ἄνθην
1647 747 1785 783 δυνάμεως
1797 749 1863 785 σύμ.-

1074 789 1150 817 6ολον
1159 791 1204 817 τὸν
1217 791 1309 817 Ἀττιν
1324 792 1447 826 ἐχούσης·
1459 792 1510 827 τῆς
1521 792 1551 819 δὲ
1564 793 1634 820 κατὰ
1645 793 1694 829 τὴν
1707 795 1860 831 τελεσιουρ-

1074 837 1137 870 γίαν
1144 838 1261 874 ἐκτομὴν
1269 838 1314 865 τὸν
1323 839 1446 865 Ἄδωνιν·
1457 839 1559 875 καὶτῆς
1569 840 1618 875 μὲν
1626 842 1809 877 πνευματικῆς
1816 842 1861 868 διὰ

1076 883 1183 910 πάντων
1199 884 1341 919 δυνάμεως
1357 885 1395 917 ὡς
1415 885 1455 916 εἰς
1469 885 1594 921 Σειληνὸν
1610 887 1858 923 ἀναπλαττομένης,

1074 929 1123 963 τῆς
1130 929 1158 955 δὲ
1167 930 1206 961 εἰς
1217 929 1327 956 ἔκτασιν
1335 931 1383 957 ἀπ’
1398 931 1486 957 αὐτῶν
1497 932 1675 967 παραγωγῆς,
1687 933 1726 964 εἰς
1740 933 1831 969 Βάκχη
1838 943 1858 960 r

1075 973 1167 1010 ὥσπερ
1184 975 1217 1002 ἃν
1236 976 1286 1011 τῆς
1302 977 1342 1007 εἰς
1355 975 1389 1002 τὰ
1406 976 1549 1012 ἀφροδίσια
1567 977 1740 1013 ἑρεθιζοὺσης
1759 980 1859 1014 ὁρμῆς,

1074 1020 1117 1047 διὰ
1137 1021 1191 1047 τῶν
1205 1021 1343 1058 Σατύρων.
1361 1023 1409 1048 Διὰ
1427 1023 1459 1058 δὴ
1480 1023 1582 1050 τούτων
1602 1024 1655 1050 τῶν
1677 1025 1816 1059 συμϐόλων
1841 1027 1858 1061 ἡ

1075 1068 1211 1101 περίγειος
1236 1067 1432 1094 ὲκκαλύπτεται
1458 1068 1583 1104 δύναμις.
1617 1079 1626 1096 r
1654 1070 1778 1097 Τοσαῦτα
1809 1071 1859 1106 μὲν

1074 1110 1120 1138 οὖν
1137 1112 1183 1139 καὶ
1199 1112 1272 1147 τάδε,
1289 1113 1307 1139 ὃ.
1323 1114 1369 1140 καὶ
1387 1114 1542 1148 ἀναγκαίως
1560 1116 1755 1151 ἐπιτεμόμενος
1770 1125 1859 1152 παρα-

1074 1158 1206 1194 τέθειμαι,
1219 1160 1258 1191 είς
1273 1159 1303 1186 τὸ
1321 1160 1357 1195 μὴ
1375 1160 1481 1194 ἀγνοεῖν
1497 1161 1571 1195 ἡμᾶς
1586 1161 1619 1188 τὰ
1642 1162 1727 1196 σεμνὰ
1742 1162 1796 1188 τῶν
1814 1171 1859 1196 φι-

1074 1203 1203 1239 λοσόφων.
1227 1205 1304 1232 Οὕτω
1336 1204 1479 1240 τοιγαροῦν
1503 1206 1574 1232 κατὰ
1600 1206 1635 1233 τὰ
1663 1207 1856 1242 ἀποδεδομένα,

1074 1248 1150 1284 Κόρη
1169 1249 1216 1284 μὲν
1231 1250 1248 1284 ἡ
1264 1249 1317 1275 τῶν
1329 1250 1480 1284 σπορίμων,
1496 1250 1621 1282 Διόνυσος
1634 1251 1661 1277 δὲ
1675 1252 1692 1286 ἡ
1706 1251 1758 1278 τῶν
1772 1253 1857 1288 ἀκρο-

1073 1294 1160 1329 δρύων
1176 1294 1300 1330 δύναμις·
1312 1296 1359 1322 καὶ
1371 1295 1425 1321 τῶν
1439 1296 1488 1331 μὲν
1499 1296 1613 1331 ἐαρινῶν
1622 1296 1710 1322 ἀνθῶν
1723 1298 1737 1322 ὁ
1752 1298 1855 1329 Ἀττις,

1073 1339 1128 1366 τῶν
1144 1339 1172 1366 δὲ
1188 1339 1297 1366 τελείων
1317 1340 1429 1375 καρπῶν
1449 1341 1463 1366 ὁ
1482 1341 1593 1372 ΙἌδωνις
1613 1341 1754 1376 σύμὸολον.
1775 1342 1807 1368 Τί
1822 1342 1855 1379 δὴ

1072 1384 1120 1414 οὖν
1141 1386 1194 1422 χρὴ
1210 1386 1296 1412 ταῦτα
1314 1386 1456 1416 θεοποιεῖν.
1479 1387 1518 1418 είς
1535 1387 1638 1423 τροφὰς
1652 1388 1785 1423 σωμάτων
1800 1389 1856 1415 τῶν

1073 1432 1121 1459 ἐπὶ
1136 1433 1188 1468 γῆς
1203 1433 1279 1464 ζώων
1295 1433 1362 1468 πρὸς
1376 1433 1422 1459 τοῦ
1434 1432 1488 1459 τῶν
1500 1433 1567 1459 ὅλων
1583 1433 1651 1460 Θεοῦ
1666 1435 1854 1471 πεποιημένα;

1073 1479 1106 1505 Τί
1121 1479 1149 1505 δὲ
1170 1479 1330 1514 θρησκεύειν
1350 1479 1399 1514 τὴν
1422 1479 1558 1516 περίγειον
1579 1479 1693 1515 δύναμιν
1716 1481 1855 1516 προσῆκόν

1073 1523 1146 1551 ιστιν
1167 1513 1243 1559 ἡμῖν,
1269 1523 1309 1556 οἷς
1327 1524 1406 1559 φύσις
1428 1513 1489 1551 ἐστὶ
1512 1525 1599 1561 ψυχῆς
1617 1513 1744 1561 οὐρανία,
1759 1513 1854 1563 λογική

1073 1578 1101 1596 τε
1122 1570 1169 1596 καὶ
1185 1570 1316 1601 ἀθάνατος
1335 1570 1411 1605 παρὰ
1433 1570 1480 1597 τοῦ
1504 1571 1698 1606 παμϐασιλέως
1713 1572 1766 1599 τῶν
1785 1574 1856 1600 ὅλων

1072 1615 1151 1647 Θεοῦ.
1175 1615 1293 1647 διανοίας
1319 1616 1424 1651 ὄμμασι
1449 1616 1664 1652 κεκαθαρμένοις
1689 1618 1855 1655 θεωρητική;

1073 1662 1124 1688 Τὸν
1143 1662 1171 1688 δὲ
1188 1662 1312 1696 Σειληνὸν
1332 1662 1438 1688 ἀκούων
1458 1662 1506 1698 τὴν
1524 1663 1709 1699 πνευματικὴν
1727 1662 1796 1691 εἶναι
1813 1665 1856 1691 κί-

1073 1717 1161 1744 νησιν,
1184 1708 1231 1735 καὶ
1247 1708 1295 1743 τὴν
1316 1708 1461 1743 διήκουσαν
1475 1709 1519 1735 διὰ
1535 1709 1640 1736 πάντων
1655 1709 1777 1745 δύναμιν,
1794 1711 1855 1736 τοτὲ

1074 1754 1123 1789 μὲν
1144 1754 1192 1789 τὴν
1211 1754 1335 1790 οὐράνιον
1355 1755 1505 1790 περιφορὰν
1529 1755 1573 1782 διὰ
1594 1755 1643 1790 τῆς
1664 1756 1783 1791 κεφαλῆς
1798 1757 1856 1783 ἐπι-

1071 1800 1252 1836 δεικνύμενον,
1269 1801 1329 1827 τοτὲ
1341 1801 1369 1827 δὲ
1382 1801 1430 1836 τὴν
1442 1801 1505 1836 περὶ
1518 1801 1564 1827 τὸν
1578 1801 1646 1836 ἀέρα
1659 1802 1799 1837 παχύτητα
1810 1802 1854 1829 διὰ

1072 1846 1121 1881 τῆς
1135 1846 1231 1878 λασίας
1244 1846 1331 1882 κόμης
1345 1846 1390 1872 τοῦ
1405 1846 1507 1880 γενείου
1517 1855 1523 1861 ·
1545 1846 1603 1878 πῶς
1613 1847 1646 1874 ἄν
1656 1856 1697 1879 τις
1712 1848 1854 1884 ἀναιτίοιτο

1072 1891 1164 1917 τοῦτον
1182 1891 1232 1926 μὲν
1251 1891 1321 1927 ὁρῶν
1338 1891 1464 1926 οὐδεμιᾶς
1481 1891 1631 1927 ἠξιωμένον
1651 1892 1796 1928 σεϐασμίου
1812 1903 1854 1920 τι-

1075 1935 1138 1970 μῆς,
1157 1936 1185 1962 ὂν
1207 1936 1289 1971 ἐχρῆν
1309 1936 1362 1971 πρὸ
1381 1936 1434 1962 τῶν
1452 1936 1558 1962 πάντων
1579 1935 1720 1969 θεοποιεῖν,
1740 1937 1854 1965 Ἄδωνιν

1073 1983 1101 2009 δὲ
1120 1983 1167 2010 καὶ
1181 1984 1315 2016 Διόνυσον,
1332 1985 1530 2025 τοὺςκαρποὺς
1545 1985 1643 2021 δηλαδὴ
1664 1987 1708 2013 καὶ
1721 1986 1756 2013 τὰ
1770 1987 1854 2023 ἀκρό-

1071 2029 1149 2064 δρυα,
1163 2028 1401 2064 θεοποιουμένους;
1423 2030 1471 2061 Τίς
1489 2030 1511 2056 δ’
1527 2029 1559 2056 ἂν
1580 2030 1733 2065 ὑπομείνειε
1754 2040 1852 2067 σεμνο-

1070 2075 1249 2111 λογουμένους
1272 2075 1377 2102 ἀκούων
1391 2075 1526 2112 Σατύρους
1554 2077 1601 2103 καὶ
1626 2077 1745 2112 Βάκχας.
1768 2078 1802 2104 τὰ
1823 2079 1853 2105 ὲν

1070 2121 1223 2156 ἀνθρώποις
1240 2121 1339 2156 αἰσχρὰ
1358 2122 1404 2147 καὶ¹
1420 2121 1556 2148 ἀκόλαστα
1571 2122 1662 2157 πάθη;
1680 2124 1704 2149 εἰ
1719 2123 1751 2158 δὴ
1762 2124 1787 2150 οἱ
1802 2123 1852 2159 μὲν

1071 2166 1180 2201 ἐδήλουν
1194 2166 1243 2198 τὰς
1264 2167 1302 2197 είς
1318 2166 1353 2192 τὰ
1374 2167 1515 2202 ἀφροδίσια
1530 2167 1703 2202 ὲρεθιζούσας
1723 2168 1811 2204 ὁρμὰς
1827 2169 1851 2196 οε

1070 2212 1195 2248 Σάτυροι,
1206 2213 1233 2238 αἱ
1243 2212 1272 2237 δὲ.
1283 2211 1387 2247 Βάκχαι
1399 2212 1448 2243 τὰς
1456 2213 1496 2244 είς
1507 2212 1615 2239 ἔκτασιν
1627 2213 1680 2240 τῶν
1693 2214 1757 2250 περὶ
1766 2213 1852 2242 ταῦτα

1071 2258 1270 2293 συμϐαινούσας
1292 2258 1470 2293 παραγωγάς.
1494 2259 1548 2285 Καὶ
1568 2259 1594 2285 τί
1617 2260 1657 2286 δεῖ
1677 2260 1748 2287 κατὰ
1769 2261 1852 2296 μέρος

1069 2305 1182 2331 ἕκαστον
1201 2305 1371 2340 ἀπελέγχειν,
1388 2305 1549 2341 ἐπιδραμεῖν
1573 2305 1631 2332 δέον
1651 2305 1689 2338 ὡς
1718 2307 1750 2333 ἂν
1768 2307 1851 2342 μηδὲν

1070 2351 1142 2386 ἡμᾶς
1164 2351 1218 2377 τῶν
1238 2352 1400 2387 ἀπορρήτων
1422 2351 1553 2388 λανθάνῃ,
1575 2352 1622 2378 καὶ
1643 2352 1692 2387 τὴν
1713 2352 1766 2378 τῶν
1786 2352 1852 2387 ἑξῆς

1070 2395 1246 2430 ὲπιτεμέσθαι
1264 2395 1450 2430 φυσιολογίαν;
1471 2397 1503 2432 ἣν
1524 2397 1675 2423 ὲκτέθειται
1691 2397 1704 2423 ὁ
1722 2397 1853 2433 δηλωθεὶς

1071 2441 1253 2477 συγγραφεὺς,
1275 2441 1348 2468 τόνδε
1370 2441 1484 2474 ἐπεξιὼν
1503 2442 1548 2469 τον
1574 2442 1691 2478 τρόπον·
1710 2452 1719 2468 ι
1745 2443 1800 2478 Τὴν
1822 2443 1851 2469 δὲ

1070 2487 1210 2522 ὑδροποιὸν
1240 2487 1303 2523 ὅλην
1337 2488 1451 2523 δύναμιν
1489 2488 1613 2515 Ὠκεανὸν
1636 2490 1792 2524 προσεῖπον,
1822 2489 1853 2515 τὸ

1071 2532 1202 2567 σύμϐολον
1219 2533 1302 2568 αὐτῆς
1317 2533 1402 2569 Τηθὺν
1416 2534 1607 2569 ὀνομάσαντες*
1628 2535 1677 2570 τῆς
1697 2534 1724 2560 δὲ
1745 2534 1819 2569 ὅλης,
1833 2536 1850 2569 ἡ

1072 2579 1119 2614 μὲν
1142 2579 1194 2606 τῶν
1218 2580 1337 2615 ποτίμων
1353 2581 1521 2617 πεποιημένη
1547 2581 1675 2616 Ἀχελῷος
1693 2581 1782 2612 αὐτοῖς
1798 2581 1847 2607 κέ-

1070 2625 1176 2660 κληται,
1194 2626 1210 2660 ή
1223 2626 1251 2652 δὲ
1263 2626 1316 2652 τῶν
1333 2626 1483 2654 θαλασσίων
1500 2627 1633 2654 Ποσειδῶν
1647 2627 1726 2654 πάλιν
1741 2627 1788 2662 τῆς
1801 2626 1850 2653 θα-

1070 2671 1240 2702 λασσοποιοῦ,
1264 2672 1331 2699 καθὸ
1364 2673 1520 2709 γεννητικὴ,
1551 2673 1729 2708 Ἀμφιτρίτης
1755 2672 1848 2708 οὔσης.

1071 2717 1125 2742 Καὶ
1141 2719 1168 2743 αἱ
1187 2718 1235 2752 μὲν
1250 2718 1303 2744 τῶν
1327 2719 1448 2752 γλυκέων
1470 2719 1572 2746 ὑδάτων
1592 2719 1703 2754 μερικαὶ
1723 2718 1850 2753 δυνάμεις

1069 2762 1192 2798 Νύμφαι,
1210 2765 1238 2789 αἱ
1261 2764 1289 2789 δὲ
1305 2764 1358 2790 τῶν
1379 2764 1528 2791 θαλασσίων
1546 2765 1676 2800 Νηρεΐδες
1692 2764 1848 2799 κέκληνται.

1069 2807 1122 2833 Τοῦ
1132 2807 1153 2833 δ’
1165 2806 1197 2834 αὖ
1212 2808 1295 2842 πυρὸς
1303 2809 1351 2843 τὴν
1362 2809 1474 2844 δύναμιν
1484 2809 1674 2844 προσειπόντες
1687 2809 1848 2843 Ἥφαιστον,

1074 2852 1276 2887 ἀνθρωποειδὲς
1307 2855 1356 2887 μὲν
1383 2855 1464 2880 αὑτοῦ
1489 2856 1520 2881 τὸ
1549 2854 1658 2889 ἄγαλμα
1684 2855 1849 2890 πεποιήκασι
