2060 3213
271 195 324 223 ξοδ

601 189 735 218 EUSEBH
754 186 992 218 CASSARIENSIS
1010 187 1084 214 ΟΙῬ.
1107 187 1197 214 PARS
1216 187 1248 214 ll.
1267 203 1301 208 ——
1319 186 1570 214 APOLOGETICA.

1845 185 1900 213 τοι

274 253 336 279 nius
352 255 380 278 et
393 249 427 276 ab
443 248 518 276 omni
533 247 598 275 hace
615 246 780 283 purissimus
796 245 868 280 ignis
885 243 1053 272 domicilium

1111 244 1158 278 γῆν
1173 243 1260 278 φωτὸς
1277 244 1322 270 τὸν
1339 243 1496 280 πορφυροῦν
1507 242 1608 278 χιτῶνα
1623 241 1776 277 ποιούμενοι
1795 241 1899 277 σύμϐο-

274 306 354 328 suum
368 297 521 325 collocavit.
533 295 600 322 Nam
620 294 666 329 qui
681 301 696 321 e
712 293 782 321 cado
795 292 902 320 delatus
924 291 951 318 in
967 296 1055 318 terras

273 345 345 381 ignis
358 349 409 375 est,
421 343 492 378 quod
506 345 615 377 propter
628 341 759 375 majorem
772 338 985 366 imbecillitatem
998 345 1057 364 ma-

274 392 349 419 teria:
361 390 440 426 quasi
455 389 624 416 ﬁrmamento
640 386 769 418 indigeat,
781 385 945 412 claudicanti
958 384 1057 411 similis

272 427 426 472 ciliugiturt
452 442 513 462 cum
532 438 621 460 autem
647 431 783 466 ejusmodi
805 438 914 466 quoque
937 430 1057 465 aliquam

273 485 339 512 solis
352 490 412 510 esse
429 482 483 508 vim
499 484 636 515 putarent,
656 478 808 514 Apollinem
824 478 912 512 ipsum
927 477 1055 504 nomina-

274 534 350 562 runt,
376 537 390 556 a
411 527 525 555 tremula
549 526 688 553 radiorum
709 525 768 560 ejus
788 523 950 556 vibratione,
974 530 1057 557 quam

273 576 372 603 πάλσιν
390 574 476 602 Graeci
496 573 601 600 dicunt.
618 573 657 599 Ac
670 579 767 598 novem
784 570 893 605 quidem
909 569 1002 601 Musae,
1019 568 1058 595 illi

273 622 439 650 aceinentcs,
453 619 587 654 sphzeram
605 618 668 644 luna
685 616 853 647 inferiorem,
875 623 936 642 cum
955 618 1057 649 septem

272 665 443 700 planetarum
458 662 582 694 orbibus,
603 668 713 695 unoque
727 664 857 695 prieterea
873 659 964 687 omnis
980 666 1057 686 erro-

273 710 312 738 ris
328 713 437 744 experle
453 710 661 743 repraesentant.
681 705 802 733 Laurum
816 713 881 732 vero
892 705 979 732 eidem
996 713 1059 732 con-

273 760 426 787 secrarunt,
452 755 551 790 partim
577 755 648 788 quod
667 753 728 787 igne
748 752 868 780 abundet
891 753 943 779 hoc
960 753 1059 787 plantae

273 811 367 838 genus,
386 809 473 836 eoque
487 801 657 828 daemonibus
671 807 784 826 exosum
803 799 988 834 infestumque
1005 799 1056 831 sit;

271 849 371 884 partim
388 848 472 883 quod,
491 847 555 875 dum
572 847 672 879 uritur,
690 846 784 874 vocale
799 846 844 878 sit,
861 853 948 880 eoque
965 845 1058 872 futura

273 895 437 931 praedicendi
458 895 511 922 vim
536 894 600 922 huic
623 893 673 921 deo
693 893 781 921 inesse
804 892 950 928 signiticet.
973 891 1057 918 Eum-

273 944 346 975 dem,
365 948 502 978 quatenus
518 942 552 968 ab
566 942 610 972 iis.
633 941 679 976 qui
696 941 722 967 in
738 939 819 968 terris
840 944 934 975 agunt,
953 939 1059 966 incom-

274 990 357 1017 moda
383 989 604 1022 calamitatesque
627 987 745 1022 depellit,
765 985 842 1022 quasi
861 986 926 1012 dum
945 985 979 1012 ab
997 989 1060 1012 ortu

275 1036 302 1062 in
330 1043 457 1063 occasum
482 1034 664 1069 progreditur,
682 1032 797 1059 κλᾶσθαι
815 1032 884 1067 πρὸς
903 1031 982 1067 ἀέρα,
1008 1031 1060 1058 hoc

273 1081 362 1109 estad
382 1088 471 1107 aerem
491 1079 579 1114 frangi
604 1078 740 1110 videatur,
763 1077 898 1114 Ἠρακλέα
917 1076 1059 1103 Herculem

272 1127 464 1162 appellarunt;
490 1132 570 1160 quem
599 1125 679 1151 etiam
711 1123 854 1151 duodecim
879 1122 1060 1150 certaminum

273 1173 367 1200 labore
389 1171 546 1198 defunctum
565 1177 626 1197 esse
653 1169 821 1202 fabulantur,
848 1167 967 1196 caelestis
985 1167 1061 1195 orbis

264 1219 301 1245 'in
318 1216 460 1244 duodecim
478 1215 555 1251 signa
577 1215 739 1242 divisionem
764 1214 816 1241 hoc
832 1213 955 1248 symbolo
971 1212 1061 1240 decla-

274 1270 335 1290 rare
359 1262 508 1296 cupientes.
529 1260 639 1288 Flavam
666 1259 716 1294 ipsi
740 1259 882 1294 lconisquc
901 1258 997 1293 pellem
1020 1262 1061 1284 at-

274 1309 409 1339 tribuunt,
426 1311 455 1333 ut
468 1308 553 1334 altera
567 1311 659 1333 motus
674 1304 897 1340 inmqualitatem,
910 1304 994 1331 altera
1006 1304 1059 1330 vim

275 1351 342 1379 solis
365 1351 392 1378 in
414 1350 500 1377 leonis
525 1350 602 1385 signo
632 1349 750 1376 maxime
769 1349 954 1376 dominantem
981 1348 1059 1375 exhi-

274 1397 367 1424 beant.
385 1396 445 1423 Jam
463 1396 591 1423 virtutem
611 1395 684 1423 illius
699 1395 845 1423 salutarem
864 1402 910 1429 per
934 1393 1061 1421 Escula-

275 1444 350 1478 pium
377 1450 536 1477 expressam
556 1442 676 1474 voluere,
702 1441 783 1476 eique
805 1440 932 1468 baculum
950 1440 978 1467 in
1003 1447 1061 1467 ma-

275 1497 341 1516 num
355 1488 498 1518 dederunt,
517 1486 621 1514 scilicet
636 1493 690 1520 quo
708 1485 863 1512 laborantes
875 1484 917 1511 sui
931 1491 994 1510 cum
1011 1490 1059 1510 su-

275 1533 421 1565 stentandi,
434 1537 490 1559 tum
500 1532 581 1559 etiam
596 1531 717 1567 crigendi
731 1530 817 1566 gratia
831 1532 983 1557 uterentur.
997 1528 1061 1555 Ser-

274 1588 341 1616 pens
356 1585 446 1607 autem
462 1579 549 1606 eidem
570 1576 786 1604 circumvolutus
801 1575 925 1610 corporis
943 1574 1059 1602 salutem

275 1626 409 1661 signiﬁcat
433 1625 523 1659 (enim
540 1631 605 1650 vero
618 1621 723 1657 physici
741 1621 791 1653 illi,
809 1621 856 1655 qui
874 1621 953 1647 nobis
967 1620 1061 1646 mundi

274 1673 358 1708 hujus
377 1672 543 1699 molitionem
564 1667 744 1700 tradiderunt,
769 1667 842 1701 quod
864 1666 936 1693 circa
961 1670 1060 1693 terram

275 1720 374 1754 aliquae
391 1725 451 1745 sese
465 1715 598 1743 volvendo
613 1714 723 1741 trahant
748 1713 912 1745 animantes,
935 1712 961 1738 in
987 1719 1063 1739 cras-

277 1764 376 1792 siorem
406 1763 514 1789 illarum
539 1764 751 1793 terrestremque
780 1762 906 1785 naturam
934 1757 993 1792 ejus
1024 1756 1063 1784 rei

275 1816 387 1837 causam
404 1806 598 1841 contulerunt),
615 1805 687 1840 quod
708 1805 759 1831 hoc
779 1803 924 1831 animantis
938 1810 1023 1838 genus
1036 1806 1063 1830 et

275 1855 371 1890 spiritu
379 1861 434 1889 pra!
441 1853 544 1880 exteris
554 1851 681 1883 abundet,
691 1849 844 1884 etcorporis
854 1848 1064 1876 imbecillitatem

275 1906 366 1929 exuat.
383 1899 453 1933 Quin
470 1900 551 1926 etiam
565 1897 700 1933 praecipuo
715 1897 832 1930 quodam
843 1900 869 1922 et
882 1894 1012 1930 singulari
1029 1894 1065 1921 ad

275 1947 438 1975 medicinam
466 1944 596 1971 instinctu
618 1942 683 1969 ferri
697 1941 812 1973 videtur,
831 1940 930 1975 quippe
945 1939 992 1974 qui
1009 1947 1063 1966 non

276 1998 382 2022 tantum
392 1991 514 2019 acuendo
524 1991 550 2018 vi
566 1990 608 2017 sui
618 1988 846 2016 medicamentum
860 1985 1064 2021 repet'ct‘it,-sed

275 2040 357 2067 etiam
367 2038 477 2066 herbam
492 2037 621 2071 aliquam,
630 2039 659 2062 ut
670 2034 768 2061 fabula:
775 2033 926 2068 perhibent,
936 2040 1065 2060 revocan-

275 2086 316 2113 da:
328 2086 388 2112 vitae
397 2085 538 2119 perutiletn
552 2082 667 2110 noverit.
676 2081 710 2107 At.
727 2088 788 2107 vero
800 2083 910 2115 propter
918 2078 1064 2105 motionem

275 2132 347 2159 illam
356 2131 555 2159 circularemac
562 2125 936 2160 saltationipersimilem,qua
943 2125 983 2158 vis
990 2124 1064 2159 ignea

275 2175 408 2202 fructibus
415 2174 594 2201 maturitatem
602 2171 714 2205 al‘fert,1
721 2170 770 2205 13
779 2170 922 2205 Dionysius
930 2170 1007 2204 longe
1014 2169 1065 2196 alia

275 2222 382 2249 ratione
390 2228 470 2255 quam
478 2219 613 2246 fructuum
623 2216 806 2243 humidiorum
820 2215 871 2247 vis,
883 2219 1065 2249 nuncupatur,

1109 290 1164 323 λον,
1181 290 1211 316 τὸ
1225 290 1253 316 δὲ
1269 288 1527 326 ἡκρωτηριασμένον
1545 289 1681 324 σκῆπτρον
1691 287 1740 322 τῆς
1761 288 1837 314 κάτω
1850 287 1898 313 δυ-

1108 336 1215 372 νάμεως
1227 337 1270 368 ,τό
1286 345 1315 362 τε
1332 336 1424 371 σχῆμα
1437 337 1486 371 τῆς
1503 335 1593 370 χειρὸς
1608 333 1654 360 τοῦ
1674 334 1839 369 μεταχωρεῖν
1857 333 1900 364 εἰς

1107 382 1139 408 τὸ
1151 382 1261 417 ἀφανές.
1281 382 1308 408 Ὁ
1324 382 1353 408 δὲ
1366 381 1504 418 Κέρϐερος
1517 380 1678 418 τρικέφαλος
1693 379 1752 415 μὲν,
1769 379 1810 405 ὅτι
1824 380 1899 415 τρεῖς

1109 430 1136 456 αἱ
1151 429 1206 455 ἄνω
1218 428 1304 464 χῶραι
1318 428 1404 464 ἡλίου,
1419 427 1545 463 ἀνατολὴ,
1561 425 1729 462 μεσημϐρία,
1743 424 1828 455 δύσις.
1842 423 1898 459 Τὴν

1109 475 1138 501 δὲ
1156 474 1281 509 σελήνην,
1306 473 1381 509 παρὰ
1397 473 1426 499 τὸ
1451 473 1533 504 σέϐας
1549 471 1740 502 ὑπολαϐόντες,
1766 471 1899 506 ’Ἄρτεμιν

1109 519 1342 556 προσηγόρευσαν,
1366 516 1421 545 οἷον
1439 518 1592 554 ἀερὸτομιν.
1611 517 1695 552 Λοχία
1711 525 1740 542 τε
1764 517 1782 551 ἡ
1799 517 1898 551 Ἀρτε-

1112 575 1168 601 μις,
1178 566 1279 600 καίπερ
1291 563 1358 592 οὖσα
1369 564 1512 600 παρθένος,
1524 564 1564 590 ὅτι
1576 565 1594 598 ἡ
1609 563 1657 598 τῆς
1669 561 1813 597 νουμηνίας
1821 561 1900 587 δύνα-

1111 620 1156 646 μις
1176 610 1389 646 προσθετικὴείς
1402 610 1432 636 τὸ
1446 609 1557 636 τίκτειν.
1575 609 1662 643 Ὅπερ
1673 607 1701 633 δὲ
1717 606 1850 633 Ἀπόλλων
1869 606 1899 631 ἐν

1110 657 1186 693 ἡλίῳ,
1200 657 1278 683 τοῦτο
1297 656 1396 692 Ἀθηνᾶ
1413 657 1442 682 ὲν
1464 655 1569 691 σελήνῃ·
1587 655 1645 680 ἐστι
1664 654 1719 689 γὰρ
1732 654 1781 688 τῆς
1797 653 1898 688 φρονή-

1110 713 1178 736 σεως
1191 703 1221 730 σύ
1226 703 1332 739 μϐολον,
1353 702 1453 737 Ἀθηνᾶ
1465 711 1506 733 τις
1516 700 1594 728 οὖσα.
1613 701 1712 735 Ἑκάτη
1721 700 1749 726 δὲ
1766 701 1782 735 ἠ
1800 699 1898 735 σελήνη

1110 750 1200 782 πάλιν,
1217 750 1266 785 τῆς
1286 750 1349 784 περὶ
1365 749 1447 784 αὐτὴν
1470 747 1739 783 μετασχηματίσεως,
1762 746 1809 772 καὶ
1829 745 1900 772 κατὰ

1109 797 1172 828 τοὺς
1187 795 1392 831 σχηματισμοὺς
1405 795 1555 830 δυνάμεως.
1568 793 1613 819 Διὸ
1625 793 1775 829 τρίμορφος
1787 793 1804 827 ἡ
1818 791 1898 817 δύνα-

1112 851 1166 877 μις,
1178 843 1226 877 τῆς
1242 841 1290 876 μὲν
1310 841 1456 876 νουμηνίας
1472 840 1590 874 φέρουσα
1604 839 1653 873 τὴν
1677 837 1836 872 λευχείμονα
1851 835 1900 863 καὶ

1110 888 1334 925 χρυσοσάνδαλον,
1349 887 1395 914 καὶ
1417 886 1466 917 τὰς
1483 884 1626 920 λαμπάδας
1638 883 1770 918 ἡμμένας·
1785 883 1799 909 ὁ
1809 882 1837 908 δὲ
1851 882 1901 908 κά-

1110 937 1200 968 λαθος,
1216 935 1244 961 ὂν
1259 934 1306 961 ἐπὶ
1319 935 1375 965 τοῖς
1393 931 1538 968 μετεώροις
1550 930 1638 966 φέρει,
1653 929 1702 964 τῆς
1712 928 1764 955 τῶν
1782 927 1898 963 καρπῶν

1111 981 1304 1018 κατεργασίας,
1332 980 1379 1011 οὒς
1402 978 1548 1014 ἀνατρέφει
1577 977 1647 1004 κατὰ
1675 975 1724 1011 τὴν
1743 974 1790 1001 τοῦ
1810 974 1900 1009 φωτὸς

1112 1028 1281 1065 παραύξησιν
1291 1036 1297 1042 ·
1311 1027 1361 1062 τῆς
1373 1026 1394 1052 δ’
1419 1023 1451 1052 αὖ
1471 1024 1638 1060 πανσελήνου
1652 1024 1668 1058 ἠ
1684 1021 1900 1058 χαλκοσάνδαλος

1112 1075 1255 1111 σύμϐολον.
1273 1074 1307 1100 Ἦ
1323 1072 1369 1100 καὶ
1388 1073 1420 1098 ὲκ
1434 1072 1482 1107 μὲν
1498 1070 1545 1097 τοῦ
1559 1070 1656 1097 κλάδου
1671 1069 1720 1104 τῆς
1732 1068 1834 1102 δάφνης
1850 1067 1901 1094 λάε

1112 1122 1153 1148 εοι
1167 1121 1198 1148 ἄν
1215 1129 1256 1152 τις
1272 1120 1362 1151 αὐτοῖς
1380 1125 1392 1139 ι
1413 1118 1444 1144 τὺ
1457 1117 1590 1153 ἔμπυρον,
1608 1117 1640 1143 ἐκ
1656 1115 1685 1142 δὲ
1704 1115 1752 1142 τοῦ
1774 1115 1901 1150 μήκωνος

1111 1169 1141 1195 τὸ
1169 1168 1287 1202 γόνιμον,
1318 1165 1408 1192 καὶτὸ
1422 1164 1523 1199 πλῆθος
1541 1163 1594 1190 τῶν
1616 1161 1836 1196 είσοικιξομένων
1861 1161 1902 1191 εἰς

1111 1214 1195 1250 αὐτὴν
1205 1213 1308 1249 ψυχῶν.
1328 1211 1421 1247 ὥσπερ
1431 1212 1471 1242 εἰς
1485 1209 1572 1241 πόλιν,
1589 1209 1630 1235 ὅτι
1658 1207 1760 1238 πόλεως
1777 1208 1791 1233 ὁ
1806 1207 1902 1242 μήκων

1113 1259 1256 1295 σύμῦολον.
1277 1257 1359 1290 Τόξον
1385 1257 1413 1283 δὲ
1430 1255 1507 1291 φέρει
1530 1253 1655 1289 καθάπερ
1673 1254 1689 1288 ἡ
1706 1253 1839 1295 Ἄρτεμις
1857 1250 1902 1277 διὰ

1111 1291 1160 1341 τὴν
1170 1305 1223 1332 τῶν
1242 1304 1342 1330 ὠδίνων
1366 1302 1492 1337 ὀξύτητα.
1518 1299 1601 1327 Πάλιν
1616 1299 1637 1325 δ’
1654 1296 1687 1325 αὖ
1702 1299 1729 1324 αἱ
1742 1291 1839 1332 Μοῖραι
1855 1296 1902 1322 ἐπὶ

1111 1352 1161 1384 τὰς
1175 1351 1303 1386 δυνάμεις
1319 1349 1404 1384 αὐτῆς
1419 1347 1617 1382 ἀναφέρονται·
1632 1346 1649 1380 ἡ
1664 1345 1713 1380 μὲν
1730 1344 1833 1371 Κλωθὼ
1855 1343 1902 1369 ἐπὶ

1111 1399 1160 1434 τὴν
1183 1397 1354 1433 γεννητικὴν,
1384 1395 1501 1430 Λάχεσις
1523 1393 1551 1419 δὲ
1575 1391 1645 1419 κατά
1666 1391 1715 1427 τὴν
1741 1391 1902 1427 θρεπτικὴν,

1114 1446 1248 1482 Ἀτροπος
1260 1444 1289 1471 δὲ
1300 1445 1317 1479 ἡ
1331 1442 1401 1470 κατὰ
1416 1442 1447 1468 τὸ
1458 1440 1644 1476 ἀπαραίτητον
1659 1437 1705 1465 τοῦ
1725 1437 1797 1464 θεοῦ.
1814 1437 1902 1463 Συνοι-

1112 1491 1218 1524 κίζουσι
1229 1490 1258 1517 δὲ
1284 1489 1352 1524 αὐτῇ
1366 1488 1412 1514 καὶ
1431 1487 1479 1522 τὴν
1493 1485 1547 1512 τῶν
1560 1484 1673 1520 καρπῶν
1688 1483 1846 1518 γεννητικὴν
1857 1482 1903 1508 δύ-

1113 1545 1205 1572 ναμιν,
1229 1536 1302 1570 ἥπερ
1335 1533 1394 1560 ἐστὶ
1422 1532 1570 1567 Δημήτηρ,
1597 1530 1712 1565 δύναμιν
1736 1529 1902 1564 ἐμποιοῦσαν

1074 1593 1095 1622 C
1113 1583 1192 1618 αὐτῇ.
1229 1580 1285 1607 Kal.
1310 1580 1367 1606 ἐστι
1398 1577 1542 1612 συνεκτικὴ
1568 1576 1616 1612 τῆς
1643 1576 1769 1611 Κόρηςή
1792 1576 1902 1611 σελήνη.

1113 1625 1320 1662 Προσοικίζουσι
1343 1624 1371 1650 δὲ
1396 1624 1444 1650 καὶ
1471 1623 1516 1650 τὸν
1533 1623 1657 1650 Διόνυσον
1678 1621 1724 1647 διά
1739 1629 1768 1646 τε
1783 1621 1831 1656 τὴν
1846 1620 1903 1646 τῶν

1113 1674 1237 1710 κεράτων
1262 1672 1376 1706 ἔκφυσιν
1400 1670 1447 1697 καὶ
1468 1669 1512 1696 διὰ
1527 1669 1572 1696 τὸν
1591 1669 1644 1696 τῶν
1654 1667 1743 1702 νεφῶν
1760 1667 1842 1693 τόπον
1855 1666 1902 1693 τὸν

1115 1719 1291 1754 ὑποκείμενον
1302 1718 1357 1748 τοῖς
1373 1716 1449 1742 κάτω
1478 1715 1583 1750 μέρεσι,
1615 1714 1669 1749 Τὴν
1679 1713 1707 1740 δὲ
1724 1712 1769 1740 τοῦ
1796 1712 1902 1748 Κρόνου

1114 1766 1228 1802 δύναμιν
1242 1755 1345 1800 νωχελῆ
1373 1762 1420 1789 καὶ¹
1436 1761 1563 1797 βραδεῖαν
1586 1760 1632 1786 καὶ
1648 1758 1754 1794 ψυχρὰν
1770 1758 1902 1790 κατεῖδον,

1114 1813 1155 1840 διὸ
1180 1811 1228 1847 τὴν
1253 1810 1299 1837 τοῦ
1323 1809 1417 1844 χρόνου
1442 1807 1556 1841 δύναμιν
1584 1804 1658 1840 αὐτῷ
1684 1803 1902 1840 προσανέθεσαν⁸

1115 1857 1284 1886 ἀποτυποῦσί
1310 1864 1336 1882 τε
1363 1854 1444 1881 αὐτὸν
1464 1853 1579 1883 ἑστῶτα,
1599 1851 1689 1878 πολιὸν
1704 1850 1770 1885 πρὸς
1785 1849 1903 1884 ἔμφασιν

1115 1904 1162 1931 τοῦ
1182 1902 1331 1939 γηράσκειν
1354 1900 1398 1926 τὸν
1423 1899 1517 1935 χρόνον
1528 1907 1534 1913 ι
1552 1897 1606 1924 τῶν
1620 1897 1649 1923 δὲ
1665 1895 1767 1931 καιρῶν
1782 1893 1903 1929 σύμϐολα

1116 1950 1140 1976 οἱ
1163 1948 1312 1984 Κούρητες,
1328 1946 1374 1972 τὸν
1395 1945 1498 1980 Κρόνον
1510 1942 1708 1978 βουκολοῦντες,
1723 1941 1764 1967 ὅτι
1789 1939 1833 1966 διὰ
1849 1939 1903 1966 τῶν

1116 1993 1220 2030 καιρῶν
1245 1993 1259 2020 6
1276 1992 1369 2028 χρόνος
1391 1989 1543 2026 παροδεύει.
1562 1988 1622 2014 Τῶν
1646 1987 1674 2013 δὲ
1697 1986 1792 2022 Ὡρῶν,
1808 1985 1836 2011 αί
1854 1985 1903 2020 μὲν

1116 2039 1280 2075 ὀλυμπιάδες
1310 2037 1363 2063 εἰσὶ
1389 2036 1435 2063 τοῦ
1454 2035 1540 2070 ἡλίου,
1563 2034 1591 2060 αἳ
1622 2033 1670 2060 καὶ
1692 2032 1829 2066 ἀνοίγουσι
1852 2030 1902 2062 τὰς

1116 2086 1187 2114 κατὰ
1201 2085 1247 2112 τὸν
1258 2084 1326 2120 ἀέρα
1341 2083 1438 2114 πύλας,
1448 2081 1514 2108 αἰδὲ
1527 2079 1727 2115 ἑπιχθόνιοιτῆς
1741 2079 1901 2113 Δήμητρος·

1116 2133 1164 2160 xal.
1177 2130 1293 2158 κά-λαθον
1322 2129 1424 2165 ἔχουσι,
1448 2128 1493 2154 τὸν
1519 2127 1567 2162 μὲν
1588 2125 1642 2152 τῶν
1662 2125 1749 2152 ἀνθῶν
1770 2124 1903 2160 σύμϐολον

1117 2179 1163 2206 τοῦ
1181 2178 1271 2214 ἔαρος,
1297 2177 1342 2203 τὸν
1364 2175 1392 2202 δὲ
1408 2175 1461 2201 τῶν
1483 2173 1606 2208 σταχύων
1626 2172 1672 2199 τοῦ
1689 2171 1792 2207 θέρους.
1809 2170 1861 2197 Τοῦ
1875 2170 1903 2196 δὲ

1119 2226 1216 2261 Ἀρεος
1232 2224 1281 2258 τὴν
1291 2222 1404 2256 δύναμιν
1419 2219 1615 2250 καταλαϐόντες
1626 2218 1765 2253 διάπυρον,
1778 2217 1904 2252 πολέμων

275 2268 339 2304 quia
354 2266 395 2294 sol
410 2269 457 2293 aut
473 2261 614 2298 περιδινεῖ,
625 2263 677 2289 hoc
688 2266 729 2290 est
742 2261 769 2288 in
785 2261 878 2287 orbem
895 2260 1060 2294 circumagit1

1119 2260 1261 2306 ποιητικὴν
1275 2268 1322 2295 καὶ
1336 2267 1530 2302 αῑματουργὺν,
1545 2265 1671 2301 βλάπτειν
1687 2273 1716 2290 τε
1732 2264 1779 2290 καὶ
1790 2263 1903 2298 ὠφελεῖν

276 2319 323 2342 aut
351 2312 489 2341 crelestem
511 2308 715 2337 conversionem
732 2306 964 2337 'o‘tavdet,conﬁcit.
981 2305 1063 2340 Idem,

275 2365 410 2397 quatenus
431 2367 478 2394 per
502 2356 625 2392 singulas
638 2353 776 2381 inferioris
791 2352 886 2380 mundi
909 2351 994 2388 ὥρας,
1012 2352 1065 2380 hoc

275 2411 328 2440 est,
344 2409 520 2441 tempestates
536 2410 586 2430 SUO
601 2406 674 2429 motu
697 2398 888 2427 circumfertur
900 2418 907 2430 ,
924 2403 1064 2434 statasque

276 2454 340 2480 anni
357 2450 572 2482 vicissitudines,
592 2447 682 2478 elllcit,
697 2445 786 2473 Herus
806 2449 951 2480 propterea
971 2446 1062 2473 nomi-

1117 2316 1270 2352 δυναμένην
1297 2314 1438 2348 ἐποίησαν.
1455 2312 1505 2338 Τὸν
1516 2312 1544 2338 δὲ
1561 2311 1612 2346 τῆς
1635 2310 1792 2346 Ἀφροδίτης
1803 2309 1905 2344 ἀστέρα

1117 2363 1306 2398 θεωρήσαντες
1330 2359 1529 2394 γενεσιουργὸν,
1553 2356 1699 2392 ἐπιθυμίας
1714 2365 1743 2382 τε
1762 2357 1809 2383 καὶ
1824 2356 1904 2391 γονῆς

1117 2409 1213 2439 αἴτιον,
1243 2406 1359 2440 γυναῖκα
1384 2404 1431 2439 μὲν
1457 2403 1612 2430 ἀνέπλασαν
1633 2402 1677 2429 διὰ
1703 2401 1752 2428 τὸν
1777 2401 1903 2436 γένεσιν,

1116 2454 1220 2491 ὡραίαν
1232 2453 1270 2484 δὲ,
1287 2453 1328 2478 ὅτι
1344 2451 1391 2477 καὶ
1405 2450 1551 2484 Ἕσπερος,

277 2515 368 2538 natur.
395 2509 440 2536 Vis
453 2513 544 2535 autem
561 2506 630 2541 ejus,
655 2511 737 2540 quam
757 2503 784 2530 in
803 2510 932 2538 agrorum
960 2502 1066 2530 cultura
1087 2502 1198 2538 promit,
1231 2505 1339 2534 quaque
1371 2496 1484 2523 πλοῦτον
1500 2495 1608 2523 divitias
1625 2502 1744 2529 opesque
1765 2494 1903 2524 conciliat,

277 2557 356 2584 Pluto
372 2555 522 2591 symbolum
546 2540 597 2581 est.
621 2551 672 2579 Sed
693 2550 821 2586 quoniam
850 2549 908 2584 ipse
934 2549 989 2576 vim
1018 2550 1100 2577 etiam
1127 2544 1317 2580 corrumpendi
1344 2544 1434 2573 habet.
1459 2542 1568 2569 Plutoni
1593 2540 1748 2575 Serapidem
1774 2540 1904 2575 adjumte-

277 2608 361 2630 runt:
375 2609 408 2629 ac
427 2600 538 2628 luminis
551 2599 659 2634 quidem
685 2598 737 2625 sub
766 2601 867 2623 terram
898 2596 1046 2623 subeuntes
1073 2599 1174 2622 vestem
1205 2598 1387 2628 purpuream;
1403 2588 1540 2616 inferioris
1553 2593 1642 2614 autem
1658 2586 1684 2613 in
1695 2585 1788 2613 Manes
1803 2585 1904 2620 princi-

279 2654 369 2684 patus,
403 2653 538 2683 sceptrum
555 2653 662 2674 summa
681 2649 758 2680 parte
787 2643 936 2676 mutilum;
964 2643 1023 2678 ejus
1056 2642 1171 2677 denique
1191 2641 1218 2668 in
1233 2639 1367 2667 occultam
1379 2638 1561 2671 latentemque
1593 2634 1698 2669 plagam
1715 2641 1839 2661 secessus
1855 2640 1904 2667 pe-

279 2696 409 2723 culiarem
429 2701 526 2721 manus
556 2692 778 2729 compositionem
809 2689 962 2725 symbolum
982 2697 1042 2716 esse
1061 2688 1216 2716 voluerunt.
1233 2685 1267 2712 At
1285 2684 1404 2712 Cerbero
1430 2682 1481 2709 tria
1509 2680 1599 2715 capita
1617 2680 1783 2709 tribuuntur.
1804 2678 1904 2713 quibus

278 2748 334 2770 tres
364 2741 430 2769 solis
447 2741 473 2767 in
488 2739 561 2767 cmlu'
576 2740 708 2774 regiones,
741 2741 828 2769 ortus,
861 2735 998 2767 meridies,
1017 2738 1045 2761 et
1064 2739 1178 2760 occasus
1213 2731 1386 2758 denotentur.
1409 2726 1470 2754 Jam
1491 2733 1554 2752 vero
1577 2725 1669 2751 lunam
1691 2725 1833 2758 Ἄρτεμιν,
1851 2723 1904 2750 hoc

279 2793 321 2816 est
349 2787 473 2819 Dianam,
503 2785 581 2820 quasi
609 2784 765 2819 ἀερότομιν,
796 2788 886 2808 aerem
922 2784 1073 2811 secantem,
1091 2775 1275 2806 venerationis
1291 2774 1376 2810 gratia
1399 2775 1599 2806 nuncuparunt.
1618 2770 1656 2797 Ac
1679 2770 1766 2804 partui
1781 2769 1902 2804 quidem,

280 2836 387 2864 tametsi
420 2836 506 2870 virgo,
539 2833 626 2860 viana
643 2817 759 2866 praeest,
783 2831 855 2864 quod
877 2828 1018 2856 novilunio
1043 2828 1084 2855 vis
1115 2825 1238 2862 quadam
1266 2823 1343 2857 insit,
1371 2829 1432 2857 qua:
1459 2819 1580 2855 pariendi
1608 2818 1762 2846 facultatem
1797 2817 1902 2846 aﬂ'crat.

315 2926 329 2941 ι
349 2920 381 2946 ῖσ
405 2919 497 2954 αὐτῆς.
