2060 3213
650 131 671 148 Α.

156 188 208 216 205
750 188 911 216 PlhEPAR.
933 188 1061 217 EVANG.
1082 188 1147 217 LIB.
1167 188 1214 217 ιη.
1730 193 1784 221 206

158 244 233 278 Quod
246 250 339 274 autem
358 246 387 274 in
404 246 463 274 sole
479 247 586 281 Apollo,
607 247 659 275 hoc
683 247 774 282 ipsum
788 248 906 275 Minerva
922 249 948 275 in
976 249 1039 276 luna
1071 254 1123 282 est,
1139 249 1212 284 quod
1234 249 1278 277 illa
1300 249 1450 285 prudentiae
1463 251 1616 286 symbolum
1635 251 1722 280 instar
1737 260 1786 280 cu-

154 291 260 327 jusdam
275 291 406 320 Minervae
421 293 466 320 sit.
488 291 617 320 Eamdem
634 301 744 321 rursum
771 294 889 322 Hecaten
924 295 1076 327 nominaut,
1110 295 1145 322 ob
1163 295 1268 327 formae,
1299 304 1380 331 quam
1398 297 1426 324 in
1452 305 1484 324 ea
1501 298 1652 332 cernimus,
1670 299 1787 327 varieta-

158 343 221 370 tem,
233 338 276 365 cui
291 339 334 366 vis
346 338 430 366 etiam
446 338 554 366 diversa
569 340 740 374 respondeat.
754 339 844 375 Itaque
861 341 900 368 sic
911 349 942 367 ea
973 342 1014 368 vis
1040 341 1138 375 triplici
1169 341 1257 369 forma
1277 342 1416 378 liguraque
1428 343 1614 379 distinguitur,
1628 349 1658 372 ut
1682 345 1786 372 novilu-

157 383 231 411 nium
253 384 364 418 quidem
397 385 460 412 alba
492 389 575 417 veste,
607 385 698 412 aureis
718 386 859 417 sandaliis,
893 385 1053 422 facibusque
1079 387 1219 414 succensis
1247 393 1438 423 repraesentet;
1471 390 1595 418 calathus
1624 395 1713 418 autem
1743 392 1785 425 is,

156 436 236 463 quem
252 431 311 464 ipsa
328 435 427 465 gestat,
446 430 490 457 ubi
511 430 634 458 altiorem
654 431 682 458 in
705 432 795 459 locum
814 433 942 459 subvecta
965 432 1023 467 jam
1050 438 1102 464 est,
1125 433 1233 468 frugum
1258 435 1432 466 maturitatis,
1463 443 1546 470 quam
1563 436 1597 464 iis
1613 437 1685 464 circa
1702 437 1786 465 lumi-

124 486 126 489 ν
156 477 199 503 nis
227 477 426 505 incrementum
456 477 560 506 alendis
588 478 685 511 ellicit;
709 486 796 505 aereus
826 479 944 513 denique
977 479 1161 506 sandaliorum
1187 479 1262 507 color
1288 480 1427 515 plenilunii
1458 482 1612 517 symbolum
1641 482 1784 514 habeatur.

155 523 223 552 Nam
239 525 310 552 lauri
330 525 442 560 quidem
475 533 593 559 ramum,
627 526 744 561 speciem
775 526 835 561 ejus
858 527 975 561 igneam,
996 535 1113 562 papaver
1136 532 1238 559 autem,
1270 535 1332 555 cum
1356 529 1479 564 ejusdem
1502 529 1706 565 fecunditatem,
1727 535 1786 559 tum

153 578 219 599 Vero
232 573 400 605 animorum,
418 573 465 608 qui
491 581 551 601 eam
579 574 652 601 velut
674 574 769 601 urbem
788 574 905 609 aliquam
925 575 1058 606 incolunt,
1083 575 1283 603 multitudinem
1310 576 1484 612 interpretari
1509 579 1652 606 commode
1676 579 1784 614 possit:

155 618 230 646 urbis
247 618 320 646 enim
344 619 498 655 symbolum
523 627 640 655 papaver
665 625 716 648 est.
736 620 836 647 Eadem
856 628 949 648 arcum
970 625 999 647 ut
1012 621 1097 648 Diana
1123 621 1194 649 ferre
1217 622 1295 654 solet,
1315 630 1368 657 quo
1383 624 1534 651 acutissimi
1561 630 1655 660 partus
1675 626 1786 653 dolores

152 666 362 694 adumbrantur.
382 666 536 700 Quinetiam
559 667 651 695 Parcae
664 667 697 694 ad
719 667 772 694 vim
802 667 875 695 illius
905 668 1081 703 multiplicem
1108 669 1273 698 referuntur.
1290 669 1357 698 Nam
1386 670 1483 699 Clotho
1509 672 1542 699 ad
1559 673 1716 707 generandi,
1734 673 1786 701 La-

152 712 243 742 chesis
268 713 303 740 ad
324 713 413 741 alendi
441 714 496 741 vim
522 714 649 749 pertinet,
677 713 796 749 Atropos
821 714 938 749 denique
967 715 1136 742 inexorabile
1160 716 1243 751 hujus
1261 716 1318 744 deae
1345 725 1446 744 numen
1475 718 1619 753 signiﬁcat.
1650 718 1785 746 Praeterea

151 757 262 794 frugum
277 758 478 786 educendarum
499 759 554 786 vim
575 760 609 787 ad
633 760 724 787 lunam
750 760 911 795 adjungunt,
926 768 1024 795 nempe
1046 762 1184 793 Cererem,
1207 769 1267 797 quae
1287 763 1366 791 novis
1386 763 1472 798 ipsam
1495 764 1599 792 viribus
1613 770 1727 800 augeat;
1745 765 1785 793 si-

151 805 264 840 mulque
291 805 481 841 Proserpinam
519 814 534 834 a
560 807 624 834 luna
663 808 796 835 contineri
827 808 931 835 volunt.
965 808 1045 844 115
1076 809 1213 837 Bacchum
1239 811 1320 838 etiam
1354 819 1415 838 cutn
1443 819 1474 839 ea
1501 812 1565 839 sede
1591 813 1784 848 domicilioque

150 851 331 886 coniungunt,
362 852 459 886 partim
485 851 520 879 ob
539 860 672 879 cornuum
693 853 874 888 eruptionem,
900 854 997 887 partim
1012 854 1047 881 ob
1071 855 1184 882 nubium
1218 856 1356 891 regionem
1373 856 1550 885 inferioribus
1580 859 1702 892 partibus
1724 859 1784 886 sub-

150 895 300 929 iacentem,
318 895 352 922 ad
376 896 403 923 id
428 895 582 924 faciendum
615 897 735 925 adducti.
765 898 800 924 At
813 906 876 925 vero
899 899 1048 926 Saturnum
1083 899 1198 928 lentiore
1219 909 1252 929 ac
1274 902 1399 937 segniore
1419 903 1446 929 vi
1469 904 1619 939 eademque
1643 904 1784 940 frigidiore

150 942 296 977 praeditum
333 949 395 969 esse
428 949 491 970 cum
514 943 646 976 viderent,
680 944 811 977 temporis
844 944 899 971 vim
933 945 1127 979 assignandam
1153 946 1206 981 ipsi
1231 952 1258 975 et
1284 950 1496 977 consecrandam
1530 955 1670 985 putarunt,
1696 959 1784 986 eoque

150 988 299 1024 imaginem
322 988 396 1016 illius
420 993 537 1016 stantem
564 997 715 1024 canamque
739 990 886 1024 tinxerunt,
911 996 940 1018 ut
964 994 1106 1027 proprium
1141 994 1272 1028 temporis
1294 995 1400 1022 senium
1425 996 1587 1024 indicarent.
1620 996 1655 1023 Et
1678 997 1784 1032 καιρῶν

148 1035 272 1071 quidem,
297 1035 351 1063 hoc
371 1039 413 1063 est
437 1035 613 1063 occasionum
638 1035 796 1063 varietatem
822 1035 935 1064 Curetes
967 1036 1077 1065 Saturni
1106 1039 1212 1066 nutritii
1229 1045 1432 1074 reprzeseutant,
1459 1042 1532 1076 quod
1548 1050 1595 1077 per
1616 1042 1690 1069 illam
1703 1044 1784 1077 quasi

149 1079 327 1109 occasionum
362 1079 581 1108 vicissitudinem
616 1083 744 1115 tempus:
754 1081 880 1108 incedere
904 1082 1085 1116 progredique
1120 1083 1255 1111 videatur.
1286 1085 1420 1112 Horarum
1453 1091 1542 1114 autent
1564 1087 1623 1114 alia:
1644 1088 1782 1117 caelestes.

148 1131 176 1155 et
204 1126 332 1162 quaedam
358 1126 426 1154 solis
452 1126 619 1154 administras
646 1131 721 1160 sunt,
749 1128 848 1163 quippe
877 1136 937 1163 quae
953 1129 1015 1156 caeli
1034 1135 1128 1164 portas
1162 1136 1302 1165 reserent;
1327 1137 1469 1161 terrestres
1506 1134 1576 1166 alite,
1597 1143 1659 1170 qua:
1689 1135 1782 1165 Cereri

147 1175 316 1208 tribuuntur,
342 1175 515 1211 duplicisque
539 1176 646 1210 generis
674 1175 796 1203 calathos
826 1176 927 1210 ferunt,
958 1178 1041 1205 alium
1069 1179 1184 1207 ﬂoribus
1214 1180 1335 1214 plenum,
1351 1181 1397 1215 qui
1418 1181 1499 1214 veris,
1518 1182 1602 1209 alium
1621 1183 1715 1217 spicis,
1731 1184 1778 1218 qui

147 1221 251 1250 astatis
274 1222 429 1259 symbolum
451 1222 496 1249 sit.
522 1221 600 1255 Quod
627 1229 692 1249 vero
717 1221 809 1249 Martis
831 1222 938 1258 igneam
954 1231 1016 1252 esse
1027 1225 1082 1251 vim
1099 1225 1291 1261 intelligerent,
1307 1227 1429 1254 eamdem
1453 1227 1504 1262 ipsi
1532 1229 1701 1256 concitandis
1727 1229 1784 1257 bel-

147 1269 181 1296 lis
196 1271 225 1296 et
242 1269 333 1296 cruori
358 1267 521 1295 ellundendo
547 1275 674 1302 praeesse,
701 1267 842 1303 adeoque,
865 1269 1014 1303 plurimum
1050 1271 1092 1298 vel
1122 1271 1277 1299 detrimenti
1306 1272 1347 1299 vel
1367 1272 1491 1300 utilitatis
1516 1273 1623 1306 aﬁ‘erre,
1640 1274 1779 1302 dixerunt.

148 1313 260 1342 Stellam
281 1318 371 1342 autem
391 1312 504 1340 Veneris
520 1321 580 1340 cum
597 1312 749 1340 eliicienda;
767 1314 935 1347 generationi
953 1320 1055 1349 aptam,
1076 1319 1103 1343 et
1128 1316 1286 1350 cupiditatis
1302 1317 1468 1352 seminisque
1499 1325 1609 1346 causam
1632 1327 1693 1347 esse
1721 1322 1781 1350 ani-

146 1360 359 1391 madverterent,
373 1366 433 1386 eam
456 1358 578 1386 mulieris
603 1358 712 1393 quidem
745 1358 836 1393 specie
869 1361 1054 1394 generationis
1083 1361 1267 1396 exprimendae
1289 1362 1376 1398 gratia
1392 1363 1504 1395 ﬁnxere,
1529 1363 1618 1391 form
1635 1373 1700 1392 vero
1715 1374 1780 1401 per.

145 1406 274 1442 eleganti,
288 1405 362 1441 quod
378 1405 471 1432 eadem
487 1402 590 1439 Vesper
602 1412 712 1439 quoque
728 1404 774 1437 sit,

147 1465 202 1498 ὀς
213 1463 379 1496 κάλλιστος
390 1463 425 1489 ἐν
435 1462 551 1496 οὐρανῷ
561 1463 677 1489 ἵσταται
690 1462 798 1496 ἀστήρ.

1027 1480 1060 1490 ...
1085 1460 1137 1494 Qui
1155 1466 1208 1488 stat
1226 1462 1254 1488 in
1275 1462 1385 1489 (Etherio
1398 1462 1591 1496 pulcherrimus
1608 1467 1670 1494 orbe
1686 1487 1694 1495 .

144 1521 200 1550 Kal.
226 1521 336 1557 Ἔρωτα
365 1520 415 1555 μὲν
437 1519 611 1554 παρέστησαν
639 1518 683 1544 διὰ
702 1517 751 1554 τὴν
767 1518 935 1553 ἐπιθυμίαν·

145 1567 257 1600 σκέπειν
270 1566 299 1593 δὲ
315 1565 436 1601 μαστοὺς
463 1564 554 1591 καὶτὸ
571 1564 674 1600 μόριον,
699 1564 740 1590 ὅτι
761 1563 842 1599 γονῆς
865 1563 937 1590 αἰτία

144 1614 203 1646 καὶ,
223 1612 378 1649 exoptem;
398 1613 415 1648 ὴ
439 1611 562 1647 δύναμις.
583 1611 642 1637 Ἔτι
670 1611 698 1637 δὲ
720 1611 774 1637 ἀπὸ
790 1610 935 1646 θαλάττης,

145 1659 278 1694 στοιχείου
301 1658 412 1694 διὺγρου
426 1658 472 1685 καί
485 1657 598 1694 θερμοῦ,
609 1657 655 1684 καὶ
667 1656 751 1683 πολλὰ
766 1656 936 1691 κινουμένου,

144 1705 191 1733 καὶ
206 1705 251 1732 διὰ
271 1704 321 1740 τὴν
348 1704 506 1739 συγκίνησιν
520 1703 683 1738 ἁφριῶντος,
699 1702 729 1728 τὸ
751 1703 936 1738 σπερματικὸν

143 1751 333 1787 αἰνιττόμενοι.
347 1749 400 1777 Τοῦ
415 1751 442 1777 δὲ
458 1749 548 1784 λόγου,
560 1748 607 1775 τοῦ
626 1749 733 1776 πάντων
747 1748 888 1783 ποιητικοῦ
906 1757 936 1774 τε

144 1797 193 1824 καὶ
209 1795 419 1833 ἑρμηνευτικοῦ,
436 1796 450 1822 ὁ
472 1795 576 1832 Ἐρμῆς
601 1795 815 1830 παραστατικὸς.
856 1795 884 1822 Ὀ
907 1795 936 1822 δὲ

143 1842 320 1878 {vss-raptito;
337 1840 443 1877 Ἑρμῆς
464 1840 538 1877 δηλοῖ
557 1840 605 1876 τὴν
618 1840 738 1866 εὐτονίαν
749 1849 755 1855 ·
775 1840 894 1867 δείκνυσι
908 1841 936 1867 δὲ

144 1887 248 1914 καὶτὸν
263 1886 449 1922 σπερματικὸν
461 1885 538 1920 λόγον
550 1885 596 1912 τὸν
613 1885 740 1920 διήκοντα
756 1885 800 1914 διὰ
816 1886 934 1913 πάντων,

144 1933 245 1960 Λοιπδν
273 1932 302 1959 δὲ
329 1931 456 1963 σύνθετος
479 1930 594 1965 λόγος,ὁ
611 1931 659 1965 μὲν
683 1931 711 1957 ὲν
728 1931 796 1966 ἡλίῳ
816 1931 933 1966 Ἐρμῆς-

149 1978 252 2014 Ἐκάτη
266 1977 295 2005 δὲ
308 1978 323 2004 ὀ
337 1978 367 2004 ὲν
383 1977 481 2013 σελήνῃ
493 1984 501 1991 ’
524 1975 663 2012 Ἑρμόπαν
678 1976 706 2002 δὲ
719 1977 733 2002 ό
744 1977 772 2002 ὲν
784 1976 822 2011 τῷ
837 1977 919 2003 παντί
926 1985 932 1991 ι

143 2025 218 2052 κατὰ
246 2024 354 2052 πάντων
385 2023 433 2059 γὰρ
459 2023 474 2049 ό
499 2022 685 2058 σπερματικὸς
713 2022 760 2048 καὶ
784 2023 933 2057 ποιητικός.

143 2071 277 2102 Σύνθετος
292 2070 321 2096 δὲ
343 2069 391 2096 καὶ
406 2066 462 2096 οἷον
477 2068 615 2104 μιξέλλην,
634 2068 681 2094 καὶ
697 2068 762 2104 παρ’
777 2069 934 2101 Αἰγυπτίοις

142 2116 159 2142 ὁ
176 2114 368 2151 Ἑρμάνουϐις.
401 2113 509 2149 Ἐπειδὴ
539 2120 552 2134 ⁸
566 2114 611 2140 καὶ
628 2114 677 2149 τῆς
689 2113 794 2149 ἐρώσης
807 2111 841 2150 ἦν
857 2114 935 2141 δυνὰ-

145 2170 219 2197 μιεως
230 2163 246 2189 ὁ
267 2161 357 2196 λόγος,
382 2160 484 2196 ταύτης
496 2161 510 2187 ὁ
526 2160 616 2195 Ἔρως
632 2161 645 2186 ὁ
661 2160 872 2195 παραπατικός.
889 2161 934 2186 Διὸ

143 2209 268 2245 πατςμὲν
282 2208 328 2236 τοῦ
349 2208 450 2244 Ἐρμοῦ
471 2209 485 2234 ὁ
509 2209 609 2244 Ἔρως,
623 2208 718 2244 νήπιος
733 2208 761 2234 δὲ
770 2207 814 2234 διὰ
829 2208 877 2239 τὰς
891 2209 933 2234 atl—

142 2256 263 2290 φνιὸίους
279 2256 343 2292 περὶ
359 2254 407 2287 τὰς
435 2254 582 2290 ἐπιθυμίας
600 2253 755 2289 ἐμπτώσεις
770 2253 863 2280 αὑτοῦ.
879 2253 933 2280 Τοῦ

141 2301 170 2330 δὲ
201 2301 302 2333 παντὸς
331 2300 377 2327 τὸν
390 2301 468 2327 Πᾶνα
494 2299 627 2335 σύμϐολον
646 2299 753 2326 ἔθεντο·
772 2299 806 2326 τὰ
824 2299 872 2334 μὲν
888 2299 934 2326 κὲ-

144 2356 213 2384 pata
224 2347 316 2379 δόντες
336 2346 458 2382 σύμϐολα
479 2346 556 2381 ἡλίου
582 2346 629 2372 καὶ
644 2345 769 2381 σελήνης,
785 2345 834 2380 τὴν
848 2345 876 2371 δὲ
892 2353 935 2370 νε-

143 2392 220 2429 ϐρίδα
232 2391 289 2419 τῶν
313 2390 373 2418 κατ’
393 2391 506 2426 οὐρανὸν
530 2390 662 2426 ἀστέρων,
678 2390 695 2426 ἢ
711 2391 760 2426 τῆς
771 2389 817 2416 τοῦ
834 2389 934 2421 παντὸς

143 2437 292 2470 ποικιλίας.
311 2447 322 2464 ι
333 2437 391 2465 Καὶ
405 2437 440 2464 τὰ
452 2437 501 2472 μὲν
521 2435 666 2470 Ἑλληνικὰ
678 2435 801 2462 τοιαῦτα..

989 1517 1058 1546 Huic
1072 1518 1200 1546 Amorem
1224 1523 1335 1554 propter
1349 1519 1522 1554 cupiditatem
1543 1525 1702 1556 adjunxere.
1725 1525 1777 1553 Ea-

990 1565 1053 1592 dem
1087 1565 1170 1592 ubera
1196 1569 1342 1600 partesque
1367 1566 1575 1594 verecundiores
1600 1570 1676 1604 tegit,
1705 1557 1792 1607 quo-‘

989 1611 1062 1638 niam
1078 1611 1112 1638 iis
1131 1611 1282 1646 praesertim
1299 1611 1362 1639 fons
1385 1612 1498 1640 seminis
1520 1621 1552 1640 ae
1575 1616 1710 1644 nutriendi
1734 1619 1776 1647 vis

988 1662 1015 1684 et
1036 1656 1152 1685 facultas
1172 1657 1339 1684 continetur.
1366 1656 1434 1684 Eam
1457 1658 1574 1693 denique
1594 1668 1610 1687 e
1631 1663 1700 1690 mari
1726 1672 1776 1691 ex-

989 1703 1093 1731 stitisse
1118 1707 1241 1736 narrant,
1270 1704 1343 1739 quod
1366 1703 1525 1738 hujusmodi
1552 1706 1717 1737 elementum
1743 1719 1775 1738 ex

989 1749 1103 1777 humido
1143 1750 1287 1785 calidoque
1326 1754 1505 1784 temperatum
1536 1758 1667 1787 perpetuo
1701 1761 1775 1784 motu

988 1795 1115 1830 agitetur,
1134 1803 1221 1831 eoque
1246 1804 1370 1830 spumam
1390 1804 1493 1833 egerat,
1511 1807 1564 1834 qua
1580 1801 1635 1828 vim
1656 1803 1776 1831 semina-

988 1841 1040 1868 lem
1064 1842 1254 1869 adumbratam
1282 1834 1343 1870 esse
1376 1843 1531 1872 voluerunt.
1559 1846 1594 1873 At
1625 1847 1777 1877 Mercurius

988 1888 1140 1914 orationem
1158 1888 1281 1921 exhibet,
1299 1896 1360 1923 qua:
1378 1889 1445 1916 nihil
1460 1898 1514 1917 non
1530 1891 1621 1924 ellicit,
1638 1894 1707 1921 nihil
1721 1903 1775 1923 non

988 1932 1108 1959 illustrat
1126 1932 1298 1966 explicando.
1317 1934 1405 1967 Atque
1419 1934 1442 1960 is
1457 1940 1549 1963 erecto
1565 1937 1674 1971 quidem
1692 1943 1719 1966 et
1738 1939 1778 1967 in-

988 1982 1062 2005 tento
1078 1978 1202 2013 corporis
1217 1983 1288 2005 statu
1314 1986 1374 2006 cum
1396 1979 1450 2006 vim
1473 1981 1606 2010 orationis
1624 1985 1777 2014 contentio-

987 2031 1104 2058 nemque
1135 2028 1322 2058 reprazsenlat,
1355 2029 1412 2052 tum
1439 2034 1504 2054 vero
1522 2027 1682 2056 seminalem
1703 2037 1775 2065 quo-

987 2077 1040 2104 qne
1056 2070 1189 2097 rationem
1212 2070 1331 2097 ostendit
1353 2076 1451 2099 cuncta
1473 2078 1666 2106 permeantem.
1686 2075 1775 2115 Crete-

987 2124 1048 2143 rum
1076 2117 1149 2151 quod
1171 2123 1204 2144 ea
1228 2116 1285 2144 sive
1310 2118 1399 2145 oratio
1420 2118 1477 2145 sive
1499 2119 1570 2146 ratio
1593 2122 1774 2155 compositum

988 2161 1117 2195 quiddam
1134 2161 1180 2194 sit,
1204 2168 1284 2197 quam
1302 2161 1329 2188 in
1354 2162 1412 2189 sole
1430 2162 1576 2196 collocant,
1597 2164 1773 2199 Mercurium,

988 2213 1071 2240 quam
1097 2205 1124 2232 in
1151 2206 1227 2239 luna,
1255 2205 1385 2240 Hecaten,
1413 2215 1495 2242 quam
1522 2209 1548 2235 in
1575 2209 1635 2244 ipso
1657 2211 1775 2247 denique

988 2251 1117 2279 universo
1141 2250 1295 2287 Hermopan
1323 2253 1515 2286 nominarunt;
1540 2255 1613 2289 quod
1635 2257 1775 2284 seminatis

988 2297 1034 2325 illa
1046 2297 1223 2333 ell'ectrixque
1236 2299 1306 2325 ratio
1323 2299 1449 2326 universa
1466 2301 1605 2334 pervadat.
1618 2300 1773 2333 Quinetiam

988 2350 1021 2370 ex
1039 2343 1143 2378 duplici
1159 2351 1224 2370 voce
1239 2344 1407 2378 compositus
1421 2348 1472 2375 est,
1491 2349 1518 2371 et
1534 2344 1616 2372 Graio
1631 2345 1711 2372 veluti
1727 2345 1774 2382 ge-

989 2396 1053 2415 nere
1069 2389 1181 2421 mixtus,
1208 2389 1231 2415 is
1246 2396 1327 2423 quem
1350 2388 1535 2416 Hermauubin
1549 2389 1668 2425 Aﬂgyptii
1682 2391 1774 2418 nomi-

986 2438 1063 2461 nant.
1086 2433 1119 2461 Et
1140 2435 1271 2469 quoniam
1288 2435 1405 2461 orationi
1428 2435 1559 2462 amatoria
1582 2436 1624 2463 vis
1648 2437 1772 2471 quaedam

144 2487 225 2521 inest,
246 2487 272 2515 ei
295 2484 522 2522 repraesentanda
545 2483 706 2519 Cupidinem
730 2483 924 2511 adhibuerunt.
945 2481 1039 2517 Itaque
1061 2481 1188 2510 Mercurii
1217 2482 1326 2518 quidem
1351 2482 1424 2509 ﬁlius
1449 2482 1554 2518 Cupido
1582 2488 1633 2514 est,
1649 2484 1772 2519 idemque

145 2533 235 2568 pusio,
252 2537 364 2569 propter
380 2531 538 2567 repentinos
556 2531 618 2559 illos
645 2530 773 2566 impetus,
798 2531 845 2565 qui
861 2530 951 2557 varias
972 2530 998 2557 in
1026 2529 1188 2564 cupiditates
1214 2530 1380 2565 praecipitem
1403 2538 1465 2557 eum
1489 2530 1607 2565 rapiunt.
1626 2530 1661 2558 At
1684 2537 1774 2559 extre-

143 2586 219 2606 mum
257 2578 343 2606 totius
379 2577 533 2612 symbolum
568 2576 688 2604 universi
711 2575 791 2611 115
821 2575 895 2602 Pana
921 2579 1050 2607 statuere,
1078 2576 1122 2603 cui
1156 2576 1287 2603 attributa
1312 2583 1416 2603 cornua
1441 2576 1526 2604 solem
1550 2580 1631 2611 atque
1667 2576 1771 2609 lunam,

148 2626 256 2654 hinnuli
280 2633 347 2654 vero
366 2625 446 2661 pellis
469 2629 518 2652 aut
550 2624 701 2651 cmlestium
727 2624 859 2654 siderum,
882 2627 930 2650 aut
962 2623 1147 2651 universitatis
1171 2623 1253 2658 hujus
1287 2623 1445 2650 varietatem
1482 2627 1685 2658 repraesentem.
1707 2633 1717 2650 I
1736 2625 1775 2652 Ac

143 2671 178 2700 de
190 2671 347 2700 Grecorum
357 2670 511 2699 fabularum
523 2669 705 2704 explicatione
717 2669 848 2696 hactenus
862 2668 1041 2704 Porphyrius.

177 2719 220 2747 Τὰ
234 2718 264 2745 ἃ
288 2718 343 2746 τῶν
362 2717 517 2753 Αἰγυπτίων
534 2717 614 2744 πάλιν
631 2715 744 2743 τοιαῦτά
758 2724 840 2752 φησιν
862 2715 933 2751 ἔχειν

1024 2715 1082 2742 Jam
1107 2723 1172 2742 vero
1194 2715 1380 2752 Egyptiorum
1406 2714 1568 2748 theologiam
1596 2716 1773 2750 sequentibus

142 2764 276 2801 σύμϐολα.
293 2763 346 2791 Τὸν
363 2762 576 2800 δημιουργὸν,ὖν
588 2763 668 2797 Κνὴφ
684 2762 738 2798 (94)
755 2763 779 2788 oi
790 2761 933 2796 Αἰγύπτιοι

988 2762 1059 2789 notis
1083 2762 1271 2789 adumbratam
1294 2769 1355 2789 esse
1384 2761 1474 2789 tradit.
1502 2761 1669 2799 Eﬂectricem
1697 2762 1771 2790 illam

179 2839 194 2855 ι
213 2833 258 2861 ισ.
272 2829 336 2861 ἐπεὶ
349 2832 390 2861 δί.

179 2891 237 2924 (οι)
256 2889 356 2933 Ις-νήφτ
376 2889 435 2918 Non
451 2890 551 2928 Εκεμιι,
573 2895 719 2933 ,ιιι-ιιῑιθει
749 2890 818 2925 apud
838 2890 934 2933 Pierio:

991 2892 1086 2920 Afﬁnis
1114 2890 1224 2920 llebraaa
1250 2899 1301 2919 Vox
1317 2895 1377 2933 Pp),
1395 2890 1420 2918 id
1454 2896 1494 2918 est
1509 2890 1570 2922 ula‘;
1595 2897 1651 2923 qua
1673 2893 1770 2925 prioci—

144 2935 227 2963 puum
238 2935 253 2955 a
270 2926 425 2963 Porphyrto
439 2926 558 2955 numinis
572 2927 653 2962 hujus
668 2927 773 2962 insigne
790 2926 909 2962 ponitur.
