2060 3213
286 197 338 227 ἱοῖ

615 199 748 228 EUSEBll
766 198 1004 227 CESARIENSIS
1022 197 1097 226 OPl’.
1117 198 1209 225 PARS
1229 198 1258 225 ll.
1280 213 1315 218 —
1335 197 1584 226 APOLOGETICA.

1858 198 1910 226 Ξίῑὸ

281 262 426 293 rationem,
442 268 503 295 quae
519 261 553 288 ab
572 261 639 296 ipsis
667 260 758 294 Cneph
776 259 905 294 appellari
926 258 1004 292 solet,
1020 258 1065 284 hu-

1120 257 1382 294 προσαγορεύουσιν,
1411 257 1606 294 ἀνθρωποειδῆ,
1628 258 1677 293 τὴν
1701 258 1730 285 δὲ
1755 259 1849 295 χροιὰν
1878 261 1910 287 ὲκ

283 311 364 334 mana
388 307 480 341 specie
505 307 687 340 contigurant,
707 305 798 332 colore
816 304 952 337 caeruleo,
980 311 1067 338 eoque

282 352 444 388 nigrieante,
460 352 597 387 cingulum
614 359 646 379 ac
663 355 798 386 sceptrum
816 358 898 378 manu
918 354 1065 377 tenentem.

283 397 353 426 Huic
375 398 402 425 in
428 398 515 432 capite
537 397 628 432 regius
653 404 685 424 ex
711 404 799 431 penna
823 396 986 432 galericulus
1010 398 1065 429 est',

285 444 358 479 quod
375 442 509 477 ejusmodi
523 442 596 469 ratio
607 441 700 468 abdita
716 440 772 469 fere
787 441 960 476 obscuraque
972 441 1067 475 lateat,

282 496 445 523 summoque
473 487 589 514 inveniri
612 487 707 514 labore
728 486 774 514 vix
796 487 894 522 possit,
917 487 1068 523 eademque

282 536 344 563 vitae
359 535 421 562 fons
435 541 468 561 ac
482 533 575 568 regina
589 541 652 561 cum
666 533 713 567 sit,
731 537 789 561 tum
810 541 876 561 vero
898 534 1065 569 intelligente

281 581 399 617 quodam
415 587 447 608 ac
467 579 585 615 spiritali
606 583 683 607 motu
706 579 821 613 cieatur,
845 587 926 615 quem
948 580 1068 608 maxime

281 633 371 661 penna
387 625 431 653 illa
444 625 471 653 in
490 625 579 660 capite
597 624 650 652 sita
665 624 777 653 referat.
795 625 874 653 llunc
891 633 972 661 porro
985 626 1065 654 deum

277 680 311 700 ex
332 679 379 700 ore
404 678 486 699 ovum
506 671 635 699 eﬂ‘udisse
658 675 782 704 narrant,
808 679 840 699 ex
869 679 955 706 coque
977 677 1067 700 satum

277 719 363 745 alium
388 724 449 745 esse
472 717 569 750 Deum,
586 717 633 752 qui
658 716 693 744 ab
719 717 753 744 iis
775 716 873 750 Phtha,
896 717 1035 745 Vulcanus
1051 725 1066 744 a

276 764 383 792 θεαθεὶς
400 764 566 791 nominetur.
582 762 670 790 Ovum
685 767 776 791 autem
792 763 858 790 illud
876 763 1009 790 mundum
1025 763 1067 790 in-

279 813 482 844 terpretantur,
508 809 588 844 eique
615 809 722 836 numini
750 816 828 836 ovem
849 813 1066 842 consecrarunt,

279 855 353 890 quod
370 859 474 882 veteres
487 855 521 882 ad
537 859 632 890 potum
646 855 716 883 lacte
731 859 883 882 uterentur.
899 854 988 889 Ipsius
1001 863 1066 882 vero

279 901 375 928 mundi
399 901 535 936 ejusmodi
562 901 666 929 ﬁnxere
695 901 885 928 simulacrum.
912 901 1064 928 Humanam

279 947 405 975 similiter
423 948 451 974 in
476 948 596 983 speciem
613 946 814 975 conformatum
832 953 884 979 est,
902 947 1066 982 coniunctos

280 992 352 1020 inter
368 1000 397 1020 se
412 994 632 1028 eommissosque
646 993 728 1028 pedes
744 993 834 1024 habet,
855 997 957 1020 vestem
974 994 1066 1020 multi—

279 1038 343 1074 plici
359 1038 451 1066 colore
463 1043 579 1071 textam,
598 1043 625 1066 et
641 1039 675 1066 ab
688 1038 811 1066 humeris
826 1038 955 1065 deorsum
969 1039 1002 1066 ad
1019 1046 1066 1073 pe-

279 1085 328 1112 des
353 1092 441 1120 usque
467 1085 633 1120 promissam
658 1089 756 1120 gestat,
787 1092 952 1120 summoque
978 1085 1066 1120 capite

279 1131 414 1166 sphazram
437 1138 548 1159 auream
569 1132 706 1159 sustinet:
731 1131 829 1167 partim
850 1132 924 1167 quod
947 1131 1066 1159 mundus

278 1177 371 1204 sedem
385 1185 526 1212 nunquam
540 1182 636 1211 mutet,
649 1178 749 1212 partim
766 1177 839 1212 quod
853 1178 998 1205 rotundam
1014 1177 1073 1205 lor-.

279 1230 352 1251 mam
371 1231 427 1258 pra:
443 1231 472 1251 se
485 1223 564 1255 ferat,
582 1224 682 1258 partim
700 1224 782 1251 etiam
801 1229 831 1251 ut
850 1224 953 1251 variam
977 1228 1066 1251 astro-

278 1276 341 1296 rum
356 1274 481 1297 naturam
500 1269 706 1297 adumbrarent.
723 1269 804 1297 iidem
821 1269 966 1305 aliquando
980 1270 1065 1297 solem

279 1315 402 1343 hominis
426 1315 571 1350 cujusdam
589 1315 728 1351 navigium
749 1316 886 1344 crocodilo
906 1316 1065 1351 impositum

279 1362 491 1390 oonscendemis
507 1361 632 1398 symbolo
647 1367 861 1397 mprmsentant:
879 1370 912 1389 ac
926 1362 1065 1397 navigium

277 1408 404 1443 quidem,
429 1408 585 1435 institutum
610 1407 637 1434 in
664 1407 775 1435 humida
804 1408 933 1443 mollique
956 1408 1066 1444 regione

278 1458 383 1482 motum
405 1454 556 1490 signiﬁcat;
566 1454 722 1482 crocodilus
738 1463 813 1487 vero,
828 1463 927 1490 aquam
942 1455 1017 1482 illam
1031 1455 1064 1482 ad

277 1500 427 1528 bibendum
444 1499 562 1534 facilem,
585 1508 635 1536 per
657 1508 740 1536 quam
760 1501 802 1528 sol
827 1500 952 1528 feratur:
973 1501 1065 1535 itaque

276 1554 326 1583 per
347 1547 490 1574 humidum
509 1554 542 1575 ac
566 1555 678 1575 suavem
703 1555 794 1574 aerem
816 1547 884 1575 solis
903 1546 1064 1574 conversio-

277 1598 341 1618 nem
358 1591 416 1618 [ieri
435 1591 575 1619 declarare
589 1592 746 1619 voluerunt.
761 1591 879 1619 Telluris
895 1596 985 1619 autem
1001 1599 1064 1619 cum

279 1637 409 1670 ccelestis,
436 1641 495 1664 tum
520 1637 602 1664 etiam
620 1641 734 1664 terrcnm
755 1637 820 1670 vim.
842 1636 897 1665 [sin
919 1644 1064 1672 nuncupa-

278 1686 355 1713 runt,
373 1681 455 1716 idque
477 1685 587 1716 propter
619 1682 740 1717 ἰσότητα,
755 1681 807 1709 hoc
823 1686 865 1709 est
882 1682 1065 1717 aequalitatem

276 1727 415 1761 aquitatis
434 1727 524 1755 omnis
546 1734 578 1754 ac
595 1726 708 1762 justitia:
731 1726 842 1754 fontem.
866 1727 905 1753 Ae
925 1727 1064 1755 cmlestcm

277 1774 388 1809 quidem
407 1773 459 1808 ipsi
476 1773 585 1806 lunam,
601 1777 756 1800 terrestrem
775 1781 850 1806 vero,
865 1778 966 1801 terram
983 1774 1063 1807 hanc,

277 1820 307 1847 in
323 1827 376 1855 qua
392 1819 527 1855 degimus,
546 1818 711 1855 frugumque
725 1825 864 1854 parentem
882 1827 943 1847 esse
958 1820 1063 1848 volunt.

277 1865 411 1893 Caeterum
432 1865 623 1902 Egyptiorum
639 1865 688 1893 lsis
705 1873 736 1893 ea
758 1866 816 1900 ipsa
837 1871 888 1898 est,
910 1874 990 1901 quam
1011 1867 1065 1894 Ce-

277 1919 367 1940 rerem
383 1911 470 1939 Graeci
492 1916 601 1945 vocant,
617 1911 847 1947 quemadmodum
866 1913 911 1946 qui
928 1920 942 1939 a
963 1912 1064 1940 Graecis

277 1957 441 1993 Proserpina
466 1957 645 1993 Bacchusque
668 1958 864 1990 nominantur,
890 1957 971 1985 iidem
992 1959 1064 1994 apud

277 2004 421 2040 Egyptios
438 2004 488 2032 lsis
513 2009 540 2032 et
553 2004 639 2032 Osiris
661 2004 792 2038 appellari
809 2004 907 2031 solent.
931 2003 1016 2031 Porro
1034 2008 1064 2031 ut

277 2051 372 2078 eadem
389 2049 440 2077 lsis
453 2057 507 2077 non
522 2049 604 2077 modo
618 2049 753 2076 fructibus
767 2049 811 2082 iis,
830 2057 900 2084 quos
920 2057 971 2076 suo
992 2055 1064 2076 terra

278 2095 547 2130 sinucomplcctitur,
569 2095 726 2123 alimentum
736 2095 898 2130 suppeditat,
918 2096 964 2123 sed
977 2095 1063 2122 etiam

279 2141 357 2167 novis
386 2147 434 2168 eos
464 2140 641 2168 incrementis
675 2145 774 2176 auget,
800 2140 841 2167 sic
874 2140 960 2168 Osiris
992 2141 1065 2175 apud

279 2184 433 2220 Egyptios,
451 2186 505 2212 vim
519 2185 553 2212 ad
569 2184 674 2212 fructus
694 2185 848 2213 educendos
865 2190 1002 2220 potentem
1020 2194 1065 2213 re-

1119 303 1220 330 κυανοῦ
1247 304 1360 339 μέλανος
1382 304 1487 340 ἔχοντα,
1501 304 1654 340 κρατοῦντα
1670 304 1758 340 ζώνην
1780 306 1827 331 καὶ
1844 307 1909 342 σκῆη

1120 358 1220 385 πτρον·
1237 350 1283 376 ἐπὶ
1304 350 1333 377 δὲ
1349 350 1401 385 τῆς
1423 350 1545 386 κεφαλῆς
1564 350 1662 386 πτερὸν
1680 351 1812 385 βασίλειον
1829 360 1909 388 περι-

1119 395 1256 430 κείμενον,
1267 396 1308 421 ὂτι
1324 394 1401 430 λόγος
1410 395 1571 432 δυσεύρετος
1584 396 1631 422 καὶ
1647 396 1848 431 κεκρυμμένος,
1863 398 1911 423 καὶ

1118 442 1148 467 οὐ
1173 442 1264 476 φανὸς,
1289 442 1336 468 καὶ
1356 443 1396 468 ὃτι
1418 442 1558 475 ζωοποιὺς,
1583 443 1630 469 καὶ
1647 443 1688 468 ὅτι
1708 443 1843 477 βασιλεὺς,
1864 445 1912 470 καὶ

1117 489 1158 514 ὃτι
1174 488 1274 524 νοερῶς
1296 490 1427 516 κινεῖται·
1446 488 1486 515 διὸ
1510 489 1527 524 ἡ
1549 488 1596 515 τοῦ
1621 489 1722 524 πτεροῦ
1738 489 1818 523 φύσις
1834 491 1862 517 ἐν
1875 493 1909 526 τῇ

1118 533 1220 569 κεφαλῇ
1241 535 1337 561 κεῖται.
1360 534 1412 561 Τὸν
1425 534 1453 561 δὲ
1469 534 1529 561 θεὸν
1544 534 1638 560 τοῦτον
1665 536 1697 561 ἐκ
1713 535 1760 561 τοῦ
1778 536 1911 572 στόματος

1117 579 1262 615 προῖεσθαί
1279 588 1360 614 φασιν
1373 579 1436 611 ὠὸν,
1454 579 1484 611 ἐξ
1502 576 1532 606 οὗ
1550 579 1694 613 γεννᾶσθαι
1710 579 1780 611 θεὸν,
1791 581 1820 607 ὃν
1833 581 1910 608 αὐτοὶ

1117 625 1350 660 προσαγορεύουσι
1366 625 1423 651 Φθᾶ
1435 625 1531 659 (95),οἱ
1547 624 1575 651 δὲ
1593 625 1724 660 ’Έλληνες
1746 626 1907 660 ’Ἥφαιστον-

1117 670 1278 706 ὲρμηνεύειν
1294 671 1322 697 δὲ
1338 670 1368 696 τὸ
1380 670 1432 696 ὠὸν
1451 670 1496 697 τὸν
1515 671 1628 706 κόσμον.
1653 671 1816 706 ’Λφιέρωται
1828 672 1856 698 δὲ
1870 671 1911 707 τῷ

1117 715 1170 750 θεῷ
1186 715 1272 750 τούτῳ
1292 715 1438 751 πρόϐατον,
1451 715 1494 741 διὰ
1507 715 1538 741 τὸ
1554 717 1616 748 τοὺς
1632 715 1763 747 παλαιοὺς
1775 716 1909 750 γαλακτο-

1116 762 1218 786 ποτεῖν.
1234 760 1321 787 Αὑτοῦ
1336 761 1364 786 δὲ
1377 759 1423 786 τοῦ
1441 760 1544 795 κόσμου
1558 761 1588 787 τὸ
1602 761 1721 788 δείκελον
1732 762 1833 788 τοιόνδε
1849 762 1911 788 ἀνέ-

1117 807 1233 834 πλασαν.
1260 806 1471 843 Ἀνθρωποειδές
1488 808 1562 833 ἐστιν
1576 807 1698 842 ἄγαλμα,
1715 809 1777 839 τοὺς
1796 808 1845 842 μὲν
1861 809 1910 835 πό-

1115 853 1164 884 δας
1192 853 1414 888 συμϐεϐληκότας
1443 853 1514 888 ἕχον,
1537 853 1639 880 ἄνωθεν
1662 854 1689 880 δὲ
1719 854 1801 889 μέχρι
1822 854 1910 881 ποδῶν

1116 899 1237 926 ποικΰιον
1248 900 1354 936 ἱματίου
1363 899 1592 935 περιϐεϐλημένον
1603 908 1610 914 ·
1626 900 1672 926 ἐπὶ
1687 900 1714 926 δὲ
1728 901 1777 935 τῆς
1789 900 1910 936 κεφαλῆς

1117 948 1234 982 σφαῖραν
1244 946 1300 982 ἔχει
1313 947 1425 982 χρυσῆν,
1444 946 1488 972 διὰ
1505 946 1534 972 τὸ
1551 945 1588 981 μὴ
1605 946 1787 981 μεταϐαίνειν,
1804 947 1851 972 καὶ
1866 946 1910 972 διὰ

1115 992 1166 1027 τὴν
1178 992 1232 1018 τῶν
1246 991 1353 1027 ἄστρων
1379 992 1504 1028 ποικίλην
1530 991 1610 1026 φύσιν
1626 992 1691 1027 (9(5),
1709 992 1756 1019 καὶ
1771 993 1812 1018 ὅτι
1827 1001 1909 1026 σφαι-

1119 1037 1221 1072 ροειδὴς
1236 1038 1250 1064 6
1266 1037 1378 1072 κόσμος.
1394 1037 1487 1064 Ἥλιον
1496 1037 1523 1064 δὲ
1536 1037 1590 1071 (97)
1603 1038 1764 1072 σημαίνουσι
1777 1037 1842 1064 ποτὲ
1860 1038 1910 1072 μὲν

1116 1083 1149 1109 δι’
1166 1083 1311 1118 ἀνθρώπου
1330 1083 1526 1120 ὲπιὸεϐηκότος
1552 1083 1656 1115 πλοίου,
1667 1084 1714 1110 ἐπὶ
1737 1084 1908 1119 κροκοδείλου

1115 1130 1254 1165 κειμένου.
1272 1129 1352 1166 Δηλοῖ
1370 1130 1400 1156 δὲ
1417 1130 1446 1156 τὸ
1464 1130 1514 1166 μὲν
1529 1130 1620 1156 πλοῖον
1630 1130 1680 1166 τὴν
1697 1131 1726 1156 ὲν
1738 1130 1813 1166 ὑγρῷ
1830 1131 1907 1166 κίνη-

1117 1183 1177 1202 σινο
1191 1177 1205 1202 ὁ
1220 1175 1249 1203 δὲ
1283 1175 1452 1212 κροκόδειλος
1473 1176 1588 1211 πότιμον
1606 1175 1687 1212 ὒδῳρ,
1713 1177 1744 1203 ἐν
1760 1173 1783 1210 ᾧ
1797 1177 1910 1212 φέρεται

1115 1221 1225 1257 ὁῆλιος.
1248 1221 1425 1257 Ἐσημαίνετο
1445 1222 1535 1248 τοίνυν
1560 1223 1574 1248 6
1586 1221 1661 1257 ἥλιος
1674 1221 1706 1248 δι’
1727 1222 1808 1258 ἀέρος
1825 1222 1909 1258 ὑγροῦ

1117 1268 1165 1294 καὶ
1181 1267 1295 1302 γλυκέος
1313 1267 1361 1303 τὴν
1385 1267 1564 1303 περιπόλησιν
1589 1267 1732 1294 ποιεῖσθαι.
1753 1268 1808 1303 Τῆς
1825 1268 1853 1295 δὲ
1863 1268 1908 1295 οὑ-

1117 1313 1212 1350 ρανίας
1226 1314 1277 1349 γῆς
1293 1313 1341 1340 καὶ
1356 1313 1407 1348 τῆς
1422 1313 1530 1349 χθονίας
1542 1313 1591 1349 τὴν
1606 1313 1719 1348 δύναμιν
1738 1311 1809 1340 Ἶσιν
1826 1323 1909 1350 προσ-

1116 1361 1192 1387 εῖπον
1211 1360 1255 1387 διὰ
1279 1360 1329 1396 τὴν
1349 1360 1469 1395 ἰσότητα,
1484 1361 1530 1394 ἀφ’
1555 1358 1589 1396 ἧς
1603 1361 1635 1386 τὸ
1647 1360 1762 1387 δίκαιον·
1781 1361 1909 1396 οὐρανίαν

1116 1407 1144 1434 δὲ
1160 1406 1209 1442 τὴν
1238 1406 1366 1442 σελήνην,
1385 1405 1491 1442 χθονίαν
1515 1406 1543 1432 δὲ
1557 1406 1605 1433 καὶ
1617 1406 1669 1442 γῆν
1680 1407 1863 1442 καρποφόρον,
1880 1407 1909 1433 ὲν

1116 1451 1133 1490 ᾗ
1149 1452 1340 1488 κατοικοῦμεν,
1356 1452 1474 1487 λέγουσι.
1487 1451 1524 1478 Τὸ
1538 1452 1565 1478 δὲ
1577 1452 1641 1478 αὐτὸ
1654 1452 1764 1478 δύναται
1777 1452 1909 1488 Δημήτηρ

1117 1499 1182 1535 παρ’
1199 1498 1322 1534 Ἕλλησι,
1341 1499 1388 1525 καὶ
1412 1497 1482 1531 Ἶσις
1499 1498 1742 1534 παρἈίγυτι-τίοις.
1759 1497 1813 1524 Καὶ
1829 1497 1910 1524 πάλιν

1115 1545 1191 1581 Κόρη
1207 1545 1272 1580 παρ’
1288 1544 1456 1580 Ἕλλησικαὶ
1490 1544 1604 1576 ιόνυσος,
1622 1545 1668 1571 καὶ
1683 1542 1753 1576 Ἶσις
1769 1545 1816 1571 καὶ
1835 1545 1911 1570 Ὅσι-

1080 1609 1100 1637 C
1119 1599 1161 1627 ρις
1195 1590 1261 1626 παρ’
1281 1591 1451 1624 Αἰγυπτίοις.
1479 1590 1552 1626 Αὕτη
1573 1589 1601 1616 δὲ
1629 1590 1766 1625 τρέφουσα
1785 1590 1832 1616 καὶ
1862 1590 1906 1616 αἱ-

1120 1637 1204 1674 ροῦσα
1229 1643 1243 1657 ι
1268 1636 1302 1664 τὰ
1327 1636 1375 1663 ἐπὶ
1400 1636 1452 1672 γῆς
1465 1645 1472 1651 ·
1486 1637 1500 1662 ὁ
1518 1636 1545 1662 δὲ
1558 1637 1663 1672 Ὄσιρις
1676 1637 1739 1672 παρ’
1750 1636 1911 1670 Αἰγυπτίοις

1117 1684 1166 1719 τὴν
1183 1683 1322 1718 κάρπιμον
1342 1682 1489 1718 παρίστησι
1517 1681 1640 1716 δύναμιν,
1662 1682 1695 1717 ἣν
1715 1681 1822 1717 θρήνοις
1844 1682 1911 1707 ἀπο-

1119 1730 1301 1766 μειλίσσονται
1326 1730 1365 1760 είς
1389 1729 1440 1763 γῆν
1469 1727 1670 1763 ἀφανιζομένην
1691 1728 1719 1753 ὲν
1743 1726 1782 1762 τῷ
1804 1727 1908 1763 σπόρῳ,

1117 1776 1163 1803 καὶ
1189 1776 1233 1810 ὑφ’
1264 1775 1342 1810 ἡμῶν
1371 1774 1639 1809 καταναλισκομένην
1668 1774 1707 1805 εἰς
1730 1773 1780 1804 τὰς
1795 1773 1908 1809 τροφάς.

1118 1822 1293 1858 Λαμόάνεται
1302 1821 1330 1848 δὲ
1341 1822 1388 1848 καὶ
1402 1821 1462 1847 ἀντὶ
1475 1821 1524 1856 τῆς
1539 1820 1674 1855 ποταμίας
1688 1819 1735 1846 τοῦ
1750 1819 1847 1846 Νείλου
1861 1819 1909 1845 δυ-

1119 1869 1226 1904 νάμεως
1238 1876 1244 1882 ·
1261 1867 1317 1894 ἀλλ’
1329 1868 1392 1894 ὃταν
1409 1867 1456 1902 μὲν
1471 1867 1518 1902 τὴν
1533 1866 1642 1901 χθονίαν
1658 1865 1710 1901 γῆν
1727 1865 1908 1900 σημαίνωσιν,

1121 1914 1253 1949 Ὀσιριςή
1269 1913 1407 1949 κάρπιμος
1419 1911 1706 1948 λαμϐάνεταιδύναμις
1720 1920 1726 1927 ’
1742 1912 1806 1938 ὅταν
1821 1911 1909 1947 δὲτὴν

1118 1959 1258 1995 οὐρανίαν,
1276 1959 1381 1995 Ὄσιρίς
1405 1959 1478 1985 ἐστιν
1493 1960 1507 1985 6
1521 1958 1626 1989 Νεῖλος,
1641 1958 1670 1984 ὃν
1690 1958 1718 1991 ἐξ
1729 1957 1843 1994 οὑρινοῦ
1859 1966 1910 1984 κα-

1118 2005 1284 2041 ταφέρεσθαι
1295 2005 1405 2031 οἴονται·
1422 2005 1550 2031 πενθοῦσι
1565 2005 1593 2031 δὲ
1610 2005 1656 2031 καὶ
1669 2004 1773 2035 τοῦτον,
1789 2004 1908 2039 ἀπομει-

1118 2051 1271 2086 λισσὸμενοι
1286 2050 1335 2086 τὴν
1350 2050 1464 2086 δύναμιν
1476 2050 1610 2086 λήγουσαν
1625 2050 1671 2076 καὶ
1681 2050 1907 2085 ἁναλισκομένην.

1108 2106 1112 2116 ι
1126 2097 1160 2124 Ἦ
1169 2095 1198 2123 δὲ
1210 2097 1238 2123 ὲν
1261 2097 1318 2128 τοῖς
1339 2096 1434 2131 μύθοις
1447 2096 1598 2132 μισγομένη
1615 2095 1654 2131 τῷ
1675 2095 1787 2130 Ὀσίριδι
1807 2093 1877 2126 Ἶσις
1891 2096 1908 2130 ὴ

1118 2143 1254 2177 Αἰγυπτία
1278 2143 1337 2168 ἐστὶ
1362 2141 1414 2177 γῆ·
1430 2141 1523 2177 διόπερ
1554 2141 1668 2173 ἰσοῠται,
1697 2141 1743 2167 καὶ
1768 2142 1839 2170 κυεῖ,
1861 2141 1909 2166 καὶ

1119 2189 1190 2215 ποιεῖ
1214 2189 1277 2219 τοὺς
1304 2189 1437 2223 καρποὺς,
1455 2187 1495 2214 διὸ
1516 2188 1585 2223 ἀνὴρ
1608 2188 1656 2223 τῆς
1675 2187 1772 2219 Ἴσιδος
1790 2187 1906 2222 Ὄσιρις,

278 2234 435 2265 ριάιδοιιῑοι,
455 2237 536 2264 quam
560 2229 613 2264 ipsi
633 2229 697 2256 ﬂetu
714 2229 801 2256 lenire
817 2230 1020 2262 quodammodo
1041 2234 1065 2257 el

1121 2232 1168 2258 καὶ
1182 2231 1305 2266 ἀδελφὸς,
1320 2232 1367 2258 καὶ
1378 2231 1434 2263 υἱὸς
1449 2232 1639 2268 παραδέδοται.

280 2277 388 2312 placare
422 2282 567 2309 conantur,
601 2283 665 2304 cum
686 2283 728 2308 ea,
753 2277 851 2311 partim
879 2275 959 2312 116
976 2283 1097 2305 semente
1135 2278 1269 2312 facienda,
1291 2283 1368 2305 terra:
1385 2278 1490 2313 sepulta
1506 2279 1657 2306 visceribus
1671 2278 1823 2311 evanescit,
1842 2285 1907 2312 par~

280 2325 329 2352 tim
353 2324 458 2352 alendis
491 2323 652 2358 corporibus
674 2323 776 2350 nostris
806 2322 985 2349 consumitur.
1006 2322 1166 2358 Quanquam
1188 2323 1212 2351 is
1232 2331 1341 2359 quoque
1360 2323 1412 2351 Nili
1445 2325 1630 2352 efﬁcacitatem
1663 2325 1845 2359 virtutemque
1868 2324 1907 2351 si-

280 2370 407 2406 gniﬁcat;
439 2370 492 2397 hoc
525 2374 616 2396 tamen
646 2368 816 2402 discrimine,
838 2368 910 2403 quod
943 2369 990 2395 ubi
1023 2374 1158 2397 terrenam
1178 2370 1229 2404 ipsi
1263 2371 1385 2398 tellurem
1411 2371 1541 2399 denotare
1579 2372 1683 2405 volunt,
1709 2376 1766 2398 tum
1792 2370 1909 2398 Osiridis

280 2417 391 2444 nomine
418 2415 558 2443 fructuum
588 2422 686 2450 parens
710 2413 795 2441 Terra
819 2413 933 2449 intelligi
955 2413 1052 2441 debeat
1073 2424 1079 2441 ε
1102 2414 1147 2442 uhi
1173 2423 1238 2442 vero
1274 2416 1422 2450 ccelestcm,
1446 2416 1535 2444 Nilum
1562 2417 1632 2445 idem
1655 2417 1741 2444 Osiris
1764 2417 1907 2450 exhibeat,

278 2471 359 2498 quem
393 2462 526 2497 originem
560 2469 575 2488 ο
607 2460 677 2488 cado
699 2459 799 2487 ducere
820 2465 1046 2493 commemorant,
1066 2468 1153 2495 e0quc
1173 2461 1248 2489 luctu
1281 2462 1407 2489 similiter
1441 2466 1653 2498 prosequuntur,
1675 2461 1754 2497 quasi
1773 2462 1827 2488 vim
1847 2461 1908 2496 ejus

278 2511 361 2539 certis
380 2510 549 2538 deiicientem
582 2514 610 2536 et
630 2508 792 2536 exhaustam
816 2507 965 2535 intervallis
1002 2508 1149 2535 conciliare
1171 2509 1222 2536 sibi
1251 2517 1283 2536 ac
1302 2510 1412 2544 placare
1432 2510 1525 2537 velint.
1546 2510 1597 2538 lsis
1630 2514 1720 2537 autem
1750 2510 1805 2541 illa,
1827 2509 1907 2542 cujus

266 2565 344 2596 ‘cum
370 2557 478 2585 Osiride
502 2557 723 2592 congressionem
759 2554 858 2582 fabulae
890 2555 1047 2590 celebrant,
1067 2556 1195 2592 {Egyptia
1224 2562 1295 2585 terra
1321 2563 1373 2590 est,
1397 2565 1430 2585 ac
1460 2563 1601 2593 propterea
1628 2565 1689 2585 cum
1712 2557 1815 2592 aequari
1849 2557 1908 2591 ipsa

280 2611 446 2640 uterumque
469 2609 586 2640 gestare,
605 2612 638 2632 ac
657 2604 767 2632 demum
782 2604 897 2642 ‘fructus
915 2611 1060 2638 procreare
1078 2604 1189 2638 dicitur,
1209 2611 1266 2633 tum
1286 2605 1369 2633 etiam
1389 2605 1468 2634 Isidis
1487 2606 1597 2642 conjux,
1616 2605 1753 2642 simulque
1776 2605 1860 2633 frater
1874 2613 1907 2633 ac

281 2654 353 2682 lilius
367 2652 454 2681 Osiris
468 2660 530 2680 esse
546 2653 712 2688 perhibetur.

320 2706 333 2720 ι
355 2699 397 2726 lo’.
415 2698 538 2734 αἴρουσα.

318 2744 374 2779 (95)
395 2742 466 2779 Φθιῖ.
488 2742 570 2778 Ergo,
587 2743 633 2778 qui
657 2743 835 2779 Phoenicibus
858 2742 906 2779 lib.
922 2750 941 2779 ι,
959 2742 1005 2779 tit_._
1021 2741 1066 2774 11),

424 2777 539 2816 ϐίη-ειδρρ
549 2777 701 2816 dicebatur,
716 2778 851 2816 Aigyptiis
866 2777 963 2808 Plit/ia,
981 2777 1070 2816 dit-tus

283 2812 488 2843 est'Vulcanus.
509 2812 619 2840 Hebraea
647 2821 699 2840 vox
714 2812 794 2846 nni,
812 2814 864 2841 hoc
887 2817 929 2840 est
955 2813 1068 2846 aperire,

284 2855 331 2877 aut
353 2849 461 2878 solvere.
485 2849 562 2881 satis,
580 2848 686 2882 opinor,
711 2854 738 2875 et
764 2856 825 2875 cum
849 2847 1018 2883 (Egyptiaea,
1039 2852 1070 2883 et

282 2893 344 2913 eum
357 2884 426 2919 ignis
439 2884 464 2910 vi
480 2888 561 2918 atque
576 2889 672 2919 natura
685 2884 763 2917 plane
773 2882 914 2917 διαλυτικῇ
926 2882 1066 2919 convenit.

317 2918 378 2954 (9ϋῖ
393 2920 498 2946 Φύσιν.
520 2919 616 2954 Mulli...
632 2918 716 2949 θέσιν,
733 2919 829 2945 melius
847 2924 875 2944 ut
890 2918 1002 2954 videtur.

317 2952 374 2991 (97)
395 2953 551 2982 ”Ηλιονὸέ.
572 2953 703 2980 Geminus
728 2959 768 2980 cst
783 2954 826 2980 ille
842 2953 972 2980 Cit-ment.
990 2952 1066 2979 Alex.

1123 2741 1208 2768 locus.
1222 2739 1322 2766 Strum.
1331 2747 1356 2770 v,
1366 2740 1456 2774 aliqua
1469 2744 1558 2767 tamen
1570 2747 1602 2766 ex
1617 2744 1693 2774 parte
1703 2739 1853 2767 dissimilis.
1863 2740 1908 2766 Λι-

1122 2775 1252 2810 γυπτίων,
1271 2774 1369 2809 inquit,
1383 2776 1407 2801 οἱ
1425 2775 1475 2810 μὲν
1489 2776 1535 2801 ἐπὶ
1551 2775 1685 2807 πλοίου,οῑ
1701 2775 1730 2802 δὲ
1745 2775 1796 2806 ἐπὶ,
1807 2783 1907 2803 κροκο-

1120 2810 1207 2846 ᾷείλου
1235 2809 1280 2846 τὸν
1296 2809 1382 2846 γῆλιον-
1410 2809 1570 2846 δεικνύουσι.
1587 2811 1754 2846 Σημαίνουσι
1774 2809 1813 2841 δὲ,
1838 2810 1878 2846 ὅτι
1893 2811 1908 2836 6

1125 2819 1207 2836 istAOU
1235 2819 1280 2836 τον
1303 2819 1382 2836 τηΛιον-
1410 2819 1570 2837 οεικνυουσι.
1587 2819 1623 2846 ιιη
1648 2819 1752 2836 αινουσι
1774 2819 1813 2841 οε,
1838 2819 1878 2836 οτι
1893 2819 1906 2836 ο

1125 2843 1200 2878 ἥλιος
1242 2844 1274 2870 δι’
1289 2832 1369 2880 ἀέρος
1396 2845 1529 2880 γλυκεροῦ
1556 2846 1603 2871 καὶ
1624 2819 1707 2879 διγροῦ
1730 2844 1778 2879 τὴν
1794 2845 1906 2879 πορείαν

1121 2881 1290 2915 ποιούμενος,
1305 2881 1385 2915 γεννᾷ
1397 2881 1443 2906 τὸν
1456 2880 1560 2915 χρόνον,
1572 2881 1601 2906 ὃν
1616 2880 1765 2906 αἰνίσσεται
1810 2880 1908 2914 κροκό-

1120 2914 1207 2947 δειλος
1228 2915 1273 2941 διά
1294 2924 1354 2941 τινα
1374 2914 1460 2950 ἄλλην
1475 2914 1612 2950 ἱερατικὴν
1627 2915 1754 2950 ἱστορίαν,
1771 2914 1906 2941 Cteteruxu

1120 2952 1150 2977 τὸ
1167 2952 1229 2977 ποτὲ
1249 2951 1308 2986 μέν,
1327 2951 1373 2977 lin.
1388 2956 1510 2985 scqucnt.
1526 2959 1637 2985 prorsus
1654 2950 1817 2976 ἁναπόδοτον
1833 2955 1876 2976 est
