2060 3213
262 190 314 219 2η
600 190 736 219 EUSEBII
751 188 992 218 CAESARIENSIS
1010 188 1085 216 OPP.
1105 188 1196 216 PARS
1212 187 1243 216 ll.
1259 187 1553 216 —APOLOGETICA.
1837 187 1894 215 ξ).ίὲ

264 249 348 285 gyptii
363 248 512 282 hominem,
533 249 577 277 cui
599 256 677 277 sacra
702 248 819 282 faciant,
845 248 963 284 deligere
984 255 1051 276 con-

1103 248 1133 275 ὲν
1147 249 1209 280 ταῖς
1225 247 1403 284 ἱερομηνίαις,
1425 248 1473 275 καὶ
1490 249 1550 279 ταῖς
1565 247 1632 284 πρὸς
1648 247 1710 279 τοὺς
1731 246 1808 278 θεοὺς
1830 246 1898 282 θρη-

264 300 422 324 sueverunt.
453 295 566 322 Anamis
589 295 660 322 enim
685 294 794 331 JEgypti
817 303 902 330 pagus
924 299 976 327 est,
1002 295 1049 322 ubi

1106 294 1210 326 σκείαις
1226 293 1375 329 βουθυτεῖν.

265 341 348 368 homo
368 341 544 376 religionibus
561 346 587 368 et
608 341 749 369 sacriﬁciis
768 341 877 374 colitur,
901 341 982 376 eique
1002 341 1120 369 victimae
1140 341 1320 369 in-altaribus
1342 345 1512 374 cremantur;
1528 340 1585 374 ipse
1608 345 1698 367 tamen
1722 339 1803 374 paulo
1826 343 1897 373 post.

264 395 326 422 quae
344 387 394 415 sibi
420 391 548 421 tanquam
568 387 672 414 homini
690 392 902 422 apponerentur,
921 387 1035 415 libenter
1057 394 1170 414 omnino
1186 386 1350 414 comederet.
1375 385 1442 413 Nam
1473 386 1547 421 quod
1569 386 1607 412 illi
1628 385 1723 412 brutas
1743 385 1897 412 animantes

265 434 331 462 deos
354 441 415 461 esse
433 441 604 468 nequaquam
623 434 799 467 arbitrentur,
824 435 866 462 vel
896 443 929 462 ex
950 443 984 462 eo
998 435 1094 470 liquet,
1118 434 1190 469 quod
1222 434 1250 461 in
1270 433 1406 469 plerisque
1430 433 1498 461 locis
1520 434 1603 461 boves
1625 433 1678 460 diis
1707 438 1891 465 consecratos,

265 479 432 511 solemnibus
454 477 529 508 feriis
552 480 720 515 deorumque
740 481 1070 516 religionibus-immolare
1091 481 1292 508 consueverint.

562 527 676 555 CAPUT
708 528 777 555 XIII.

299 572 339 599 De
359 573 430 606 bove,
451 574 496 608 qui
515 573 586 606 apud
601 573 762 608 Ileliopolint
777 573 834 600 Soli
854 573 1017 600 immolatur.

303 627 313 644 ι
339 618 395 646 Soli
419 619 528 654 quidem
547 624 630 654 atque
645 619 728 646 Luna:
742 620 826 648 boves
843 626 1050 648 consecrarunt.

265 662 317 696 Qui
335 672 416 698 porro
437 665 489 692 soli
506 666 577 700 apud
599 664 761 700 lleliopolim
780 672 857 692 sacer
880 671 932 698 est,
949 665 1052 693 Mnevis

265 709 391 742 nomine,
420 714 534 737 caeteros
563 710 749 744 magnitudine
775 714 896 744 superat.
923 710 1050 745 idemque

264 753 356 782 colore
375 755 534 790 nigerrimo,
558 756 630 791 quod
654 756 866 783 vehementioris
891 756 1051 791 assiduique

265 802 332 830 solis
355 803 437 830 ardor
458 804 593 837 nigrorem
617 804 744 831 humanis
764 803 925 838 corporibus
955 803 1052 832 aﬂ‘erre

1370 526 1567 553 ΚΕΦΑΛΔΙΟΝ
1588 527 1638 553 ΙΓ’.

1106 572 1176 607 Περὶ
1195 572 1290 599 τοῦὲν
1306 572 1405 600 Ἡλίου
1415 573 1502 599 πόλει
1513 572 1660 606 θυομένου
1677 570 1717 604 τῷ
1730 570 1897 604 ἠλίῳβοός.

1144 627 1154 644 t
1171 617 1253 653 Ἡλίῳ
1263 617 1312 653 μὲν
1324 617 1377 652 γὰρ
1391 617 1437 644 καὶ
1450 617 1548 652 σελήνῃ
1561 617 1622 652 βοῦς
1633 616 1786 652 ἀνιέρωσαν
1795 624 1801 630 ·
1811 616 1870 642 ἀλλ’
1884 616 1899 642 ὂ

1105 674 1136 700 γε
1148 665 1215 700 ἡλίῳ
1235 665 1412 700 ἀνακείμενος
1442 666 1471 691 ὲν
1486 665 1575 691 Ἠλίου
1589 663 1665 690 πόλει
1682 663 1718 698 (5)
1733 663 1898 698 καλούμενος

1104 710 1206 742 Μνεῦις
1223 709 1292 746 βοῶν
1309 711 1366 736 ἐστι
1385 710 1522 746 μέγιστος,
1542 710 1643 745 σφόδρα
1667 709 1760 744 μέλας,
1780 708 1898 744 μάλιστα

1105 757 1146 784 ὅτι
1161 757 1208 784 καὶ
1227 757 1242 783 ό
1262 757 1336 792 ἥλιος
1353 758 1367 783 ὁ
1383 756 1466 788 πολὺς
1484 756 1604 792 μελαίνει
1627 755 1662 781 τὰ
1677 754 1833 790 ἀνθρώπεια
1847 753 1898 780 σώ-

1108 812 1190 839 ματα.
1209 803 1285 838 Ἔχει
1309 802 1337 829 δὲ
1360 803 1410 838 τὴν
1433 803 1516 838 οὐρὰν
1534 802 1609 838 παρὰ
1629 802 1692 833 τοὺς
1710 800 1803 831 ἄλλους
1823 799 1896 835 βοῦς,

265 849 360 876 soleat.
388 849 522 877 Praeterea
549 851 642 877 caudae
672 850 809 884 totiusque
832 850 955 885 corporis
979 850 1050 885 pilos

1103 849 1150 875 καὶ
1174 848 1205 875 τδ
1223 849 1277 876 πᾶν
1300 848 1378 884 σῶμα
1400 849 1555 884 ἀνάτριχον,
1576 847 1701 882 καθάπερ
1723 847 1737 873 ὀ
1758 846 1833 881 ἣλιος
1852 845 1898 872 τὸν

266 903 474 924 sursumversus
505 896 630 930 reiectas,
651 901 748 932 praeter
768 897 885 924 aliorum
905 897 987 924 boum
1004 904 1051 924 na-

264 946 355 970 turam
373 942 464 973 habet,
488 943 718 977 quemadmodum
742 944 782 971 sol
798 943 965 972 contrarium
987 943 1050 978 polo

265 995 378 1015 cursum
397 988 525 1016 instituit.
549 989 676 1017 Testibus
702 994 745 1017 est
763 990 902 1021 maximis,
921 989 994 1024 quod
1014 989 1051 1016 rei

263 1040 388 1060 venerere
403 1034 538 1067 cupiditas
548 1034 574 1060 vi
589 1034 689 1061 caloris
699 1035 844 1066 excitetur,
859 1035 970 1069 ipseque
985 1035 1052 1062 adeo

264 1078 307 1105 sol
323 1084 448 1106 naturam
465 1079 611 1106 fecundare
624 1080 742 1107 dicatur.
763 1080 846 1108 Luna:
864 1087 928 1107 vero
942 1085 1049 1107 taurum

265 1123 403 1156 dicarunt,
433 1132 514 1159 quem
540 1124 620 1160 Apim
648 1125 806 1157 nominaut,
830 1125 936 1160 nigrum
962 1125 1051 1159 ipsum

267 1177 375 1204 quoque
392 1178 447 1205 prre
460 1170 576 1202 caeteris,
593 1171 720 1205 quodque
735 1171 799 1197 luna
817 1178 896 1198 suum
913 1178 927 1196 a
941 1171 997 1197 sole
1013 1170 1054 1197 lu—

267 1220 330 1240 men
345 1214 470 1248 accipiat,
485 1214 551 1241 solis
565 1219 694 1248 przeterea
715 1215 840 1250 luna-que
853 1215 971 1250 insignia
984 1223 1053 1250 pra:-

267 1257 410 1287 ferenlem.
423 1260 463 1288 Ae
477 1261 543 1288 solis
565 1261 675 1295 quidem
695 1261 802 1296 insigne
816 1265 869 1294 est,
887 1269 949 1289 cum
969 1262 1053 1296 ipsius

264 1305 390 1338 corporis
403 1305 506 1340 nigror,
528 1310 585 1333 tum
611 1305 692 1332 etiam
710 1306 742 1339 is,
759 1306 805 1340 qui
822 1307 873 1334 sub
890 1306 982 1338 lingua
999 1307 1053 1334 lue-

1100 895 1223 923 ἐναντίον
1245 895 1284 930 τῷ
1309 895 1382 930 πόλῳ
1406 896 1522 921 ποιεῖται
1541 894 1655 930 δρόμον
1680 893 1743 925 τούς
1759 901 1789 918 τε
1805 892 1897 927 ὄρχεις

1102 942 1263 978 μεγίστους,
1298 941 1444 978 ἐπειδήπερ
1463 941 1477 966 ὁ
1496 940 1560 975 περὶ
1582 940 1615 966 τὰ
1639 938 1783 975 ἀφροδίσια
1803 938 1897 973 ἵμερος

1104 988 1208 1023 γίνεται
1222 986 1275 1013 ὑπὸ
1291 986 1467 1022 θερμότητος,
1492 986 1535 1012 ὅτε
1560 987 1574 1012 ὁ
1595 985 1669 1020 ἣλιος
1694 990 1706 1003 ι
1720 982 1898 1019 σπερμαίνειν

1101 1033 1210 1067 λέγεται
1227 1032 1275 1068 τὴν
1296 1031 1388 1066 φύσιν.
1407 1032 1511 1068 Σελήνῃ
1530 1031 1559 1058 δὲ
1583 1030 1683 1066 ταῦρον
1707 1029 1846 1061 ἀνέθεσαν,
1867 1028 1896 1055 ὃν

1106 1080 1186 1106 ’Λπιν
1197 1078 1404 1114 ἐπονομάζουσι,
1419 1078 1521 1113 μέλανα
1535 1077 1582 1113 μὲν
1595 1076 1642 1103 καὶ
1656 1075 1735 1103 αὑτὸν
1750 1075 1820 1110 ὑπὲρ
1834 1074 1897 1106 τοὺς

1105 1125 1210 1157 ἄλλους,
1226 1125 1340 1160 φέροντα
1355 1124 1383 1150 δὲ
1396 1125 1496 1160 σημεῖα
1511 1123 1585 1159 ἡλίου
1601 1123 1648 1149 καὶ
1660 1122 1783 1157 σελήνης,
1797 1122 1838 1148 ὃτι
1851 1120 1898 1147 καὶ

1105 1172 1154 1207 τῆς
1173 1172 1286 1208 σελήνης
1301 1171 1332 1198 τὸ
1349 1171 1406 1206 φῶς
1422 1171 1452 1204 ἐξ
1474 1170 1564 1206 ἡλίου·
1582 1169 1657 1204 ἡλίου
1675 1169 1703 1195 δὲ
1729 1169 1852 1204 σημεῖον,
1867 1168 1897 1194 τὺ

1108 1217 1190 1252 μέλαν
1202 1216 1248 1243 τοῦ
1263 1216 1397 1252 σώματος,
1414 1215 1461 1242 καὶ
1483 1216 1497 1242 ὁ
1515 1215 1566 1241 ὑπὸ
1579 1216 1611 1250 τῇ
1627 1213 1732 1250 γλώττῃ
1750 1212 1898 1248 κάνθαρος

1108 1262 1222 1298 σελήνης
1244 1262 1272 1289 δὲ
1294 1262 1426 1298 σύμΰολον
1439 1261 1468 1288 τό
1482 1270 1512 1287 τε
1531 1261 1672 1296 διχότομον
1691 1260 1737 1286 καὶ
1759 1259 1898 1295 ἀμφίκυρ-

1106 1317 1162 1336 τον.
1184 1319 1193 1334 ι

263 1354 315 1381 ret.
333 1351 502 1379 scarabaeus:
519 1352 622 1379 Lunam
638 1361 700 1380 vero
717 1352 815 1387 partim
836 1352 950 1380 orbiculi
965 1352 1109 1387 dimidiati,
1128 1355 1226 1389 partim
1241 1354 1382 1382 dimidiato
1396 1354 1509 1389 majoris
1523 1354 1606 1388 ﬁgura
1624 1356 1822 1388 reprmseutatu

299 1397 389 1431 Atque
405 1398 461 1424 ltree
479 1406 493 1425 a
507 1399 585 1426 nobis
602 1407 635 1426 ex
656 1398 800 1435 Porphyrii
823 1399 934 1434 scriptis
951 1399 977 1426 in
992 1400 1050 1434 epi-

1137 1400 1229 1427 Ταῦτά
1246 1409 1290 1436 μοι
1309 1402 1341 1427 ἐκ
1357 1401 1406 1436 τῆς
1422 1400 1468 1427 τοῦ
1492 1399 1692 1436 προειρημένου
1716 1399 1810 1434 ἀνδρὸς
1827 1406 1896 1434 γρα-

264 1446 356 1470 tomen
375 1443 483 1471 redacta
498 1444 644 1477 suﬂiciaut,
662 1445 730 1472 nihil
749 1449 779 1471 ut
793 1452 888 1472 eorum
906 1445 988 1481 118
1001 1453 1050 1473 nos

263 1488 357 1520 lateat,
375 1497 436 1524 qum
450 1491 590 1517 recondita
611 1491 652 1518 vel
671 1490 828 1518 Graecorum
847 1492 888 1518 vel
908 1490 1052 1527 Egyptio-

264 1542 325 1561 rum
346 1535 480 1570 theologia
502 1537 686 1563 continentur.
707 1537 792 1571 Cujus
812 1536 934 1571 profecto
959 1537 1052 1564 deser-

264 1585 339 1608 tores
358 1589 408 1608 uos
431 1589 462 1608 ac
477 1582 634 1616 transfugas
649 1586 746 1616 sponte
762 1583 934 1615 conﬁtemur,
952 1583 1052 1617 quippe

264 1626 311 1659 qui
333 1627 466 1661 castigato
490 1628 570 1662 plane
595 1632 757 1662 maturoque
779 1628 894 1656 consilio
919 1636 972 1655 una
988 1636 1050 1655 cum

263 1672 370 1699 caeteris
393 1672 446 1699 ista
472 1680 581 1707 quoque
598 1672 785 1706 rejecerimus.
810 1672 903 1708 Neque
924 1681 990 1700 vero
1008 1680 1052 1700 me

264 1723 398 1752 arrogans
411 1717 463 1744 ista
477 1717 588 1744 terrebit
600 1718 699 1750 oratio,

283 1772 340 1800 Fas
355 1774 449 1808 quibus
464 1777 503 1800 est
522 1774 646 1807 narrabo,
668 1774 737 1809 fores
752 1775 898 1803 claudunto
912 1776 1031 1810 profani.

264 1850 376 1879 Profani
398 1852 492 1887 utique
519 1860 573 1880 non
596 1861 657 1887 nos,
681 1853 726 1881 sed
751 1854 797 1888 qui
822 1858 915 1889 turpes
934 1854 1002 1882 adeo
1019 1862 1052 1883 ac

265 1898 374 1934 putidas
396 1898 430 1926 de
450 1899 607 1931 scarabmis.
627 1908 659 1928 ac
677 1901 782 1928 caeteris
799 1901 825 1927 id
841 1909 927 1936 genus
946 1902 1053 1929 anima-

264 1945 336 1973 libus
353 1945 387 1978 ab
403 1946 477 1972 omni
494 1945 598 1973 ratione
616 1947 710 1974 vacuis
725 1946 830 1974 fabulas
848 1955 896 1982 pro
912 1948 1052 1982 sapientia:

264 1991 364 2018 divina:
386 1991 474 2018 sensis
498 1991 689 2025 venditarum;
712 1993 770 2028 qui,
793 1997 822 2019 ut
846 1992 955 2020 divinus
977 1992 1052 2028 Apo-

264 2037 351 2064 stolus
377 2036 514 2071 loquitur,
532 2037 653 2064 Dicente:
678 2046 704 2064 se
723 2045 781 2064 esse
804 2037 950 2072 sapientes,
976 2038 1052 2065 stulti

1104 1446 1156 1481 φῆς
1180 1446 1388 1482 ὲπιτετμήσθω,
1414 1447 1452 1478 ὡς
1475 1446 1507 1472 ἂν
1535 1446 1618 1481 μηδὲν
1642 1446 1715 1481 ἡμᾶς
1737 1444 1812 1471 λάθοι
1841 1444 1896 1470 τῶν

1102 1493 1265 1528 ἀπορρήτων
1289 1493 1340 1528 τῆς
1359 1492 1517 1528 Ἑλληνικῆς
1552 1491 1619 1528 ὁμοῦ
1641 1492 1687 1518 καὶ
1708 1491 1895 1525 Αἰγυπτιακῆς

1103 1537 1242 1572 θεολογίας
1252 1547 1258 1553 ·
1274 1536 1308 1574 ἧς
1324 1538 1479 1569 ἀποστάτας
1502 1538 1614 1569 ἑαυτοὺς
1635 1538 1682 1563 καὶ
1696 1536 1815 1571 φυγάδας
1831 1537 1895 1571 ὁμοη

1101 1584 1338 1621 λογοῦμεν,κρισει
1351 1585 1398 1611 καὶ
1415 1583 1537 1620 λογισμῷ
1552 1583 1669 1618 σώιρρονι
1685 1583 1731 1609 καὶ
1747 1582 1808 1608 τάδε
1826 1590 1895 1617 παρ-

1101 1632 1287 1667 αιτησάμενοι.
1319 1630 1357 1658 Οὐ
1376 1631 1430 1666 γάρ
1448 1639 1481 1666 με
1498 1632 1515 1666 ἡ
1538 1628 1646 1662 ἀλαζὼν
1663 1628 1792 1665 ἐκπλήξει
1808 1628 1894 1664 φωνὴ,

1138 1773 1303 1809 Φθέγξομαι
1324 1771 1370 1806 οἷς
1395 1772 1478 1808 θέμις
1497 1772 1577 1805 ἐστι,
1597 1773 1689 1806 θύρας

1103 1856 1223 1892 φήσασα.
1250 1855 1362 1891 Βέϐηλοι
1385 1855 1449 1889 γοῦν
1474 1855 1523 1889 οὐχ
1553 1855 1642 1889 ἡμεῖς,
1669 1853 1725 1880 ἀλλ’
1746 1853 1772 1879 οῖ
1792 1861 1823 1887 γε
1844 1853 1895 1886 τὰς

1101 1901 1209 1928 τοιάσδε
1225 1901 1341 1937 αἰσχρὰς
1357 1901 1404 1928 καὶ
1421 1901 1555 1936 ἀπρεπεῖς
1571 1899 1733 1936 μυθολογίας
1751 1899 1895 1935 κανθάρων

1103 1946 1166 1982 πέρι
1185 1947 1233 1973 καὶ
1254 1946 1356 1982 θηρίων
1379 1945 1484 1979 ἀλόγων
1505 1946 1601 1980 σοφίας
1624 1944 1748 1978 θεολόγον
1774 1945 1895 1979 νοήματα

1103 1990 1171 2019 εῖναι
1186 1992 1401 2028 ἀποφηνάμενοι·
1412 1992 1448 2023 οἳ,
1461 1991 1531 2018 κατὰ
1541 1991 1586 2017 τὸν
1602 1990 1751 2026 θαυμάσιον
1769 1989 1895 2016 Ἀπόστιν

1104 2038 1160 2070 λον,
1175 2038 1346 2073 φάσκοντες
1356 2036 1433 2065 εἶναι
1448 2037 1548 2072 σοφοὶ,
1563 2036 1792 2072 ἐμωράνθησαν*
1809 2036 1850 2062 ὅτι
1861 2036 1893 2072 δὴ

265 2083 331 2118 facti
349 2087 426 2115 sunt;
449 2087 543 2118 utpote
557 2083 604 2118 qui
620 2088 788 2110 mutaverunt
803 2083 917 2118 gloriam
932 2085 1051 2111 incorru-

1104 2083 1244 2118 ἤλλαξαν
1251 2083 1308 2118 τὴν
1317 2083 1410 2116 δόξαν
1424 2083 1477 2110 τοῦ
1490 2082 1642 2117 ἀφθάρτου
1663 2082 1736 2109 Θεοῦ
1753 2082 1789 2109 ἐν
1796 2080 1896 2116 ὁμοιώ-

266 2129 366 2164 plibilis
387 2129 436 2156 Dei
456 2130 483 2156 in
504 2129 707 2156 similitudinem
726 2129 851 2164 imaginis
869 2130 1051 2165 corruptibilis

265 2177 389 2208 Imminis,
408 2181 432 2203 et
447 2176 592 2207 uoluerunt,
618 2181 642 2203 et
666 2177 879 2212 quadrupedum,
903 2181 927 2203 et
946 2185 1052 2210 serpen-

266 2224 333 2250 tium
347 2224 379 2248 ἰ.
393 2222 427 2249 At
443 2223 528 2256 enim,
543 2222 672 2257 quoniam
688 2222 849 2249 fabellarum
866 2222 979 2249 istarum
992 2230 1052 2249 sen-

267 2276 315 2296 sus
330 2275 444 2296 areanos
458 2268 562 2295 scilicet
581 2275 613 2295 ac
632 2267 769 2302 mysteriis
789 2267 938 2302 pleniores.
960 2267 988 2294 in
1005 2275 1054 2294 na-

266 2320 341 2342 turas
358 2313 480 2348 corporis
501 2318 625 2348 expertes
646 2313 790 2340 tralatione
814 2313 931 2348 quadam
957 2318 1053 2340 contu-

266 2359 366 2392 lerunt,
394 2359 487 2392 utique
510 2365 545 2385 ne
566 2358 599 2385 ad
622 2366 669 2386 eas
690 2358 716 2385 in
735 2363 885 2393 posterum,
909 2365 970 2393 qua:
992 2365 1053 2384 eer—

267 2410 379 2437 nuntur,
397 2405 491 2432 mundi
512 2408 612 2439 partes.
632 2404 679 2431 sed
702 2404 795 2439 potius
811 2404 844 2431 ad
871 2408 982 2431 naturas
1004 2403 1054 2430 ali-

268 2458 337 2484 quas
353 2458 402 2477 nec
417 2449 555 2484 subjectas
571 2449 668 2481 oculis,
685 2457 735 2476 nec
752 2449 778 2476 in
794 2457 895 2484 corpus
909 2449 1053 2475 immersas

268 2496 380 2523 deorum
409 2504 523 2524 suorum
549 2496 718 2523 molitionem
750 2494 851 2522 referre
878 2495 1052 2528 viderentur;

268 2546 422 2576 spectemus
448 2542 514 2569 illud
538 2542 630 2573 etiam,
650 2549 714 2568 num
734 2541 813 2575 longe
837 2545 946 2576 praestet
970 2548 1052 2567 unam

268 2587 359 2621 potius
380 2587 499 2614 divinam
515 2588 604 2615 colere
621 2594 654 2614 ac
674 2587 800 2614 venerari
816 2591 952 2618 naturam,
970 2594 1052 2620 quam

269 2631 362 2665 plures
386 2639 446 2659 esse
463 2633 600 2660 arbitrari.
626 2632 694 2659 Nam
719 2632 741 2660 si
767 2633 858 2659 multa:
876 2632 903 2658 in
926 2640 983 2659 uno
1006 2639 1054 2659 co-

268 2678 385 2712 demque
406 2685 520 2712 corpore
546 2679 649 2713 ﬁgurat,
667 2683 760 2714 partes
778 2678 871 2710 variat,
892 2678 1054 2712 diversaque

301 2735 325 2752 "
346 2734 426 2762 Rom.
446 2743 467 2765 1.
486 2735 530 2762 22.

300 2787 316 2802 ι
325 2781 378 2809 Ἴσ.
390 2782 435 2809 ὅτε
445 2781 489 2816 ἦλ.

303 2835 342 2866 (5)
352 2871 357 2872 γ
368 2835 535 2872 ἘνγἨλίου
548 2836 643 2864 πόλει.
664 2836 731 2865 Vide
748 2845 829 2872 supra
845 2845 904 2872 pag.
920 2837 955 2864 47
969 2841 995 2864 et
1007 2837 1051 2864 5L

269 2866 398 2907 Herodot.
407 2871 453 2898 lib.
463 2879 493 2903 ιι,
505 2879 519 2898 a
531 2872 599 2898 mari
613 2879 722 2899 sursum
734 2873 766 2900 ad
775 2866 937 2907 Helioptiiim
953 2880 1050 2907 usque,

269 2905 437 2934 intervallum
463 2914 524 2934 esse
546 2907 584 2934 ait
606 2907 722 2935 σταδίων
744 2905 930 2935 πεντακοσίων
947 2905 1001 2935 καῖ
1010 2916 1051 2943 χι-

1102 2139 1172 2166 pan
1180 2132 1296 2164 εἰκόνος
1308 2131 1440 2165 φθαρτοῦ
1449 2129 1617 2164 ἀνθρώπου,
1625 2129 1675 2156 καὶ
1683 2127 1834 2161 πετεινῶν,
1845 2130 1894 2155 και

1105 2176 1306 2210 τεκριιπόδων,
1320 2177 1368 2203 καὶ
1394 2175 1535 2209 ἑρπετῶν.
1564 2175 1632 2202 Ἀλλ’
1656 2175 1717 2201 ἐπεὶ
1739 2175 1826 2202 πάντα
1848 2174 1895 2201 τὸν

1105 2225 1170 2259 περὶ
1180 2232 1281 2250 τουτων
1291 2223 1446 2258 ἀπόρρητον
1454 2222 1485 2258 δὴ
1494 2222 1540 2249 καὶ
1555 2221 1706 2257 μυστικὼτε
1710 2230 1755 2257 ρον
1767 2221 1844 2255 λόγον
1855 2221 1897 2250 εἰς

1103 2271 1266 2306 ἀσωμάτους
1279 2269 1408 2304 δυνάμεις
1430 2268 1620 2304 μεταφορικῶς
1640 2267 1751 2302 ἀνῆγον,
1769 2267 1838 2293 ὥστε
1853 2266 1895 2293 δο-

1105 2319 1162 2344 κεῖν
1178 2316 1272 2351 μηκέτ’
1287 2316 1334 2342 ἐπὶ
1354 2315 1388 2341 τὰ
1402 2314 1528 2351 ὁρώμενα
1554 2315 1624 2350 μέρη
1646 2313 1692 2340 τοῦ
1717 2314 1818 2349 κόσμου
1844 2314 1894 2349 τὴν

1105 2362 1241 2389 θεοποιῖαν
1254 2361 1343 2388 αὐτῶν
1357 2361 1513 2393 συντείνειν,
1527 2360 1584 2387 ἀλλ’
1604 2360 1649 2386 ἐπί
1671 2368 1748 2391 τινας
1763 2359 1895 2395 ἀοράτους

1105 2409 1151 2435 καὶ
1168 2408 1330 2442 ἀσωμάτους
1343 2407 1471 2442 δυνάμεις
1481 2415 1488 2422 ·
1512 2406 1676 2442 σκεψώμεθα
1692 2407 1716 2432 εἰ
1733 2405 1769 2441 μὴ
1786 2405 1833 2432 καὶ
1848 2404 1895 2431 οὕ-

1103 2463 1157 2486 τως
1174 2453 1237 2489 μίαν
1254 2454 1306 2489 χρὴ
1320 2454 1369 2489 τὴν
1383 2453 1458 2480 θείαν
1476 2453 1590 2488 δύναμιν
1607 2451 1821 2486 ἀποθαυμάζειν,
1836 2450 1894 2477 ἀλλ’

1104 2499 1134 2526 οὐ
1148 2498 1248 2531 πολλὰς
1270 2499 1404 2534 ἡγεῖσθαι.
1422 2498 1490 2525 Οὐδὲ
1510 2498 1565 2533 γὰρ
1587 2498 1646 2524 ἐπεὶ
1664 2496 1749 2523 πολλὰ
1767 2496 1895 2530 σχήματα

1104 2546 1151 2572 καὶ
1169 2545 1238 2581 μέρη
1256 2546 1303 2571 καὶ
1321 2545 1386 2581 μέλη
1405 2546 1448 2580 ὑφ’
1468 2545 1508 2571 ἐνὶ
1525 2544 1631 2580 σώματι
1653 2541 1892 2578 δεδημιούργηται,

1104 2591 1237 2622 τοσαύτας
1253 2591 1322 2627 χρῆν
1343 2591 1380 2627 (4)
1399 2591 1474 2626 ἡμᾶς
1493 2590 1543 2621 τὰς
1557 2590 1646 2624 ψυχὰς
1669 2589 1740 2624 ἔχειν
1758 2587 1892 2623 ἡγεῖσθαι,

1104 2638 1164 2664 οὐδὲ
1176 2637 1319 2669 τοσούτους
1333 2637 1448 2673 ποιητὰς
1457 2638 1503 2664 καὶ
1517 2635 1699 2672 δημιουργοὺς
1710 2635 1756 2661 τοῦ
1769 2633 1894 2669 σώματος

1105 2683 1239 2718 νομίζειν·
1254 2683 1321 2710 ἀλλὰ
1337 2683 1384 2710 καὶ
1402 2683 1490 2718 ψυχὴν
1504 2683 1568 2718 μίαν
1588 2682 1618 2708 τὺ
1635 2682 1689 2708 πᾶν
1705 2680 1784 2716 σῶμα
1796 2680 1892 2712 κινεῖν,

1105 2842 1179 2912 λίυῶ
1199 2876 1292 2911 Χρῆν.
1314 2876 1388 2905 Alter
1401 2882 1416 2904 e
1431 2882 1581 2908 manuscr.,
1596 2882 1660 2909 χρη,
1675 2881 1704 2901 ιιι
1721 2872 1802 2908 paulo
1817 2876 1890 2900 ante.
