  <div class='ocr_page' id='page_1' title='image "/cluster/home/n/w/nwhite01/storage/ocr_20150623/21/njp.32101077772489/112.png"; bbox 0 0 2060 3213; ppageno 0'>
   <div class='ocr_carea' id='block_1_1' title="bbox 188 145 238 173">
    <p class='ocr_par' dir='ltr' id='par_1_1' title="bbox 188 145 238 173">
     <span class='ocr_line' id='line_1_1' title="bbox 188 145 238 173; baseline -0.02 0"><span class='ocrx_word' id='word_1_1' title='bbox 188 145 238 173; x_wconf 61' lang='grc'><strong>915</strong></span> 
     </span>
    </p>
   </div>
   <div class='ocr_carea' id='block_1_2' title="bbox 792 142 1247 172">
    <p class='ocr_par' dir='ltr' id='par_1_2' title="bbox 792 142 1247 172">
     <span class='ocr_line' id='line_1_2' title="bbox 792 142 1247 172; baseline -0.004 0"><span class='ocrx_word' id='word_1_2' title='bbox 792 142 955 172; x_wconf 71' lang='grc' dir='ltr'><strong>ΡΒᾸΞΡΑΒ.</strong></span> <span class='ocrx_word' id='word_1_3' title='bbox 974 143 1099 171; x_wconf 74' lang='lat' dir='ltr'><strong>EVANG.</strong></span> <span class='ocrx_word' id='word_1_4' title='bbox 1122 143 1185 171; x_wconf 89' lang='lat' dir='ltr'><strong>LIB.</strong></span> <span class='ocrx_word' id='word_1_5' title='bbox 1204 142 1247 171; x_wconf 80' lang='lat' dir='ltr'><strong>llf.</strong></span> 
     </span>
    </p>
   </div>
   <div class='ocr_carea' id='block_1_3' title="bbox 1763 146 1821 173">
    <p class='ocr_par' dir='ltr' id='par_1_3' title="bbox 1763 146 1821 173">
     <span class='ocr_line' id='line_1_3' title="bbox 1763 146 1821 173; baseline 0 0"><span class='ocrx_word' id='word_1_6' title='bbox 1763 146 1821 173; x_wconf 71' lang='grc' dir='ltr'><strong>εις</strong></span> 
     </span>
    </p>
   </div>
   <div class='ocr_carea' id='block_1_4' title="bbox 188 204 965 241">
    <p class='ocr_par' dir='ltr' id='par_1_4' title="bbox 188 204 965 241">
     <span class='ocr_line' id='line_1_4' title="bbox 188 204 965 241; baseline 0 -9"><span class='ocrx_word' id='word_1_7' title='bbox 188 205 234 232; x_wconf 77' lang='grc' dir='ltr'>καὶ</span> <span class='ocrx_word' id='word_1_8' title='bbox 248 204 312 240; x_wconf 74' lang='grc' dir='ltr'>μίαν</span> <span class='ocrx_word' id='word_1_9' title='bbox 326 204 495 240; x_wconf 76' lang='grc' dir='ltr'>δημιουργὸν</span> <span class='ocrx_word' id='word_1_10' title='bbox 509 205 623 240; x_wconf 70' lang='grc' dir='ltr'>δύναμιν</span> <span class='ocrx_word' id='word_1_11' title='bbox 645 205 675 232; x_wconf 77' lang='grc' dir='ltr'>τὸ</span> <span class='ocrx_word' id='word_1_12' title='bbox 698 206 753 232; x_wconf 75' lang='grc' dir='ltr'><strong>πᾶν</strong></span> <span class='ocrx_word' id='word_1_13' title='bbox 769 204 837 237; x_wconf 78' lang='grc' dir='ltr'>ζῶον</span> <span class='ocrx_word' id='word_1_14' title='bbox 852 205 965 241; x_wconf 82' lang='grc' dir='ltr'>τεκτήνα</span> 
     </span>
    </p>
   </div>
   <div class='ocr_carea' id='block_1_5' title="bbox 1019 204 1816 241">
    <p class='ocr_par' dir='ltr' id='par_1_5' title="bbox 1019 205 1816 237">
     <span class='ocr_line' id='line_1_5' title="bbox 1019 205 1816 237; baseline -0.001 -3"><span class='ocrx_word' id='word_1_15' title='bbox 1019 229 1021 234; x_wconf 93' lang='grc'>.</span> <span class='ocrx_word' id='word_1_16' title='bbox 1034 205 1157 233; x_wconf 86' lang='lat' dir='ltr'><strong>membra</strong></span> <span class='ocrx_word' id='word_1_17' title='bbox 1171 205 1308 233; x_wconf 87' lang='lat' dir='ltr'><strong>elaborata</strong></span> <span class='ocrx_word' id='word_1_18' title='bbox 1323 209 1398 237; x_wconf 87' lang='lat' dir='ltr'><strong>sunt.</strong></span> <span class='ocrx_word' id='word_1_19' title='bbox 1410 213 1463 233; x_wconf 91' lang='lat' dir='ltr'><strong>non</strong></span> <span class='ocrx_word' id='word_1_20' title='bbox 1478 207 1568 234; x_wconf 75' lang='lat' dir='ltr'><strong>tamen</strong></span> <span class='ocrx_word' id='word_1_21' title='bbox 1584 206 1713 234; x_wconf 83' lang='lat' dir='ltr'><strong>continuo</strong></span> <span class='ocrx_word' id='word_1_22' title='bbox 1723 215 1816 234; x_wconf 84' lang='lat' dir='ltr'><strong>verum</strong></span> 
     </span>
    </p>
   </div>
   <div class='ocr_carea' id='block_1_6' title="bbox 188 249 977 286">
    <p class='ocr_par' dir='ltr' id='par_1_6' title="bbox 188 249 977 286">
     <span class='ocr_line' id='line_1_6' title="bbox 188 249 977 286; baseline -0.001 -9"><span class='ocrx_word' id='word_1_23' title='bbox 188 250 259 277; x_wconf 83' lang='grc' dir='ltr'><strong>σθαι.</strong></span> <span class='ocrx_word' id='word_1_24' title='bbox 277 250 356 277; x_wconf 74' lang='grc' dir='ltr'>Οὕτω</span> <span class='ocrx_word' id='word_1_25' title='bbox 376 251 409 286; x_wconf 83' lang='grc' dir='ltr'>δὴ</span> <span class='ocrx_word' id='word_1_26' title='bbox 428 250 464 277; x_wconf 78' lang='grc' dir='ltr'>τὰ</span> <span class='ocrx_word' id='word_1_27' title='bbox 487 251 532 276; x_wconf 78' lang='grc' dir='ltr'>καὶ</span> <span class='ocrx_word' id='word_1_28' title='bbox 552 251 598 276; x_wconf 75' lang='grc' dir='ltr'><strong>ἐπὶ</strong></span> <span class='ocrx_word' id='word_1_29' title='bbox 620 250 666 277; x_wconf 79' lang='grc' dir='ltr'>τοῦ</span> <span class='ocrx_word' id='word_1_30' title='bbox 690 249 845 286; x_wconf 72' lang='grc' dir='ltr'><strong>σύμπαντος</strong></span> <span class='ocrx_word' id='word_1_31' title='bbox 865 251 977 286; x_wconf 82' lang='grc' dir='ltr'>κόσμου,</span> 
     </span>
    </p>
   </div>
   <div class='ocr_carea' id='block_1_7' title="bbox 186 297 979 333">
    <p class='ocr_par' dir='ltr' id='par_1_7' title="bbox 186 297 979 333">
     <span class='ocr_line' id='line_1_7' title="bbox 186 297 979 333; baseline 0.001 -9"><span class='ocrx_word' id='word_1_32' title='bbox 186 297 245 329; x_wconf 72' lang='grc' dir='ltr'>ἑνὸς</span> <span class='ocrx_word' id='word_1_33' title='bbox 261 297 310 333; x_wconf 80' lang='grc' dir='ltr'>μὲν</span> <span class='ocrx_word' id='word_1_34' title='bbox 324 297 410 329; x_wconf 80' lang='grc' dir='ltr'>δντος,</span> <span class='ocrx_word' id='word_1_35' title='bbox 437 299 485 326; x_wconf 78' lang='grc' dir='ltr'>καὶ</span> <span class='ocrx_word' id='word_1_36' title='bbox 509 299 542 325; x_wconf 75' lang='grc' dir='ltr'>ἐκ</span> <span class='ocrx_word' id='word_1_37' title='bbox 568 299 633 333; x_wconf 80' lang='grc' dir='ltr'>μιᾶς</span> <span class='ocrx_word' id='word_1_38' title='bbox 655 298 704 333; x_wconf 85' lang='grc' dir='ltr'><strong>τῆς</strong></span> <span class='ocrx_word' id='word_1_39' title='bbox 728 299 887 333; x_wconf 74' lang='grc' dir='ltr'><strong>σωματικῆς</strong></span> <span class='ocrx_word' id='word_1_40' title='bbox 915 299 979 333; x_wconf 75' lang='grc' dir='ltr'>ὕλης</span> 
     </span>
    </p>
   </div>
   <div class='ocr_carea' id='block_1_8' title="bbox 188 343 979 380">
    <p class='ocr_par' dir='ltr' id='par_1_8' title="bbox 188 343 979 380">
     <span class='ocr_line' id='line_1_8' title="bbox 188 343 979 380; baseline 0 -10"><span class='ocrx_word' id='word_1_41' title='bbox 188 343 364 375; x_wconf 73' lang='grc' dir='ltr'><strong>συνεστῶτος,</strong></span> <span class='ocrx_word' id='word_1_42' title='bbox 389 345 430 376; x_wconf 80' lang='grc' dir='ltr'>εἰς</span> <span class='ocrx_word' id='word_1_43' title='bbox 455 344 525 380; x_wconf 82' lang='grc' dir='ltr'>μέρη</span> <span class='ocrx_word' id='word_1_44' title='bbox 551 344 579 370; x_wconf 86' lang='grc' dir='ltr'>δὲ</span> <span class='ocrx_word' id='word_1_45' title='bbox 603 344 714 370; x_wconf 74' lang='grc' dir='ltr'>πλεῖστα</span> <span class='ocrx_word' id='word_1_46' title='bbox 734 344 910 380; x_wconf 71' lang='grc' dir='ltr'>διῃρημένου.</span> <span class='ocrx_word' id='word_1_47' title='bbox 932 345 979 371; x_wconf 81' lang='grc' dir='ltr'><strong>καὶ</strong></span> 
     </span>
    </p>
   </div>
   <div class='ocr_carea' id='block_1_9' title="bbox 188 387 977 425">
    <p class='ocr_par' dir='ltr' id='par_1_9' title="bbox 188 387 977 425">
     <span class='ocr_line' id='line_1_9' title="bbox 188 387 977 425; baseline 0.003 -11"><span class='ocrx_word' id='word_1_48' title='bbox 188 387 253 422; x_wconf 76' lang='grc' dir='ltr'>μίαν</span> <span class='ocrx_word' id='word_1_49' title='bbox 277 388 331 415; x_wconf 87' lang='grc' dir='ltr'><strong>τῶν</strong></span> <span class='ocrx_word' id='word_1_50' title='bbox 351 388 420 415; x_wconf 85' lang='grc' dir='ltr'>ὅλων</span> <span class='ocrx_word' id='word_1_51' title='bbox 442 390 558 425; x_wconf 83' lang='grc' dir='ltr'>φυσικὴν</span> <span class='ocrx_word' id='word_1_52' title='bbox 587 389 756 424; x_wconf 78' lang='grc' dir='ltr'><strong>συμπάθειαν</strong></span> <span class='ocrx_word' id='word_1_53' title='bbox 785 389 977 423; x_wconf 65' lang='grc' dir='ltr'><strong>ὑποφαίνοντος</strong></span> 
     </span>
    </p>
   </div>
   <div class='ocr_carea' id='block_1_10' title="bbox 187 435 977 471">
    <p class='ocr_par' dir='ltr' id='par_1_10' title="bbox 187 435 977 471">
     <span class='ocr_line' id='line_1_10' title="bbox 187 435 977 471; baseline 0.001 -11"><span class='ocrx_word' id='word_1_54' title='bbox 187 435 284 470; x_wconf 76' lang='grc' dir='ltr'>κρᾶσίν</span> <span class='ocrx_word' id='word_1_55' title='bbox 293 443 322 462; x_wconf 78' lang='grc' dir='ltr'><strong>τε</strong></span> <span class='ocrx_word' id='word_1_56' title='bbox 333 436 379 461; x_wconf 72' lang='grc' dir='ltr'><strong>καὶ</strong></span> <span class='ocrx_word' id='word_1_57' title='bbox 391 435 463 471; x_wconf 78' lang='grc' dir='ltr'>μίξιν</span> <span class='ocrx_word' id='word_1_58' title='bbox 473 435 526 462; x_wconf 85' lang='grc' dir='ltr'><strong>τῶν</strong></span> <span class='ocrx_word' id='word_1_59' title='bbox 540 437 568 463; x_wconf 81' lang='grc' dir='ltr'>ὲν</span> <span class='ocrx_word' id='word_1_60' title='bbox 579 435 653 470; x_wconf 74' lang='grc' dir='ltr'>αὐτῷ</span> <span class='ocrx_word' id='word_1_61' title='bbox 664 435 811 471; x_wconf 70' lang='grc' dir='ltr'><strong>στοιχείων,</strong></span> <span class='ocrx_word' id='word_1_62' title='bbox 822 435 977 467; x_wconf 70' lang='grc' dir='ltr'><strong>ἀλλοιώσεις</strong></span> 
     </span>
    </p>
   </div>
   <div class='ocr_carea' id='block_1_11' title="bbox 186 481 977 517">
    <p class='ocr_par' dir='ltr' id='par_1_11' title="bbox 186 481 977 517">
     <span class='ocr_line' id='line_1_11' title="bbox 186 481 977 517; baseline 0.003 -10"><span class='ocrx_word' id='word_1_63' title='bbox 186 489 216 507; x_wconf 78' lang='grc' dir='ltr'><strong>τε</strong></span> <span class='ocrx_word' id='word_1_64' title='bbox 230 482 277 508; x_wconf 77' lang='grc' dir='ltr'>καὶ</span> <span class='ocrx_word' id='word_1_65' title='bbox 295 481 444 517; x_wconf 75' lang='grc' dir='ltr'>μεταϐολὰς</span> <span class='ocrx_word' id='word_1_66' title='bbox 458 481 547 508; x_wconf 80' lang='grc' dir='ltr'>αὐτῶν</span> <span class='ocrx_word' id='word_1_67' title='bbox 568 482 608 512; x_wconf 86' lang='grc' dir='ltr'><strong>είς</strong></span> <span class='ocrx_word' id='word_1_68' title='bbox 623 482 721 508; x_wconf 79' lang='grc' dir='ltr'>ἑαυτά·</span> <span class='ocrx_word' id='word_1_69' title='bbox 746 481 805 508; x_wconf 76' lang='grc' dir='ltr'>ὃλον</span> <span class='ocrx_word' id='word_1_70' title='bbox 827 482 854 508; x_wconf 76' lang='grc' dir='ltr'><strong>δὲ</strong></span> <span class='ocrx_word' id='word_1_71' title='bbox 878 483 925 509; x_wconf 76' lang='grc' dir='ltr'><strong>καὶ</strong></span> <span class='ocrx_word' id='word_1_72' title='bbox 947 483 977 509; x_wconf 75' lang='grc' dir='ltr'>τὸ</span> 
     </span>
    </p>
   </div>
   <div class='ocr_carea' id='block_1_12' title="bbox 187 520 974 563">
    <p class='ocr_par' dir='ltr' id='par_1_12' title="bbox 187 520 974 563">
     <span class='ocr_line' id='line_1_12' title="bbox 187 520 974 563; baseline 0.001 -9"><span class='ocrx_word' id='word_1_73' title='bbox 187 520 252 559; x_wconf 75' lang='grc' dir='ltr'>πᾶν,</span> <span class='ocrx_word' id='word_1_74' title='bbox 267 528 314 554; x_wconf 80' lang='grc' dir='ltr'><strong>ἕνα</strong></span> <span class='ocrx_word' id='word_1_75' title='bbox 329 527 430 563; x_wconf 79' lang='grc' dir='ltr'><strong>κόσμον</strong></span> <span class='ocrx_word' id='word_1_76' title='bbox 447 528 493 555; x_wconf 71' lang='grc' dir='ltr'>καὶ</span> <span class='ocrx_word' id='word_1_77' title='bbox 511 528 575 563; x_wconf 80' lang='grc' dir='ltr'>μίαν</span> <span class='ocrx_word' id='word_1_78' title='bbox 589 528 721 563; x_wconf 80' lang='grc' dir='ltr'>ἁρμονίαν</span> <span class='ocrx_word' id='word_1_79' title='bbox 738 528 974 563; x_wconf 75' lang='grc' dir='ltr'>ἐπιδεικνυμένου·</span> 
     </span>
    </p>
   </div>
   <div class='ocr_carea' id='block_1_13' title="bbox 186 573 974 610">
    <p class='ocr_par' dir='ltr' id='par_1_13' title="bbox 186 573 974 610">
     <span class='ocr_line' id='line_1_13' title="bbox 186 573 974 610; baseline 0 -10"><span class='ocrx_word' id='word_1_80' title='bbox 186 574 215 600; x_wconf 76' lang='grc' dir='ltr'>οὐ</span> <span class='ocrx_word' id='word_1_81' title='bbox 231 573 331 606; x_wconf 73' lang='grc' dir='ltr'>πολλὰς</span> <span class='ocrx_word' id='word_1_82' title='bbox 352 574 419 610; x_wconf 82' lang='grc' dir='ltr'>χρῆν</span> <span class='ocrx_word' id='word_1_83' title='bbox 439 574 612 601; x_wconf 84' lang='grc' dir='ltr'>ὑποτίθεσθαι</span> <span class='ocrx_word' id='word_1_84' title='bbox 635 573 818 610; x_wconf 77' lang='grc' dir='ltr'>δημιουργοὺς</span> <span class='ocrx_word' id='word_1_85' title='bbox 838 574 974 609; x_wconf 71' lang='grc' dir='ltr'>δυνάμεις,</span> 
     </span>
    </p>
   </div>
   <div class='ocr_carea' id='block_1_14' title="bbox 188 619 976 656">
    <p class='ocr_par' dir='ltr' id='par_1_14' title="bbox 188 619 976 656">
     <span class='ocr_line' id='line_1_14' title="bbox 188 619 976 656; baseline 0 -10"><span class='ocrx_word' id='word_1_86' title='bbox 188 619 272 655; x_wconf 72' lang='grc' dir='ltr'>μόνην</span> <span class='ocrx_word' id='word_1_87' title='bbox 281 619 309 646; x_wconf 85' lang='grc' dir='ltr'>δὲ</span> <span class='ocrx_word' id='word_1_88' title='bbox 323 620 386 655; x_wconf 87' lang='grc' dir='ltr'>μίαν</span> <span class='ocrx_word' id='word_1_89' title='bbox 397 619 539 653; x_wconf 77' lang='grc' dir='ltr'>θεολογεῖν,</span> <span class='ocrx_word' id='word_1_90' title='bbox 550 620 598 655; x_wconf 80' lang='grc' dir='ltr'>τὴν</span> <span class='ocrx_word' id='word_1_91' title='bbox 615 619 652 652; x_wconf 83' lang='grc' dir='ltr'>ὡς</span> <span class='ocrx_word' id='word_1_92' title='bbox 662 620 770 655; x_wconf 82' lang='grc' dir='ltr'>ἀληθῶς</span> <span class='ocrx_word' id='word_1_93' title='bbox 782 620 849 646; x_wconf 78' lang='grc' dir='ltr'>Θεοῦ</span> <span class='ocrx_word' id='word_1_94' title='bbox 863 620 976 656; x_wconf 76' lang='grc' dir='ltr'>δύναμιν</span> 
     </span>
    </p>
   </div>
   <div class='ocr_carea' id='block_1_15' title="bbox 185 665 975 702">
    <p class='ocr_par' dir='ltr' id='par_1_15' title="bbox 185 665 975 702">
     <span class='ocr_line' id='line_1_15' title="bbox 185 665 975 702; baseline 0.003 -11"><span class='ocrx_word' id='word_1_95' title='bbox 185 665 234 692; x_wconf 68' lang='grc' dir='ltr'><strong>καὶ</strong></span> <span class='ocrx_word' id='word_1_96' title='bbox 249 665 317 691; x_wconf 77' lang='grc' dir='ltr'>Θεοῦ</span> <span class='ocrx_word' id='word_1_97' title='bbox 333 665 438 700; x_wconf 73' lang='grc' dir='ltr'>σοφίαν,</span> <span class='ocrx_word' id='word_1_98' title='bbox 455 665 484 692; x_wconf 91' lang='lat'>&#39;0</span> <span class='ocrx_word' id='word_1_99' title='bbox 501 665 529 692; x_wconf 84' lang='grc' dir='ltr'>δὲ</span> <span class='ocrx_word' id='word_1_100' title='bbox 543 666 589 692; x_wconf 68' lang='grc' dir='ltr'>καὶ</span> <span class='ocrx_word' id='word_1_101' title='bbox 599 665 649 697; x_wconf 78' lang='grc' dir='ltr'><strong>τὰς</strong></span> <span class='ocrx_word' id='word_1_102' title='bbox 662 666 851 699; x_wconf 72' lang='grc' dir='ltr'><strong>Αἰγυπτιακὰς</strong></span> <span class='ocrx_word' id='word_1_103' title='bbox 862 667 975 702; x_wconf 76' lang='grc' dir='ltr'>μυθολο-</span> 
     </span>
    </p>
   </div>
   <div class='ocr_carea' id='block_1_16' title="bbox 185 709 975 748">
    <p class='ocr_par' dir='ltr' id='par_1_16' title="bbox 185 709 975 748">
     <span class='ocr_line' id='line_1_16' title="bbox 185 709 975 748; baseline 0.005 -12"><span class='ocrx_word' id='word_1_104' title='bbox 185 709 247 744; x_wconf 82' lang='grc' dir='ltr'>γίας</span> <span class='ocrx_word' id='word_1_105' title='bbox 257 710 338 737; x_wconf 79' lang='grc' dir='ltr'>πάλιν</span> <span class='ocrx_word' id='word_1_106' title='bbox 347 711 393 737; x_wconf 76' lang='grc' dir='ltr'><strong>ἐπὶ</strong></span> <span class='ocrx_word' id='word_1_107' title='bbox 404 711 566 746; x_wconf 78' lang='grc' dir='ltr'><strong>ἀσωμάτους</strong></span> <span class='ocrx_word' id='word_1_108' title='bbox 580 711 726 747; x_wconf 73' lang='grc' dir='ltr'>μεταφέρει</span> <span class='ocrx_word' id='word_1_109' title='bbox 737 712 875 748; x_wconf 77' lang='grc' dir='ltr'>δυνάμεις,</span> <span class='ocrx_word' id='word_1_110' title='bbox 887 713 975 740; x_wconf 76' lang='grc' dir='ltr'>λαθὼν</span> 
     </span>
    </p>
   </div>
   <div class='ocr_carea' id='block_1_17' title="bbox 184 757 975 795">
    <p class='ocr_par' dir='ltr' id='par_1_17' title="bbox 184 757 975 795">
     <span class='ocr_line' id='line_1_17' title="bbox 184 757 975 795; baseline 0.005 -12"><span class='ocrx_word' id='word_1_111' title='bbox 184 757 200 783; x_wconf 79' lang='grc' dir='ltr'><strong>ὁ</strong></span> <span class='ocrx_word' id='word_1_112' title='bbox 226 757 381 792; x_wconf 78' lang='grc' dir='ltr'>σοφώτατος</span> <span class='ocrx_word' id='word_1_113' title='bbox 404 758 484 790; x_wconf 74' lang='grc' dir='ltr'>αὐτὸς</span> <span class='ocrx_word' id='word_1_114' title='bbox 511 758 615 785; x_wconf 79' lang='grc' dir='ltr'>ἑαυτόν.</span> <span class='ocrx_word' id='word_1_115' title='bbox 640 759 773 794; x_wconf 79' lang='grc' dir='ltr'>Ἀκήκοσις</span> <span class='ocrx_word' id='word_1_116' title='bbox 793 760 847 795; x_wconf 81' lang='grc' dir='ltr'>γὰρ</span> <span class='ocrx_word' id='word_1_117' title='bbox 871 761 898 786; x_wconf 79' lang='grc' dir='ltr'>ὲν</span> <span class='ocrx_word' id='word_1_118' title='bbox 919 763 975 793; x_wconf 80' lang='grc' dir='ltr'>τοῖς</span> 
     </span>
    </p>
   </div>
   <div class='ocr_carea' id='block_1_18' title="bbox 185 803 974 840">
    <p class='ocr_par' dir='ltr' id='par_1_18' title="bbox 185 803 974 840">
     <span class='ocr_line' id='line_1_18' title="bbox 185 803 974 840; baseline 0.004 -10"><span class='ocrx_word' id='word_1_119' title='bbox 185 803 313 839; x_wconf 76' lang='grc' dir='ltr'>πρόσθεν,</span> <span class='ocrx_word' id='word_1_120' title='bbox 330 804 403 836; x_wconf 86' lang='grc' dir='ltr'>ὅπως</span> <span class='ocrx_word' id='word_1_121' title='bbox 426 804 472 830; x_wconf 74' lang='grc' dir='ltr'>τὸν</span> <span class='ocrx_word' id='word_1_122' title='bbox 491 805 651 840; x_wconf 79' lang='grc' dir='ltr'>Χαιρήμονα</span> <span class='ocrx_word' id='word_1_123' title='bbox 675 806 722 832; x_wconf 70' lang='grc' dir='ltr'><strong>καὶ</strong></span> <span class='ocrx_word' id='word_1_124' title='bbox 745 806 853 838; x_wconf 82' lang='grc' dir='ltr'>πλείους</span> <span class='ocrx_word' id='word_1_125' title='bbox 880 806 974 838; x_wconf 77' lang='grc' dir='ltr'>ἄλλους</span> 
     </span>
    </p>
   </div>
   <div class='ocr_carea' id='block_1_19' title="bbox 184 848 973 887">
    <p class='ocr_par' dir='ltr' id='par_1_19' title="bbox 184 848 973 887">
     <span class='ocr_line' id='line_1_19' title="bbox 184 848 973 887; baseline 0.005 -13"><span class='ocrx_word' id='word_1_126' title='bbox 184 848 318 884; x_wconf 83' lang='grc' dir='ltr'><strong>ὡμολόγει</strong></span> <span class='ocrx_word' id='word_1_127' title='bbox 339 848 400 885; x_wconf 77' lang='grc' dir='ltr'>μηδ’</span> <span class='ocrx_word' id='word_1_128' title='bbox 419 849 482 876; x_wconf 77' lang='grc' dir='ltr'>ἄλλο</span> <span class='ocrx_word' id='word_1_129' title='bbox 505 858 531 876; x_wconf 84' lang='grc' dir='ltr'><strong>τι</strong></span> <span class='ocrx_word' id='word_1_130' title='bbox 549 850 602 885; x_wconf 79' lang='grc' dir='ltr'>πρὸ</span> <span class='ocrx_word' id='word_1_131' title='bbox 626 850 679 877; x_wconf 75' lang='grc' dir='ltr'><strong>τῶν</strong></span> <span class='ocrx_word' id='word_1_132' title='bbox 694 851 841 886; x_wconf 79' lang='grc' dir='ltr'>ὁρωμένων</span> <span class='ocrx_word' id='word_1_133' title='bbox 864 852 973 887; x_wconf 71' lang='grc' dir='ltr'>κόσμων</span> 
     </span>
    </p>
   </div>
   <div class='ocr_carea' id='block_1_20' title="bbox 182 895 970 932">
    <p class='ocr_par' dir='ltr' id='par_1_20' title="bbox 182 895 970 932">
     <span class='ocr_line' id='line_1_20' title="bbox 182 895 970 932; baseline 0.005 -11"><span class='ocrx_word' id='word_1_134' title='bbox 182 895 320 931; x_wconf 77' lang='grc' dir='ltr'>ἡγεῖσθαι,</span> <span class='ocrx_word' id='word_1_135' title='bbox 335 896 364 922; x_wconf 81' lang='grc' dir='ltr'>ὲν</span> <span class='ocrx_word' id='word_1_136' title='bbox 379 896 465 931; x_wconf 82' lang='grc' dir='ltr'>ἀρχῆς</span> <span class='ocrx_word' id='word_1_137' title='bbox 473 905 502 922; x_wconf 86' lang='grc' dir='ltr'><strong>τε</strong></span> <span class='ocrx_word' id='word_1_138' title='bbox 511 897 580 932; x_wconf 80' lang='grc' dir='ltr'>λόγῳ</span> <span class='ocrx_word' id='word_1_139' title='bbox 594 897 713 924; x_wconf 84' lang='grc' dir='ltr'>τίθεσθαι</span> <span class='ocrx_word' id='word_1_140' title='bbox 721 899 783 929; x_wconf 65' lang='grc' dir='ltr'>τοὺς</span> <span class='ocrx_word' id='word_1_141' title='bbox 799 899 970 932; x_wconf 60' lang='grc' dir='ltr'>Αἰγυπτίους</span> 
     </span>
    </p>
   </div>
   <div class='ocr_carea' id='block_1_21' title="bbox 183 940 971 979">
    <p class='ocr_par' dir='ltr' id='par_1_21' title="bbox 183 940 971 979">
     <span class='ocr_line' id='line_1_21' title="bbox 183 940 971 979; baseline 0.006 -11"><span class='ocrx_word' id='word_1_142' title='bbox 183 940 293 974; x_wconf 78' lang='grc' dir='ltr'>τούτους</span> <span class='ocrx_word' id='word_1_143' title='bbox 309 942 363 979; x_wconf 86' lang='grc' dir='ltr'>γὰρ</span> <span class='ocrx_word' id='word_1_144' title='bbox 382 943 470 970; x_wconf 72' lang='grc' dir='ltr'>πάντα</span> <span class='ocrx_word' id='word_1_145' title='bbox 483 944 522 976; x_wconf 81' lang='grc' dir='ltr'>εἰς</span> <span class='ocrx_word' id='word_1_146' title='bbox 533 943 567 970; x_wconf 77' lang='grc' dir='ltr'>τὰ</span> <span class='ocrx_word' id='word_1_147' title='bbox 579 945 690 979; x_wconf 73' lang='grc' dir='ltr'>φυσικὰ,</span> <span class='ocrx_word' id='word_1_148' title='bbox 703 945 749 972; x_wconf 77' lang='grc' dir='ltr'>καὶ</span> <span class='ocrx_word' id='word_1_149' title='bbox 765 946 841 973; x_wconf 71' lang='grc' dir='ltr'>οὐδὲν</span> <span class='ocrx_word' id='word_1_150' title='bbox 854 947 892 978; x_wconf 79' lang='grc' dir='ltr'><strong>είς</strong></span> <span class='ocrx_word' id='word_1_151' title='bbox 901 947 971 973; x_wconf 81' lang='grc' dir='ltr'>ἀσω-</span> 
     </span>
    </p>
   </div>
   <div class='ocr_carea' id='block_1_22' title="bbox 184 987 969 1029">
    <p class='ocr_par' dir='ltr' id='par_1_22' title="bbox 184 987 969 1029">
     <span class='ocr_line' id='line_1_22' title="bbox 184 987 969 1029; baseline 0.008 -15"><span class='ocrx_word' id='word_1_152' title='bbox 184 987 285 1022; x_wconf 68' lang='grc' dir='ltr'>μάτους</span> <span class='ocrx_word' id='word_1_153' title='bbox 302 989 349 1016; x_wconf 84' lang='grc' dir='ltr'>καὶ</span> <span class='ocrx_word' id='word_1_154' title='bbox 378 989 468 1022; x_wconf 81' lang='grc' dir='ltr'>ζώσας</span> <span class='ocrx_word' id='word_1_155' title='bbox 497 991 590 1023; x_wconf 75' lang='grc' dir='ltr'>οὐσίας</span> <span class='ocrx_word' id='word_1_156' title='bbox 614 992 784 1027; x_wconf 75' lang='grc' dir='ltr'>ἑρμηνεύειν.</span> <span class='ocrx_word' id='word_1_157' title='bbox 815 993 845 1019; x_wconf 77' lang='lat' dir='ltr'><strong>Ei</strong></span> <span class='ocrx_word' id='word_1_158' title='bbox 864 993 895 1029; x_wconf 83' lang='grc' dir='ltr'><strong>δὴ</strong></span> <span class='ocrx_word' id='word_1_159' title='bbox 913 992 969 1026; x_wconf 76' lang='grc' dir='ltr'>οὖν,</span> 
     </span>
    </p>
   </div>
   <div class='ocr_carea' id='block_1_23' title="bbox 181 1033 970 1075">
    <p class='ocr_par' dir='ltr' id='par_1_23' title="bbox 181 1033 970 1075">
     <span class='ocr_line' id='line_1_23' title="bbox 181 1033 970 1075; baseline 0.008 -15"><span class='ocrx_word' id='word_1_160' title='bbox 181 1033 252 1060; x_wconf 62' lang='grc' dir='ltr'>κατὰ</span> <span class='ocrx_word' id='word_1_161' title='bbox 266 1034 413 1070; x_wconf 78' lang='grc' dir='ltr'>τὴναύτῶν</span> <span class='ocrx_word' id='word_1_162' title='bbox 439 1036 591 1071; x_wconf 78' lang='grc' dir='ltr'>ὁμολογίαν,</span> <span class='ocrx_word' id='word_1_163' title='bbox 608 1038 762 1072; x_wconf 75' lang='grc' dir='ltr'>Αἰγυπτίων</span> <span class='ocrx_word' id='word_1_164' title='bbox 777 1036 809 1074; x_wconf 81' lang='grc' dir='ltr'>ἦν</span> <span class='ocrx_word' id='word_1_165' title='bbox 841 1039 871 1065; x_wconf 76' lang='grc' dir='ltr'>τὸ</span> <span class='ocrx_word' id='word_1_166' title='bbox 887 1040 970 1075; x_wconf 75' lang='grc' dir='ltr'>μηδὲν</span> 
     </span>
    </p>
   </div>
   <div class='ocr_carea' id='block_1_24' title="bbox 180 1080 969 1118">
    <p class='ocr_par' dir='ltr' id='par_1_24' title="bbox 180 1080 969 1118">
     <span class='ocr_line' id='line_1_24' title="bbox 180 1080 969 1118; baseline 0.009 -11"><span class='ocrx_word' id='word_1_167' title='bbox 180 1080 292 1114; x_wconf 72' lang='grc' dir='ltr'>ἀνάγειν</span> <span class='ocrx_word' id='word_1_168' title='bbox 302 1082 342 1113; x_wconf 82' lang='grc' dir='ltr'><strong>εἰς</strong></span> <span class='ocrx_word' id='word_1_169' title='bbox 355 1082 516 1118; x_wconf 76' lang='grc' dir='ltr'>ἀσωμάτους</span> <span class='ocrx_word' id='word_1_170' title='bbox 541 1084 587 1110; x_wconf 73' lang='grc' dir='ltr'>καὶ</span> <span class='ocrx_word' id='word_1_171' title='bbox 601 1084 691 1117; x_wconf 82' lang='grc' dir='ltr'>ζώσας</span> <span class='ocrx_word' id='word_1_172' title='bbox 716 1086 819 1118; x_wconf 70' lang='grc' dir='ltr'>οὐσίας,</span> <span class='ocrx_word' id='word_1_173' title='bbox 838 1086 926 1113; x_wconf 83' lang='grc' dir='ltr'>πάντα</span> <span class='ocrx_word' id='word_1_174' title='bbox 941 1087 969 1114; x_wconf 79' lang='grc' dir='ltr'>δὲ</span> 
     </span>
    </p>
   </div>
   <div class='ocr_carea' id='block_1_25' title="bbox 179 1127 968 1167">
    <p class='ocr_par' dir='ltr' id='par_1_25' title="bbox 179 1127 968 1167">
     <span class='ocr_line' id='line_1_25' title="bbox 179 1127 968 1167; baseline 0.009 -14"><span class='ocrx_word' id='word_1_175' title='bbox 179 1127 214 1155; x_wconf 78' lang='grc' dir='ltr'>τὰ</span> <span class='ocrx_word' id='word_1_176' title='bbox 223 1128 288 1163; x_wconf 74' lang='grc' dir='ltr'>περὶ</span> <span class='ocrx_word' id='word_1_177' title='bbox 303 1127 372 1155; x_wconf 82' lang='grc' dir='ltr'>θεῶν</span> <span class='ocrx_word' id='word_1_178' title='bbox 385 1129 476 1161; x_wconf 83' lang='grc' dir='ltr'>αὐτοῖς</span> <span class='ocrx_word' id='word_1_179' title='bbox 505 1130 726 1167; x_wconf 79' lang='grc' dir='ltr'>μυθολογούμενα</span> <span class='ocrx_word' id='word_1_180' title='bbox 751 1132 796 1158; x_wconf 74' lang='grc' dir='ltr'><strong>ἐπὶ</strong></span> <span class='ocrx_word' id='word_1_181' title='bbox 813 1132 846 1159; x_wconf 84' lang='grc' dir='ltr'>τὰ</span> <span class='ocrx_word' id='word_1_182' title='bbox 867 1133 968 1167; x_wconf 75' lang='grc' dir='ltr'>φυσικὰ</span> 
     </span>
    </p>
   </div>
   <div class='ocr_carea' id='block_1_26' title="bbox 145 1172 968 1213">
    <p class='ocr_par' dir='ltr' id='par_1_26' title="bbox 145 1172 968 1213">
     <span class='ocr_line' id='line_1_26' title="bbox 145 1172 968 1213; baseline 0.007 -14"><span class='ocrx_word' id='word_1_183' title='bbox 145 1206 150 1212; x_wconf 77' lang='lat'><em>_</em></span> <span class='ocrx_word' id='word_1_184' title='bbox 178 1172 225 1199; x_wconf 78' lang='grc' dir='ltr'>τοῦ</span> <span class='ocrx_word' id='word_1_185' title='bbox 239 1173 342 1209; x_wconf 84' lang='grc' dir='ltr'>κόσμου</span> <span class='ocrx_word' id='word_1_186' title='bbox 360 1175 430 1210; x_wconf 85' lang='grc' dir='ltr'>μέρη</span> <span class='ocrx_word' id='word_1_187' title='bbox 448 1176 619 1211; x_wconf 81' lang='grc' dir='ltr'>μεταφέρειν,</span> <span class='ocrx_word' id='word_1_188' title='bbox 636 1177 661 1203; x_wconf 79' lang='grc' dir='ltr'><strong>τί</strong></span> <span class='ocrx_word' id='word_1_189' title='bbox 673 1177 704 1212; x_wconf 81' lang='grc' dir='ltr'>δὴ</span> <span class='ocrx_word' id='word_1_190' title='bbox 727 1177 756 1209; x_wconf 80' lang='grc' dir='ltr'>ἐξ</span> <span class='ocrx_word' id='word_1_191' title='bbox 783 1178 908 1213; x_wconf 80' lang='grc' dir='ltr'>ὑπαρχῆς</span> <span class='ocrx_word' id='word_1_192' title='bbox 922 1179 968 1205; x_wconf 76' lang='grc' dir='ltr'>εὐ-</span> 
     </span>
    </p>
   </div>
   <div class='ocr_carea' id='block_1_27' title="bbox 180 1218 968 1258">
    <p class='ocr_par' dir='ltr' id='par_1_27' title="bbox 180 1218 968 1258">
     <span class='ocr_line' id='line_1_27' title="bbox 180 1218 968 1258; baseline 0.01 -14"><span class='ocrx_word' id='word_1_193' title='bbox 180 1218 393 1253; x_wconf 77' lang='grc' dir='ltr'>ρεσιλογοῦντες,</span> <span class='ocrx_word' id='word_1_194' title='bbox 406 1221 566 1254; x_wconf 58' lang='lat' dir='ltr'><strong>Atrax-tim;</strong></span> <span class='ocrx_word' id='word_1_195' title='bbox 582 1222 615 1248; x_wconf 75' lang='grc' dir='ltr'>τὰ</span> <span class='ocrx_word' id='word_1_196' title='bbox 631 1222 763 1258; x_wconf 78' lang='grc' dir='ltr'>μηδαμῶς</span> <span class='ocrx_word' id='word_1_197' title='bbox 775 1223 864 1251; x_wconf 82' lang='grc' dir='ltr'>αὐτῶν</span> <span class='ocrx_word' id='word_1_198' title='bbox 880 1225 968 1252; x_wconf 77' lang='grc' dir='ltr'>οἰκεῖα</span> 
     </span>
    </p>
   </div>
   <div class='ocr_carea' id='block_1_28' title="bbox 178 1260 967 1304">
    <p class='ocr_par' dir='ltr' id='par_1_28' title="bbox 178 1260 967 1304">
     <span class='ocr_line' id='line_1_28' title="bbox 178 1260 967 1304; baseline 0.009 -14"><span class='ocrx_word' id='word_1_199' title='bbox 178 1265 381 1300; x_wconf 73' lang='grc' dir='ltr'>προσγράφετε,</span> <span class='ocrx_word' id='word_1_200' title='bbox 414 1266 460 1292; x_wconf 72' lang='grc' dir='ltr'><strong>ἐπὶ</strong></span> <span class='ocrx_word' id='word_1_201' title='bbox 481 1260 610 1302; x_wconf 70' lang='grc' dir='ltr'>δυνάμεις</span> <span class='ocrx_word' id='word_1_202' title='bbox 631 1268 792 1304; x_wconf 79' lang='grc' dir='ltr'>ἀσωμάτους</span> <span class='ocrx_word' id='word_1_203' title='bbox 817 1270 967 1304; x_wconf 80' lang='grc' dir='ltr'>φάσκοντες</span> 
     </span>
    </p>
   </div>
   <div class='ocr_carea' id='block_1_29' title="bbox 176 1310 965 1350">
    <p class='ocr_par' dir='ltr' id='par_1_29' title="bbox 176 1310 965 1350">
     <span class='ocr_line' id='line_1_29' title="bbox 176 1310 965 1350; baseline 0.01 -14"><span class='ocrx_word' id='word_1_204' title='bbox 176 1310 276 1342; x_wconf 77' lang='grc' dir='ltr'>αὐτοὺς</span> <span class='ocrx_word' id='word_1_205' title='bbox 285 1311 334 1346; x_wconf 83' lang='grc' dir='ltr'>τὴν</span> <span class='ocrx_word' id='word_1_206' title='bbox 350 1311 489 1348; x_wconf 79' lang='grc' dir='ltr'>ἀναφορὰν</span> <span class='ocrx_word' id='word_1_207' title='bbox 502 1313 552 1348; x_wconf 86' lang='grc' dir='ltr'>τῆς</span> <span class='ocrx_word' id='word_1_208' title='bbox 568 1313 705 1348; x_wconf 80' lang='grc' dir='ltr'>θεολογίας</span> <span class='ocrx_word' id='word_1_209' title='bbox 717 1315 806 1342; x_wconf 80' lang='grc' dir='ltr'>αὐτῶν</span> <span class='ocrx_word' id='word_1_210' title='bbox 820 1317 965 1350; x_wconf 73' lang='grc' dir='ltr'>ποιεῖσθαι;</span> 
     </span>
    </p>
   </div>
   <div class='ocr_carea' id='block_1_30' title="bbox 176 1355 965 1392">
    <p class='ocr_par' dir='ltr' id='par_1_30' title="bbox 176 1355 965 1392">
     <span class='ocr_line' id='line_1_30' title="bbox 176 1355 965 1392; baseline 0.011 -10"><span class='ocrx_word' id='word_1_211' title='bbox 176 1355 299 1383; x_wconf 84' lang='grc' dir='ltr'>Καθόλου</span> <span class='ocrx_word' id='word_1_212' title='bbox 321 1357 370 1392; x_wconf 76' lang='grc' dir='ltr'>μὲν</span> <span class='ocrx_word' id='word_1_213' title='bbox 385 1355 432 1384; x_wconf 74' lang='grc' dir='ltr'>οὖν</span> <span class='ocrx_word' id='word_1_214' title='bbox 446 1358 530 1385; x_wconf 81' lang='grc' dir='ltr'>ταῦτα</span> <span class='ocrx_word' id='word_1_215' title='bbox 544 1360 687 1387; x_wconf 74' lang='grc' dir='ltr'>αἰτιατέον.</span> <span class='ocrx_word' id='word_1_216' title='bbox 700 1361 755 1388; x_wconf 73' lang='grc' dir='ltr'><strong>Καὶ</strong></span> <span class='ocrx_word' id='word_1_217' title='bbox 770 1362 816 1389; x_wconf 75' lang='grc' dir='ltr'><strong>ἐπὶ</strong></span> <span class='ocrx_word' id='word_1_218' title='bbox 832 1363 885 1390; x_wconf 83' lang='grc' dir='ltr'><strong>τῶν</strong></span> <span class='ocrx_word' id='word_1_219' title='bbox 896 1364 965 1390; x_wconf 74' lang='grc' dir='ltr'>κατὰ</span> 
     </span>
    </p>
   </div>
   <div class='ocr_carea' id='block_1_31' title="bbox 178 1399 966 1445">
    <p class='ocr_par' dir='ltr' id='par_1_31' title="bbox 178 1399 966 1445">
     <span class='ocr_line' id='line_1_31' title="bbox 178 1399 966 1445; baseline 0.011 -19"><span class='ocrx_word' id='word_1_220' title='bbox 178 1399 262 1436; x_wconf 78' lang='grc' dir='ltr'>μέρος</span> <span class='ocrx_word' id='word_1_221' title='bbox 277 1401 306 1428; x_wconf 81' lang='grc' dir='ltr'>δὲ</span> <span class='ocrx_word' id='word_1_222' title='bbox 322 1401 442 1437; x_wconf 75' lang='grc' dir='ltr'>ἡγοῦμαι</span> <span class='ocrx_word' id='word_1_223' title='bbox 457 1403 502 1430; x_wconf 72' lang='grc' dir='ltr'>τὸν</span> <span class='ocrx_word' id='word_1_224' title='bbox 513 1404 622 1440; x_wconf 74' lang='grc' dir='ltr'>ἔλεγχον</span> <span class='ocrx_word' id='word_1_225' title='bbox 635 1405 684 1440; x_wconf 83' lang='grc' dir='ltr'>τῆς</span> <span class='ocrx_word' id='word_1_226' title='bbox 702 1408 966 1445; x_wconf 78' lang='grc' dir='ltr'>κατηναγκασμένης</span> 
     </span>
    </p>
   </div>
   <div class='ocr_carea' id='block_1_32' title="bbox 175 1446 966 1487">
    <p class='ocr_par' dir='ltr' id='par_1_32' title="bbox 175 1446 966 1487">
     <span class='ocr_line' id='line_1_32' title="bbox 175 1446 966 1487; baseline 0.011 -15"><span class='ocrx_word' id='word_1_227' title='bbox 175 1446 332 1480; x_wconf 70' lang='grc' dir='ltr'>ἀποδόσεως</span> <span class='ocrx_word' id='word_1_228' title='bbox 342 1448 432 1475; x_wconf 77' lang='grc' dir='ltr'>αὐτῶν</span> <span class='ocrx_word' id='word_1_229' title='bbox 448 1449 478 1475; x_wconf 80' lang='grc' dir='ltr'>οὐ</span> <span class='ocrx_word' id='word_1_230' title='bbox 497 1451 604 1486; x_wconf 76' lang='grc' dir='ltr'>μακρᾶς</span> <span class='ocrx_word' id='word_1_231' title='bbox 615 1451 767 1487; x_wconf 73' lang='grc' dir='ltr'>ἀνασκευῆς</span> <span class='ocrx_word' id='word_1_232' title='bbox 780 1452 893 1481; x_wconf 79' lang='grc' dir='ltr'>δεῖσθαι.</span> <span class='ocrx_word' id='word_1_233' title='bbox 907 1455 966 1482; x_wconf 86' lang='grc' dir='ltr'>Ἵνα</span> 
     </span>
    </p>
   </div>
   <div class='ocr_carea' id='block_1_33' title="bbox 174 1492 966 1537">
    <p class='ocr_par' dir='ltr' id='par_1_33' title="bbox 174 1492 966 1537">
     <span class='ocr_line' id='line_1_33' title="bbox 174 1492 966 1537; baseline 0.011 -18"><span class='ocrx_word' id='word_1_234' title='bbox 174 1492 230 1528; x_wconf 71' lang='grc' dir='ltr'>γὰρ</span> <span class='ocrx_word' id='word_1_235' title='bbox 240 1493 286 1520; x_wconf 76' lang='grc' dir='ltr'>τὸν</span> <span class='ocrx_word' id='word_1_236' title='bbox 302 1494 487 1528; x_wconf 78' lang='grc' dir='ltr'>Αίγυπτιακὺν</span> <span class='ocrx_word' id='word_1_237' title='bbox 501 1496 643 1532; x_wconf 80' lang='grc' dir='ltr'>παρελθών</span> <span class='ocrx_word' id='word_1_238' title='bbox 664 1506 706 1529; x_wconf 88' lang='grc' dir='ltr'><strong>τις</strong></span> <span class='ocrx_word' id='word_1_239' title='bbox 734 1498 826 1535; x_wconf 82' lang='grc' dir='ltr'>λῆρον,</span> <span class='ocrx_word' id='word_1_240' title='bbox 854 1501 900 1527; x_wconf 76' lang='grc' dir='ltr'>καὶ</span> <span class='ocrx_word' id='word_1_241' title='bbox 916 1501 966 1537; x_wconf 82' lang='grc' dir='ltr'>τὴν</span> 
     </span>
    </p>
   </div>
   <div class='ocr_carea' id='block_1_34' title="bbox 175 1538 964 1581">
    <p class='ocr_par' dir='ltr' id='par_1_34' title="bbox 175 1538 964 1581">
     <span class='ocr_line' id='line_1_34' title="bbox 175 1538 964 1581; baseline 0.011 -16"><span class='ocrx_word' id='word_1_242' title='bbox 175 1538 276 1575; x_wconf 80' lang='grc' dir='ltr'>πολλὴν</span> <span class='ocrx_word' id='word_1_243' title='bbox 288 1541 377 1567; x_wconf 76' lang='grc' dir='ltr'>αὐτῶν</span> <span class='ocrx_word' id='word_1_244' title='bbox 392 1542 440 1569; x_wconf 77' lang='grc' dir='ltr'>καὶ</span> <span class='ocrx_word' id='word_1_245' title='bbox 455 1543 597 1579; x_wconf 85' lang='grc' dir='ltr'>ἀδόλεσχον</span> <span class='ocrx_word' id='word_1_246' title='bbox 625 1545 768 1581; x_wconf 80' lang='grc' dir='ltr'>φλυαρίαν,</span> <span class='ocrx_word' id='word_1_247' title='bbox 787 1547 834 1573; x_wconf 74' lang='grc' dir='ltr'>ἐπὶ</span> <span class='ocrx_word' id='word_1_248' title='bbox 848 1547 897 1579; x_wconf 80' lang='grc' dir='ltr'>τὰς</span> <span class='ocrx_word' id='word_1_249' title='bbox 911 1548 964 1575; x_wconf 81' lang='grc' dir='ltr'><strong>τῶν</strong></span> 
     </span>
    </p>
   </div>
   <div class='ocr_carea' id='block_1_35' title="bbox 174 1585 964 1626">
    <p class='ocr_par' dir='ltr' id='par_1_35' title="bbox 174 1585 964 1626">
     <span class='ocr_line' id='line_1_35' title="bbox 174 1585 964 1626; baseline 0.011 -15"><span class='ocrx_word' id='word_1_250' title='bbox 174 1585 265 1620; x_wconf 69' lang='grc' dir='ltr'>σοφῶν</span> <span class='ocrx_word' id='word_1_251' title='bbox 294 1585 427 1623; x_wconf 83' lang='grc' dir='ltr'>Ἐλλήνων</span> <span class='ocrx_word' id='word_1_252' title='bbox 455 1589 576 1624; x_wconf 79' lang='grc' dir='ltr'>μετέλθοι</span> <span class='ocrx_word' id='word_1_253' title='bbox 607 1590 788 1626; x_wconf 78' lang='grc' dir='ltr'>φυσιολογίας·</span> <span class='ocrx_word' id='word_1_254' title='bbox 803 1593 845 1625; x_wconf 85' lang='grc' dir='ltr'><strong>τίς</strong></span> <span class='ocrx_word' id='word_1_255' title='bbox 858 1594 907 1620; x_wconf 83' lang='grc' dir='ltr'>οὐκ</span> <span class='ocrx_word' id='word_1_256' title='bbox 930 1593 964 1621; x_wconf 83' lang='grc' dir='ltr'>ἂν</span> 
     </span>
    </p>
   </div>
   <div class='ocr_carea' id='block_1_36' title="bbox 172 1630 963 1673">
    <p class='ocr_par' dir='ltr' id='par_1_36' title="bbox 172 1630 963 1673">
     <span class='ocr_line' id='line_1_36' title="bbox 172 1630 963 1673; baseline 0.013 -17"><span class='ocrx_word' id='word_1_257' title='bbox 172 1630 228 1657; x_wconf 78' lang='grc' dir='ltr'><strong>τῶν</strong></span> <span class='ocrx_word' id='word_1_258' title='bbox 243 1630 274 1658; x_wconf 78' lang='grc' dir='ltr'><strong>εὖ</strong></span> <span class='ocrx_word' id='word_1_259' title='bbox 288 1633 457 1668; x_wconf 73' lang='grc' dir='ltr'>φρονούντων</span> <span class='ocrx_word' id='word_1_260' title='bbox 484 1635 597 1662; x_wconf 82' lang='grc' dir='ltr'>αὐτόθεν</span> <span class='ocrx_word' id='word_1_261' title='bbox 625 1637 835 1673; x_wconf 72' lang='grc' dir='ltr'>καταμέμψαιτο</span> <span class='ocrx_word' id='word_1_262' title='bbox 859 1639 914 1671; x_wconf 85' lang='grc' dir='ltr'>τοῖς</span> <span class='ocrx_word' id='word_1_263' title='bbox 928 1639 963 1665; x_wconf 78' lang='grc' dir='ltr'>τὰ</span> 
     </span>
    </p>
   </div>
   <div class='ocr_carea' id='block_1_37' title="bbox 172 1677 963 1721">
    <p class='ocr_par' dir='ltr' id='par_1_37' title="bbox 172 1677 963 1721">
     <span class='ocr_line' id='line_1_37' title="bbox 172 1677 963 1721; baseline 0.011 -18"><span class='ocrx_word' id='word_1_264' title='bbox 172 1677 286 1704; x_wconf 83' lang='grc' dir='ltr'>τοιαῦτα</span> <span class='ocrx_word' id='word_1_265' title='bbox 300 1679 513 1715; x_wconf 79' lang='grc' dir='ltr'>παρεξηγείσθαι</span> <span class='ocrx_word' id='word_1_266' title='bbox 539 1683 737 1717; x_wconf 80' lang='grc' dir='ltr'>πειρωμένοις;</span> <span class='ocrx_word' id='word_1_267' title='bbox 767 1685 857 1711; x_wconf 84' lang='grc' dir='ltr'>Ἔστω</span> <span class='ocrx_word' id='word_1_268' title='bbox 876 1685 930 1721; x_wconf 84' lang='grc' dir='ltr'>γὰρ</span> <span class='ocrx_word' id='word_1_269' title='bbox 949 1686 963 1712; x_wconf 88' lang='grc' dir='ltr'><strong>ό</strong></span> 
     </span>
    </p>
   </div>
   <div class='ocr_carea' id='block_1_38' title="bbox 172 1723 962 1766">
    <p class='ocr_par' dir='ltr' id='par_1_38' title="bbox 172 1723 962 1766">
     <span class='ocr_line' id='line_1_38' title="bbox 172 1723 962 1766; baseline 0.01 -18"><span class='ocrx_word' id='word_1_270' title='bbox 172 1723 240 1753; x_wconf 66' lang='grc' dir='ltr'>Ζεὺς</span> <span class='ocrx_word' id='word_1_271' title='bbox 256 1724 352 1758; x_wconf 80' lang='grc' dir='ltr'>μηκέθ¹</span> <span class='ocrx_word' id='word_1_272' title='bbox 372 1724 531 1761; x_wconf 84' lang='grc' dir='ltr'>ήπυρώδης</span> <span class='ocrx_word' id='word_1_273' title='bbox 545 1727 593 1753; x_wconf 62' lang='grc' dir='ltr'><strong>καὶ⁹</strong></span> <span class='ocrx_word' id='word_1_274' title='bbox 616 1727 734 1762; x_wconf 80' lang='grc' dir='ltr'>αἰθέριος</span> <span class='ocrx_word' id='word_1_275' title='bbox 758 1728 847 1760; x_wconf 73' lang='grc' dir='ltr'>οὐσία,</span> <span class='ocrx_word' id='word_1_276' title='bbox 868 1729 962 1766; x_wconf 76' lang='grc' dir='ltr'>ὥσπερ</span> 
     </span>
    </p>
   </div>
   <div class='ocr_carea' id='block_1_39' title="bbox 171 1766 961 1810">
    <p class='ocr_par' dir='ltr' id='par_1_39' title="bbox 171 1766 961 1810">
     <span class='ocr_line' id='line_1_39' title="bbox 171 1766 961 1810; baseline 0.01 -16"><span class='ocrx_word' id='word_1_277' title='bbox 171 1766 219 1795; x_wconf 77' lang='grc' dir='ltr'>οὖν</span> <span class='ocrx_word' id='word_1_278' title='bbox 233 1770 290 1800; x_wconf 83' lang='grc' dir='ltr'>τοῖς</span> <span class='ocrx_word' id='word_1_279' title='bbox 308 1769 432 1802; x_wconf 72' lang='grc' dir='ltr'>παλαιοῖς</span> <span class='ocrx_word' id='word_1_280' title='bbox 458 1771 598 1807; x_wconf 79' lang='grc' dir='ltr'>ἐνομίζετο</span> <span class='ocrx_word' id='word_1_281' title='bbox 627 1773 697 1799; x_wconf 79' lang='grc' dir='ltr'>κατὰ</span> <span class='ocrx_word' id='word_1_282' title='bbox 717 1774 763 1800; x_wconf 79' lang='grc' dir='ltr'>τὸν</span> <span class='ocrx_word' id='word_1_283' title='bbox 779 1774 961 1810; x_wconf 82' lang='grc' dir='ltr'>Πλούταρχον,</span> 
     </span>
    </p>
   </div>
   <div class='ocr_carea' id='block_1_40' title="bbox 171 1813 960 1856">
    <p class='ocr_par' dir='ltr' id='par_1_40' title="bbox 171 1813 960 1856">
     <span class='ocr_line' id='line_1_40' title="bbox 171 1813 960 1856; baseline 0.01 -17"><span class='ocrx_word' id='word_1_284' title='bbox 171 1813 230 1840; x_wconf 81' lang='grc' dir='ltr'>ἁλλ’</span> <span class='ocrx_word' id='word_1_285' title='bbox 244 1815 327 1847; x_wconf 73' lang='grc' dir='ltr'>αὐτὸς</span> <span class='ocrx_word' id='word_1_286' title='bbox 338 1815 353 1842; x_wconf 85' lang='grc' dir='ltr'><strong>δ</strong></span> <span class='ocrx_word' id='word_1_287' title='bbox 369 1816 498 1843; x_wconf 84' lang='grc' dir='ltr'>ἀνωτάτω</span> <span class='ocrx_word' id='word_1_288' title='bbox 514 1817 586 1849; x_wconf 81' lang='grc' dir='ltr'>νοῦς,</span> <span class='ocrx_word' id='word_1_289' title='bbox 612 1819 625 1844; x_wconf 85' lang='grc' dir='ltr'>ὁ</span> <span class='ocrx_word' id='word_1_290' title='bbox 640 1818 692 1845; x_wconf 81' lang='grc' dir='ltr'>τῶν</span> <span class='ocrx_word' id='word_1_291' title='bbox 708 1819 775 1846; x_wconf 74' lang='grc' dir='ltr'>ὅλων</span> <span class='ocrx_word' id='word_1_292' title='bbox 787 1820 960 1856; x_wconf 73' lang='grc' dir='ltr'>δημιουργὸς,</span> 
     </span>
    </p>
   </div>
   <div class='ocr_carea' id='block_1_41' title="bbox 170 1859 962 1902">
    <p class='ocr_par' dir='ltr' id='par_1_41' title="bbox 170 1859 962 1902">
     <span class='ocr_line' id='line_1_41' title="bbox 170 1859 962 1902; baseline 0.01 -17"><span class='ocrx_word' id='word_1_293' title='bbox 170 1860 186 1885; x_wconf 84' lang='grc' dir='ltr'><strong>ό</strong></span> <span class='ocrx_word' id='word_1_294' title='bbox 199 1859 234 1886; x_wconf 79' lang='grc' dir='ltr'>τὰ</span> <span class='ocrx_word' id='word_1_295' title='bbox 247 1860 338 1887; x_wconf 80' lang='grc' dir='ltr'>πάντα</span> <span class='ocrx_word' id='word_1_296' title='bbox 353 1860 503 1896; x_wconf 80' lang='grc' dir='ltr'>ζωογονῶν·</span> <span class='ocrx_word' id='word_1_297' title='bbox 523 1863 582 1895; x_wconf 78' lang='grc' dir='ltr'>πῶς</span> <span class='ocrx_word' id='word_1_298' title='bbox 607 1862 653 1890; x_wconf 76' lang='grc' dir='ltr'><strong>οὖν</strong></span> <span class='ocrx_word' id='word_1_299' title='bbox 675 1864 750 1891; x_wconf 77' lang='grc' dir='ltr'>ἔσται</span> <span class='ocrx_word' id='word_1_300' title='bbox 765 1865 858 1892; x_wconf 75' lang='grc' dir='ltr'>τούτου</span> <span class='ocrx_word' id='word_1_301' title='bbox 872 1867 962 1902; x_wconf 76' lang='grc' dir='ltr'>πατὴρ</span> 
     </span>
    </p>
   </div>
   <div class='ocr_carea' id='block_1_42' title="bbox 172 1906 963 1949">
    <p class='ocr_par' dir='ltr' id='par_1_42' title="bbox 172 1906 963 1949">
     <span class='ocr_line' id='line_1_42' title="bbox 172 1906 963 1949; baseline 0.01 -18"><span class='ocrx_word' id='word_1_302' title='bbox 172 1906 223 1941; x_wconf 78' lang='grc' dir='ltr'>μὲν</span> <span class='ocrx_word' id='word_1_303' title='bbox 235 1906 249 1932; x_wconf 86' lang='grc' dir='ltr'><strong>ό</strong></span> <span class='ocrx_word' id='word_1_304' title='bbox 263 1906 378 1942; x_wconf 82' lang='grc' dir='ltr'>Κρόνος,</span> <span class='ocrx_word' id='word_1_305' title='bbox 399 1908 427 1934; x_wconf 83' lang='grc' dir='ltr'>ὃν</span> <span class='ocrx_word' id='word_1_306' title='bbox 444 1917 525 1942; x_wconf 83' lang='grc' dir='ltr'>φασιν</span> <span class='ocrx_word' id='word_1_307' title='bbox 540 1907 609 1936; x_wconf 79' lang='grc' dir='ltr'>εἶναι</span> <span class='ocrx_word' id='word_1_308' title='bbox 624 1910 668 1936; x_wconf 77' lang='grc' dir='ltr'><strong>τὸν</strong></span> <span class='ocrx_word' id='word_1_309' title='bbox 679 1911 784 1946; x_wconf 85' lang='grc' dir='ltr'>χρόνον,</span> <span class='ocrx_word' id='word_1_310' title='bbox 799 1912 861 1938; x_wconf 90' lang='grc' dir='ltr'>Ῥέα</span> <span class='ocrx_word' id='word_1_311' title='bbox 871 1912 899 1939; x_wconf 84' lang='grc' dir='ltr'>δὲ</span> <span class='ocrx_word' id='word_1_312' title='bbox 913 1915 963 1949; x_wconf 81' lang='grc' dir='ltr'><strong>μή·</strong></span> 
     </span>
    </p>
   </div>
   <div class='ocr_carea' id='block_1_43' title="bbox 170 1952 961 1994">
    <p class='ocr_par' dir='ltr' id='par_1_43' title="bbox 170 1952 961 1994">
     <span class='ocr_line' id='line_1_43' title="bbox 170 1952 961 1994; baseline 0.011 -17"><span class='ocrx_word' id='word_1_313' title='bbox 170 1960 234 1987; x_wconf 74' lang='grc' dir='ltr'>τηρ,</span> <span class='ocrx_word' id='word_1_314' title='bbox 252 1952 286 1988; x_wconf 80' lang='grc' dir='ltr'>ἦν</span> <span class='ocrx_word' id='word_1_315' title='bbox 302 1953 316 1978; x_wconf 77' lang='grc' dir='ltr'>ὁ</span> <span class='ocrx_word' id='word_1_316' title='bbox 331 1954 467 1989; x_wconf 78' lang='grc' dir='ltr'>ἑρμηνεὺς</span> <span class='ocrx_word' id='word_1_317' title='bbox 494 1954 594 1990; x_wconf 81' lang='grc' dir='ltr'>ἔφησεν</span> <span class='ocrx_word' id='word_1_318' title='bbox 622 1954 691 1982; x_wconf 81' lang='grc' dir='ltr'>εἶναι</span> <span class='ocrx_word' id='word_1_319' title='bbox 708 1957 757 1992; x_wconf 82' lang='grc' dir='ltr'><strong>τὴν</strong></span> <span class='ocrx_word' id='word_1_320' title='bbox 774 1958 896 1994; x_wconf 81' lang='grc' dir='ltr'>πετρώδη</span> <span class='ocrx_word' id='word_1_321' title='bbox 916 1961 961 1986; x_wconf 80' lang='grc' dir='ltr'><strong>καὶ</strong></span> 
     </span>
    </p>
   </div>
   <div class='ocr_carea' id='block_1_44' title="bbox 169 1997 961 2036">
    <p class='ocr_par' dir='ltr' id='par_1_44' title="bbox 169 1997 961 2036">
     <span class='ocr_line' id='line_1_44' title="bbox 169 1997 961 2036; baseline 0.01 -14"><span class='ocrx_word' id='word_1_322' title='bbox 169 1997 260 2032; x_wconf 72' lang='grc' dir='ltr'>ὄρειον</span> <span class='ocrx_word' id='word_1_323' title='bbox 269 1997 403 2034; x_wconf 85' lang='grc' dir='ltr'>δύναμιν;</span> <span class='ocrx_word' id='word_1_324' title='bbox 430 1999 485 2035; x_wconf 86' lang='grc' dir='ltr'>Τὴν</span> <span class='ocrx_word' id='word_1_325' title='bbox 499 1999 554 2036; x_wconf 79' lang='grc' dir='ltr'>γὰρ</span> <span class='ocrx_word' id='word_1_326' title='bbox 567 2001 655 2036; x_wconf 81' lang='grc' dir='ltr'>Ἥραν</span> <span class='ocrx_word' id='word_1_327' title='bbox 672 2002 721 2027; x_wconf 78' lang='grc' dir='ltr'><strong>οὐκ</strong></span> <span class='ocrx_word' id='word_1_328' title='bbox 746 1999 793 2028; x_wconf 72' lang='grc' dir='ltr'>οἷδ’</span> <span class='ocrx_word' id='word_1_329' title='bbox 815 2002 888 2035; x_wconf 79' lang='grc' dir='ltr'>ὅπως</span> <span class='ocrx_word' id='word_1_330' title='bbox 916 2004 961 2031; x_wconf 67' lang='grc' dir='ltr'>τὶν</span> 
     </span>
    </p>
   </div>
   <div class='ocr_carea' id='block_1_45' title="bbox 170 2043 961 2084">
    <p class='ocr_par' dir='ltr' id='par_1_45' title="bbox 170 2043 961 2084">
     <span class='ocr_line' id='line_1_45' title="bbox 170 2043 961 2084; baseline 0.009 -15"><span class='ocrx_word' id='word_1_331' title='bbox 170 2043 250 2079; x_wconf 78' lang='grc' dir='ltr'>ἀέρα,</span> <span class='ocrx_word' id='word_1_332' title='bbox 267 2044 314 2071; x_wconf 79' lang='grc' dir='ltr'>τὸν</span> <span class='ocrx_word' id='word_1_333' title='bbox 329 2045 377 2071; x_wconf 76' lang='grc' dir='ltr'>καὶ</span> <span class='ocrx_word' id='word_1_334' title='bbox 386 2044 483 2081; x_wconf 79' lang='grc' dir='ltr'>αἰθέρα</span> <span class='ocrx_word' id='word_1_335' title='bbox 494 2047 659 2082; x_wconf 75' lang='grc' dir='ltr'>προσειπὼν,</span> <span class='ocrx_word' id='word_1_336' title='bbox 681 2048 797 2084; x_wconf 77' lang='grc' dir='ltr'>ἀδελφὴν</span> <span class='ocrx_word' id='word_1_337' title='bbox 824 2050 892 2084; x_wconf 80' lang='grc' dir='ltr'>ὁμοῦ</span> <span class='ocrx_word' id='word_1_338' title='bbox 914 2051 961 2077; x_wconf 71' lang='grc' dir='ltr'><strong>καὶ</strong></span> 
     </span>
    </p>
   </div>
   <div class='ocr_carea' id='block_1_46' title="bbox 170 2088 960 2128">
    <p class='ocr_par' dir='ltr' id='par_1_46' title="bbox 170 2088 960 2128">
     <span class='ocr_line' id='line_1_46' title="bbox 170 2088 960 2128; baseline 0.009 -13"><span class='ocrx_word' id='word_1_339' title='bbox 170 2090 288 2123; x_wconf 72' lang='grc' dir='ltr'>γυναῖκα</span> <span class='ocrx_word' id='word_1_340' title='bbox 304 2099 387 2127; x_wconf 77' lang='grc' dir='ltr'>φησιν</span> <span class='ocrx_word' id='word_1_341' title='bbox 411 2088 480 2118; x_wconf 78' lang='grc' dir='ltr'>εἶναι</span> <span class='ocrx_word' id='word_1_342' title='bbox 501 2091 548 2118; x_wconf 82' lang='grc' dir='ltr'>τοῦ</span> <span class='ocrx_word' id='word_1_343' title='bbox 574 2093 741 2128; x_wconf 85' lang='grc' dir='ltr'>κοσμοποιοῦ</span> <span class='ocrx_word' id='word_1_344' title='bbox 767 2095 814 2120; x_wconf 79' lang='grc' dir='ltr'><strong>καὶ</strong></span> <span class='ocrx_word' id='word_1_345' title='bbox 829 2094 960 2126; x_wconf 84' lang='grc' dir='ltr'>ζωοποιοῦ</span> 
     </span>
    </p>
   </div>
   <div class='ocr_carea' id='block_1_47' title="bbox 170 2134 961 2174">
    <p class='ocr_par' dir='ltr' id='par_1_47' title="bbox 170 2134 961 2174">
     <span class='ocr_line' id='line_1_47' title="bbox 170 2134 961 2174; baseline 0.005 -12"><span class='ocrx_word' id='word_1_346' title='bbox 170 2134 280 2162; x_wconf 80' lang='grc' dir='ltr'>πάντων</span> <span class='ocrx_word' id='word_1_347' title='bbox 291 2135 348 2162; x_wconf 78' lang='grc' dir='ltr'>νοῦ.</span> <span class='ocrx_word' id='word_1_348' title='bbox 369 2136 448 2163; x_wconf 78' lang='grc' dir='ltr'>Ἀλλὰ</span> <span class='ocrx_word' id='word_1_349' title='bbox 463 2136 537 2172; x_wconf 66' lang='grc' dir='ltr'>καὶὴ</span> <span class='ocrx_word' id='word_1_350' title='bbox 555 2137 636 2173; x_wconf 80' lang='grc' dir='ltr'>Λητὼ</span> <span class='ocrx_word' id='word_1_351' title='bbox 659 2138 740 2164; x_wconf 79' lang='grc' dir='ltr'>πάλιν</span> <span class='ocrx_word' id='word_1_352' title='bbox 766 2139 840 2174; x_wconf 80' lang='grc' dir='ltr'>ληθώ</span> <span class='ocrx_word' id='word_1_353' title='bbox 854 2148 896 2171; x_wconf 84' lang='grc' dir='ltr'><strong>τις</strong></span> <span class='ocrx_word' id='word_1_354' title='bbox 909 2149 961 2167; x_wconf 87' lang='grc' dir='ltr'>κα-</span> 
     </span>
    </p>
   </div>
   <div class='ocr_carea' id='block_1_48' title="bbox 169 2180 960 2221">
    <p class='ocr_par' dir='ltr' id='par_1_48' title="bbox 169 2180 960 2221">
     <span class='ocr_line' id='line_1_48' title="bbox 169 2180 960 2221; baseline 0.006 -14"><span class='ocrx_word' id='word_1_355' title='bbox 169 2180 268 2208; x_wconf 77' lang='grc' dir='ltr'>λείσθω</span> <span class='ocrx_word' id='word_1_356' title='bbox 278 2181 322 2208; x_wconf 85' lang='grc' dir='ltr'>διὰ</span> <span class='ocrx_word' id='word_1_357' title='bbox 336 2182 385 2218; x_wconf 77' lang='grc' dir='ltr'>τὴν</span> <span class='ocrx_word' id='word_1_358' title='bbox 400 2181 471 2208; x_wconf 80' lang='grc' dir='ltr'>κατὰ</span> <span class='ocrx_word' id='word_1_359' title='bbox 479 2182 525 2208; x_wconf 85' lang='grc' dir='ltr'><strong>τὸν</strong></span> <span class='ocrx_word' id='word_1_360' title='bbox 541 2182 634 2217; x_wconf 75' lang='grc' dir='ltr'>ὕπνον,</span> <span class='ocrx_word' id='word_1_361' title='bbox 657 2183 694 2215; x_wconf 79' lang='grc' dir='ltr'>ὥς</span> <span class='ocrx_word' id='word_1_362' title='bbox 712 2192 804 2218; x_wconf 81' lang='grc' dir='ltr'>φασιν,</span> <span class='ocrx_word' id='word_1_363' title='bbox 832 2185 960 2221; x_wconf 83' lang='grc' dir='ltr'>ἀναισθη-</span> 
     </span>
    </p>
   </div>
   <div class='ocr_carea' id='block_1_49' title="bbox 1032 251 1818 288">
    <p class='ocr_par' dir='ltr' id='par_1_49' title="bbox 1032 251 1818 288">
     <span class='ocr_line' id='line_1_49' title="bbox 1032 251 1818 288; baseline 0.003 -10"><span class='ocrx_word' id='word_1_364' title='bbox 1032 251 1077 283; x_wconf 88' lang='lat' dir='ltr'><strong>sit,</strong></span> <span class='ocrx_word' id='word_1_365' title='bbox 1102 257 1148 278; x_wconf 88' lang='lat' dir='ltr'><strong>aut</strong></span> <span class='ocrx_word' id='word_1_366' title='bbox 1170 260 1220 279; x_wconf 87' lang='lat' dir='ltr'><strong>nos</strong></span> <span class='ocrx_word' id='word_1_367' title='bbox 1244 252 1353 279; x_wconf 89' lang='lat' dir='ltr'><strong>totidem</strong></span> <span class='ocrx_word' id='word_1_368' title='bbox 1374 252 1519 280; x_wconf 81' lang='lat' dir='ltr'><strong>animabus</strong></span> <span class='ocrx_word' id='word_1_369' title='bbox 1543 252 1680 288; x_wconf 57' lang='lat' dir='ltr'><strong>praeditos,</strong></span> <span class='ocrx_word' id='word_1_370' title='bbox 1705 258 1752 283; x_wconf 85' lang='lat' dir='ltr'><strong>aut</strong></span> <span class='ocrx_word' id='word_1_371' title='bbox 1779 258 1818 280; x_wconf 91' lang='lat' dir='ltr'><strong>tot</strong></span> 
     </span>
    </p>
   </div>
   <div class='ocr_carea' id='block_1_50' title="bbox 1031 298 1818 333">
    <p class='ocr_par' dir='ltr' id='par_1_50' title="bbox 1031 298 1818 333">
     <span class='ocr_line' id='line_1_50' title="bbox 1031 298 1818 333; baseline 0.001 -9"><span class='ocrx_word' id='word_1_372' title='bbox 1031 298 1113 325; x_wconf 85' lang='lat' dir='ltr'><strong>unius</strong></span> <span class='ocrx_word' id='word_1_373' title='bbox 1136 299 1256 333; x_wconf 79' lang='lat' dir='ltr'><strong>carperis</strong></span> <span class='ocrx_word' id='word_1_374' title='bbox 1272 303 1397 325; x_wconf 88' lang='lat' dir='ltr'><strong>auctores</strong></span> <span class='ocrx_word' id='word_1_375' title='bbox 1407 303 1488 333; x_wconf 86' lang='lat' dir='ltr'><strong>atque</strong></span> <span class='ocrx_word' id='word_1_376' title='bbox 1507 299 1671 326; x_wconf 70' lang='lat' dir='ltr'><strong>architectos</strong></span> <span class='ocrx_word' id='word_1_377' title='bbox 1686 307 1746 326; x_wconf 81' lang='lat' dir='ltr'><strong>esse</strong></span> <span class='ocrx_word' id='word_1_378' title='bbox 1759 299 1818 333; x_wconf 85' lang='lat' dir='ltr'><strong>opi-</strong></span> 
     </span>
    </p>
   </div>
   <div class='ocr_carea' id='block_1_51' title="bbox 1031 344 1814 380">
    <p class='ocr_par' dir='ltr' id='par_1_51' title="bbox 1031 344 1814 380">
     <span class='ocr_line' id='line_1_51' title="bbox 1031 344 1814 380; baseline 0.001 -10"><span class='ocrx_word' id='word_1_379' title='bbox 1031 344 1106 371; x_wconf 85' lang='lat' dir='ltr'><strong>nari:</strong></span> <span class='ocrx_word' id='word_1_380' title='bbox 1127 344 1172 371; x_wconf 87' lang='lat' dir='ltr'><strong>sed</strong></span> <span class='ocrx_word' id='word_1_381' title='bbox 1197 353 1259 371; x_wconf 91' lang='lat' dir='ltr'><strong>eum</strong></span> <span class='ocrx_word' id='word_1_382' title='bbox 1284 344 1392 372; x_wconf 90' lang='lat' dir='ltr'><strong>unicam</strong></span> <span class='ocrx_word' id='word_1_383' title='bbox 1410 352 1471 372; x_wconf 76' lang='lat' dir='ltr'><strong>esse</strong></span> <span class='ocrx_word' id='word_1_384' title='bbox 1493 345 1624 376; x_wconf 88' lang='lat' dir='ltr'><strong>animam,</strong></span> <span class='ocrx_word' id='word_1_385' title='bbox 1640 353 1707 380; x_wconf 81' lang='lat' dir='ltr'><strong>_qu:e</strong></span> <span class='ocrx_word' id='word_1_386' title='bbox 1728 350 1814 372; x_wconf 88' lang='lat' dir='ltr'><strong>totum</strong></span> 
     </span>
    </p>
   </div>
   <div class='ocr_carea' id='block_1_52' title="bbox 1030 390 1814 426">
    <p class='ocr_par' dir='ltr' id='par_1_52' title="bbox 1030 390 1814 426">
     <span class='ocr_line' id='line_1_52' title="bbox 1030 390 1814 426; baseline 0.003 -10"><span class='ocrx_word' id='word_1_387' title='bbox 1030 397 1130 424; x_wconf 89' lang='lat' dir='ltr'><strong>corpus</strong></span> <span class='ocrx_word' id='word_1_388' title='bbox 1145 394 1262 423; x_wconf 89' lang='lat' dir='ltr'><strong>tnoveat,</strong></span> <span class='ocrx_word' id='word_1_389' title='bbox 1276 395 1333 417; x_wconf 91' lang='lat' dir='ltr'><strong>tum</strong></span> <span class='ocrx_word' id='word_1_390' title='bbox 1351 398 1432 417; x_wconf 86' lang='lat' dir='ltr'><strong>unam</strong></span> <span class='ocrx_word' id='word_1_391' title='bbox 1449 398 1559 426; x_wconf 88' lang='lat' dir='ltr'><strong>quoque</strong></span> <span class='ocrx_word' id='word_1_392' title='bbox 1573 391 1627 418; x_wconf 90' lang='lat' dir='ltr'><strong>vim</strong></span> <span class='ocrx_word' id='word_1_393' title='bbox 1640 390 1814 423; x_wconf 69' lang='lat' dir='ltr'><strong>eﬂ&#39;eetricrm.</strong></span> 
     </span>
    </p>
   </div>
   <div class='ocr_carea' id='block_1_53' title="bbox 1029 437 1815 472">
    <p class='ocr_par' dir='ltr' id='par_1_53' title="bbox 1029 437 1815 472">
     <span class='ocr_line' id='line_1_53' title="bbox 1029 437 1815 472; baseline 0.003 -10"><span class='ocrx_word' id='word_1_394' title='bbox 1029 444 1090 471; x_wconf 63' lang='lat' dir='ltr'><strong>quae</strong></span> <span class='ocrx_word' id='word_1_395' title='bbox 1113 440 1198 463; x_wconf 88' lang='lat' dir='ltr'><strong>totum</strong></span> <span class='ocrx_word' id='word_1_396' title='bbox 1227 437 1393 464; x_wconf 88' lang='lat' dir='ltr'><strong>animantem</strong></span> <span class='ocrx_word' id='word_1_397' title='bbox 1423 437 1517 464; x_wconf 91' lang='lat' dir='ltr'><strong>molita</strong></span> <span class='ocrx_word' id='word_1_398' title='bbox 1542 437 1587 465; x_wconf 89' lang='lat' dir='ltr'><strong>sit.</strong></span> <span class='ocrx_word' id='word_1_399' title='bbox 1611 437 1712 465; x_wconf 87' lang='lat' dir='ltr'><strong>Eodem</strong></span> <span class='ocrx_word' id='word_1_400' title='bbox 1736 437 1815 472; x_wconf 87' lang='lat' dir='ltr'><strong>plane</strong></span> 
     </span>
    </p>
   </div>
   <div class='ocr_carea' id='block_1_54' title="bbox 1029 481 1814 511">
    <p class='ocr_par' dir='ltr' id='par_1_54' title="bbox 1029 481 1814 511">
     <span class='ocr_line' id='line_1_54' title="bbox 1029 481 1814 511; baseline 0.003 -3"><span class='ocrx_word' id='word_1_401' title='bbox 1029 482 1110 509; x_wconf 67' lang='lat' dir='ltr'><strong>modo</strong></span> <span class='ocrx_word' id='word_1_402' title='bbox 1133 481 1166 509; x_wconf 89' lang='lat' dir='ltr'><strong>de</strong></span> <span class='ocrx_word' id='word_1_403' title='bbox 1184 482 1234 510; x_wconf 89' lang='lat' dir='ltr'><strong>hac</strong></span> <span class='ocrx_word' id='word_1_404' title='bbox 1251 490 1341 509; x_wconf 88' lang='lat' dir='ltr'><strong>rerum</strong></span> <span class='ocrx_word' id='word_1_405' title='bbox 1356 483 1534 511; x_wconf 89' lang='lat' dir='ltr'><strong>universitate</strong></span> <span class='ocrx_word' id='word_1_406' title='bbox 1548 482 1730 511; x_wconf 85' lang='lat' dir='ltr'><strong>sentiendum.</strong></span> <span class='ocrx_word' id='word_1_407' title='bbox 1745 484 1814 510; x_wconf 85' lang='lat' dir='ltr'><strong>Cum</strong></span> 
     </span>
    </p>
   </div>
   <div class='ocr_carea' id='block_1_55' title="bbox 1028 528 1814 564">
    <p class='ocr_par' dir='ltr' id='par_1_55' title="bbox 1028 528 1814 564">
     <span class='ocr_line' id='line_1_55' title="bbox 1028 528 1814 564; baseline 0.001 -10"><span class='ocrx_word' id='word_1_408' title='bbox 1028 535 1101 555; x_wconf 89' lang='lat' dir='ltr'><strong>unus</strong></span> <span class='ocrx_word' id='word_1_409' title='bbox 1115 528 1150 555; x_wconf 91' lang='lat' dir='ltr'><strong>sit</strong></span> <span class='ocrx_word' id='word_1_410' title='bbox 1170 529 1299 560; x_wconf 89' lang='lat' dir='ltr'><strong>mundus,</strong></span> <span class='ocrx_word' id='word_1_411' title='bbox 1313 536 1344 555; x_wconf 76' lang='lat' dir='ltr'><strong>cx</strong></span> <span class='ocrx_word' id='word_1_412' title='bbox 1360 537 1415 556; x_wconf 85' lang='lat' dir='ltr'><strong>una</strong></span> <span class='ocrx_word' id='word_1_413' title='bbox 1436 529 1560 556; x_wconf 74' lang='lat' dir='ltr'><strong>similiter</strong></span> <span class='ocrx_word' id='word_1_414' title='bbox 1578 529 1727 564; x_wconf 86' lang='lat' dir='ltr'><strong>eademque</strong></span> <span class='ocrx_word' id='word_1_415' title='bbox 1758 538 1814 557; x_wconf 88' lang='lat' dir='ltr'><strong>cor-</strong></span> 
     </span>
    </p>
   </div>
   <div class='ocr_carea' id='block_1_56' title="bbox 1028 574 1812 609">
    <p class='ocr_par' dir='ltr' id='par_1_56' title="bbox 1028 574 1812 609">
     <span class='ocr_line' id='line_1_56' title="bbox 1028 574 1812 609; baseline 0.003 -9"><span class='ocrx_word' id='word_1_416' title='bbox 1028 581 1110 609; x_wconf 87' lang='lat' dir='ltr'><strong>porea</strong></span> <span class='ocrx_word' id='word_1_417' title='bbox 1127 574 1242 601; x_wconf 87' lang='lat' dir='ltr'><strong>materia</strong></span> <span class='ocrx_word' id='word_1_418' title='bbox 1264 574 1408 607; x_wconf 77' lang='lat' dir='ltr'><strong>conflatus,</strong></span> <span class='ocrx_word' id='word_1_419' title='bbox 1431 575 1532 609; x_wconf 86' lang='lat' dir='ltr'><strong>quique</strong></span> <span class='ocrx_word' id='word_1_420' title='bbox 1546 582 1607 602; x_wconf 91' lang='lat' dir='ltr'><strong>cum</strong></span> <span class='ocrx_word' id='word_1_421' title='bbox 1632 575 1764 609; x_wconf 88' lang='lat' dir='ltr'><strong>plurimas</strong></span> <span class='ocrx_word' id='word_1_422' title='bbox 1786 576 1812 602; x_wconf 81' lang='lat' dir='ltr'><strong>in</strong></span> 
     </span>
    </p>
   </div>
   <div class='ocr_carea' id='block_1_57' title="bbox 1027 620 1813 656">
    <p class='ocr_par' dir='ltr' id='par_1_57' title="bbox 1027 620 1813 656">
     <span class='ocr_line' id='line_1_57' title="bbox 1027 620 1813 656; baseline -0.001 -9"><span class='ocrx_word' id='word_1_423' title='bbox 1027 626 1118 654; x_wconf 86' lang='lat' dir='ltr'><strong>partes</strong></span> <span class='ocrx_word' id='word_1_424' title='bbox 1134 620 1280 653; x_wconf 87' lang='lat' dir='ltr'><strong>dividatur,</strong></span> <span class='ocrx_word' id='word_1_425' title='bbox 1299 625 1355 647; x_wconf 88' lang='lat' dir='ltr'><strong>tum</strong></span> <span class='ocrx_word' id='word_1_426' title='bbox 1380 629 1443 648; x_wconf 83' lang='lat' dir='ltr'><strong>vero</strong></span> <span class='ocrx_word' id='word_1_427' title='bbox 1461 629 1542 647; x_wconf 83' lang='lat' dir='ltr'><strong>unam</strong></span> <span class='ocrx_word' id='word_1_428' title='bbox 1562 621 1708 656; x_wconf 89' lang='lat' dir='ltr'><strong>quatndam</strong></span> <span class='ocrx_word' id='word_1_429' title='bbox 1732 626 1813 656; x_wconf 80' lang='lat' dir='ltr'><strong>atque</strong></span> 
     </span>
    </p>
   </div>
   <div class='ocr_carea' id='block_1_58' title="bbox 1027 665 1813 700">
    <p class='ocr_par' dir='ltr' id='par_1_58' title="bbox 1027 665 1813 700">
     <span class='ocr_line' id='line_1_58' title="bbox 1027 665 1813 700; baseline 0.001 -9"><span class='ocrx_word' id='word_1_430' title='bbox 1027 665 1181 692; x_wconf 90' lang='lat' dir='ltr'><strong>naturalem</strong></span> <span class='ocrx_word' id='word_1_431' title='bbox 1204 665 1393 692; x_wconf 80' lang='lat' dir='ltr'><strong>universarum</strong></span> <span class='ocrx_word' id='word_1_432' title='bbox 1420 665 1628 692; x_wconf 77' lang='lat' dir='ltr'><strong>consensionem</strong></span> <span class='ocrx_word' id='word_1_433' title='bbox 1654 673 1710 700; x_wconf 72' lang='lat' dir='ltr'><strong>prae</strong></span> <span class='ocrx_word' id='word_1_434' title='bbox 1729 674 1758 692; x_wconf 90' lang='lat' dir='ltr'><strong>se</strong></span> <span class='ocrx_word' id='word_1_435' title='bbox 1775 665 1813 693; x_wconf 78' lang='lat' dir='ltr'><strong>fe-</strong></span> 
     </span>
    </p>
   </div>
   <div class='ocr_carea' id='block_1_59' title="bbox 1027 708 1811 744">
    <p class='ocr_par' dir='ltr' id='par_1_59' title="bbox 1027 708 1811 744">
     <span class='ocr_line' id='line_1_59' title="bbox 1027 708 1811 744; baseline -0.001 -8"><span class='ocrx_word' id='word_1_436' title='bbox 1027 714 1079 743; x_wconf 85' lang='lat' dir='ltr'><strong>rat,</strong></span> <span class='ocrx_word' id='word_1_437' title='bbox 1100 717 1132 737; x_wconf 87' lang='lat' dir='ltr'><strong>ae</strong></span> <span class='ocrx_word' id='word_1_438' title='bbox 1152 714 1249 742; x_wconf 75' lang='lat' dir='ltr'><strong>prteter</strong></span> <span class='ocrx_word' id='word_1_439' title='bbox 1271 717 1365 736; x_wconf 89' lang='lat' dir='ltr'><strong>eorum</strong></span> <span class='ocrx_word' id='word_1_440' title='bbox 1391 709 1603 741; x_wconf 83' lang='lat' dir='ltr'><strong>elementorum,</strong></span> <span class='ocrx_word' id='word_1_441' title='bbox 1626 716 1687 744; x_wconf 71' lang='lat' dir='ltr'><strong>qua:</strong></span> <span class='ocrx_word' id='word_1_442' title='bbox 1709 708 1811 735; x_wconf 88' lang='lat' dir='ltr'><strong>ambitu</strong></span> 
     </span>
    </p>
   </div>
   <div class='ocr_carea' id='block_1_60' title="bbox 1026 754 1812 790">
    <p class='ocr_par' dir='ltr' id='par_1_60' title="bbox 1026 754 1812 790">
     <span class='ocr_line' id='line_1_60' title="bbox 1026 754 1812 790; baseline -0.004 -7"><span class='ocrx_word' id='word_1_443' title='bbox 1026 763 1077 783; x_wconf 83' lang='lat' dir='ltr'><strong>suo</strong></span> <span class='ocrx_word' id='word_1_444' title='bbox 1092 755 1278 788; x_wconf 85' lang='lat' dir='ltr'><strong>continentur,</strong></span> <span class='ocrx_word' id='word_1_445' title='bbox 1291 755 1390 790; x_wconf 84' lang='lat' dir='ltr'><strong>partim</strong></span> <span class='ocrx_word' id='word_1_446' title='bbox 1405 755 1627 790; x_wconf 85' lang='lat' dir='ltr'><strong>temperationem</strong></span> <span class='ocrx_word' id='word_1_447' title='bbox 1647 759 1729 789; x_wconf 86' lang='lat' dir='ltr'><strong>atque</strong></span> <span class='ocrx_word' id='word_1_448' title='bbox 1745 754 1812 780; x_wconf 62' lang='lat' dir='ltr'><strong>mis-</strong></span> 
     </span>
    </p>
   </div>
   <div class='ocr_carea' id='block_1_61' title="bbox 1027 801 1810 837">
    <p class='ocr_par' dir='ltr' id='par_1_61' title="bbox 1027 801 1810 837">
     <span class='ocr_line' id='line_1_61' title="bbox 1027 801 1810 837; baseline -0.003 -7"><span class='ocrx_word' id='word_1_449' title='bbox 1027 804 1139 835; x_wconf 86' lang='lat' dir='ltr'><strong>tionem,</strong></span> <span class='ocrx_word' id='word_1_450' title='bbox 1164 803 1261 837; x_wconf 83' lang='lat' dir='ltr'><strong>partim</strong></span> <span class='ocrx_word' id='word_1_451' title='bbox 1279 803 1369 829; x_wconf 86' lang='lat' dir='ltr'><strong>varias</strong></span> <span class='ocrx_word' id='word_1_452' title='bbox 1386 802 1501 829; x_wconf 88' lang='lat' dir='ltr'><strong>aliorum</strong></span> <span class='ocrx_word' id='word_1_453' title='bbox 1521 802 1547 828; x_wconf 95' lang='lat' dir='ltr'><strong>in</strong></span> <span class='ocrx_word' id='word_1_454' title='bbox 1563 801 1614 828; x_wconf 90' lang='lat' dir='ltr'><strong>alia</strong></span> <span class='ocrx_word' id='word_1_455' title='bbox 1634 801 1810 833; x_wconf 86' lang='lat' dir='ltr'><strong>mutationes,</strong></span> 
     </span>
    </p>
   </div>
   <div class='ocr_carea' id='block_1_62' title="bbox 1027 848 1811 884">
    <p class='ocr_par' dir='ltr' id='par_1_62' title="bbox 1027 848 1811 884">
     <span class='ocr_line' id='line_1_62' title="bbox 1027 848 1811 884; baseline -0.003 -9"><span class='ocrx_word' id='word_1_456' title='bbox 1027 850 1184 876; x_wconf 76' lang='lat' dir='ltr'><strong>uniiersum</strong></span> <span class='ocrx_word' id='word_1_457' title='bbox 1202 849 1290 884; x_wconf 90' lang='lat' dir='ltr'><strong>ipsum</strong></span> <span class='ocrx_word' id='word_1_458' title='bbox 1315 853 1456 883; x_wconf 69' lang='lat' dir='ltr'><strong>prmterea,</strong></span> <span class='ocrx_word' id='word_1_459' title='bbox 1475 848 1605 875; x_wconf 86' lang='lat' dir='ltr'><strong>mundum</strong></span> <span class='ocrx_word' id='word_1_460' title='bbox 1622 855 1705 874; x_wconf 91' lang='lat' dir='ltr'><strong>unum</strong></span> <span class='ocrx_word' id='word_1_461' title='bbox 1730 852 1811 881; x_wconf 86' lang='lat' dir='ltr'><strong>atque</strong></span> 
     </span>
    </p>
   </div>
   <div class='ocr_carea' id='block_1_63' title="bbox 1026 893 1810 928">
    <p class='ocr_par' dir='ltr' id='par_1_63' title="bbox 1026 893 1810 928">
     <span class='ocr_line' id='line_1_63' title="bbox 1026 893 1810 928; baseline -0.004 -6"><span class='ocrx_word' id='word_1_462' title='bbox 1026 904 1078 922; x_wconf 85' lang='lat' dir='ltr'><strong>una</strong></span> <span class='ocrx_word' id='word_1_463' title='bbox 1101 903 1191 922; x_wconf 80' lang='lat' dir='ltr'><strong>rerum</strong></span> <span class='ocrx_word' id='word_1_464' title='bbox 1221 895 1341 922; x_wconf 89' lang='lat' dir='ltr'><strong>omniutn</strong></span> <span class='ocrx_word' id='word_1_465' title='bbox 1364 893 1547 921; x_wconf 88' lang='lat' dir='ltr'><strong>concinnitate</strong></span> <span class='ocrx_word' id='word_1_466' title='bbox 1569 893 1741 928; x_wconf 82' lang='lat' dir='ltr'><strong>aptissimum</strong></span> <span class='ocrx_word' id='word_1_467' title='bbox 1764 901 1810 919; x_wconf 75' lang='lat' dir='ltr'><strong>cx-</strong></span> 
     </span>
    </p>
   </div>
   <div class='ocr_carea' id='block_1_64' title="bbox 1027 939 1810 975">
    <p class='ocr_par' dir='ltr' id='par_1_64' title="bbox 1027 939 1810 975">
     <span class='ocr_line' id='line_1_64' title="bbox 1027 939 1810 975; baseline -0.001 -7"><span class='ocrx_word' id='word_1_468' title='bbox 1027 941 1136 974; x_wconf 85' lang='lat' dir='ltr'><strong>hibeat;</strong></span> <span class='ocrx_word' id='word_1_469' title='bbox 1165 948 1218 968; x_wconf 92' lang='lat' dir='ltr'><strong>non</strong></span> <span class='ocrx_word' id='word_1_470' title='bbox 1240 941 1296 975; x_wconf 87' lang='lat' dir='ltr'><strong>jam</strong></span> <span class='ocrx_word' id='word_1_471' title='bbox 1322 941 1413 975; x_wconf 88' lang='lat' dir='ltr'><strong>plures</strong></span> <span class='ocrx_word' id='word_1_472' title='bbox 1431 939 1573 968; x_wconf 81' lang='lat' dir='ltr'><strong>facultates</strong></span> <span class='ocrx_word' id='word_1_473' title='bbox 1598 939 1671 967; x_wconf 89' lang='lat' dir='ltr'><strong>illius</strong></span> <span class='ocrx_word' id='word_1_474' title='bbox 1691 939 1810 967; x_wconf 78' lang='lat' dir='ltr'><strong>effectri-</strong></span> 
     </span>
    </p>
   </div>
   <div class='ocr_carea' id='block_1_65' title="bbox 1025 986 1808 1023">
    <p class='ocr_par' dir='ltr' id='par_1_65' title="bbox 1025 986 1808 1023">
     <span class='ocr_line' id='line_1_65' title="bbox 1025 986 1808 1023; baseline -0.004 -7"><span class='ocrx_word' id='word_1_475' title='bbox 1025 997 1070 1016; x_wconf 84' lang='lat' dir='ltr'><strong>ces</strong></span> <span class='ocrx_word' id='word_1_476' title='bbox 1093 996 1209 1023; x_wconf 85' lang='lat' dir='ltr'><strong>ponere,</strong></span> <span class='ocrx_word' id='word_1_477' title='bbox 1236 988 1283 1015; x_wconf 90' lang='lat' dir='ltr'><strong>sed</strong></span> <span class='ocrx_word' id='word_1_478' title='bbox 1307 995 1392 1014; x_wconf 89' lang='lat' dir='ltr'><strong>unam</strong></span> <span class='ocrx_word' id='word_1_479' title='bbox 1411 991 1516 1014; x_wconf 87' lang='lat' dir='ltr'><strong>tantum</strong></span> <span class='ocrx_word' id='word_1_480' title='bbox 1539 994 1656 1021; x_wconf 88' lang='lat' dir='ltr'><strong>eamque</strong></span> <span class='ocrx_word' id='word_1_481' title='bbox 1676 994 1739 1014; x_wconf 88' lang='lat' dir='ltr'><strong>vere</strong></span> <span class='ocrx_word' id='word_1_482' title='bbox 1763 986 1808 1014; x_wconf 85' lang='lat' dir='ltr'><strong>Dei</strong></span> 
     </span>
    </p>
   </div>
   <div class='ocr_carea' id='block_1_66' title="bbox 1024 1033 1810 1070">
    <p class='ocr_par' dir='ltr' id='par_1_66' title="bbox 1024 1033 1810 1070">
     <span class='ocr_line' id='line_1_66' title="bbox 1024 1033 1810 1070; baseline -0.003 -8"><span class='ocrx_word' id='word_1_483' title='bbox 1024 1035 1090 1068; x_wconf 89' lang='lat' dir='ltr'><strong>vim,</strong></span> <span class='ocrx_word' id='word_1_484' title='bbox 1108 1035 1210 1070; x_wconf 87' lang='lat' dir='ltr'><strong>Deique</strong></span> <span class='ocrx_word' id='word_1_485' title='bbox 1225 1034 1386 1069; x_wconf 80' lang='lat' dir='ltr'><strong>sapientiam</strong></span> <span class='ocrx_word' id='word_1_486' title='bbox 1402 1033 1494 1060; x_wconf 88' lang='lat' dir='ltr'><strong>divino</strong></span> <span class='ocrx_word' id='word_1_487' title='bbox 1507 1041 1616 1068; x_wconf 82' lang='lat' dir='ltr'><strong>quoque</strong></span> <span class='ocrx_word' id='word_1_488' title='bbox 1637 1033 1748 1060; x_wconf 88' lang='lat' dir='ltr'><strong>nomine</strong></span> <span class='ocrx_word' id='word_1_489' title='bbox 1766 1041 1810 1060; x_wconf 85' lang='lat' dir='ltr'><strong>ce-</strong></span> 
     </span>
    </p>
   </div>
   <div class='ocr_carea' id='block_1_67' title="bbox 1024 1078 1808 1115">
    <p class='ocr_par' dir='ltr' id='par_1_67' title="bbox 1024 1078 1808 1115">
     <span class='ocr_line' id='line_1_67' title="bbox 1024 1078 1808 1115; baseline -0.004 -7"><span class='ocrx_word' id='word_1_490' title='bbox 1024 1081 1128 1108; x_wconf 88' lang='lat' dir='ltr'><strong>lebrare</strong></span> <span class='ocrx_word' id='word_1_491' title='bbox 1155 1080 1285 1115; x_wconf 87' lang='lat' dir='ltr'><strong>oportuit.</strong></span> <span class='ocrx_word' id='word_1_492' title='bbox 1308 1080 1342 1106; x_wconf 79' lang='lat' dir='ltr'><strong>At</strong></span> <span class='ocrx_word' id='word_1_493' title='bbox 1361 1084 1454 1106; x_wconf 87' lang='lat' dir='ltr'><strong>noster</strong></span> <span class='ocrx_word' id='word_1_494' title='bbox 1467 1079 1511 1106; x_wconf 84' lang='lat' dir='ltr'><strong>ille</strong></span> <span class='ocrx_word' id='word_1_495' title='bbox 1529 1079 1708 1114; x_wconf 87' lang='lat' dir='ltr'><strong>philosophus</strong></span> <span class='ocrx_word' id='word_1_496' title='bbox 1724 1078 1808 1114; x_wconf 57' lang='lat' dir='ltr'><strong>[Egy-</strong></span> 
     </span>
    </p>
   </div>
   <div class='ocr_carea' id='block_1_68' title="bbox 1023 1126 1808 1162">
    <p class='ocr_par' dir='ltr' id='par_1_68' title="bbox 1023 1126 1808 1162">
     <span class='ocr_line' id='line_1_68' title="bbox 1023 1126 1808 1162; baseline -0.003 -9"><span class='ocrx_word' id='word_1_497' title='bbox 1023 1127 1126 1162; x_wconf 85' lang='lat' dir='ltr'><strong>ptiacas</strong></span> <span class='ocrx_word' id='word_1_498' title='bbox 1151 1127 1232 1154; x_wconf 90' lang='lat' dir='ltr'><strong>etiam</strong></span> <span class='ocrx_word' id='word_1_499' title='bbox 1255 1126 1362 1153; x_wconf 84' lang='lat' dir='ltr'><strong>fabulas</strong></span> <span class='ocrx_word' id='word_1_500' title='bbox 1386 1126 1418 1152; x_wconf 80' lang='lat' dir='ltr'><strong>ad</strong></span> <span class='ocrx_word' id='word_1_501' title='bbox 1432 1126 1540 1153; x_wconf 76' lang='lat' dir='ltr'><strong>easdem</strong></span> <span class='ocrx_word' id='word_1_502' title='bbox 1565 1131 1677 1152; x_wconf 90' lang='lat' dir='ltr'><strong>naturas</strong></span> <span class='ocrx_word' id='word_1_503' title='bbox 1693 1133 1808 1160; x_wconf 80' lang='lat' dir='ltr'><strong>corpore</strong></span> 
     </span>
    </p>
   </div>
   <div class='ocr_carea' id='block_1_69' title="bbox 1022 1172 1807 1206">
    <p class='ocr_par' dir='ltr' id='par_1_69' title="bbox 1022 1172 1807 1206">
     <span class='ocr_line' id='line_1_69' title="bbox 1022 1172 1807 1206; baseline -0.005 -4"><span class='ocrx_word' id='word_1_504' title='bbox 1022 1182 1126 1202; x_wconf 86' lang='lat' dir='ltr'><strong>vacuas</strong></span> <span class='ocrx_word' id='word_1_505' title='bbox 1142 1174 1287 1201; x_wconf 80' lang='lat' dir='ltr'><strong>traducere</strong></span> <span class='ocrx_word' id='word_1_506' title='bbox 1300 1176 1426 1200; x_wconf 79' lang='lat' dir='ltr'><strong>conatur.</strong></span> <span class='ocrx_word' id='word_1_507' title='bbox 1441 1172 1469 1198; x_wconf 94' lang='lat' dir='ltr'><strong>ln</strong></span> <span class='ocrx_word' id='word_1_508' title='bbox 1487 1179 1542 1206; x_wconf 93' lang='lat' dir='ltr'><strong>quo</strong></span> <span class='ocrx_word' id='word_1_509' title='bbox 1560 1172 1746 1206; x_wconf 84' lang='lat' dir='ltr'><strong>suimetipsius</strong></span> <span class='ocrx_word' id='word_1_510' title='bbox 1759 1172 1807 1199; x_wconf 92' lang='lat' dir='ltr'><strong>ho-</strong></span> 
     </span>
    </p>
   </div>
   <div class='ocr_carea' id='block_1_70' title="bbox 1022 1217 1805 1253">
    <p class='ocr_par' dir='ltr' id='par_1_70' title="bbox 1022 1217 1805 1253">
     <span class='ocr_line' id='line_1_70' title="bbox 1022 1217 1805 1253; baseline -0.003 -6"><span class='ocrx_word' id='word_1_511' title='bbox 1022 1228 1067 1247; x_wconf 93' lang='lat' dir='ltr'><strong>mo</strong></span> <span class='ocrx_word' id='word_1_512' title='bbox 1081 1219 1302 1247; x_wconf 83' lang='lat' dir='ltr'><strong>consultissimus</strong></span> <span class='ocrx_word' id='word_1_513' title='bbox 1316 1219 1418 1246; x_wconf 88' lang='lat' dir='ltr'><strong>oblitus</strong></span> <span class='ocrx_word' id='word_1_514' title='bbox 1429 1222 1480 1245; x_wconf 89' lang='lat' dir='ltr'><strong>est.</strong></span> <span class='ocrx_word' id='word_1_515' title='bbox 1491 1217 1594 1253; x_wconf 77' lang='lat' dir='ltr'><strong>Quippe</strong></span> <span class='ocrx_word' id='word_1_516' title='bbox 1610 1218 1720 1245; x_wconf 88' lang='lat' dir='ltr'><strong>audiisti</strong></span> <span class='ocrx_word' id='word_1_517' title='bbox 1733 1218 1805 1245; x_wconf 91' lang='lat' dir='ltr'><strong>enim</strong></span> 
     </span>
    </p>
   </div>
   <div class='ocr_carea' id='block_1_71' title="bbox 1022 1264 1806 1301">
    <p class='ocr_par' dir='ltr' id='par_1_71' title="bbox 1022 1264 1806 1301">
     <span class='ocr_line' id='line_1_71' title="bbox 1022 1264 1806 1301; baseline -0.001 -8"><span class='ocrx_word' id='word_1_518' title='bbox 1022 1267 1160 1301; x_wconf 87' lang='lat' dir='ltr'><strong>superius,</strong></span> <span class='ocrx_word' id='word_1_519' title='bbox 1178 1273 1240 1293; x_wconf 91' lang='lat' dir='ltr'><strong>cum</strong></span> <span class='ocrx_word' id='word_1_520' title='bbox 1255 1270 1282 1293; x_wconf 89' lang='lat' dir='ltr'><strong>et</strong></span> <span class='ocrx_word' id='word_1_521' title='bbox 1298 1265 1504 1293; x_wconf 74' lang='lat' dir='ltr'><strong>Cltzeremonem</strong></span> <span class='ocrx_word' id='word_1_522' title='bbox 1517 1269 1544 1292; x_wconf 91' lang='lat' dir='ltr'><strong>et</strong></span> <span class='ocrx_word' id='word_1_523' title='bbox 1567 1265 1636 1291; x_wconf 89' lang='lat' dir='ltr'><strong>alios</strong></span> <span class='ocrx_word' id='word_1_524' title='bbox 1661 1264 1806 1299; x_wconf 76' lang='lat' dir='ltr'><strong>plerosque</strong></span> 
     </span>
    </p>
   </div>
   <div class='ocr_carea' id='block_1_72' title="bbox 1023 1310 1806 1347">
    <p class='ocr_par' dir='ltr' id='par_1_72' title="bbox 1023 1310 1806 1347">
     <span class='ocr_line' id='line_1_72' title="bbox 1023 1310 1806 1347; baseline -0.005 -7"><span class='ocrx_word' id='word_1_525' title='bbox 1023 1312 1103 1347; x_wconf 78' lang='lat'><strong>119</strong></span> <span class='ocrx_word' id='word_1_526' title='bbox 1120 1311 1260 1345; x_wconf 79' lang='lat' dir='ltr'><strong>fateretur,</strong></span> <span class='ocrx_word' id='word_1_527' title='bbox 1277 1312 1344 1339; x_wconf 86' lang='lat' dir='ltr'><strong>nihil</strong></span> <span class='ocrx_word' id='word_1_528' title='bbox 1356 1312 1468 1339; x_wconf 91' lang='lat' dir='ltr'><strong>omnino</strong></span> <span class='ocrx_word' id='word_1_529' title='bbox 1482 1315 1579 1347; x_wconf 65' lang='lat' dir='ltr'><strong>praeter</strong></span> <span class='ocrx_word' id='word_1_530' title='bbox 1603 1310 1721 1337; x_wconf 86' lang='lat' dir='ltr'><strong>mundos</strong></span> <span class='ocrx_word' id='word_1_531' title='bbox 1734 1310 1806 1342; x_wconf 86' lang='lat' dir='ltr'><strong>illos,</strong></span> 
     </span>
    </p>
   </div>
   <div class='ocr_carea' id='block_1_73' title="bbox 1020 1357 1804 1393">
    <p class='ocr_par' dir='ltr' id='par_1_73' title="bbox 1020 1357 1804 1393">
     <span class='ocr_line' id='line_1_73' title="bbox 1020 1357 1804 1393; baseline -0.004 -8"><span class='ocrx_word' id='word_1_532' title='bbox 1020 1366 1089 1392; x_wconf 91' lang='lat' dir='ltr'><strong>quos</strong></span> <span class='ocrx_word' id='word_1_533' title='bbox 1098 1365 1196 1385; x_wconf 88' lang='lat' dir='ltr'><strong>sensus</strong></span> <span class='ocrx_word' id='word_1_534' title='bbox 1206 1357 1366 1393; x_wconf 87' lang='lat' dir='ltr'><strong>perciperet,</strong></span> <span class='ocrx_word' id='word_1_535' title='bbox 1379 1358 1531 1393; x_wconf 82' lang='lat' dir='ltr'><strong>agnovisse,</strong></span> <span class='ocrx_word' id='word_1_536' title='bbox 1544 1357 1666 1391; x_wconf 83' lang='lat' dir='ltr'><strong>adeoque</strong></span> <span class='ocrx_word' id='word_1_537' title='bbox 1675 1361 1804 1391; x_wconf 90' lang='lat' dir='ltr'><strong>tanquam</strong></span> 
     </span>
    </p>
   </div>
   <div class='ocr_carea' id='block_1_74' title="bbox 1019 1403 1805 1440">
    <p class='ocr_par' dir='ltr' id='par_1_74' title="bbox 1019 1403 1805 1440">
     <span class='ocr_line' id='line_1_74' title="bbox 1019 1403 1805 1440; baseline -0.003 -9"><span class='ocrx_word' id='word_1_538' title='bbox 1019 1404 1142 1431; x_wconf 91' lang='lat' dir='ltr'><strong>omnium</strong></span> <span class='ocrx_word' id='word_1_539' title='bbox 1156 1404 1293 1440; x_wconf 87' lang='lat' dir='ltr'><strong>principes</strong></span> <span class='ocrx_word' id='word_1_540' title='bbox 1308 1403 1451 1439; x_wconf 65' lang='lat' dir='ltr'><strong>Egyptios</strong></span> <span class='ocrx_word' id='word_1_541' title='bbox 1466 1403 1601 1439; x_wconf 89' lang='lat' dir='ltr'><strong>posuisse,</strong></span> <span class='ocrx_word' id='word_1_542' title='bbox 1625 1403 1697 1438; x_wconf 88' lang='lat' dir='ltr'><strong>quod</strong></span> <span class='ocrx_word' id='word_1_543' title='bbox 1710 1403 1742 1429; x_wconf 89' lang='lat' dir='ltr'><strong>ad</strong></span> <span class='ocrx_word' id='word_1_544' title='bbox 1760 1410 1805 1430; x_wconf 92' lang='lat' dir='ltr'><strong>re-</strong></span> 
     </span>
    </p>
   </div>
   <div class='ocr_carea' id='block_1_75' title="bbox 1019 1451 1803 1484">
    <p class='ocr_par' dir='ltr' id='par_1_75' title="bbox 1019 1451 1803 1484">
     <span class='ocr_line' id='line_1_75' title="bbox 1019 1451 1803 1484; baseline -0.003 -6"><span class='ocrx_word' id='word_1_545' title='bbox 1019 1459 1080 1478; x_wconf 91' lang='lat' dir='ltr'><strong>rum</strong></span> <span class='ocrx_word' id='word_1_546' title='bbox 1094 1451 1259 1478; x_wconf 87' lang='lat' dir='ltr'><strong>naturalium</strong></span> <span class='ocrx_word' id='word_1_547' title='bbox 1286 1451 1403 1478; x_wconf 83' lang='lat' dir='ltr'><strong>rationes</strong></span> <span class='ocrx_word' id='word_1_548' title='bbox 1422 1451 1523 1483; x_wconf 87' lang='lat' dir='ltr'><strong>omnia,</strong></span> <span class='ocrx_word' id='word_1_549' title='bbox 1549 1451 1615 1478; x_wconf 86' lang='lat' dir='ltr'><strong>nihil</strong></span> <span class='ocrx_word' id='word_1_550' title='bbox 1631 1451 1665 1477; x_wconf 88' lang='lat' dir='ltr'><strong>ad</strong></span> <span class='ocrx_word' id='word_1_551' title='bbox 1678 1454 1803 1484; x_wconf 82' lang='lat' dir='ltr'><strong>expertes</strong></span> 
     </span>
    </p>
   </div>
   <div class='ocr_carea' id='block_1_76' title="bbox 1018 1497 1802 1532">
    <p class='ocr_par' dir='ltr' id='par_1_76' title="bbox 1018 1497 1802 1532">
     <span class='ocr_line' id='line_1_76' title="bbox 1018 1497 1802 1532; baseline -0.004 -7"><span class='ocrx_word' id='word_1_552' title='bbox 1018 1498 1141 1532; x_wconf 89' lang='lat' dir='ltr'><strong>corporis</strong></span> <span class='ocrx_word' id='word_1_553' title='bbox 1152 1498 1328 1532; x_wconf 82' lang='lat' dir='ltr'><strong>viventesque</strong></span> <span class='ocrx_word' id='word_1_554' title='bbox 1342 1502 1453 1524; x_wconf 87' lang='lat' dir='ltr'><strong>naturas</strong></span> <span class='ocrx_word' id='word_1_555' title='bbox 1463 1497 1623 1532; x_wconf 70' lang='lat' dir='ltr'><strong>explicando</strong></span> <span class='ocrx_word' id='word_1_556' title='bbox 1633 1501 1802 1529; x_wconf 85' lang='lat' dir='ltr'><strong>revoearent;</strong></span> 
     </span>
    </p>
   </div>
   <div class='ocr_carea' id='block_1_77' title="bbox 1018 1542 1803 1579">
    <p class='ocr_par' dir='ltr' id='par_1_77' title="bbox 1018 1542 1803 1579">
     <span class='ocr_line' id='line_1_77' title="bbox 1018 1542 1803 1579; baseline -0.003 -8"><span class='ocrx_word' id='word_1_557' title='bbox 1018 1544 1042 1571; x_wconf 79' lang='lat' dir='ltr'><strong>si</strong></span> <span class='ocrx_word' id='word_1_558' title='bbox 1056 1551 1131 1579; x_wconf 80' lang='lat' dir='ltr'><strong>ergo,</strong></span> <span class='ocrx_word' id='word_1_559' title='bbox 1139 1543 1180 1571; x_wconf 86' lang='lat' dir='ltr'><strong>vel</strong></span> <span class='ocrx_word' id='word_1_560' title='bbox 1200 1544 1315 1571; x_wconf 90' lang='lat' dir='ltr'><strong>istorum</strong></span> <span class='ocrx_word' id='word_1_561' title='bbox 1330 1544 1513 1576; x_wconf 80' lang='lat' dir='ltr'><strong>confessione,</strong></span> <span class='ocrx_word' id='word_1_562' title='bbox 1528 1543 1667 1578; x_wconf 90' lang='lat' dir='ltr'><strong>proprium</strong></span> <span class='ocrx_word' id='word_1_563' title='bbox 1680 1542 1706 1569; x_wconf 79' lang='lat' dir='ltr'><strong>id</strong></span> <span class='ocrx_word' id='word_1_564' title='bbox 1718 1542 1803 1578; x_wconf 66' lang='lat' dir='ltr'><strong>IEgy-</strong></span> 
     </span>
    </p>
   </div>
   <div class='ocr_carea' id='block_1_78' title="bbox 1016 1588 1802 1624">
    <p class='ocr_par' dir='ltr' id='par_1_78' title="bbox 1016 1588 1802 1624">
     <span class='ocr_line' id='line_1_78' title="bbox 1016 1588 1802 1624; baseline 0.003 -9"><span class='ocrx_word' id='word_1_565' title='bbox 1016 1589 1135 1624; x_wconf 88' lang='lat' dir='ltr'><strong>ptiorum</strong></span> <span class='ocrx_word' id='word_1_566' title='bbox 1152 1588 1213 1621; x_wconf 86' lang='lat' dir='ltr'><strong>fuit,</strong></span> <span class='ocrx_word' id='word_1_567' title='bbox 1231 1589 1298 1616; x_wconf 89' lang='lat' dir='ltr'><strong>nihil</strong></span> <span class='ocrx_word' id='word_1_568' title='bbox 1320 1594 1348 1617; x_wconf 92' lang='lat' dir='ltr'><strong>ut</strong></span> <span class='ocrx_word' id='word_1_569' title='bbox 1364 1589 1396 1617; x_wconf 90' lang='lat' dir='ltr'><strong>ad</strong></span> <span class='ocrx_word' id='word_1_570' title='bbox 1414 1593 1538 1624; x_wconf 77' lang='lat' dir='ltr'><strong>expertes</strong></span> <span class='ocrx_word' id='word_1_571' title='bbox 1560 1590 1683 1624; x_wconf 77' lang='lat' dir='ltr'><strong>corporis</strong></span> <span class='ocrx_word' id='word_1_572' title='bbox 1707 1591 1802 1617; x_wconf 83' lang='lat' dir='ltr'><strong>viven-</strong></span> 
     </span>
    </p>
   </div>
   <div class='ocr_carea' id='block_1_79' title="bbox 1017 1636 1802 1671">
    <p class='ocr_par' dir='ltr' id='par_1_79' title="bbox 1017 1636 1802 1671">
     <span class='ocr_line' id='line_1_79' title="bbox 1017 1636 1802 1671; baseline 0.004 -10"><span class='ocrx_word' id='word_1_573' title='bbox 1017 1639 1112 1670; x_wconf 88' lang='lat' dir='ltr'><strong>tesque</strong></span> <span class='ocrx_word' id='word_1_574' title='bbox 1128 1640 1240 1663; x_wconf 86' lang='lat' dir='ltr'><strong>naturas</strong></span> <span class='ocrx_word' id='word_1_575' title='bbox 1252 1636 1436 1669; x_wconf 86' lang='lat' dir='ltr'><strong>traducerent,</strong></span> <span class='ocrx_word' id='word_1_576' title='bbox 1457 1636 1503 1664; x_wconf 87' lang='lat' dir='ltr'><strong>sed</strong></span> <span class='ocrx_word' id='word_1_577' title='bbox 1518 1644 1688 1671; x_wconf 63' lang='lat' dir='ltr'><strong>quacunque</strong></span> <span class='ocrx_word' id='word_1_578' title='bbox 1701 1637 1734 1664; x_wconf 90' lang='lat' dir='ltr'><strong>de</strong></span> <span class='ocrx_word' id='word_1_579' title='bbox 1748 1637 1802 1664; x_wconf 86' lang='lat' dir='ltr'><strong>diis</strong></span> 
     </span>
    </p>
   </div>
   <div class='ocr_carea' id='block_1_80' title="bbox 1015 1679 1802 1717">
    <p class='ocr_par' dir='ltr' id='par_1_80' title="bbox 1015 1679 1802 1717">
     <span class='ocr_line' id='line_1_80' title="bbox 1015 1679 1802 1717; baseline 0.004 -11"><span class='ocrx_word' id='word_1_580' title='bbox 1015 1679 1222 1714; x_wconf 77' lang='lat' dir='ltr'><strong>fabulabantur,</strong></span> <span class='ocrx_word' id='word_1_581' title='bbox 1234 1689 1265 1709; x_wconf 88' lang='lat' dir='ltr'><strong>ea</strong></span> <span class='ocrx_word' id='word_1_582' title='bbox 1281 1681 1314 1708; x_wconf 89' lang='lat' dir='ltr'><strong>ad</strong></span> <span class='ocrx_word' id='word_1_583' title='bbox 1335 1687 1426 1717; x_wconf 87' lang='lat' dir='ltr'><strong>partes</strong></span> <span class='ocrx_word' id='word_1_584' title='bbox 1444 1682 1538 1709; x_wconf 90' lang='lat' dir='ltr'><strong>mundi</strong></span> <span class='ocrx_word' id='word_1_585' title='bbox 1554 1682 1693 1710; x_wconf 87' lang='lat' dir='ltr'><strong>naturales</strong></span> <span class='ocrx_word' id='word_1_586' title='bbox 1710 1683 1802 1710; x_wconf 84' lang='lat' dir='ltr'><strong>omnia</strong></span> 
     </span>
    </p>
   </div>
   <div class='ocr_carea' id='block_1_81' title="bbox 1016 1730 1801 1765">
    <p class='ocr_par' dir='ltr' id='par_1_81' title="bbox 1016 1730 1801 1765">
     <span class='ocr_line' id='line_1_81' title="bbox 1016 1730 1801 1765; baseline 0.004 -11"><span class='ocrx_word' id='word_1_587' title='bbox 1016 1733 1175 1755; x_wconf 75' lang='lat' dir='ltr'><strong>revocarent</strong></span> <span class='ocrx_word' id='word_1_588' title='bbox 1187 1736 1194 1760; x_wconf 91' lang='lat'>;</span> <span class='ocrx_word' id='word_1_589' title='bbox 1207 1736 1339 1763; x_wconf 85' lang='lat' dir='ltr'><strong>quorsum</strong></span> <span class='ocrx_word' id='word_1_590' title='bbox 1357 1730 1465 1756; x_wconf 86' lang='lat' dir='ltr'><strong>tandem</strong></span> <span class='ocrx_word' id='word_1_591' title='bbox 1479 1737 1548 1757; x_wconf 88' lang='lat' dir='ltr'><strong>nova</strong></span> <span class='ocrx_word' id='word_1_592' title='bbox 1562 1737 1595 1757; x_wconf 82' lang='lat' dir='ltr'><strong>ex</strong></span> <span class='ocrx_word' id='word_1_593' title='bbox 1609 1730 1714 1765; x_wconf 76' lang='lat' dir='ltr'><strong>integro</strong></span> <span class='ocrx_word' id='word_1_594' title='bbox 1728 1738 1801 1757; x_wconf 81' lang='lat' dir='ltr'><strong>eom-</strong></span> 
     </span>
    </p>
   </div>
   <div class='ocr_carea' id='block_1_82' title="bbox 1016 1774 1801 1811">
    <p class='ocr_par' dir='ltr' id='par_1_82' title="bbox 1016 1774 1801 1811">
     <span class='ocr_line' id='line_1_82' title="bbox 1016 1774 1801 1811; baseline 0.005 -12"><span class='ocrx_word' id='word_1_595' title='bbox 1016 1777 1107 1800; x_wconf 86' lang='lat' dir='ltr'><strong>menta</strong></span> <span class='ocrx_word' id='word_1_596' title='bbox 1123 1774 1301 1807; x_wconf 84' lang='lat' dir='ltr'><strong>somniantes,</strong></span> <span class='ocrx_word' id='word_1_597' title='bbox 1327 1774 1462 1810; x_wconf 65' lang='lat' dir='ltr'><strong>Egyptiis</strong></span> <span class='ocrx_word' id='word_1_598' title='bbox 1486 1776 1574 1803; x_wconf 86' lang='lat' dir='ltr'><strong>aliena</strong></span> <span class='ocrx_word' id='word_1_599' title='bbox 1600 1784 1715 1811; x_wconf 71' lang='lat' dir='ltr'><strong>quasque</strong></span> <span class='ocrx_word' id='word_1_600' title='bbox 1731 1777 1801 1804; x_wconf 88' lang='lat' dir='ltr'><strong>assi-</strong></span> 
     </span>
    </p>
   </div>
   <div class='ocr_carea' id='block_1_83' title="bbox 1016 1819 1800 1856">
    <p class='ocr_par' dir='ltr' id='par_1_83' title="bbox 1016 1819 1800 1856">
     <span class='ocr_line' id='line_1_83' title="bbox 1016 1819 1800 1856; baseline 0.005 -11"><span class='ocrx_word' id='word_1_601' title='bbox 1016 1819 1116 1854; x_wconf 82' lang='lat' dir='ltr'><strong>gnatis,</strong></span> <span class='ocrx_word' id='word_1_602' title='bbox 1130 1827 1232 1855; x_wconf 90' lang='lat' dir='ltr'><strong>eosque</strong></span> <span class='ocrx_word' id='word_1_603' title='bbox 1248 1820 1411 1856; x_wconf 78' lang='lat' dir='ltr'><strong>theologiam</strong></span> <span class='ocrx_word' id='word_1_604' title='bbox 1422 1829 1499 1848; x_wconf 86' lang='lat' dir='ltr'><strong>suam</strong></span> <span class='ocrx_word' id='word_1_605' title='bbox 1518 1821 1665 1849; x_wconf 88' lang='lat' dir='ltr'><strong>innaturas</strong></span> <span class='ocrx_word' id='word_1_606' title='bbox 1678 1822 1713 1849; x_wconf 88' lang='lat' dir='ltr'><strong>ab</strong></span> <span class='ocrx_word' id='word_1_607' title='bbox 1726 1822 1800 1849; x_wconf 92' lang='lat' dir='ltr'><strong>omni</strong></span> 
     </span>
    </p>
   </div>
   <div class='ocr_carea' id='block_1_84' title="bbox 1015 1865 1802 1902">
    <p class='ocr_par' dir='ltr' id='par_1_84' title="bbox 1015 1865 1802 1902">
     <span class='ocr_line' id='line_1_84' title="bbox 1015 1865 1802 1902; baseline 0.004 -10"><span class='ocrx_word' id='word_1_608' title='bbox 1015 1865 1153 1900; x_wconf 85' lang='lat' dir='ltr'><strong>sejunctas</strong></span> <span class='ocrx_word' id='word_1_609' title='bbox 1170 1866 1448 1894; x_wconf 78' lang='lat' dir='ltr'><strong>materiaeontulisse</strong></span> <span class='ocrx_word' id='word_1_610' title='bbox 1460 1867 1612 1895; x_wconf 82' lang='lat' dir='ltr'><strong>dictitatis?</strong></span> <span class='ocrx_word' id='word_1_611' title='bbox 1633 1868 1721 1902; x_wconf 79' lang='lat' dir='ltr'><strong>Atque</strong></span> <span class='ocrx_word' id='word_1_612' title='bbox 1750 1868 1802 1895; x_wconf 90' lang='lat' dir='ltr'><strong>hoc</strong></span> 
     </span>
    </p>
   </div>
   <div class='ocr_carea' id='block_1_85' title="bbox 1014 1912 1798 1948">
    <p class='ocr_par' dir='ltr' id='par_1_85' title="bbox 1014 1912 1798 1948">
     <span class='ocr_line' id='line_1_85' title="bbox 1014 1912 1798 1948; baseline 0.004 -9"><span class='ocrx_word' id='word_1_613' title='bbox 1014 1912 1096 1939; x_wconf 88' lang='lat' dir='ltr'><strong>modo</strong></span> <span class='ocrx_word' id='word_1_614' title='bbox 1120 1913 1252 1948; x_wconf 88' lang='lat' dir='ltr'><strong>quidquid</strong></span> <span class='ocrx_word' id='word_1_615' title='bbox 1268 1914 1302 1940; x_wconf 90' lang='lat' dir='ltr'><strong>ab</strong></span> <span class='ocrx_word' id='word_1_616' title='bbox 1323 1913 1383 1941; x_wconf 93' lang='lat' dir='ltr'><strong>istis</strong></span> <span class='ocrx_word' id='word_1_617' title='bbox 1395 1914 1577 1948; x_wconf 72' lang='lat' dir='ltr'><strong>excogitatum</strong></span> <span class='ocrx_word' id='word_1_618' title='bbox 1593 1920 1646 1946; x_wconf 86' lang='lat' dir='ltr'><strong>est,</strong></span> <span class='ocrx_word' id='word_1_619' title='bbox 1662 1914 1798 1942; x_wconf 88' lang='lat' dir='ltr'><strong>confutari</strong></span> 
     </span>
    </p>
   </div>
   <div class='ocr_carea' id='block_1_86' title="bbox 1015 1959 1798 1996">
    <p class='ocr_par' dir='ltr' id='par_1_86' title="bbox 1015 1959 1798 1996">
     <span class='ocr_line' id='line_1_86' title="bbox 1015 1959 1798 1996; baseline 0.004 -11"><span class='ocrx_word' id='word_1_620' title='bbox 1015 1959 1172 1987; x_wconf 89' lang='lat' dir='ltr'><strong>universum</strong></span> <span class='ocrx_word' id='word_1_621' title='bbox 1185 1965 1282 1994; x_wconf 82' lang='lat' dir='ltr'><strong>potest.</strong></span> <span class='ocrx_word' id='word_1_622' title='bbox 1300 1959 1360 1987; x_wconf 75' lang='lat' dir='ltr'><strong>lam</strong></span> <span class='ocrx_word' id='word_1_623' title='bbox 1369 1968 1433 1988; x_wconf 89' lang='lat' dir='ltr'><strong>vero</strong></span> <span class='ocrx_word' id='word_1_624' title='bbox 1448 1965 1478 1988; x_wconf 92' lang='lat' dir='ltr'><strong>ut</strong></span> <span class='ocrx_word' id='word_1_625' title='bbox 1494 1961 1664 1995; x_wconf 78' lang='lat' dir='ltr'><strong>singularum</strong></span> <span class='ocrx_word' id='word_1_626' title='bbox 1680 1962 1798 1996; x_wconf 88' lang='lat' dir='ltr'><strong>partium</strong></span> 
     </span>
    </p>
   </div>
   <div class='ocr_carea' id='block_1_87' title="bbox 1014 2005 1798 2041">
    <p class='ocr_par' dir='ltr' id='par_1_87' title="bbox 1014 2005 1798 2041">
     <span class='ocr_line' id='line_1_87' title="bbox 1014 2005 1798 2041; baseline 0.004 -9"><span class='ocrx_word' id='word_1_627' title='bbox 1014 2010 1136 2032; x_wconf 85' lang='lat' dir='ltr'><strong>coactam</strong></span> <span class='ocrx_word' id='word_1_628' title='bbox 1161 2005 1229 2033; x_wconf 88' lang='lat' dir='ltr'><strong>adeo</strong></span> <span class='ocrx_word' id='word_1_629' title='bbox 1255 2010 1337 2041; x_wconf 87' lang='lat' dir='ltr'><strong>atque</strong></span> <span class='ocrx_word' id='word_1_630' title='bbox 1355 2006 1501 2033; x_wconf 80' lang='lat' dir='ltr'><strong>violentam</strong></span> <span class='ocrx_word' id='word_1_631' title='bbox 1519 2008 1798 2036; x_wconf 84' lang='lat' dir='ltr'><strong>accommodationem</strong></span> 
     </span>
    </p>
   </div>
   <div class='ocr_carea' id='block_1_88' title="bbox 1015 2051 1800 2087">
    <p class='ocr_par' dir='ltr' id='par_1_88' title="bbox 1015 2051 1800 2087">
     <span class='ocr_line' id='line_1_88' title="bbox 1015 2051 1800 2087; baseline 0.005 -9"><span class='ocrx_word' id='word_1_632' title='bbox 1015 2051 1181 2084; x_wconf 86' lang='lat' dir='ltr'><strong>refellamus,</strong></span> <span class='ocrx_word' id='word_1_633' title='bbox 1198 2059 1253 2079; x_wconf 93' lang='lat' dir='ltr'><strong>non</strong></span> <span class='ocrx_word' id='word_1_634' title='bbox 1269 2053 1349 2087; x_wconf 73' lang='lat' dir='ltr'><strong>longa</strong></span> <span class='ocrx_word' id='word_1_635' title='bbox 1366 2053 1444 2080; x_wconf 86' lang='lat' dir='ltr'><strong>nobis</strong></span> <span class='ocrx_word' id='word_1_636' title='bbox 1461 2053 1585 2080; x_wconf 81' lang='lat' dir='ltr'><strong>oratione</strong></span> <span class='ocrx_word' id='word_1_637' title='bbox 1598 2060 1666 2087; x_wconf 88' lang='lat' dir='ltr'><strong>opus</strong></span> <span class='ocrx_word' id='word_1_638' title='bbox 1683 2062 1743 2081; x_wconf 85' lang='lat' dir='ltr'><strong>esse</strong></span> <span class='ocrx_word' id='word_1_639' title='bbox 1756 2063 1800 2082; x_wconf 91' lang='lat' dir='ltr'><strong>ar-</strong></span> 
     </span>
    </p>
   </div>
   <div class='ocr_carea' id='block_1_89' title="bbox 1014 2097 1800 2135">
    <p class='ocr_par' dir='ltr' id='par_1_89' title="bbox 1014 2097 1800 2135">
     <span class='ocr_line' id='line_1_89' title="bbox 1014 2097 1800 2135; baseline 0.006 -11"><span class='ocrx_word' id='word_1_640' title='bbox 1014 2097 1109 2125; x_wconf 89' lang='lat' dir='ltr'><strong>bitror.</strong></span> <span class='ocrx_word' id='word_1_641' title='bbox 1130 2098 1208 2125; x_wconf 89' lang='lat' dir='ltr'><strong>Enim</strong></span> <span class='ocrx_word' id='word_1_642' title='bbox 1224 2106 1299 2132; x_wconf 82' lang='lat' dir='ltr'><strong>vero,</strong></span> <span class='ocrx_word' id='word_1_643' title='bbox 1316 2104 1345 2126; x_wconf 89' lang='lat' dir='ltr'><strong>ut</strong></span> <span class='ocrx_word' id='word_1_644' title='bbox 1356 2098 1546 2135; x_wconf 62' lang='lat' dir='ltr'><strong>Egyptiorum</strong></span> <span class='ocrx_word' id='word_1_645' title='bbox 1559 2100 1756 2135; x_wconf 80' lang='lat' dir='ltr'><strong>deliramentis,</strong></span> <span class='ocrx_word' id='word_1_646' title='bbox 1767 2109 1800 2129; x_wconf 83' lang='lat' dir='ltr'><strong>ac</strong></span> 
     </span>
    </p>
   </div>
   <div class='ocr_carea' id='block_1_90' title="bbox 1013 2145 1799 2183">
    <p class='ocr_par' dir='ltr' id='par_1_90' title="bbox 1013 2145 1799 2183">
     <span class='ocr_line' id='line_1_90' title="bbox 1013 2145 1799 2183; baseline 0.006 -12"><span class='ocrx_word' id='word_1_647' title='bbox 1013 2145 1111 2172; x_wconf 89' lang='lat' dir='ltr'><strong>stolida</strong></span> <span class='ocrx_word' id='word_1_648' title='bbox 1125 2154 1258 2181; x_wconf 74' lang='lat' dir='ltr'><strong>nugarum</strong></span> <span class='ocrx_word' id='word_1_649' title='bbox 1271 2146 1386 2174; x_wconf 89' lang='lat' dir='ltr'><strong>anilium</strong></span> <span class='ocrx_word' id='word_1_650' title='bbox 1400 2147 1527 2182; x_wconf 78' lang='lat' dir='ltr'><strong>congerie</strong></span> <span class='ocrx_word' id='word_1_651' title='bbox 1544 2148 1742 2183; x_wconf 60' lang='lat' dir='ltr'><strong>praetermissa,</strong></span> <span class='ocrx_word' id='word_1_652' title='bbox 1765 2150 1799 2177; x_wconf 89' lang='lat' dir='ltr'><strong>ad</strong></span> 
     </span>
    </p>
   </div>
   <div class='ocr_carea' id='block_1_91' title="bbox 1013 2190 1797 2228">
    <p class='ocr_par' dir='ltr' id='par_1_91' title="bbox 1013 2190 1797 2228">
     <span class='ocr_line' id='line_1_91' title="bbox 1013 2190 1797 2228; baseline 0.006 -11"><span class='ocrx_word' id='word_1_653' title='bbox 1013 2190 1162 2225; x_wconf 88' lang='lat' dir='ltr'><strong>politorum</strong></span> <span class='ocrx_word' id='word_1_654' title='bbox 1188 2190 1344 2219; x_wconf 66' lang='lat' dir='ltr'><strong>Graecorum</strong></span> <span class='ocrx_word' id='word_1_655' title='bbox 1374 2192 1573 2228; x_wconf 79' lang='lat' dir='ltr'><strong>physiologiam</strong></span> <span class='ocrx_word' id='word_1_656' title='bbox 1601 2198 1797 2222; x_wconf 86' lang='lat' dir='ltr'><strong>transeamus:</strong></span> 
     </span>
    </p>
   </div>
   <div class='ocr_carea' id='block_1_92' title="bbox 170 2226 965 2275">
    <p class='ocr_par' dir='ltr' id='par_1_92' title="bbox 170 2226 961 2266">
     <span class='ocr_line' id='line_1_92' title="bbox 170 2226 961 2266; baseline 0.006 -13"><span class='ocrx_word' id='word_1_657' title='bbox 170 2226 242 2259; x_wconf 82' lang='grc' dir='ltr'>σίαν,</span> <span class='ocrx_word' id='word_1_658' title='bbox 259 2228 307 2254; x_wconf 68' lang='grc' dir='ltr'><strong>καὶ</strong></span> <span class='ocrx_word' id='word_1_659' title='bbox 316 2227 357 2254; x_wconf 79' lang='grc' dir='ltr'>ὃτι</span> <span class='ocrx_word' id='word_1_660' title='bbox 372 2227 441 2263; x_wconf 85' lang='grc' dir='ltr'><strong>λήθη</strong></span> <span class='ocrx_word' id='word_1_661' title='bbox 457 2227 619 2265; x_wconf 80' lang='grc' dir='ltr'>ξυνομαρτεῖ</span> <span class='ocrx_word' id='word_1_662' title='bbox 632 2230 693 2261; x_wconf 86' lang='grc' dir='ltr'>ταῖς</span> <span class='ocrx_word' id='word_1_663' title='bbox 717 2231 770 2257; x_wconf 85' lang='grc' dir='ltr'><strong>ὑπὸ</strong></span> <span class='ocrx_word' id='word_1_664' title='bbox 783 2231 897 2266; x_wconf 82' lang='grc' dir='ltr'>σελήνην</span> <span class='ocrx_word' id='word_1_665' title='bbox 915 2240 961 2266; x_wconf 88' lang='grc' dir='ltr'>γε-</span> 
     </span>
    </p>
   </div>
   <div class='ocr_carea' id='block_1_93' title="bbox 1019 2226 1797 2275">
    <p class='ocr_par' dir='ltr' id='par_1_93' title="bbox 1019 2236 1797 2274">
     <span class='ocr_line' id='line_1_93' title="bbox 1019 2236 1797 2274; baseline 0.005 -11"><span class='ocrx_word' id='word_1_666' title='bbox 1019 2236 1087 2271; x_wconf 71' lang='lat' dir='ltr'><strong>quis,</strong></span> <span class='ocrx_word' id='word_1_667' title='bbox 1104 2237 1231 2270; x_wconf 86' lang='lat' dir='ltr'><strong>obsecro,</strong></span> <span class='ocrx_word' id='word_1_668' title='bbox 1262 2245 1336 2265; x_wconf 59' lang='lat' dir='ltr'><strong>sane</strong></span> <span class='ocrx_word' id='word_1_669' title='bbox 1353 2239 1454 2265; x_wconf 84' lang='lat' dir='ltr'><strong>utentis</strong></span> <span class='ocrx_word' id='word_1_670' title='bbox 1466 2246 1525 2271; x_wconf 90' lang='lat' dir='ltr'><strong>eos,</strong></span> <span class='ocrx_word' id='word_1_671' title='bbox 1542 2239 1588 2274; x_wconf 92' lang='lat' dir='ltr'><strong>qui</strong></span> <span class='ocrx_word' id='word_1_672' title='bbox 1606 2244 1662 2267; x_wconf 89' lang='lat' dir='ltr'><strong>tam</strong></span> <span class='ocrx_word' id='word_1_673' title='bbox 1679 2240 1797 2267; x_wconf 88' lang='lat' dir='ltr'><strong>alienum</strong></span> 
     </span>
    </p>
   </div>
   <div class='ocr_carea' id='block_1_94' title="bbox 168 2273 957 2313">
    <p class='ocr_par' dir='ltr' id='par_1_94' title="bbox 168 2273 957 2313">
     <span class='ocr_line' id='line_1_94' title="bbox 168 2273 957 2313; baseline 0.003 -11"><span class='ocrx_word' id='word_1_674' title='bbox 168 2274 297 2310; x_wconf 67' lang='grc' dir='ltr'>Ὣμέναις</span> <span class='ocrx_word' id='word_1_675' title='bbox 314 2273 424 2310; x_wconf 81' lang='grc' dir='ltr'>ψυχαῖς·</span> <span class='ocrx_word' id='word_1_676' title='bbox 453 2274 512 2306; x_wconf 83' lang='grc' dir='ltr'>πῶς</span> <span class='ocrx_word' id='word_1_677' title='bbox 530 2273 576 2302; x_wconf 79' lang='grc' dir='ltr'><strong>οὖν</strong></span> <span class='ocrx_word' id='word_1_678' title='bbox 592 2277 608 2311; x_wconf 85' lang='grc' dir='ltr'><strong>ἡ</strong></span> <span class='ocrx_word' id='word_1_679' title='bbox 626 2275 697 2312; x_wconf 83' lang='grc' dir='ltr'>λήθη</span> <span class='ocrx_word' id='word_1_680' title='bbox 715 2277 814 2311; x_wconf 75' lang='grc' dir='ltr'>γένοιτ’</span> <span class='ocrx_word' id='word_1_681' title='bbox 835 2277 868 2304; x_wconf 85' lang='grc' dir='ltr'><strong>ειν</strong></span> <span class='ocrx_word' id='word_1_682' title='bbox 881 2277 957 2313; x_wconf 82' lang='grc' dir='ltr'>ἡλίου</span> 
     </span>
    </p>
   </div>
   <div class='ocr_carea' id='block_1_95' title="bbox 168 2321 957 2360">
    <p class='ocr_par' dir='ltr' id='par_1_95' title="bbox 168 2321 957 2360">
     <span class='ocr_line' id='line_1_95' title="bbox 168 2321 957 2360; baseline 0.005 -13"><span class='ocrx_word' id='word_1_683' title='bbox 168 2322 217 2348; x_wconf 77' lang='grc' dir='ltr'><strong>καὶ</strong></span> <span class='ocrx_word' id='word_1_684' title='bbox 230 2321 347 2357; x_wconf 81' lang='grc' dir='ltr'>σελήνης</span> <span class='ocrx_word' id='word_1_685' title='bbox 369 2321 472 2358; x_wconf 81' lang='grc' dir='ltr'>μήτηρ,</span> <span class='ocrx_word' id='word_1_686' title='bbox 492 2322 658 2354; x_wconf 77' lang='grc' dir='ltr'>’Λπόλλωνος</span> <span class='ocrx_word' id='word_1_687' title='bbox 671 2323 718 2349; x_wconf 82' lang='grc' dir='ltr'><strong>καὶ</strong></span> <span class='ocrx_word' id='word_1_688' title='bbox 738 2324 894 2360; x_wconf 80' lang='grc' dir='ltr'>Ἀρτέμιδος</span> <span class='ocrx_word' id='word_1_689' title='bbox 903 2324 957 2351; x_wconf 82' lang='grc' dir='ltr'><strong>τῶν</strong></span> 
     </span>
    </p>
   </div>
   <div class='ocr_carea' id='block_1_96' title="bbox 168 2366 957 2406">
    <p class='ocr_par' dir='ltr' id='par_1_96' title="bbox 168 2366 957 2406">
     <span class='ocr_line' id='line_1_96' title="bbox 168 2366 957 2406; baseline 0.006 -13"><span class='ocrx_word' id='word_1_690' title='bbox 168 2366 275 2403; x_wconf 73' lang='grc' dir='ltr'>Λητοῦς</span> <span class='ocrx_word' id='word_1_691' title='bbox 291 2367 394 2395; x_wconf 79' lang='grc' dir='ltr'>παίδων</span> <span class='ocrx_word' id='word_1_692' title='bbox 421 2369 461 2400; x_wconf 86' lang='grc' dir='ltr'><strong>είς</strong></span> <span class='ocrx_word' id='word_1_693' title='bbox 475 2369 550 2404; x_wconf 80' lang='grc' dir='ltr'>ἣλιον</span> <span class='ocrx_word' id='word_1_694' title='bbox 564 2369 611 2396; x_wconf 79' lang='grc' dir='ltr'><strong>καὶ</strong></span> <span class='ocrx_word' id='word_1_695' title='bbox 626 2369 739 2405; x_wconf 82' lang='grc' dir='ltr'>σελήνην</span> <span class='ocrx_word' id='word_1_696' title='bbox 757 2371 957 2406; x_wconf 82' lang='grc' dir='ltr'>μετενηνεγμέ-</span> 
     </span>
    </p>
   </div>
   <div class='ocr_carea' id='block_1_97' title="bbox 167 2413 956 2453">
    <p class='ocr_par' dir='ltr' id='par_1_97' title="bbox 167 2413 956 2453">
     <span class='ocr_line' id='line_1_97' title="bbox 167 2413 956 2453; baseline 0.005 -13"><span class='ocrx_word' id='word_1_697' title='bbox 167 2421 238 2446; x_wconf 85' lang='grc' dir='ltr'>νων;</span> <span class='ocrx_word' id='word_1_698' title='bbox 257 2413 290 2440; x_wconf 87' lang='grc' dir='ltr'>Τί</span> <span class='ocrx_word' id='word_1_699' title='bbox 301 2413 330 2440; x_wconf 79' lang='grc' dir='ltr'>δὲ</span> <span class='ocrx_word' id='word_1_700' title='bbox 342 2414 394 2450; x_wconf 83' lang='grc' dir='ltr'><strong>χρὴ</strong></span> <span class='ocrx_word' id='word_1_701' title='bbox 412 2415 501 2442; x_wconf 75' lang='grc' dir='ltr'>σέϐειν</span> <span class='ocrx_word' id='word_1_702' title='bbox 510 2415 550 2447; x_wconf 83' lang='grc' dir='ltr'>ὡς</span> <span class='ocrx_word' id='word_1_703' title='bbox 567 2415 627 2442; x_wconf 82' lang='grc' dir='ltr'>θεὸν</span> <span class='ocrx_word' id='word_1_704' title='bbox 641 2416 691 2451; x_wconf 85' lang='grc' dir='ltr'>τὴν</span> <span class='ocrx_word' id='word_1_705' title='bbox 714 2416 791 2443; x_wconf 75' lang='grc' dir='ltr'>Ῥέαν</span> <span class='ocrx_word' id='word_1_706' title='bbox 808 2417 886 2453; x_wconf 79' lang='grc' dir='ltr'>ῆτὴν</span> <span class='ocrx_word' id='word_1_707' title='bbox 904 2418 956 2453; x_wconf 91' lang='grc' dir='ltr'><strong>Δή-</strong></span> 
     </span>
    </p>
   </div>
   <div class='ocr_carea' id='block_1_98' title="bbox 169 2461 956 2499">
    <p class='ocr_par' dir='ltr' id='par_1_98' title="bbox 169 2461 956 2499">
     <span class='ocr_line' id='line_1_98' title="bbox 169 2461 956 2499; baseline 0.005 -13"><span class='ocrx_word' id='word_1_708' title='bbox 169 2468 288 2497; x_wconf 81' lang='grc' dir='ltr'>μητραν,</span> <span class='ocrx_word' id='word_1_709' title='bbox 302 2461 327 2487; x_wconf 82' lang='grc' dir='ltr'>εἰ</span> <span class='ocrx_word' id='word_1_710' title='bbox 341 2462 357 2497; x_wconf 84' lang='grc' dir='ltr'><strong>ή</strong></span> <span class='ocrx_word' id='word_1_711' title='bbox 373 2461 422 2496; x_wconf 80' lang='grc' dir='ltr'><strong>μὲν</strong></span> <span class='ocrx_word' id='word_1_712' title='bbox 435 2461 485 2496; x_wconf 80' lang='grc' dir='ltr'><strong>τῆς</strong></span> <span class='ocrx_word' id='word_1_713' title='bbox 509 2461 662 2497; x_wconf 78' lang='grc' dir='ltr'>πετρώδους</span> <span class='ocrx_word' id='word_1_714' title='bbox 678 2463 725 2489; x_wconf 73' lang='grc' dir='ltr'><strong>καὶ</strong></span> <span class='ocrx_word' id='word_1_715' title='bbox 749 2463 838 2499; x_wconf 78' lang='grc' dir='ltr'>ὀρείου</span> <span class='ocrx_word' id='word_1_716' title='bbox 860 2464 921 2499; x_wconf 82' lang='grc' dir='ltr'>γῆς,</span> <span class='ocrx_word' id='word_1_717' title='bbox 941 2465 956 2499; x_wconf 89' lang='grc' dir='ltr'><strong>ή</strong></span> 
     </span>
    </p>
   </div>
   <div class='ocr_carea' id='block_1_99' title="bbox 166 2505 956 2544">
    <p class='ocr_par' dir='ltr' id='par_1_99' title="bbox 166 2505 956 2544">
     <span class='ocr_line' id='line_1_99' title="bbox 166 2505 956 2544; baseline 0.005 -12"><span class='ocrx_word' id='word_1_718' title='bbox 166 2505 197 2533; x_wconf 75' lang='grc' dir='ltr'>δὲ</span> <span class='ocrx_word' id='word_1_719' title='bbox 210 2505 260 2541; x_wconf 76' lang='grc' dir='ltr'>τῆς</span> <span class='ocrx_word' id='word_1_720' title='bbox 276 2505 399 2537; x_wconf 76' lang='grc' dir='ltr'><strong>πεδιάδος</strong></span> <span class='ocrx_word' id='word_1_721' title='bbox 409 2506 445 2532; x_wconf 75' lang='grc' dir='ltr'>τὰ</span> <span class='ocrx_word' id='word_1_722' title='bbox 462 2505 584 2542; x_wconf 77' lang='grc' dir='ltr'>σύμϐολα</span> <span class='ocrx_word' id='word_1_723' title='bbox 598 2507 690 2542; x_wconf 77' lang='grc' dir='ltr'>φέρειν</span> <span class='ocrx_word' id='word_1_724' title='bbox 702 2507 829 2541; x_wconf 83' lang='grc' dir='ltr'>ὲλέγετο;</span> <span class='ocrx_word' id='word_1_725' title='bbox 855 2509 876 2535; x_wconf 90' lang='grc' dir='ltr'>Τ</span> <span class='ocrx_word' id='word_1_726' title='bbox 879 2510 911 2544; x_wconf 85' lang='grc' dir='ltr'><strong>ἡν</strong></span> <span class='ocrx_word' id='word_1_727' title='bbox 927 2518 956 2536; x_wconf 84' lang='grc' dir='ltr'><strong>τε</strong></span> 
     </span>
    </p>
   </div>
   <div class='ocr_carea' id='block_1_100' title="bbox 166 2550 957 2589">
    <p class='ocr_par' dir='ltr' id='par_1_100' title="bbox 166 2550 957 2589">
     <span class='ocr_line' id='line_1_100' title="bbox 166 2550 957 2589; baseline 0.005 -12"><span class='ocrx_word' id='word_1_728' title='bbox 166 2550 261 2587; x_wconf 80' lang='grc' dir='ltr'>Κόρην</span> <span class='ocrx_word' id='word_1_729' title='bbox 275 2550 322 2577; x_wconf 75' lang='grc' dir='ltr'>τὸν</span> <span class='ocrx_word' id='word_1_730' title='bbox 336 2550 415 2586; x_wconf 82' lang='grc' dir='ltr'>κόρον</span> <span class='ocrx_word' id='word_1_731' title='bbox 428 2550 651 2587; x_wconf 85' lang='grc' dir='ltr'>ἀλληγοροῦντες,</span> <span class='ocrx_word' id='word_1_732' title='bbox 672 2553 724 2579; x_wconf 89' lang='grc' dir='ltr'>τίνι</span> <span class='ocrx_word' id='word_1_733' title='bbox 745 2553 816 2589; x_wconf 84' lang='grc' dir='ltr'>λόγῳ</span> <span class='ocrx_word' id='word_1_734' title='bbox 835 2554 881 2580; x_wconf 78' lang='grc' dir='ltr'>καὶ</span> <span class='ocrx_word' id='word_1_735' title='bbox 892 2554 957 2580; x_wconf 79' lang='grc' dir='ltr'>ταύ-</span> 
     </span>
    </p>
   </div>
   <div class='ocr_carea' id='block_1_101' title="bbox 167 2597 956 2636">
    <p class='ocr_par' dir='ltr' id='par_1_101' title="bbox 167 2597 956 2636">
     <span class='ocr_line' id='line_1_101' title="bbox 167 2597 956 2636; baseline 0.005 -12"><span class='ocrx_word' id='word_1_736' title='bbox 167 2605 218 2633; x_wconf 77' lang='grc' dir='ltr'><strong>την</strong></span> <span class='ocrx_word' id='word_1_737' title='bbox 232 2597 335 2625; x_wconf 74' lang='grc' dir='ltr'>οἴονται</span> <span class='ocrx_word' id='word_1_738' title='bbox 349 2597 404 2624; x_wconf 83' lang='grc' dir='ltr'>δεῖν</span> <span class='ocrx_word' id='word_1_739' title='bbox 415 2598 447 2633; x_wconf 82' lang='grc' dir='ltr'>τῇ</span> <span class='ocrx_word' id='word_1_740' title='bbox 464 2598 605 2634; x_wconf 78' lang='grc' dir='ltr'>σεῦασμίῳ</span> <span class='ocrx_word' id='word_1_741' title='bbox 621 2600 792 2635; x_wconf 68' lang='grc' dir='ltr'>προσηγορίᾳ.</span> <span class='ocrx_word' id='word_1_742' title='bbox 806 2601 888 2636; x_wconf 83' lang='grc' dir='ltr'>τιμᾷν</span> <span class='ocrx_word' id='word_1_743' title='bbox 900 2609 907 2633; x_wconf 87' lang='grc'>;</span> <span class='ocrx_word' id='word_1_744' title='bbox 924 2601 956 2628; x_wconf 82' lang='grc' dir='ltr'>Τί</span> 
     </span>
    </p>
   </div>
   <div class='ocr_carea' id='block_1_102' title="bbox 166 2643 956 2682">
    <p class='ocr_par' dir='ltr' id='par_1_102' title="bbox 166 2643 956 2682">
     <span class='ocr_line' id='line_1_102' title="bbox 166 2643 956 2682; baseline 0.004 -12"><span class='ocrx_word' id='word_1_745' title='bbox 166 2644 196 2671; x_wconf 76' lang='grc' dir='ltr'>δὲ</span> <span class='ocrx_word' id='word_1_746' title='bbox 213 2643 314 2680; x_wconf 79' lang='grc' dir='ltr'>μᾶλλον</span> <span class='ocrx_word' id='word_1_747' title='bbox 325 2644 375 2680; x_wconf 87' lang='grc' dir='ltr'>τὴν</span> <span class='ocrx_word' id='word_1_748' title='bbox 390 2643 598 2680; x_wconf 85' lang='grc' dir='ltr'>σπερματοῦχον</span> <span class='ocrx_word' id='word_1_749' title='bbox 613 2644 737 2680; x_wconf 78' lang='grc' dir='ltr'>δύναμιν,</span> <span class='ocrx_word' id='word_1_750' title='bbox 760 2646 806 2672; x_wconf 76' lang='grc' dir='ltr'>καὶ</span> <span class='ocrx_word' id='word_1_751' title='bbox 832 2646 881 2682; x_wconf 83' lang='grc' dir='ltr'><strong>τὴν</strong></span> <span class='ocrx_word' id='word_1_752' title='bbox 903 2647 956 2674; x_wconf 83' lang='grc' dir='ltr'><strong>τῶν</strong></span> 
     </span>
    </p>
   </div>
   <div class='ocr_carea' id='block_1_103' title="bbox 166 2688 956 2729">
    <p class='ocr_par' dir='ltr' id='par_1_103' title="bbox 166 2688 956 2729">
     <span class='ocr_line' id='line_1_103' title="bbox 166 2688 956 2729; baseline 0.004 -13"><span class='ocrx_word' id='word_1_753' title='bbox 166 2688 326 2726; x_wconf 76' lang='grc' dir='ltr'>ἀκροδρύων</span> <span class='ocrx_word' id='word_1_754' title='bbox 340 2690 447 2725; x_wconf 83' lang='grc' dir='ltr'>γένεσιν</span> <span class='ocrx_word' id='word_1_755' title='bbox 462 2691 544 2726; x_wconf 76' lang='grc' dir='ltr'>ἡτῶν</span> <span class='ocrx_word' id='word_1_756' title='bbox 566 2690 636 2717; x_wconf 77' lang='grc' dir='ltr'>κατὰ</span> <span class='ocrx_word' id='word_1_757' title='bbox 649 2691 680 2717; x_wconf 71' lang='grc' dir='ltr'>τὸ</span> <span class='ocrx_word' id='word_1_758' title='bbox 707 2691 757 2727; x_wconf 75' lang='grc' dir='ltr'>ἔαρ</span> <span class='ocrx_word' id='word_1_759' title='bbox 774 2694 956 2729; x_wconf 77' lang='grc' dir='ltr'>προφαινομέ-</span> 
     </span>
    </p>
   </div>
   <div class='ocr_carea' id='block_1_104' title="bbox 166 2735 954 2775">
    <p class='ocr_par' dir='ltr' id='par_1_104' title="bbox 166 2735 954 2775">
     <span class='ocr_line' id='line_1_104' title="bbox 166 2735 954 2775; baseline 0.005 -13"><span class='ocrx_word' id='word_1_760' title='bbox 166 2743 220 2762; x_wconf 84' lang='grc' dir='ltr'><strong>νων</strong></span> <span class='ocrx_word' id='word_1_761' title='bbox 234 2735 323 2762; x_wconf 75' lang='grc' dir='ltr'>ἀνθῶν</span> <span class='ocrx_word' id='word_1_762' title='bbox 334 2736 382 2763; x_wconf 78' lang='grc' dir='ltr'>καὶ</span> <span class='ocrx_word' id='word_1_763' title='bbox 397 2737 461 2773; x_wconf 80' lang='grc' dir='ltr'>πρὶν</span> <span class='ocrx_word' id='word_1_764' title='bbox 486 2736 705 2772; x_wconf 86' lang='grc' dir='ltr'>τελεσιογονῆσαι</span> <span class='ocrx_word' id='word_1_765' title='bbox 726 2737 916 2774; x_wconf 78' lang='grc' dir='ltr'>διαρρεόντων.</span> <span class='ocrx_word' id='word_1_766' title='bbox 938 2740 954 2775; x_wconf 86' lang='grc' dir='ltr'>ἣ</span> 
     </span>
    </p>
   </div>
   <div class='ocr_carea' id='block_1_105' title="bbox 165 2780 955 2819">
    <p class='ocr_par' dir='ltr' id='par_1_105' title="bbox 165 2780 955 2819">
     <span class='ocr_line' id='line_1_105' title="bbox 165 2780 955 2819; baseline 0.006 -12"><span class='ocrx_word' id='word_1_767' title='bbox 165 2780 218 2815; x_wconf 78' lang='grc' dir='ltr'>τῆς</span> <span class='ocrx_word' id='word_1_768' title='bbox 232 2780 287 2808; x_wconf 85' lang='grc' dir='ltr'><strong>τῶν</strong></span> <span class='ocrx_word' id='word_1_769' title='bbox 297 2781 407 2809; x_wconf 83' lang='grc' dir='ltr'>τελείων</span> <span class='ocrx_word' id='word_1_770' title='bbox 425 2782 538 2818; x_wconf 83' lang='grc' dir='ltr'>καρπῶν</span> <span class='ocrx_word' id='word_1_771' title='bbox 551 2783 670 2818; x_wconf 83' lang='grc' dir='ltr'>ὲκτομῆς</span> <span class='ocrx_word' id='word_1_772' title='bbox 686 2782 721 2810; x_wconf 77' lang='grc' dir='ltr'>τὰ</span> <span class='ocrx_word' id='word_1_773' title='bbox 750 2784 881 2819; x_wconf 74' lang='grc' dir='ltr'>σύμϐολα,</span> <span class='ocrx_word' id='word_1_774' title='bbox 898 2786 955 2815; x_wconf 82' lang='grc' dir='ltr'>Διό-</span> 
     </span>
    </p>
   </div>
   <div class='ocr_carea' id='block_1_106' title="bbox 171 2827 954 2864">
    <p class='ocr_par' dir='ltr' id='par_1_106' title="bbox 171 2827 954 2864">
     <span class='ocr_line' id='line_1_106' title="bbox 171 2827 954 2864; baseline 0.006 -11"><span class='ocrx_word' id='word_1_775' title='bbox 171 2834 247 2853; x_wconf 64' lang='grc' dir='ltr'>νυσον</span> <span class='ocrx_word' id='word_1_776' title='bbox 266 2827 313 2854; x_wconf 80' lang='grc' dir='ltr'><strong>καὶ</strong></span> <span class='ocrx_word' id='word_1_777' title='bbox 331 2827 426 2855; x_wconf 84' lang='grc' dir='ltr'>Ἀττιν</span> <span class='ocrx_word' id='word_1_778' title='bbox 451 2829 497 2855; x_wconf 71' lang='grc' dir='ltr'><strong>καὶ</strong></span> <span class='ocrx_word' id='word_1_779' title='bbox 522 2828 636 2854; x_wconf 70' lang='grc' dir='ltr'>’Ἄδωνιν</span> <span class='ocrx_word' id='word_1_780' title='bbox 660 2829 890 2864; x_wconf 77' lang='grc' dir='ltr'>ἐπονομάζοντες,</span> <span class='ocrx_word' id='word_1_781' title='bbox 917 2831 954 2863; x_wconf 84' lang='grc' dir='ltr'>ὡς</span> 
     </span>
    </p>
   </div>
   <div class='ocr_carea' id='block_1_107' title="bbox 167 2872 954 2910">
    <p class='ocr_par' dir='ltr' id='par_1_107' title="bbox 167 2872 954 2910">
     <span class='ocr_line' id='line_1_107' title="bbox 167 2872 954 2910; baseline 0.006 -10"><span class='ocrx_word' id='word_1_782' title='bbox 167 2872 244 2906; x_wconf 74' lang='grc' dir='ltr'>θεοὺς</span> <span class='ocrx_word' id='word_1_783' title='bbox 259 2873 360 2909; x_wconf 78' lang='grc' dir='ltr'>χρῆναι</span> <span class='ocrx_word' id='word_1_784' title='bbox 379 2874 467 2902; x_wconf 76' lang='grc' dir='ltr'>σέΰειν</span> <span class='ocrx_word' id='word_1_785' title='bbox 477 2884 484 2891; x_wconf 87' lang='grc'><strong>·</strong></span> <span class='ocrx_word' id='word_1_786' title='bbox 499 2875 558 2910; x_wconf 71' lang='grc' dir='ltr'>οὐχὶ</span> <span class='ocrx_word' id='word_1_787' title='bbox 569 2875 596 2902; x_wconf 78' lang='grc' dir='ltr'><strong>δὲ</strong></span> <span class='ocrx_word' id='word_1_788' title='bbox 612 2875 714 2902; x_wconf 72' lang='grc' dir='ltr'>τούτων</span> <span class='ocrx_word' id='word_1_789' title='bbox 728 2876 853 2904; x_wconf 77' lang='grc' dir='ltr'>ἁπάντων</span> <span class='ocrx_word' id='word_1_790' title='bbox 868 2877 898 2904; x_wconf 87' lang='grc' dir='ltr'><strong>τδ</strong></span> <span class='ocrx_word' id='word_1_791' title='bbox 912 2878 954 2905; x_wconf 79' lang='grc' dir='ltr'><strong>ἀν-</strong></span> 
     </span>
    </p>
   </div>
   <div class='ocr_carea' id='block_1_108' title="bbox 1012 2283 1797 2320">
    <p class='ocr_par' dir='ltr' id='par_1_108' title="bbox 1012 2283 1797 2320">
     <span class='ocr_line' id='line_1_108' title="bbox 1012 2283 1797 2320; baseline 0.004 -11"><span class='ocrx_word' id='word_1_792' title='bbox 1012 2283 1040 2310; x_wconf 89' lang='lat' dir='ltr'><strong>in</strong></span> <span class='ocrx_word' id='word_1_793' title='bbox 1055 2290 1165 2310; x_wconf 86' lang='lat' dir='ltr'><strong>sensum</strong></span> <span class='ocrx_word' id='word_1_794' title='bbox 1183 2283 1318 2318; x_wconf 86' lang='lat' dir='ltr'><strong>ejusmodi</strong></span> <span class='ocrx_word' id='word_1_795' title='bbox 1347 2284 1454 2312; x_wconf 88' lang='lat' dir='ltr'><strong>fabulas</strong></span> <span class='ocrx_word' id='word_1_796' title='bbox 1474 2285 1636 2320; x_wconf 89' lang='lat' dir='ltr'><strong>detorquere</strong></span> <span class='ocrx_word' id='word_1_797' title='bbox 1649 2290 1797 2318; x_wconf 78' lang='lat' dir='ltr'><strong>conantur,</strong></span> 
     </span>
    </p>
   </div>
   <div class='ocr_carea' id='block_1_109' title="bbox 1012 2329 1797 2366">
    <p class='ocr_par' dir='ltr' id='par_1_109' title="bbox 1012 2329 1797 2366">
     <span class='ocr_line' id='line_1_109' title="bbox 1012 2329 1797 2366; baseline 0.005 -12"><span class='ocrx_word' id='word_1_798' title='bbox 1012 2336 1065 2355; x_wconf 93' lang='lat' dir='ltr'><strong>non</strong></span> <span class='ocrx_word' id='word_1_799' title='bbox 1080 2329 1292 2363; x_wconf 77' lang='lat' dir='ltr'><strong>suopteingenio</strong></span> <span class='ocrx_word' id='word_1_800' title='bbox 1306 2329 1458 2362; x_wconf 85' lang='lat' dir='ltr'><strong>confutare,</strong></span> <span class='ocrx_word' id='word_1_801' title='bbox 1471 2335 1552 2365; x_wconf 91' lang='lat' dir='ltr'><strong>atque</strong></span> <span class='ocrx_word' id='word_1_802' title='bbox 1562 2338 1593 2358; x_wconf 83' lang='lat' dir='ltr'><strong>ex</strong></span> <span class='ocrx_word' id='word_1_803' title='bbox 1609 2331 1797 2366; x_wconf 79' lang='lat' dir='ltr'><strong>figmentorum</strong></span> 
     </span>
    </p>
   </div>
   <div class='ocr_carea' id='block_1_110' title="bbox 1012 2373 1796 2411">
    <p class='ocr_par' dir='ltr' id='par_1_110' title="bbox 1012 2373 1796 2411">
     <span class='ocr_line' id='line_1_110' title="bbox 1012 2373 1796 2411; baseline 0.005 -11"><span class='ocrx_word' id='word_1_804' title='bbox 1012 2373 1134 2408; x_wconf 89' lang='lat' dir='ltr'><strong>ipsorum</strong></span> <span class='ocrx_word' id='word_1_805' title='bbox 1157 2375 1263 2402; x_wconf 89' lang='lat' dir='ltr'><strong>ratione</strong></span> <span class='ocrx_word' id='word_1_806' title='bbox 1283 2376 1388 2410; x_wconf 86' lang='lat' dir='ltr'><strong>possit?</strong></span> <span class='ocrx_word' id='word_1_807' title='bbox 1404 2375 1471 2403; x_wconf 85' lang='lat' dir='ltr'><strong>Nam</strong></span> <span class='ocrx_word' id='word_1_808' title='bbox 1496 2382 1557 2403; x_wconf 86' lang='lat' dir='ltr'><strong>esto</strong></span> <span class='ocrx_word' id='word_1_809' title='bbox 1573 2384 1640 2404; x_wconf 89' lang='lat' dir='ltr'><strong>sane</strong></span> <span class='ocrx_word' id='word_1_810' title='bbox 1670 2376 1776 2411; x_wconf 80' lang='lat' dir='ltr'><strong>Jupiter</strong></span> <span class='ocrx_word' id='word_1_811' title='bbox 1789 2397 1796 2409; x_wconf 94' lang='lat'><strong>,</strong></span> 
     </span>
    </p>
   </div>
   <div class='ocr_carea' id='block_1_111' title="bbox 1012 2419 1796 2456">
    <p class='ocr_par' dir='ltr' id='par_1_111' title="bbox 1012 2419 1796 2456">
     <span class='ocr_line' id='line_1_111' title="bbox 1012 2419 1796 2456; baseline 0.005 -11"><span class='ocrx_word' id='word_1_812' title='bbox 1012 2426 1065 2445; x_wconf 92' lang='lat' dir='ltr'><strong>non</strong></span> <span class='ocrx_word' id='word_1_813' title='bbox 1077 2419 1133 2453; x_wconf 90' lang='lat' dir='ltr'><strong>jam</strong></span> <span class='ocrx_word' id='word_1_814' title='bbox 1150 2420 1227 2455; x_wconf 77' lang='lat' dir='ltr'><strong>ignea</strong></span> <span class='ocrx_word' id='word_1_815' title='bbox 1247 2420 1413 2456; x_wconf 69' lang='lat' dir='ltr'><strong>aztheriaque</strong></span> <span class='ocrx_word' id='word_1_816' title='bbox 1435 2427 1532 2448; x_wconf 86' lang='lat' dir='ltr'><strong>natura</strong></span> <span class='ocrx_word' id='word_1_817' title='bbox 1545 2441 1552 2453; x_wconf 91' lang='lat'><strong>,</strong></span> <span class='ocrx_word' id='word_1_818' title='bbox 1570 2427 1597 2448; x_wconf 93' lang='lat' dir='ltr'><strong>ul</strong></span> <span class='ocrx_word' id='word_1_819' title='bbox 1622 2427 1727 2449; x_wconf 86' lang='lat' dir='ltr'><strong>veteres</strong></span> <span class='ocrx_word' id='word_1_820' title='bbox 1746 2430 1796 2449; x_wconf 86' lang='lat' dir='ltr'><strong>att-</strong></span> 
     </span>
    </p>
   </div>
   <div class='ocr_carea' id='block_1_112' title="bbox 1011 2464 1798 2501">
    <p class='ocr_par' dir='ltr' id='par_1_112' title="bbox 1011 2464 1798 2501">
     <span class='ocr_line' id='line_1_112' title="bbox 1011 2464 1798 2501; baseline 0.005 -10"><span class='ocrx_word' id='word_1_821' title='bbox 1011 2469 1085 2491; x_wconf 90' lang='lat' dir='ltr'><strong>ctore</strong></span> <span class='ocrx_word' id='word_1_822' title='bbox 1097 2464 1244 2493; x_wconf 88' lang='lat' dir='ltr'><strong>Plutarcho</strong></span> <span class='ocrx_word' id='word_1_823' title='bbox 1260 2466 1425 2499; x_wconf 84' lang='lat' dir='ltr'><strong>statuebant,</strong></span> <span class='ocrx_word' id='word_1_824' title='bbox 1441 2467 1487 2494; x_wconf 90' lang='lat' dir='ltr'><strong>sed</strong></span> <span class='ocrx_word' id='word_1_825' title='bbox 1497 2467 1586 2501; x_wconf 86' lang='lat' dir='ltr'><strong>potius</strong></span> <span class='ocrx_word' id='word_1_826' title='bbox 1598 2474 1675 2494; x_wconf 88' lang='lat' dir='ltr'><strong>mens</strong></span> <span class='ocrx_word' id='word_1_827' title='bbox 1690 2467 1733 2494; x_wconf 88' lang='lat' dir='ltr'><strong>illa</strong></span> <span class='ocrx_word' id='word_1_828' title='bbox 1752 2476 1798 2495; x_wconf 65' lang='grc' dir='ltr'><strong>ευ⁴</strong></span> 
     </span>
    </p>
   </div>
   <div class='ocr_carea' id='block_1_113' title="bbox 1011 2511 1795 2546">
    <p class='ocr_par' dir='ltr' id='par_1_113' title="bbox 1011 2511 1795 2546">
     <span class='ocr_line' id='line_1_113' title="bbox 1011 2511 1795 2546; baseline 0.001 -8"><span class='ocrx_word' id='word_1_829' title='bbox 1011 2518 1103 2546; x_wconf 85' lang='lat' dir='ltr'><strong>prema</strong></span> <span class='ocrx_word' id='word_1_830' title='bbox 1120 2519 1211 2538; x_wconf 90' lang='lat' dir='ltr'><strong>rerum</strong></span> <span class='ocrx_word' id='word_1_831' title='bbox 1225 2511 1345 2539; x_wconf 76' lang='lat' dir='ltr'><strong>molitrix</strong></span> <span class='ocrx_word' id='word_1_832' title='bbox 1359 2512 1560 2545; x_wconf 86' lang='lat' dir='ltr'><strong>universarum,</strong></span> <span class='ocrx_word' id='word_1_833' title='bbox 1579 2520 1648 2546; x_wconf 89' lang='lat' dir='ltr'><strong>quas</strong></span> <span class='ocrx_word' id='word_1_834' title='bbox 1671 2514 1697 2539; x_wconf 85' lang='lat' dir='ltr'><strong>vi</strong></span> <span class='ocrx_word' id='word_1_835' title='bbox 1714 2513 1795 2540; x_wconf 88' lang='lat' dir='ltr'><strong>etiam</strong></span> 
     </span>
    </p>
   </div>
   <div class='ocr_carea' id='block_1_114' title="bbox 1010 2557 1795 2593">
    <p class='ocr_par' dir='ltr' id='par_1_114' title="bbox 1010 2557 1795 2593">
     <span class='ocr_line' id='line_1_114' title="bbox 1010 2557 1795 2593; baseline 0.001 -9"><span class='ocrx_word' id='word_1_836' title='bbox 1010 2557 1085 2584; x_wconf 86' lang='lat' dir='ltr'><strong>vitali</strong></span> <span class='ocrx_word' id='word_1_837' title='bbox 1099 2557 1187 2584; x_wconf 87' lang='lat' dir='ltr'><strong>foveat</strong></span> <span class='ocrx_word' id='word_1_838' title='bbox 1199 2566 1205 2584; x_wconf 90' lang='lat'>:</span> <span class='ocrx_word' id='word_1_839' title='bbox 1216 2558 1355 2592; x_wconf 88' lang='lat' dir='ltr'><strong>quomodo</strong></span> <span class='ocrx_word' id='word_1_840' title='bbox 1368 2558 1451 2593; x_wconf 78' lang='lat' dir='ltr'><strong>igitur</strong></span> <span class='ocrx_word' id='word_1_841' title='bbox 1467 2558 1613 2591; x_wconf 85' lang='lat' dir='ltr'><strong>Saturnus,</strong></span> <span class='ocrx_word' id='word_1_842' title='bbox 1630 2566 1710 2593; x_wconf 85' lang='lat' dir='ltr'><strong>quem</strong></span> <span class='ocrx_word' id='word_1_843' title='bbox 1726 2564 1795 2586; x_wconf 89' lang='lat' dir='ltr'><strong>tem-</strong></span> 
     </span>
    </p>
   </div>
   <div class='ocr_carea' id='block_1_115' title="bbox 1010 2604 1795 2640">
    <p class='ocr_par' dir='ltr' id='par_1_115' title="bbox 1010 2604 1795 2640">
     <span class='ocr_line' id='line_1_115' title="bbox 1010 2604 1795 2640; baseline 0.001 -9"><span class='ocrx_word' id='word_1_844' title='bbox 1010 2611 1062 2639; x_wconf 86' lang='lat' dir='ltr'><strong>pus</strong></span> <span class='ocrx_word' id='word_1_845' title='bbox 1073 2611 1134 2631; x_wconf 89' lang='lat' dir='ltr'><strong>esse</strong></span> <span class='ocrx_word' id='word_1_846' title='bbox 1147 2604 1233 2637; x_wconf 89' lang='lat' dir='ltr'><strong>aiunt,</strong></span> <span class='ocrx_word' id='word_1_847' title='bbox 1246 2609 1322 2639; x_wconf 82' lang='lat' dir='ltr'><strong>pater</strong></span> <span class='ocrx_word' id='word_1_848' title='bbox 1330 2604 1389 2639; x_wconf 79' lang='lat' dir='ltr'><strong>ejus</strong></span> <span class='ocrx_word' id='word_1_849' title='bbox 1397 2604 1458 2636; x_wconf 90' lang='lat' dir='ltr'><strong>erit,</strong></span> <span class='ocrx_word' id='word_1_850' title='bbox 1467 2604 1522 2639; x_wconf 88' lang='lat' dir='ltr'><strong>Ops</strong></span> <span class='ocrx_word' id='word_1_851' title='bbox 1529 2612 1593 2632; x_wconf 90' lang='lat' dir='ltr'><strong>vero</strong></span> <span class='ocrx_word' id='word_1_852' title='bbox 1605 2609 1701 2638; x_wconf 88' lang='lat' dir='ltr'><strong>mater,</strong></span> <span class='ocrx_word' id='word_1_853' title='bbox 1714 2613 1795 2640; x_wconf 84' lang='lat' dir='ltr'><strong>quam</strong></span> 
     </span>
    </p>
   </div>
   <div class='ocr_carea' id='block_1_116' title="bbox 1009 2649 1796 2685">
    <p class='ocr_par' dir='ltr' id='par_1_116' title="bbox 1009 2649 1796 2685">
     <span class='ocr_line' id='line_1_116' title="bbox 1009 2649 1796 2685; baseline 0.003 -9"><span class='ocrx_word' id='word_1_854' title='bbox 1009 2649 1146 2684; x_wconf 90' lang='lat' dir='ltr'><strong>interpres</strong></span> <span class='ocrx_word' id='word_1_855' title='bbox 1161 2655 1253 2677; x_wconf 87' lang='lat' dir='ltr'><strong>noster</strong></span> <span class='ocrx_word' id='word_1_856' title='bbox 1276 2649 1426 2685; x_wconf 89' lang='lat' dir='ltr'><strong>lapidosam</strong></span> <span class='ocrx_word' id='word_1_857' title='bbox 1444 2658 1475 2677; x_wconf 90' lang='lat' dir='ltr'><strong>ac</strong></span> <span class='ocrx_word' id='word_1_858' title='bbox 1489 2655 1648 2678; x_wconf 84' lang='lat' dir='ltr'><strong>montanam</strong></span> <span class='ocrx_word' id='word_1_859' title='bbox 1664 2651 1718 2677; x_wconf 91' lang='lat' dir='ltr'><strong>vim</strong></span> <span class='ocrx_word' id='word_1_860' title='bbox 1736 2659 1796 2678; x_wconf 87' lang='lat' dir='ltr'><strong>esse</strong></span> 
     </span>
    </p>
   </div>
   <div class='ocr_carea' id='block_1_117' title="bbox 1011 2695 1793 2732">
    <p class='ocr_par' dir='ltr' id='par_1_117' title="bbox 1011 2695 1793 2732">
     <span class='ocr_line' id='line_1_117' title="bbox 1011 2695 1793 2732; baseline 0.003 -9"><span class='ocrx_word' id='word_1_861' title='bbox 1011 2695 1175 2723; x_wconf 86' lang='lat' dir='ltr'><strong>confirmat?</strong></span> <span class='ocrx_word' id='word_1_862' title='bbox 1192 2695 1259 2723; x_wconf 84' lang='lat' dir='ltr'><strong>Nam</strong></span> <span class='ocrx_word' id='word_1_863' title='bbox 1276 2696 1410 2724; x_wconf 78' lang='lat' dir='ltr'><strong>.lunonem</strong></span> <span class='ocrx_word' id='word_1_864' title='bbox 1426 2705 1501 2731; x_wconf 86' lang='lat' dir='ltr'><strong>sane,</strong></span> <span class='ocrx_word' id='word_1_865' title='bbox 1516 2705 1598 2732; x_wconf 89' lang='lat' dir='ltr'><strong>quam</strong></span> <span class='ocrx_word' id='word_1_866' title='bbox 1614 2698 1671 2725; x_wconf 82' lang='lat' dir='ltr'><strong>sive</strong></span> <span class='ocrx_word' id='word_1_867' title='bbox 1684 2706 1793 2731; x_wconf 80' lang='lat' dir='ltr'><strong>aerem,</strong></span> 
     </span>
    </p>
   </div>
   <div class='ocr_carea' id='block_1_118' title="bbox 1010 2741 1794 2778">
    <p class='ocr_par' dir='ltr' id='par_1_118' title="bbox 1010 2741 1794 2778">
     <span class='ocr_line' id='line_1_118' title="bbox 1010 2741 1794 2778; baseline 0.001 -9"><span class='ocrx_word' id='word_1_868' title='bbox 1010 2741 1066 2769; x_wconf 76' lang='lat' dir='ltr'><strong>sive</strong></span> <span class='ocrx_word' id='word_1_869' title='bbox 1080 2741 1181 2768; x_wconf 54' lang='lat' dir='ltr'><strong>aethera</strong></span> <span class='ocrx_word' id='word_1_870' title='bbox 1195 2749 1305 2776; x_wconf 89' lang='lat' dir='ltr'><strong>quoque</strong></span> <span class='ocrx_word' id='word_1_871' title='bbox 1318 2743 1479 2776; x_wconf 86' lang='lat' dir='ltr'><strong>nominavit,</strong></span> <span class='ocrx_word' id='word_1_872' title='bbox 1496 2743 1634 2778; x_wconf 88' lang='lat' dir='ltr'><strong>quomodo</strong></span> <span class='ocrx_word' id='word_1_873' title='bbox 1645 2743 1745 2770; x_wconf 89' lang='lat' dir='ltr'><strong>mentis</strong></span> <span class='ocrx_word' id='word_1_874' title='bbox 1762 2744 1794 2770; x_wconf 95' lang='lat' dir='ltr'><strong>il-</strong></span> 
     </span>
    </p>
   </div>
   <div class='ocr_carea' id='block_1_119' title="bbox 1009 2786 1794 2823">
    <p class='ocr_par' dir='ltr' id='par_1_119' title="bbox 1009 2786 1794 2823">
     <span class='ocr_line' id='line_1_119' title="bbox 1009 2786 1794 2823; baseline 0.003 -10"><span class='ocrx_word' id='word_1_875' title='bbox 1009 2786 1062 2814; x_wconf 92' lang='lat' dir='ltr'><strong>lius</strong></span> <span class='ocrx_word' id='word_1_876' title='bbox 1079 2786 1172 2813; x_wconf 90' lang='lat' dir='ltr'><strong>mundi</strong></span> <span class='ocrx_word' id='word_1_877' title='bbox 1184 2787 1339 2819; x_wconf 65' lang='lat' dir='ltr'><strong>etl‘ectricis,</strong></span> <span class='ocrx_word' id='word_1_878' title='bbox 1353 2789 1489 2823; x_wconf 84' lang='lat' dir='ltr'><strong>rebusque</strong></span> <span class='ocrx_word' id='word_1_879' title='bbox 1502 2789 1629 2816; x_wconf 91' lang='lat' dir='ltr'><strong>omnibus</strong></span> <span class='ocrx_word' id='word_1_880' title='bbox 1643 2789 1724 2815; x_wconf 88' lang='lat' dir='ltr'><strong>vitam</strong></span> <span class='ocrx_word' id='word_1_881' title='bbox 1740 2789 1794 2815; x_wconf 85' lang='lat' dir='ltr'><strong>lar-</strong></span> 
     </span>
    </p>
   </div>
   <div class='ocr_carea' id='block_1_120' title="bbox 1009 2833 1775 2868">
    <p class='ocr_par' dir='ltr' id='par_1_120' title="bbox 1009 2833 1775 2868">
     <span class='ocr_line' id='line_1_120' title="bbox 1009 2833 1775 2868; baseline 0.003 -10"><span class='ocrx_word' id='word_1_882' title='bbox 1009 2833 1108 2867; x_wconf 74' lang='lat' dir='ltr'><strong>gientis</strong></span> <span class='ocrx_word' id='word_1_883' title='bbox 1125 2840 1245 2859; x_wconf 85' lang='lat' dir='ltr'><strong>sororem</strong></span> <span class='ocrx_word' id='word_1_884' title='bbox 1264 2833 1346 2860; x_wconf 90' lang='lat' dir='ltr'><strong>simul</strong></span> <span class='ocrx_word' id='word_1_885' title='bbox 1362 2838 1389 2860; x_wconf 87' lang='lat' dir='ltr'><strong>et</strong></span> <span class='ocrx_word' id='word_1_886' title='bbox 1415 2842 1525 2861; x_wconf 81' lang='lat' dir='ltr'><strong>uxorem</strong></span> <span class='ocrx_word' id='word_1_887' title='bbox 1549 2842 1609 2862; x_wconf 84' lang='lat' dir='ltr'><strong>esse</strong></span> <span class='ocrx_word' id='word_1_888' title='bbox 1624 2834 1698 2865; x_wconf 84' lang='lat' dir='ltr'><strong>velit,</strong></span> <span class='ocrx_word' id='word_1_889' title='bbox 1713 2834 1775 2868; x_wconf 78' lang='lat' dir='ltr'><strong>equi</strong></span> 
     </span>
    </p>
   </div>
   <div class='ocr_carea' id='block_1_121' title="bbox 1010 2877 1790 2915">
    <p class='ocr_par' dir='ltr' id='par_1_121' title="bbox 1010 2877 1790 2915">
     <span class='ocr_line' id='line_1_121' title="bbox 1010 2877 1790 2915; baseline 0.001 -10"><span class='ocrx_word' id='word_1_890' title='bbox 1010 2878 1070 2906; x_wconf 87' lang='lat' dir='ltr'><strong>dem</strong></span> <span class='ocrx_word' id='word_1_891' title='bbox 1083 2886 1135 2906; x_wconf 93' lang='lat' dir='ltr'><strong>non</strong></span> <span class='ocrx_word' id='word_1_892' title='bbox 1153 2878 1282 2914; x_wconf 75' lang='lat' dir='ltr'><strong>intelligo.</strong></span> <span class='ocrx_word' id='word_1_893' title='bbox 1311 2879 1442 2907; x_wconf 64' lang='lat' dir='ltr'><strong>Prmterca</strong></span> <span class='ocrx_word' id='word_1_894' title='bbox 1468 2880 1570 2907; x_wconf 84' lang='lat' dir='ltr'><strong>Latona</strong></span> <span class='ocrx_word' id='word_1_895' title='bbox 1599 2889 1645 2915; x_wconf 81' lang='lat' dir='ltr'><strong>per</strong></span> <span class='ocrx_word' id='word_1_896' title='bbox 1659 2889 1701 2907; x_wconf 88' lang='lat' dir='ltr'><strong>me</strong></span> <span class='ocrx_word' id='word_1_897' title='bbox 1718 2877 1790 2913; x_wconf 72' lang='grc' dir='ltr'>ληθώ</span> 
     </span>
    </p>
   </div>
  </div>
