2060 3213
259 138 313 167 illi

598 136 738 167 EUSEBII
754 135 997 164 CESARHSNSIS
1017 135 1093 164 OPP.
1114 136 1204 164 PARS
1218 135 1254 164 ll.
1272 151 1306 156 —
1322 136 1574 165 APOLOGETICA.

1839 139 1894 168 220

260 197 327 225 illud
342 196 392 224 Dei
411 203 511 224 nomen
542 196 576 223 ad
593 200 697 231 turpes,
736 194 896 231 ﬂagitiosus,
923 194 1053 230 dictuque

1109 203 1146 221 σιν
1167 194 1264 230 ἀτμοῖς
1283 195 1416 230 αἱμάτων,
1431 196 1478 223 καὶ
1499 195 1610 232 λύθρου,
1624 196 1676 223 καὶ
1692 196 1796 233 νεκρῶν
1815 198 1894 230 ζώων

262 244 413 272 horrendas
430 243 538 271 fabulas
562 242 681 277 abjicere
697 251 704 269 :
721 242 787 274 imo,
803 248 854 269 nec
873 240 901 268 in
923 241 1041 277 tuguriis

262 291 417 325 abditisque
430 290 601 317 tenebrarum
617 288 747 318 latibulis.
762 292 810 315 aut
823 288 949 315 excitatis
965 288 1053 315 homi-

263 344 327 364 num
345 341 403 363 arte
425 335 599 363 domunculis
613 334 775 368 semctipsos
790 334 941 364 includere,
971 334 1052 368 quasi

263 382 347 409 Deum
365 382 438 409 intus
454 380 585 416 rcperturi
599 385 691 407 essent
705 388 712 412 ;
733 387 782 407 nec
796 380 822 406 in
844 380 1000 406 simulacris
1019 387 1053 406 ex

263 428 383 456 inanima
399 427 521 454 conﬂatis
535 426 658 458 materia,
671 426 779 453 divinas
794 426 908 453 virtutes
925 425 1053 453 colendas

264 483 335 507 esse,
363 475 463 502 nedum
492 474 609 501 terrenis
636 466 799 508 quibusdam
824 472 889 500 foedi
912 472 1053 507 sanguinis

263 522 421 557 vaporibus,
440 528 472 547 ac
498 527 630 547 caesarum
644 519 824 546 animantium
848 527 957 552 cruore,
970 519 1053 546 veluti

262 568 384 604 jucundo
405 566 524 602 quodam
542 565 630 593 oliicio
644 565 857 599 {conciliandum
888 565 939 592 sibi
968 564 1053 592 Deum

264 614 400 642 arbitrari.
419 612 521 640 Verum
546 617 606 639 erat
618 612 713 646 utique
730 612 867 645 sapientes
879 610 957 644 istos,
974 611 1056 637 nihil-

264 669 317 696 que
331 660 383 686 nisi
399 659 514 686 ardnum
528 665 560 685 ac
571 658 681 686 cmlcstc
696 658 850 692 loquentes,
870 657 945 684 hisce
965 657 1056 684 omni-

264 707 316 734 bus
330 706 409 741 quasi
423 712 548 732 errorum
576 704 694 731 vinculis
712 704 875 738 expeditos,
900 704 1053 730 humanum

264 760 350 787 genus
365 752 469 786 absque
484 750 587 777 invidia
611 750 694 784 lmjus
711 750 738 776 in
762 749 895 777 naturalis
930 749 1055 782 specula~

264 797 346 824 tionis
360 801 463 831 partem
479 803 510 822 ac
527 795 683 822 societatem
700 801 814 827 vocare;
829 793 957 829 nudoque
990 801 1054 829 pro—

265 843 429 879 pedixerim
458 842 546 877 capite
578 841 706 868 omnibus
737 840 897 875 praedicare,
923 847 978 866 non
997 840 1054 875 jam

264 891 315 917 ista
333 897 373 920 se,
398 896 458 923 qua:
482 891 631 915 cernuntur
660 886 758 919 oculis,
787 886 834 913 sed
858 893 921 912 eum
953 886 1054 920 solum,

260 942 345 969 ,quem
362 941 442 962 nemo
459 933 558 964 videat,
585 932 698 959 istorum
731 931 852 957 omnium
875 931 1054 958 architectum

265 979 414 1014 suspicere,
428 985 460 1005 ac
471 977 552 1005 simul
567 975 712 1003 facultates
727 975 787 1010 ejus
811 975 987 1009 incorporeas
1008 983 1054 1002 as—

265 1030 429 1060 pectumque
444 1023 589 1058 fugientes,
606 1021 681 1049 cultu
697 1021 800 1056 pariter
816 1028 903 1055 neque
911 1028 1054 1055 corporeo,

266 1078 355 1106 neque
373 1070 496 1098 sensibus
517 1071 597 1098 obvio
616 1067 738 1095 venerari
756 1077 762 1094 :
801 1074 891 1101 neque
915 1066 971 1101 jam
993 1066 1055 1100 igne

265 1124 408 1147 succenso.
433 1123 522 1151 neque
550 1115 682 1142 arietibus
699 1114 817 1141 taurisve
839 1112 977 1145 mactatis,
1002 1114 1056 1138 imo

266 1170 356 1197 neque
369 1162 497 1193 coronis,
524 1167 613 1195 neque
630 1159 726 1195 signis,
762 1166 850 1194 neque
891 1158 1055 1192 templorum

265 1208 516 1236 substructionibus
545 1207 668 1233 divinum
684 1204 790 1232 Numen
814 1204 959 1234 colendum
981 1208 1060 1239 puta-

266 1262 307 1287 re,
323 1257 370 1281 sed
386 1257 498 1288 purgata
511 1256 603 1279 mente
616 1259 683 1278 sana
695 1258 813 1285 veraque
826 1250 1056 1281 doctrina,vacuo

266 1299 518 1336 perturbationibus
533 1299 635 1331 animo,
649 1298 704 1325 vita
717 1297 834 1332 denique
848 1305 907 1329 sua,
922 1301 1056 1331 quantum

267 1347 371 1375 homini
389 1346 430 1374 fas
444 1351 496 1377 est,
509 1346 542 1373 ad
555 1346 674 1373 divinam
693 1345 766 1372 illius
778 1344 925 1379 imaginem
945 1343 1055 1370 virtutis

266 1401 318 1429 ope
326 1392 613 1423 conformanda,suum
623 1392 648 1418 ci
660 1391 762 1418 cultum
775 1391 913 1418 exhibere.
926 1390 961 1417 At
975 1397 1055 1417 nemo

266 1447 343 1472 sane,
362 1440 419 1467 sive
437 1439 580 1470 barbarus,
593 1438 651 1465 sive
668 1437 790 1468 Graecus,
801 1438 921 1464 humano
933 1444 1053 1471 unquam

266 1486 358 1521 generi
371 1486 478 1521 signum
495 1486 529 1513 ad
543 1485 667 1513 veritatis
683 1484 764 1518 hujus
783 1483 908 1510 notitiatn
920 1482 1052 1510 sustulit:

1103 240 1213 276 αἵμασι,
1226 241 1412 281 κεχαρισμένα
1422 241 1461 277 τῷ
1474 241 1534 277 Θεῷ
1546 242 1680 278 πράττειν.
1688 244 1817 279 νομίζειν.
1829 245 1896 272 Τού-

1104 294 1157 312 των
1172 286 1200 312 δὲ
1214 286 1352 318 ἁπάντων,
1365 287 1402 318 ὡς
1419 287 1451 313 ἂν
1467 287 1570 322 πλάνης
1583 287 1689 323 δεσμῶν
1700 288 1893 324 ἀπολυθέντας,

1104 331 1173 366 χρῆν
1189 331 1274 367 δήπου
1297 332 1361 364 τοὺς
1383 333 1481 367 σοφοὺς
1503 334 1550 359 καὶ
1576 334 1796 369 μετεωρολέσχας
1813 336 1895 362 πᾶσιν

1105 377 1260 413 ἀνθρώποις
1274 379 1323 413 τῆς
1339 379 1455 414 φυσικῆς
1472 379 1588 414 θεωρίας
1606 379 1727 414 ἀφθόνως
1747 383 1893 415 κοινωνεῖν,

1107 425 1246 460 μονονουχὶ
1261 425 1371 460 γυμνῶς
1385 425 1622 461 προκηρύττοντας
1633 427 1718 453 ἅπασι
1735 427 1771 462 μὴ
1787 428 1822 454 τά
1832 437 1896 463 (pato

1105 470 1216 505 νόμενα,
1238 471 1282 497 τὸν
1303 471 1324 497 δ’
1348 472 1439 507 ἀφανῆ
1463 472 1627 508 δημιουργὸν
1650 473 1703 499 τῶν
1726 475 1895 509 φαινομένων

1107 517 1186 551 μόνον
1208 517 1422 552 ἀποθαυμάζειν,
1444 518 1491 544 καὶ
1513 518 1562 550 τὰς
1584 519 1715 554 ἀοράτους
1739 520 1820 546 αὐτοῦ
1847 521 1896 547 καὶ

1106 562 1267 597 ἀσωμάτους
1289 563 1418 599 δυνάμεις
1439 564 1561 600 ἀοράτως
1583 565 1631 591 καὶ
1652 565 1813 600 ἀσωμίίιτωςΔ
1827 566 1894 602 θρη-

1107 608 1223 641 σκεύειν,
1240 609 1269 634 οὖ
1286 609 1341 644 πῦρ
1363 610 1495 644 ἂψαντας,
1513 611 1572 637 οὑδέ
1590 620 1621 645 γε
1636 611 1712 646 κριὸν
1736 612 1783 638 καὶ
1796 611 1895 648 ταῦρον

1106 655 1283 690 θυσαμένους,
1309 656 1365 682 ἀλλ’
1392 657 1452 683 οὐδὲ
1478 657 1619 691 στεφάνοις
1645 658 1692 683 καὶ
1717 657 1830 690 ξοάνοις,
1848 659 1895 685 καὶ

1105 701 1176 728 ναῶν
1191 702 1343 737 οἰκοδομαῖς
1358 702 1388 728 τὺ
1402 702 1478 729 Θείον
1492 704 1574 738 τιμᾷν
1586 703 1738 739 οἰομένους·
1756 704 1896 739 λογισμοῖς

1106 746 1133 772 δὲ
1155 746 1369 782 κεκαθαρμένοις
1383 748 1429 774 καὶ
1449 748 1581 784 δόγμασιν
1605 750 1696 785 ὀρθοῖς
1718 751 1765 777 καὶ
1784 751 1896 786 ἀληθέσι

1106 792 1185 819 τοῦτο
1203 793 1383 828 πράττοντας,
1402 796 1431 821 ἐν
1454 795 1572 831 ἀπαθείᾳ
1595 796 1683 832 ψυχῆς
1705 797 1750 823 καὶ
1771 799 1803 833 τῇ
1829 798 1897 832 πρὸς

1106 839 1186 865 αὑτὸν
1205 839 1276 865 κατὰ
1292 840 1322 866 τὸ
1345 840 1455 867 δυνατὸν
1476 841 1527 875 τῆς
1550 841 1650 876 ἀρετῆς
1669 841 1806 876 ὁμοιώσει.
1828 842 1898 868 Ἀλλ’

1071 882 1092 909 Β
1107 884 1193 916 οὐδείς
1209 894 1241 919 γε
1266 885 1385 919 πώποτε,
1407 888 1436 913 οὐ
1457 887 1605 923 βάρϐαρος,
1621 888 1669 923 οὐχ
1687 888 1795 924 Ἕλλην,
1815 889 1898 915 πᾶσιν

1109 930 1262 966 ἀνθρώποις
1277 932 1379 967 ταύτης
1395 933 1513 969 κατῆρξε
1530 933 1579 968 τῆς
1593 932 1732 969 ἆληθείας,
1751 934 1767 969 ἢ
1786 934 1864 969 μόνος
1884 935 1898 962 ὁ

1108 976 1242 1011 ἡμέτερος
1259 977 1368 1013 Σωτήρ·
1385 978 1413 1009 ὃς
1435 978 1477 1013 δὴ,
1493 979 1542 1013 τῆς
1569 979 1686 1011 παλαιᾶς
1704 979 1807 1014 πλάνης
1831 981 1899 1006 πᾶσι

1108 1023 1164 1053 τοῖς
1177 1022 1279 1049 ἔθνεσιν
1291 1024 1434 1059 ἀποφυγὴν
1449 1025 1634 1060 προκηρύξας,
1649 1027 1704 1058 τοῖς
1718 1027 1801 1053 πᾶσιν
1816 1027 1901 1060 ἀφθό-

1108 1076 1160 1099 νως
1172 1067 1270 1103 εὕρατο
1284 1069 1332 1104 τὴν
1347 1069 1416 1104 πρὸς
1429 1070 1474 1096 τὸν
1490 1070 1578 1106 ἀληθῆ
1591 1071 1638 1097 καὶ
1649 1071 1728 1106 μόνον
1744 1072 1797 1098 τῶν
1813 1072 1901 1098 ἁπάν-

1109 1123 1162 1140 των
1178 1114 1243 1141 Θεὺν
1261 1110 1428 1151 ἐπιστροφὴν
1442 1126 1473 1144 τε
1485 1117 1532 1143 καὶ
1543 1117 1692 1145 εὐσέϐειαν.
1710 1120 1740 1145 Οἱ
1755 1119 1783 1145 δέ
1796 1127 1837 1145 τοι
1853 1118 1901 1145 ἆλ-

1109 1159 1149 1186 λοι
1165 1160 1241 1194 σοφοὶ
1262 1160 1308 1187 τοῦ
1329 1160 1386 1195 βίου
1403 1161 1452 1197 τὴν
1489 1163 1619 1189 ἀνωτάτω
1630 1163 1788 1198 φιλοσοφίαν
1812 1164 1899 1199 αὐχή-

1110 1214 1214 1238 σαντες,
1261 1216 1342 1243 φησιν
1356 1208 1370 1233 ὁ
1384 1207 1454 1240 θεῖος
1465 1209 1638 1242 Ἀπόστολος,
1664 1211 1789 1245 γνόντες
1811 1211 1895 1241 Θεὸν,

1108 1253 1165 1287 οὺχ
1179 1253 1219 1286 ὡς
1241 1254 1314 1280 Θεὸν
1334 1254 1497 1287 ἐδόξασαν,
1516 1256 1534 1290 ἢ
1558 1257 1806 1291 ηὐχαρίστησανσ
1829 1257 1899 1285 ἀλλ’

1108 1297 1334 1332 ἐματαιώθησαν
1347 1300 1380 1326 ἑν
1392 1300 1454 1334 τοῖς
1461 1302 1619 1336 λογισμοῖς
1630 1302 1739 1335 αὐτῶν,
1752 1304 1799 1330 καὶ
1812 1305 1901 1332 ἐσκο-

1108 1345 1196 1378 τίσθη
1209 1345 1227 1378 ἡ
1244 1345 1392 1379 ἀσύνετος
1410 1347 1509 1374 αὐτῶν
1523 1349 1636 1382 καρδία.
1655 1349 1811 1383 Φήσαντες
1826 1351 1900 1385 γοῦν

1108 1388 1184 1418 εἶναι
1197 1392 1296 1425 σοφοὶ,
1309 1392 1534 1427 ἐμωράνθησαν,
1550 1396 1600 1422 καὶ
1614 1396 1835 1430 ἐσεϐάσθησαν,
1850 1397 1902 1424 καὶ

1108 1437 1297 1471 ἐλάτρευσαν
1318 1439 1356 1473 τῇ
1376 1440 1473 1467 κτίσει
1493 1442 1574 1475 παρὰ
1599 1442 1652 1469 τὸν
1677 1444 1841 1476 κτίσαντα,
1867 1443 1902 1478 ὅς

1109 1482 1194 1509 ἐστιν
1207 1484 1370 1518 εὐλογητὸς
1383 1487 1426 1518 εὶς
1438 1486 1508 1519 τοὺς
1519 1487 1638 1521 αἰῶνας.

267 1532 314 1559 uni
329 1533 385 1559 hinc
403 1532 541 1560 Servatori
565 1537 661 1559 nostro
677 1532 763 1566 gratia
778 1530 900 1564 debetur,
924 1530 1047 1564 quicum
1066 1531 1167 1558 erroris
1198 1532 1302 1566 antiqui
1320 1532 1411 1568 fugam
1443 1535 1577 1562 universis
1591 1536 1716 1570 gentibus
1732 1536 1904 1571 praedicavit,

266 1584 323 1607 tum
342 1581 422 1607 etiam
437 1580 541 1614 absque
555 1579 655 1606 invidia
666 1583 766 1605 rectam
783 1578 911 1605 omnibus
933 1577 967 1604 ad
992 1585 1088 1605 verum
1108 1578 1242 1611 omnium,
1265 1580 1409 1615 solumque
1419 1581 1502 1608 Deum
1514 1582 1584 1608 viam
1596 1588 1677 1616 atque
1691 1582 1816 1616 pietatem
1830 1583 1899 1609 indi-

267 1626 350 1653 cavit.
368 1625 467 1653 Contra
493 1633 557 1652 vero
583 1625 719 1659 sapientes
754 1623 810 1655 isti,
833 1623 880 1658 qui
898 1627 974 1649 tanto
991 1622 1062 1650 fastu
1083 1624 1220 1651 caelestem
1250 1626 1397 1659 quamdam
1412 1627 1439 1653 in
1470 1628 1634 1655 moderanda
1657 1628 1710 1655 vita
1732 1628 1903 1663 prudentiam

265 1670 441 1706 jactitabant,
466 1678 525 1696 cum
543 1669 627 1696 Deum
659 1668 838 1703 cognouissent
855 1668 864 1702 (
880 1672 909 1694 ut
922 1667 1030 1695 divinus
1060 1667 1180 1702 loquitur
1208 1669 1379 1707 Apostolus)
1399 1681 1450 1699 non
1472 1674 1540 1700 sicut
1572 1673 1655 1700 Deum
1679 1674 1903 1709 gloriﬁcaverunt.

268 1722 315 1744 aut
339 1717 441 1751 gratius
466 1714 641 1750 egerunt,sed
663 1719 824 1740 evanuerunt
853 1714 881 1740 in
895 1714 1099 1748 cogitationibus
1119 1715 1185 1748 suis,
1204 1720 1229 1742 et
1249 1716 1418 1745 obscuratum
1438 1724 1477 1745 est
1503 1719 1630 1754 insipiens
1656 1728 1701 1746 τον
1727 1728 1826 1746 eorum.
1858 1720 1905 1747 Di—

268 1768 354 1790 centes
383 1763 452 1788 enim
477 1770 504 1789 se
522 1770 577 1789 esse
605 1762 746 1795 sapientes,
776 1760 852 1787 stulti
879 1761 945 1795 facti
982 1765 1066 1793 sunt;
1100 1767 1124 1789 et
1157 1762 1304 1798 coluerunt,
1323 1769 1348 1792 et
1375 1766 1519 1793 servierunt
1555 1772 1684 1794 creaturae
1706 1768 1794 1802 potius
1823 1774 1904 1802 quam

269 1810 400 1843 Creatori,
414 1811 459 1845 qui
479 1815 518 1837 est
537 1810 687 1837 benedictus
701 1810 728 1835 in
742 1808 839 1836 uetula
852 1809 886 1835 “.

515 1856 593 1891 123
617 1855 730 1883 CAPUT
747 1854 817 1883 xw.

270 1902 420 1930 Fabulasas
436 1902 468 1929 de
483 1902 535 1929 diis
552 1903 717 1929 narrationes
729 1902 770 1938 ab
785 1902 846 1929 alits
858 1901 924 1935 ipsis
940 1902 1060 1938 coargui,

513 1938 558 1973 qui
569 1937 707 1964 contraria
720 1937 832 1972 faciant.

305 1984 453 2012 Enimvero
467 1989 528 2020 post
543 1984 651 2019 longam
674 1984 749 2011 illam
763 1988 791 2011 et
807 1984 924 2019 spissam
941 1984 1063 2019 philoso-

269 2031 341 2067 phiae.
364 2031 641 2064 commentationem,
668 2035 730 2065 post
759 2031 898 2065 spcciosas
925 2031 959 2058 de
981 2031 1064 2058 rebus

271 2078 329 2105 sive
354 2077 512 2104 caelestibus
527 2098 535 2111 ,
567 2077 624 2104 sive
649 2076 820 2103 naturalibus
852 2076 1061 2111 disputationes,

270 2129 303 2150 ex
318 2123 364 2149 illo
378 2123 497 2150 culmine
508 2142 516 2154 ,
538 2122 577 2149 sic
602 2127 730 2157 tanquam
745 2130 779 2149 ex
794 2122 928 2150 altissimo
944 2122 1063 2157 quodam

271 2168 373 2195 montis
395 2168 496 2195 vertice
515 2168 652 2202 prolapsi,
674 2168 750 2194 humi
773 2168 902 2202 deinceps
919 2176 981 2195 cum
1004 2168 1063 2201 ipsa

271 2213 410 2250 plebecula
428 2213 563 2245 volutari,
588 2214 742 2248 promiscue
764 2214 798 2240 ad
817 2218 938 2241 veterum
955 2213 988 2240 de
1005 2214 1064 2248 plu-

271 2260 349 2289 ribus
369 2259 421 2287 diis
443 2266 563 2286 errorem
577 2266 637 2286 sese
656 2266 803 2294 aggregare
814 2279 821 2291 ,
837 2258 955 2293 denique
969 2259 1063 2285 eadem

271 2312 302 2334 se
322 2312 384 2339 qua:
406 2303 504 2339 vulgus
529 2303 618 2338 ipsum
638 2302 763 2336 opinari,
786 2302 884 2337 partim
910 2301 1063 2334 sacrificiis,

271 2351 369 2386 partim
400 2350 612 2378 simulacrorum
637 2349 712 2376 cultu
739 2348 889 2381 simulare;
914 2355 969 2382 quo
1001 2348 1063 2382 qui-

271 2398 332 2425 dem
363 2396 488 2431 exemplo
521 2396 660 2431 vulgarem
697 2395 838 2421 hominum
868 2394 902 2421 de
933 2393 1064 2420 fabulosis

272 2444 384 2471 deorum
418 2443 622 2470 narrationibus
651 2449 761 2469 sensum
786 2446 813 2468 et
835 2441 1063 2468 existimationem

272 2489 408 2524 augebant
426 2490 529 2521 simul,
556 2496 587 2516 ac
611 2489 697 2524 magis
721 2487 863 2522 magisque
887 2486 1062 2514 roborabant.

1371 1858 1568 1887 ΚΕΦΑΛΑΙΟΝ
1591 1861 1641 1887 1Δ¹.

1115 1903 1174 1930 Ὀτι
1195 1903 1249 1936 τὰς
1259 1904 1388 1938 μυθικὰς
1410 1907 1478 1946 περὶ
1501 1905 1584 1946 ’θεῶν
1598 1907 1760 1946 ’διηγήσεις
1776 1908 1910 1943 ἁπελέγι

1274 1948 1384 1973 χουσιν
1403 1942 1525 1968 ἐναντία
1546 1942 1734 1976 πράττοντες.

1149 1984 1227 2011 Μετὰ
1239 1984 1305 2019 γοῦν
1321 1986 1370 2021 τὴν
1386 1987 1493 2023 μακρὰν
1505 1989 1551 2014 καὶ
1565 1988 1664 2024 πολλὴν
1676 1989 1844 2024 φιλοσοφίαν,
1859 1989 1906 2016 καὶ

1116 2030 1184 2066 μετὰ
1206 2030 1255 2062 τὰς
1284 2032 1384 2067 σεμνὰς
1409 2034 1624 2069 μετεωρολογίας
1646 2036 1694 2062 καὶ
1719 2036 1905 2071 φυσιολογίας,

1114 2078 1217 2105 ἄνωθέν
1234 2079 1325 2112 ποθεν,
1344 2079 1381 2112 ὡς
1393 2080 1440 2114 ἀφ’
1455 2081 1624 2117 ὑψηλοτάτης
1640 2082 1803 2117 ἀκρωρείας,
1821 2090 1907 2108 κατα·

1115 2125 1269 2157 πίπτοντες,
1284 2127 1332 2153 σὺν
1346 2128 1403 2157 τοῖς
1419 2126 1530 2162 πλήθεσι
1542 2127 1733 2162 κατεσύροντο,
1748 2128 1794 2154 καὶ
1804 2129 1837 2163 τῇ
1851 2127 1906 2154 τῶν

1115 2171 1238 2198 παλαιῶν
1255 2171 1377 2206 πολυθέῳ
1398 2171 1486 2207 πλάνη
1512 2172 1702 2207 συνεφύροντο,
1724 2172 1756 2199 τὰ
1770 2174 1827 2204 τοῖς
1843 2172 1906 2199 πολ-

1114 2218 1169 2250 λοῖς
1179 2219 1269 2254 ὃμοια,
1279 2218 1323 2245 διὰ
1333 2218 1379 2245 τοῦ
1390 2218 1463 2245 θύειν
1477 2219 1522 2245 καὶ
1531 2221 1585 2250 τοῖς
1594 2219 1697 2252 ξοάνοις
1710 2220 1904 2255 προσπίπτειν,

1115 2262 1236 2296 δοξάζειν
1255 2263 1475 2299 ὑποκρινόμενοι,
1492 2263 1618 2296 αῠξοντές
1634 2273 1663 2290 τε
1681 2265 1726 2291 καὶ
1745 2264 1785 2291 ἔτι
1806 2265 1906 2300 μᾶλλον

1116 2310 1294 2345 κρατύνοντες
1315 2311 1364 2345 τὴν
1386 2310 1496 2346 δημώδη
1515 2311 1568 2337 τῶν
1590 2311 1711 2346 μυθικῶν
1729 2311 1906 2347 διηγημάτων

1115 2356 1180 2391 περὶ
1194 2356 1262 2383 θεῶν
1279 2356 1421 2391 ὑπόληψιν.
1443 2357 1505 2388 Πῶς
1523 2355 1568 2383 οὖν
1587 2358 1637 2383 οὐκ
1652 2357 1684 2384 ἂν
1697 2356 1751 2384 εἷεν
1764 2360 1820 2390 τοῖς
1838 2359 1905 2385 πᾶσι

1115 2401 1252 2437 πρόδηλοι,
1266 2401 1506 2437 σεμνολογούμενοι
1520 2402 1568 2437 μὲν
1581 2404 1640 2434 ταῖς
1653 2403 1845 2437 φυσιολογίαις,
1858 2405 1906 2431 καὶ

1117 2446 1196 2482 μέχρι
1209 2446 1294 2480 λόγων
1307 2446 1340 2473 τὰ
1352 2447 1451 2483 αίσχρᾶι
1465 2447 1678 2480 καλλωπίζοντες
1692 2450 1724 2484 τῇ
1741 2451 1904 2485 παρατροπῇ

1115 2493 1165 2527 τῆς
1184 2493 1321 2529 ἀληθείας,
1347 2494 1437 2530 ἔργοις
1459 2494 1481 2520 δ’
1501 2495 1592 2526 αὐτοῖς
1618 2496 1667 2530 τὴν
1691 2495 1807 2531 μυθικὴν
1832 2505 1905 2523 συνι-

274 2533 374 2569 Εθιυίδ
389 2535 471 2569 ἰδίων
492 2542 546 2562 ηοη
569 2535 649 2570 Plane
670 2534 779 2566 "ideal,
797 2532 914 2567 ερεεῖεη)
941 2539 989 2559 ⁸0⁵
1014 2531 1063 2557 ³¹ί·
1080 2539 1101 2566 D
1117 2538 1233 2571 στῶντες
1254 2539 1358 2575 πλάνην
1384 2541 1432 2567 καὶ
1454 2541 1503 2576 τὴν
1523 2541 1663 2577 πάνδημον
1679 2541 1904 2577 δεισιδαιμονίαν;

273 2587 355 2615 quam
369 2581 508 2614 gravitatis
526 2588 575 2607 sua
592 2580 643 2607 ista
658 2578 827 2615 physiologia
840 2577 1063 2612 quaesiisse,ver-

274 2625 371 2659 bisque
385 2629 463 2652 tenus
475 2626 638 2660 ﬂagitiorum
655 2624 862 2659 turpitudinem,
878 2622 1062 2657 detorquenda

274 2679 366 2698 rerum
382 2671 496 2697 veritate
511 2671 658 2704 colorasse,
676 2672 722 2706 qui
739 2679 821 2705 opere
835 2671 894 2705 ipso
909 2670 1062 2696 fabulosum

274 2723 395 2743 errorem
410 2736 417 2747 ,
441 2723 670 2751 communemque
696 2716 819 2744 omnium
842 2715 1062 2750 superstitionem

275 2762 492 2791 coatirmarent?
525 2761 686 2796 Quanquam
711 2763 812 2791 mirum
836 2761 863 2789 id
889 2768 956 2789 sane
978 2759 1064 2788 videri

311 2856 335 2872 ”
349 2853 428 2882 Rom.
445 2861 464 2887 ι,
483 2853 524 2887 1'2,
543 2853 588 2887 2‘3,
605 2853 650 2881 ‘25.

1117 2584 1173 2609 Καὶ
1189 2584 1293 2610 οὐδέπω
1309 2584 1388 2611 τοῦτο
1405 2585 1576 2621 θαυμαστὸν,
1598 2587 1642 2613 ὅτε
1663 2587 1710 2614 καὶ
1727 2587 1826 2620 αὐτοὺς
1841 2588 1907 2614 ἁνα-

1117 2629 1252 2664 γράῳουσι
1264 2631 1326 2662 τοὺς
1337 2631 1442 2658 ἑαυτῶν
1457 2632 1534 2664 θεοὺς
1549 2633 1608 2664 ταῖς
1623 2633 1688 2668 περὶ
1698 2633 1787 2660 αὐτῶν
1803 2642 1909 2669 συμφε-

1119 2673 1249 2709 ρομένους
1269 2675 1450 2710 μυθολογίαις.
1473 2677 1573 2704 Ἀκουε
1592 2678 1667 2712 γοῦν,
1685 2678 1759 2710 ὅπως
1774 2680 1788 2705 ὁ
1811 2680 1907 2706 Ἀπόλ-

1117 2719 1171 2747 λων
1182 2721 1263 2753 αὑτὺς
1278 2723 1341 2757 περὶ
1358 2723 1454 2749 ἑαυτοῦ
1470 2723 1588 2750 διδάσκει
1607 2724 1701 2759 ὕμνον,
1714 2724 1743 2751 ὃν
1758 2726 1797 2757 είς
1810 2725 1906 2752 ἑαυτὸν

1116 2766 1256 2801 ἐξέδωκεν,
1268 2768 1405 2804 ὁμολογῶν
1418 2771 1447 2797 ὲν
1459 2769 1536 2806 Δήλῳ
1548 2771 1580 2805 τῇ
1592 2770 1666 2806 νήσῳ
1679 2771 1732 2798 ὑπὸ
1742 2771 1847 2807 Λητοῦς
1860 2780 1908 2806 γε-
