2060 3213
158 162 207 190 221
741 160 902 190 ΡΒᾸΞΡΑΒ.
922 160 978 188 Ενι

1028 159 1050 188 ἶ.
1072 159 1135 187 LIB.
1152 158 1195 186 lll.
1743 157 1798 186 223

156 221 318 258 γεννῆσθαι·
336 223 380 250 καὶ
395 222 475 249 πάλιν
490 223 504 249 ὸ
523 222 685 258 Ἀσκληπιὸς
695 223 723 250 ὲν
738 220 901 258 Τρίκκῃ(“1)·
917 220 956 252 ὡς
971 235 978 249 Α

1030 228 1065 248 οη
1093 219 1194 252 debet,
1219 225 1285 245 cum
1309 225 1343 245 ex
1374 225 1468 245 eorum
1493 217 1602 252 scriptis
1625 216 1798 249 habeamus,

157 270 204 295 καὶ
223 268 337 303 Ἐρμῆς
351 269 473 304 τετέχθαι
490 268 628 305 ὁμολογῶν
640 268 694 295 ἀπὸ
705 267 754 302 τῆς
770 267 869 298 Μαίας.
886 265 957 302 Γρά-

1028 273 1118 301 parsas
1140 264 1173 291 de
1197 264 1250 292 diis
1273 263 1380 291 fabulas
1404 263 1517 291 deorum
1545 264 1665 298 ipsorum
1685 262 1799 289 vocibus

157 323 200 349 ’ρει
217 314 247 340 δὲ
262 315 278 341 ὁ
294 315 450 351 Πορφὺριος
464 316 511 342 καὶ
524 315 621 346 ταῦτα,
637 315 665 341 ὲν
679 312 719 345 οἷς
735 313 874 349 ἐπέγραψε
892 312 956 348 περὶ

1028 310 1192 346 omprobari.
1218 309 1297 341 Audi.
1315 317 1401 345 ergo,
1428 309 1658 344 quemadmodum
1684 308 1800 343 ipsemet

157 360 205 394 τῆς
221 361 256 386 ὲκ
277 360 379 394 λογίων
402 361 570 395 φιλοσοφίας,
595 360 661 387 ἔνθα
684 359 732 386 καὶ
749 359 803 386 τῶν
825 357 957 394 χρησμῶν

1028 357 1114 392 ηῃοιιο,
1131 363 1211 390 quem
1227 355 1261 382 de
1281 363 1310 383 sc
1327 355 1388 390 ipso
1411 355 1543 390 hymnum
1559 355 1642 382 edidit
1656 375 1664 387 ,
1687 359 1800 381 caeteros

157 406 369 441 ἐμνημόνευσεν
383 405 435 434 ὧδέ
453 417 511 439 πως
526 407 652 443 ἐχόντων·

1029 407 1125 434 occat,
1150 401 1195 428 uhi
1219 409 1249 428 se
1274 401 1301 427 in
1326 400 1391 428 Delo
1418 401 1507 428 insula
1536 405 1629 427 natum
1650 408 1681 427 ex
1697 399 1800 427 Latona

158 454 321 486 conﬁtetur,
336 455 379 482 cui
394 454 578 490 [Esculapium
593 463 625 482 ac
638 455 802 482 Mercurium
817 453 995 488 adjungemus
1005 471 1014 483 ,
1046 457 1163 484 quorum
1179 448 1247 475 alter
1267 447 1370 475 Triccre
1380 469 1387 480 ,
1412 448 1480 474 alter
1507 455 1544 475 ex
1572 447 1641 474 Maia
1673 455 1800 482 procrea-

159 506 215 529 tum
242 510 273 529 se
304 510 366 530 esse
390 503 557 538 pronuntiat.
590 502 675 530 llabet
690 503 774 538 etiam
797 502 848 530 ista
872 499 1060 535 Porphyrius,
1090 497 1117 524 in
1139 497 1194 528 iis,
1222 503 1283 530 quae
1301 495 1335 523 de
1356 496 1454 523 hausta
1484 503 1518 522 ex
1550 495 1664 522 deorum
1689 501 1805 529 respon-

160 549 198 576 sis
232 550 414 584 philosophia
440 550 570 585 Scripsit,
594 550 640 578 ubi
667 550 839 584 sequentium
862 547 1037 576 oraculorum
1055 544 1191 575 meminit,

230 594 271 623 Ὠ
282 596 363 630 μέγα
375 595 449 623 πᾶσι
466 596 564 631 χάρμα
575 596 744 631 βροτοῖσιν,

239 631 312 658 Ἀπὸ
329 631 394 658 σῶν
410 631 496 666 Ιερῶν
513 630 642 666 ματέρος
657 630 753 667 ἁγνᾶς

233 666 399 700 Προθορὼν
412 667 550 694 τοκετῶν.

164 720 212 754 οἷς
225 723 365 758 ἐπιλέγει·

245 782 325 815 Ἀλλ]
342 782 392 809 ὅτε
406 783 492 810 Λατὼ
504 782 574 816 ὠδὶς
590 782 653 817 ιερὰ

235 817 365 847 Λὰζοιτο
379 818 472 849 πᾶσα,
490 818 716 853 ὀροθυγομένων

238 852 379 885 Διδύμων
392 853 521 880 τοκετῶν
538 853 641 880 ἕνδοθε
655 853 693 888 (8)
707 852 823 886 σηκῶν,

241 888 364 923 Ἵεξτατο
380 888 439 922 μὲν
452 889 521 923 γαῖα
534 889 582 923 (9),
599 889 702 915 ἵστατο
716 888 742 914 δ’
753 888 823 922 ἀὴρ,

237 922 383 957 Hirrum
399 922 503 957 νᾶάος.
522 924 655 957 πάγννυτο
672 924 760 958 κῦμα·

246 958 317 984 Ἀνὰ
332 958 359 984 δ’
374 958 521 992 ἐξέθορες.
532 959 621 993 μάντι
639 958 790 992 Λυκωρεῦ,

243 993 360 1024 Τοξότα
375 994 470 1024 Φοῖϐε,
489 994 563 1020 κατὰ
578 993 801 1028 χρησμολάλων

242 1028 379 1055 Βασιλεῦ
396 1029 553 1062 τριπόδων.

171 1127 257 1167 Rullo
281 1128 450 1164 Ἀσκληπιὸς
467 1128 546 1155 πάλιν
563 1129 627 1156 περὶ
641 1129 748 1155 ἑαυτοῦ·

209 1185 340 1218 Τρίκκης
356 1184 390 1216 ἐξ
403 1184 484 1218 ἱερῆς
500 1174 561 1218 ἦκω
580 1187 656 1217 θεὸς,
672 1184 707 1211 ὅν
725 1191 796 1211 ποτε
805 1185 915 1219 μήτηρ,

207 1221 305 1252 Φοίϐῳ
318 1219 553 1250 ἰιπευνασθεῖσα.
570 1220 637 1246 κυεῖ
653 1221 763 1254 σοφίας
772 1220 919 1253 βασιλῆα,

210 1255 309 1289 Ἵδριν
321 1255 454 1289 ὶητορίης
471 1255 661 1289 Ἀσκληπιόν.
680 1256 768 1282 Ἀλλὰ
779 1256 807 1282 τι
818 1256 934 1289 statim];

179 1331 209 1360 '0
225 1333 248 1360 δ’
273 1333 380 1369 Ἐρμῆς
396 1342 486 1369 φησιν·

213 1393 263 1424 “Oc
274 1392 302 1418 δ’
315 1391 384 1426 ἐγὼ,
398 1391 434 1417 ὃν
444 1392 572 1424 καλέεις,
585 1391 682 1424 Ζηνὸς
693 1391 744 1417 καὶ
752 1391 884 1424 Μαιάδος
895 1391 968 1424 υίὸς,

217 1426 329 1462 Ἐρμῆς
338 1425 392 1463 (10)
404 1426 571 1461 προϐέϐηκα
581 1425 678 1453 λιπὼν
688 1426 833 1460 ἀστραῖον
847 1426 970 1454 ἄνακτα.

179 1475 233 1502 Καὶ
249 1476 281 1502 τὺ
296 1474 368 1507 εἶδος
385 1468 414 1501 δὲ
437 1473 542 1501 ἑαυτῶν
561 1474 749 1510 ὑπογράφουσι
764 1474 811 1500 τοῦ
824 1474 973 1510 σχήματος,

179 1521 274 1558 ὥσπερ
291 1523 306 1548 ὁ
320 1521 378 1548 Πὰν
389 1522 436 1548 καὶ
447 1521 528 1552 αὐτὸς
539 1521 568 1547 ὲν
580 1522 714 1556 χρησμοῖς
723 1520 788 1555 περὶ
802 1520 898 1546 ἑαυτοῦ
911 1520 973 1547 τάδε

181 1563 254 1598 λέγει
268 1565 405 1591 διδάσκων
415 1573 422 1580 ·
438 1566 569 1599 Εΰχομαι
579 1565 690 1598 βροτὸς
703 1564 794 1600 γεγὼς
808 1563 883 1591 Πανὶ
897 1571 974 1599 συμ-

182 1611 265 1645 φύτῳ
287 1610 354 1643 θεῷ,
368 1610 569 1644 δισσοκέρατι,
581 1610 752 1641 ὃισο-ὀποδι,
766 1609 971 1644 τραγοσκελεῖ,

183 1653 344 1691 τρυφῶντι.
362 1656 454 1683 Ταῦτα
471 1657 499 1683 ἐν
515 1657 680 1692 ἀπορρήτοις
697 1656 746 1691 τῆς
766 1657 797 1682 ἐκ
815 1655 913 1690 λογίων
930 1664 974 1690 cpt.-

184 1702 314 1737 λοσοφίας
339 1703 353 1728 ὁ
373 1702 501 1737 δηλωϐεὶς
522 1702 591 1738 ἀνὴρ
611 1702 739 1729 τέθειται.
762 1702 857 1729 Οὐκέτ’
883 1702 936 1738 ἄρα
960 1703 974 1728 ό

185 1748 242 1774 Πὰν
263 1748 398 1783 σύμϐολον
414 1746 448 1784 ἦν
470 1747 517 1774 τοῦ
535 1747 644 1779 παντὸς,
659 1747 763 1783 δαίμων
784 1748 806 1774 δ’
827 1747 860 1774 ἂν
877 1748 919 1783 εἴη
934 1756 976 1779 τις

185 1794 306 1826 τοιοῦτος
316 1815 323 1826 ,
337 1791 391 1826 οἷος
408 1795 454 1820 καὶ
474 1794 691 1829 ὑπογέγραπται,
705 1794 718 1820 ὁ
732 1794 778 1820 καὶ
790 1793 835 1820 τὸν
852 1793 975 1830 χρησμὸν

187 1840 291 1872 ἐκδούς.
312 1840 349 1867 Οὐ
367 1840 422 1876 γὰρ
439 1840 470 1876 δὴ
492 1841 522 1866 τὸ
544 1841 614 1872 πᾶν,
629 1840 675 1866 καὶ
699 1841 713 1866 ὁ
740 1839 849 1875 σύμπας
875 1840 976 1874 κόσμος

187 1886 285 1922 ἔχρησε
307 1887 342 1913 τὰ
361 1887 537 1922 προκείμενα.
559 1886 658 1912 Τούτου
681 1886 826 1922 τοιγαροῦν
850 1886 896 1913 τοῦ
918 1886 977 1912 δαί-

190 1941 279 1968 μονος,
295 1932 354 1959 ἀλλ’
369 1933 399 1958 οὐ
415 1932 460 1959 τοῦ
479 1932 577 1964 παντὸς
595 1932 643 1968 τὴν
660 1933 750 1958 εἰκόνα
770 1932 978 1964 ἐκτυπὼσαντες

188 1979 294 2014 ἄνδρες.
308 1979 337 2005 τὸ
350 1979 594 2014 προγεγραμμένον
613 1979 782 2014 ἐμιμήσαντο
803 1978 906 2014 σχῆμα.
922 1979 979 2005 Καὶ

189 2023 203 2049 ὸ
222 2023 269 2058 Ἑρ
274 2023 329 2058 μῆς
342 2023 370 2049 δὲ
385 2023 442 2054 πῶς
457 2023 489 2050 ἂν
501 2025 586 2049 νοοῖτο
600 2024 614 2050 ὁ
627 2023 681 2049 τῶν
696 2023 823 2050 ἁπάντων
839 2024 979 2058 ποιητικός

190 2077 218 2095 τε
236 2070 284 2096 καὶ
303 2070 496 2105 ἐρμηνευτικῆς
514 2069 590 2104 λόγος
600 2090 607 2101 ,
622 2069 726 2105 μητέρα
742 2070 833 2096 Μαῖαν
853 2069 901 2105 τὴν
914 2071 980 2096 Ἄτ-

189 2115 284 2147 λαντος
298 2115 436 2151 ὁμολογῶν
451 2116 606 2151 ἐσχηκέναι,
621 2116 669 2151 τὴν
683 2124 713 2150 γε
729 2116 793 2151 περὶ
805 2116 886 2142 αὑτοῦ
900 2116 978 2150 λεγο-

192 2162 276 2198 μένην
303 2162 480 2197 μυθολογίαν,
506 2162 562 2189 ἀλλ’
585 2163 614 2188 οὺ
640 2162 811 2197 φυσιολογίαν
833 2162 978 2198 ὲγκρίνας;

192 2206 269 2233 Οὕτω
287 2207 334 2233 καὶ
350 2207 513 2241 Ἀσκληπιὸς
527 2206 587 2238 πῶς
603 2207 636 2233 ἆν
657 2207 800 2242 μετάγοιτο
817 2208 857 2238 εἰς
874 2207 980 2240 Ἥλιον,

1075 591 1154 618 Omni
1165 600 1179 617 ο
1193 591 1290 624 populo
1307 598 1403 625 magna
1416 590 1545 624 voluptas,

1071 627 1155 653 Sacra
1171 633 1245 659 pum
1259 627 1352 652 matris
1368 625 1400 652 ab
1417 625 1476 651 alvo

1073 661 1230 688 Prasiliens.

1015 729 1120 763 Quibus
1134 733 1170 756 ita
1184 728 1287 761 subdit,

1068 787 1168 814 Partus
1181 787 1242 814 saari
1259 791 1316 813 tota
1328 785 1428 813 doloris

1069 822 1139 849 Dum
1153 822 1282 848 Latonam
1301 822 1337 848 vis
1349 822 1394 847 diu
1410 824 1516 854 premat,

1070 857 1226 892 Sanctwque
1238 857 1318 883 simul
1334 856 1424 882 clausa
1444 855 1562 890 parentis

1071 892 1174 918 Gemini
1186 893 1310 927 quatiunt
1328 893 1425 918 viscera
1439 892 1507 926 [etus
1520 900 1529 916 :

1070 927 1158 954 Tellus
1174 928 1253 958 sistit,
1270 927 1341 953 sistit
1357 931 1382 953 ct
1398 934 1453 957 aer,

1070 961 1166 989 Insula
1183 963 1258 995 sidit,
1273 962 1385 996 sidilque
1402 969 1483 994 mare,

1077 997 1116 1024 Tu
1131 998 1256 1024 continuo
1274 997 1351 1023 Vates
1372 996 1461 1031 Lycie.

1072 1033 1112 1064 Is,
1128 1034 1274 1059 arcitenens
1292 1031 1396 1063 Pltwbe,
1412 1033 1458 1058 sub
1477 1039 1568 1063 auras,

1073 1067 1145 1094 Fata
1159 1068 1310 1102 loquentum
1329 1075 1424 1102 prazses
1441 1067 1583 1101 tripodum.

1021 1135 1151 1163 Similler
1164 1135 1339 1170 Esculapius
1351 1135 1388 1162 ita
1402 1134 1436 1162 de
1450 1142 1478 1162 se
1493 1135 1562 1169 ipso,
1586 1133 1665 1169 124

1072 1195 1114 1222 Εη
1127 1195 1220 1222 Tricca
1233 1204 1246 1222 ε
1257 1204 1333 1222 sacra
1346 1196 1418 1222 venio
1433 1195 1481 1222 tibi
1495 1195 1598 1222 Numen
1613 1195 1738 1226 amicum,

1079 1230 1133 1266 Ille
1142 1231 1326 1266 Esculapius,
1338 1239 1414 1266 quem
1427 1230 1522 1257 Phoebo
1533 1236 1607 1263 patre
1619 1235 1746 1266 creatum,

1075 1266 1109 1292 Et
1120 1265 1224 1298 Sophim
1237 1265 1333 1301 regem,
1345 1266 1387 1292 cui
1402 1266 1441 1292 vis
1456 1270 1493 1292 est
1506 1270 1567 1292 nota
1581 1265 1711 1294 medendi,

1076 1301 1191 1329 Sustulit
1200 1298 1385 1336 almiparens.
1394 1300 1445 1328 Sed
1453 1302 1516 1334 quid
1527 1309 1582 1327 mea
1590 1301 1698 1326 numina
1709 1298 1812 1334 poscis?

1024 1347 1174 1375 Mercurius
1190 1353 1280 1376 autem
1298 1349 1371 1376 hunc
1385 1349 1412 1374 in
1429 1348 1554 1380 modum,

1078 1393 1225 1420 Mercurius
1238 1402 1314 1428 quem
1329 1401 1389 1420 voce
1401 1402 1487 1425 vacas,
1503 1393 1633 1427 Maia-que
1647 1392 1769 1427 Iovisque

1079 1428 1170 1456 Filius
1182 1429 1232 1455 huc
1243 1430 1311 1462 veni,
1333 1429 1430 1455 ctrlcsti
1442 1437 1498 1463 rege
1514 1429 1615 1455 relicto.

1026 1475 1180 1509 Quinetiam
1195 1484 1308 1504 suorum
1324 1476 1375 1510 ipsi
1391 1483 1536 1510 corporum
1554 1475 1671 1510 speciem
1690 1474 1814 1510 ﬁguram-

1025 1529 1078 1557 que
1091 1522 1261 1554 describunt,
1276 1522 1348 1549 velut
1360 1522 1404 1549 ille
1416 1521 1483 1554 Pan,
1496 1521 1543 1556 qui
1557 1521 1711 1556 cujusmodi
1722 1520 1814 1554 fuerit,

987 1587 1008 1615 Ο
1025 1575 1058 1594 ex
1067 1567 1126 1602 ejus
1139 1567 1259 1594 oraculis
1273 1567 1308 1594 ita
1318 1567 1448 1594 docemur
1463 1577 1469 1594 ι
1485 1566 1608 1594 Mortalis
1621 1575 1666 1602 ego
1680 1575 1738 1593 cum
1752 1566 1813 1599 sim,

1026 1620 1147 1648 nuncupo
1162 1617 1222 1640 vota
1236 1613 1306 1640 Pani
1319 1633 1327 1646 ,
1343 1613 1432 1640 nativo
1456 1613 1502 1640 deo
1512 1633 1519 1645 ,
1537 1621 1618 1639 cornu
1632 1613 1733 1647 gemino
1747 1632 1754 1644 ,
1770 1621 1815 1648 ge-

1026 1658 1097 1684 mino
1114 1658 1188 1693 pede,
1205 1658 1367 1693 hircinisque
1379 1659 1500 1685 cruribus
1513 1658 1621 1693 insigni,
1636 1658 1814 1692 eoluptuan‘o.

1027 1703 1168 1739 Ejusmodi
1183 1708 1255 1736 sunt.
1271 1712 1332 1739 qua:
1346 1705 1473 1731 laudatus
1489 1708 1584 1731 auctor
1599 1703 1626 1730 in
1642 1703 1742 1731 abditis
1756 1704 1816 1738 phi-

1026 1750 1158 1785 losophia:
1184 1750 1297 1777 deorum
1321 1758 1355 1777 ex
1381 1750 1520 1784 responsis
1550 1750 1656 1777 hausta:
1680 1750 1817 1785 mysteriis

1029 1796 1175 1823 recensuit.
1198 1795 1254 1823 Pan
1276 1803 1341 1831 ergo
1365 1804 1419 1824 non
1438 1796 1495 1831 jam
1519 1796 1639 1823 universi
1663 1796 1817 1831 symbolum

1027 1845 1086 1874 est,
1099 1841 1145 1868 sed
1161 1841 1267 1868 d:cmon
1283 1840 1373 1875 potius
1385 1861 1391 1872 ,
1408 1840 1516 1875 qualem
1532 1848 1561 1868 se
1584 1841 1642 1875 ipse
1656 1841 1816 1875 descripsit,

1029 1888 1075 1923 qui
1088 1888 1230 1915 oraculum
1248 1888 1317 1915 istuc
1329 1887 1433 1915 effudit.
1459 1886 1553 1923 Neque
1565 1888 1637 1915 enim
1651 1888 1817 1920 unixcrsum,

1030 1938 1136 1962 totusve
1153 1934 1273 1960 mundus
1290 1933 1341 1961 ista
1365 1933 1513 1967 respondit.
1536 1932 1625 1966 Quare
1641 1933 1692 1967 ipsi
1710 1940 1818 1967 quoque

1029 1980 1148 2008 artiﬁces
1159 1999 1166 2011 ,
1183 1984 1316 2014 quotquot
1331 1987 1384 2006 non
1404 1979 1533 2011 universi,
1552 1979 1598 2006 sed
1614 1979 1694 2013 hujus
1716 1979 1818 2006 daemo-

1029 2027 1073 2053 nis
1087 2026 1233 2060 imaginem
1258 2032 1438 2060 expressere,
1463 2025 1627 2059 descriptam
1654 2025 1734 2059 paulo
1757 2030 1819 2051 ante

1030 2072 1144 2107 ﬁguram
1160 2070 1258 2098 imitati
1275 2075 1347 2098 sunt.
1363 2070 1422 2098 iam
1436 2070 1599 2102 Mercurius,
1616 2071 1753 2104 quomodo
1775 2078 1819 2098 re-

1030 2125 1091 2145 rum
1119 2116 1242 2144 ell‘ectrix
1266 2117 1389 2144 omnium
1417 2116 1605 2151 interpresque
1632 2116 1700 2143 ratio
1726 2116 1819 2143 haberi

1030 2163 1127 2199 possit,
1142 2171 1204 2190 cum
1220 2163 1279 2198 ipse
1293 2162 1391 2189 Maiam
1406 2162 1522 2190 Atlantis
1536 2162 1618 2189 ﬁliam
1631 2170 1690 2190 Sese
1706 2167 1819 2189 matrem

1032 2209 1162 2236 habuisse
1177 2208 1304 2241 fateatur,
1318 2208 1419 2243 quippe
1433 2208 1479 2243 qui
1495 2208 1624 2242 jactatam
1646 2208 1678 2235 de
1692 2213 1752 2234 ortu
1771 2215 1821 2234 suo

193 2253 309 2286 πατρίδα
319 2253 368 2288 τὴν
380 2253 501 2289 Τρίκκην
516 2253 745 2289 ἐπιγραφόμενος,
758 2254 805 2280 καὶ
817 2253 870 2280 ἀπὸ
882 2253 978 2289 θνητῆς

1032 2253 1165 2286 fabulam,
1182 2261 1236 2280 non
1252 2254 1367 2281 istorum
1388 2253 1586 2289 physiologiam
1604 2253 1758 2280 testimonio
1775 2253 1821 2287 ju-

195 2300 335 2335 ὁμολογῶν
351 2300 489 2334 γεγονέναι
511 2300 628 2336 μητρός;
642 2300 704 2331 Πῶς
722 2300 749 2326 δὲ
761 2300 855 2332 ’Ἥλιος
867 2300 916 2333 ὢν,
933 2301 982 2327 αὑ-

194 2346 238 2376 τὸς
271 2346 319 2372 τοῦ
349 2346 437 2372 Ἡλίου
463 2346 520 2377 υἱὸς
543 2346 623 2372 πάλιν
646 2346 830 2382 ὰποιρανθείη;
851 2347 911 2373 ἐπεὶ
935 2346 982 2373 καὶ

195 2392 239 2418 τὴν
264 2392 347 2418 αὑτοῦ
373 2392 479 2428 πατέρα
497 2393 542 2420 τὸν
563 2392 657 2419 Φοῖϐον
677 2394 727 2419 οὐκ
746 2393 824 2420 ἄλλον
849 2391 918 2420 εἶναι
934 2393 980 2420 τοῦ

201 2437 290 2464 Ἠλίου
304 2438 526 2474 ἐφυσιολόγησαν.
549 2439 592 2471 Ἐξ
610 2438 699 2465 Ἡλίου
716 2439 744 2465 δὲ
760 2439 807 2465 καὶ
820 2438 920 2474 θνητῆς
933 2447 982 2474 γυ-

197 2483 287 2514 ναικὸς
301 2483 383 2517 φάναι
397 2483 477 2509 αὑτὸν
496 2482 554 2514 πῶς
571 2483 601 2508 οὺ
623 2483 730 2509 πάντων
748 2482 981 2516 καταγελαστότα-

196 2537 256 2561 τονς
268 2530 346 2555 Ἐπεὶ
360 2530 407 2556 καὶ
417 2529 497 2556 αὑτὸν
507 2529 553 2555 τὸν
570 2528 674 2564 πατέρα
687 2528 791 2559 ”Η).ιον,
803 2527 832 2553 ὃν
842 2528 874 2563 δὴ
885 2528 983 2554 ’Λπόλ-

148 2578 151 2582 ‘
198 2574 268 2602 λωνά
290 2584 372 2610 φασιν
391 2574 475 2606 εἶναι,
493 2575 553 2607 πῶς
568 2576 639 2607 εἰκὸς
661 2576 689 2601 ἐν
707 2575 784 2610 Δήλῳ
805 2574 982 2610 γεγεννῆσθαι

198 2623 230 2657 τῇ
245 2623 318 2658 νήσῳ
331 2623 384 2649 ὑπὸ
400 2622 500 2658 Θνητῆς
515 2622 594 2649 πάλιν
611 2622 713 2658 μητρὸς
727 2621 775 2657 τῆς
789 2620 910 2656 Λητοῦς;
926 2622 984 2648 Ἑν-

199 2667 284 2694 ταῦθά
304 2676 348 2703 μοι
369 2669 447 2703 τήρει
470 2668 585 2700 ὁπόσους
603 2668 731 2703 ’Έλληνες
747 2667 824 2699 θεοὺς
839 2667 984 2703 γεννητοὺς

201 2713 335 2747 γυναικῶν
356 2713 544 2749 ὲοεολόγησαν,
562 2715 601 2745 εἰς
616 2714 783 2749 παράθεσιν,
801 2713 905 2740 εἴποτε
922 2722 983 2740 πει-

201 2760 297 2792 ρῶνται
305 2760 446 2788 σκώππειν
457 2761 507 2796 τὴν
518 2760 565 2787 τοῦ
576 2760 712 2796 ἡμετέρου
724 2760 851 2797 Σωτῆρος
865 2760 982 2795 γένεσιν,

236 2831 272 2867 (7)
295 2831 413 2865 Τρίκκῃ.
432 2830 580 2858 Thessalia:
605 2819 734 2865 oppidum
758 2833 811 2863 est,
835 2836 908 2864 quoo
938 2828 983 2856 alii

204 2865 317 2897 Triccm,
333 2866 449 2900 simplici
466 2875 489 2893 c.

237 2908 274 2937 to)
297 2902 427 2928 Ἔνδοθε.
450 2902 496 2937 Γρ.
516 2901 612 2929 ἔνδοθι.

1031 2301 1158 2335 dicioque
1188 2309 1238 2328 suo
1257 2300 1468 2335 comprobarit?
1491 2299 1667 2334 tEsculapius
1684 2300 1800 2333 denique
1812 2320 1820 2333 ,

1031 2347 1169 2381 quomodo
1187 2346 1220 2374 ad
1235 2345 1325 2373 Solem
1342 2346 1511 2377 traducatur,
1530 2346 1576 2381 qui
1591 2350 1618 2372 et
1633 2345 1755 2372 Triccam
1770 2345 1821 2372 sibi

1031 2393 1147 2427 patriam
1164 2393 1292 2424 vindicet,
1308 2397 1335 2419 et
1353 2392 1460 2419 inortali
1486 2399 1515 2419 se
1539 2397 1626 2418 matre
1650 2397 1741 2418 natum
1761 2399 1823 2419 esse

1031 2438 1212 2473 pronuntiet?
1237 2439 1305 2470 lmo,
1324 2439 1347 2465 si
1366 2437 1406 2465 sol
1433 2437 1490 2472 ipse
1513 2440 1555 2464 est
1569 2458 1576 2470 ,
1601 2437 1737 2472 quomodo
1757 2437 1822 2465 solis

1032 2486 1104 2512 ﬁlius
1121 2493 1182 2513 esse
1205 2485 1338 2512 dicatur?
1353 2484 1420 2511 Nam
1446 2483 1580 2511 Pluebum
1605 2483 1715 2518 quidem
1737 2483 1822 2518 ipsius

1032 2536 1135 2566 patrem
1149 2552 1156 2564 ,
1173 2539 1226 2558 non
1244 2531 1328 2558 alium
1351 2538 1364 2557 a
1390 2530 1448 2557 sole.
1470 2537 1531 2556 esse
1554 2529 1706 2564 physiologi
1730 2529 1824 2556 volue-

1032 2581 1106 2604 runt.
1123 2576 1212 2603 Solem
1233 2583 1315 2611 porro
1338 2574 1526 2609 tEsculapium
1542 2582 1575 2601 ex
1592 2574 1698 2601 mortali
1721 2573 1823 2601 femina

1034 2623 1198 2657 suscepisse,
1216 2622 1259 2649 cui
1276 2630 1330 2649 non
1348 2621 1470 2648 omnium
1487 2621 1605 2648 maxime
1623 2621 1765 2648 ridiculum
1782 2620 1823 2647 vi-

1033 2668 1151 2695 deatur?
1166 2667 1234 2695 Nam
1251 2668 1340 2703 ipsum
1356 2675 1464 2702 quoque
1490 2666 1580 2694 Solem
1602 2666 1754 2702 jEsculapil
1775 2674 1825 2701 ptr-

1034 2718 1115 2745 trem,
1133 2721 1214 2748 quem
1231 2714 1336 2741 scilicet
1350 2713 1502 2747 Apollinem
1517 2721 1577 2741 esse
1591 2713 1757 2744 defendunt,
1777 2713 1824 2740 cui

1034 2761 1142 2788 tandem
1160 2761 1186 2787 in
1203 2761 1291 2788 insula
1308 2760 1384 2793 Delo,
1402 2765 1483 2795 atque
1500 2768 1515 2786 a
1530 2759 1635 2787 Latona
1656 2759 1763 2788 mortali
1786 2758 1822 2787 si:

1070 2830 1108 2866 (9)
1128 2829 1191 2858 Μὲν
1207 2829 1284 2866 γαῖα.
1295 2830 1353 2866 Γρ.
1369 2831 1415 2864 γᾶ,
1433 2835 1515 2858 recte.
1530 2829 1585 2861 AL,
1599 2829 1646 2866 γῆ.

1071 2864 1126 2901 (10)
1153 2864 1272 2901 Ἑρμῆς,
1294 2864 1398 2893 Versus
1415 2866 1533 2901 postulat
1548 2865 1630 2892 inscri
1642 2864 1682 2896 ὅθ.
