2060 3213
189 165 238 193 ἐίὶ5

759 164 919 192 ΡΒᾹΞΡΑΒ.
940 163 1066 191 EVANG.
1085 163 1150 191 LIB.
1170 163 1214 190 ill.

1762 171 1816 200 2’26

189 225 223 250 Οὐ
248 223 304 260 γὰρ
333 223 367 260 δὴ
392 197 409 250 ἒ
435 223 529 256 Ἥλιος
554 223 699 259 οὐρανόθεν
724 224 815 256 αὐτοῖς
840 223 961 256 καταϐὰς

1027 223 1102 250 tione
1118 224 1229 259 coargui
1240 223 1320 252 facile
1330 225 1426 260 possit.
1442 224 1534 261 Neque
1545 227 1617 254 enim
1630 226 1676 255 Sol
1692 229 1723 256 ad
1739 230 1817 262 istos,

189 271 280 296 ἔπειτα
299 269 347 296 τὸν
364 270 517 304 δοχὲα“(1Ξ)
532 269 689 305 πληρώσας,
702 269 748 296 τὸν
766 269 890 304 χρησμὸν
906 270 974 295 ἀπε-

188 315 314 351 ᾳοξὸαζεν
328 316 401 351 (15)·
418 316 478 342 ἐπεὶ
498 315 558 342 οὔτε
572 315 694 347 δυνατὸν,
716 314 777 342 οὕτε
797 315 875 350 θέμις
890 315 974 348 ἀνάγ-

187 371 248 394 καις
273 361 426 396 ἀνθρώπων
445 361 491 388 τὸν
513 360 670 397 τηλικοῦτον
695 360 893 387 ὑποτάσσεσθαι
920 369 975 394 φω-

187 408 284 443 στῆρα.
307 407 376 433 Ἀλλ’
389 408 419 434 οὐ
433 407 465 442 δὴ
482 406 537 442 (id)
551 408 629 441 φαῖεν
644 406 692 442 τὴν
708 407 736 432 ἐν
750 405 824 440 αὐτῷ
839 405 913 431 Θείαν
929 405 975 431 καὶ

185 452 282 488 νοερὰν
301 452 426 487 δύναμιν,
442 452 483 478 ὃτι
507 451 573 487 μηδὲ
600 451 701 486 ταύτης
720 451 824 484 ,γένοιτ’
849 450 881 476 ἄν
908 458 973 476 ποτε

186 498 296 534 δεκτικὴ
313 497 471 533 ἀνθρωπεία
493 497 577 532 ψυχή.
600 497 629 522 '0
651 497 672 522 δ’
692 496 772 527 αὐτὸς
792 496 824 523 ἂν
840 496 882 531 εἴη
898 495 975 529 λόγος

188 541 235 568 καὶ
246 541 293 567 ἐπὶ
313 542 441 577 Σελήνης.
459 543 490 569 Ei
511 542 565 577 γὰρ
583 542 633 578 τὴν
656 543 771 578 Ἑκάτην
793 543 877 577 αὐτὴν
905 541 973 569 εἶναι

189 586 315 622 ςήσουαι,
329 586 376 613 καί
387 597 446 619 πως
463 587 595 621 ἀνάγκαις
614 587 766 623 ἀνθρώπων
782 587 972 620 καθέλκεςῢαι,

190 633 237 658 καὶ
248 632 292 659 διὰ
310 633 356 659 τοῦ
373 633 472 669 δοχὲως
488 635 567 670 χρᾷν,
586 634 625 666 εἵς
642 643 670 661 τε
687 635 801 670 αἰσχρὰς
815 634 861 661 καὶ
878 635 972 669 ἐρωτι-

190 678 242 710 κὰς
264 678 400 711 διακονίας
419 679 681 715 παραλαμβάνεσθαι
702 680 787 716 αὒτὴν
809 681 883 716 (15),
904 679 973 716 ἀρχή

185 722 238 756 γὰρ
256 719 323 748 οὖσα
344 721 398 748 τῶν
423 723 550 758 πονηρῶν
568 724 720 759 δυνάμεων,
743 725 802 759 ἦτοι
827 725 972 760 δαιμόνων,

185 767 256 799 εἰκὸς
275 767 308 794 ἂν
331 768 373 804 εἴη
396 768 445 804 τὴν
477 768 593 804 Ἑκάτην
616 771 703 797 ταῦτα
728 771 866 806 πράττειν·
893 771 907 797 ὃ
927 772 973 797 καὶ

184 812 265 844 αὐτὸς
288 813 414 848 ὁμολογεῖ
437 816 622 850 συγγραφεὺς,
644 816 681 848 ὼς
707 816 776 842 κατὰ
798 817 892 851 καιρὸν
917 815 971 851 (16)

183 859 374 895 ἐπελέγξομεν.
393 859 456 892 Πῶς
471 861 499 887 δὲ
524 862 538 887 ὁ
557 862 682 888 Πλούτων
699 863 746 889 κα).
766 864 779 889 ὁ
797 863 919 897 Σάραπις
934 863 973 894 εἰς

1033 270 1125 303 credo,
1141 270 1249 297 etelitus
1261 270 1461 305 descendebat,
1477 280 1509 299 ac
1524 273 1651 308 deiuccps
1667 282 1714 309 per
1732 283 1794 303 eum
1807 296 1816 310 ,

1026 316 1073 350 qui
1088 323 1188 342 numen
1201 317 1366 350 excepisset,
1387 316 1544 345 Phosbieum
1576 320 1715 347 oraculum
1731 321 1818 349 etluu—

1027 361 1108 388 debat
1121 371 1127 388 :
1143 369 1206 388 cum
1221 369 1308 396 neque
1320 363 1377 389 fieri
1389 369 1585 399 posset,neque
1599 373 1662 392 vero
1678 366 1719 394 fas
1733 373 1816 402 essrt,

1027 410 1057 433 ut
1072 410 1177 433 tantum
1197 406 1273 434 sidus
1298 407 1424 435 humana:
1440 409 1481 436 vis
1499 410 1654 437 necessitati
1674 412 1769 439 cedere
1784 421 1817 440 ac

1026 461 1121 488 parere
1134 458 1294 488 cogeretur:
1311 454 1336 481 id
1350 455 1422 489 quod
1437 462 1471 482 ne
1486 456 1518 483 de
1532 457 1576 483 illa
1593 457 1712 492 quidem,
1729 467 1811 492 quam

1027 499 1079 534 ipsi
1095 499 1235 531 tribuunt,
1251 500 1341 526 divina
1364 501 1531 535 spiritalique
1555 502 1653 529 virtute
1674 503 1791 530 dixerint
1806 525 1813 536 .

1027 554 1088 572 cum
1110 553 1168 573 eam
1184 546 1270 573 nihilo
1285 547 1372 581 magis
1391 547 1527 575 humanus
1544 549 1652 576 animus
1667 557 1765 584 capere
1781 558 1814 578 ac

1027 591 1164 617 sustinere
1178 591 1275 624 possit.
1290 590 1379 625 Atque
1392 593 1487 618 eodem
1506 601 1617 627 prorsus
1640 594 1720 621 modo
1736 595 1815 623 liceat

1026 636 1059 662 de
1075 635 1152 662 Luna
1177 640 1305 663 statuere.
1330 635 1408 669 Quod
1423 637 1446 663 si
1466 636 1583 665 Hecaten
1601 639 1674 665 illam
1699 647 1758 667 esse
1771 640 1814 667 di-

1025 685 1098 711 cent.
1113 690 1173 717 quae
1193 689 1255 709 cum
1269 682 1396 708 humana:
1412 683 1547 710 cantionis
1573 688 1619 710 aut
1643 685 1739 713 similis
1755 686 1814 713 ille-

1024 727 1112 754 cebrae
1134 727 1296 754 necessitate
1312 728 1474 760 deducatur,
1492 733 1549 755 tum
1564 737 1629 757 vero
1643 735 1669 757 et
1686 739 1734 765 per
1748 739 1813 758 eum

1024 781 1039 800 a
1067 781 1121 808 quo
1142 773 1224 800 fuerit
1249 779 1395 808 suscepta,
1421 775 1603 809 respondeat,
1633 781 1661 803 et
1686 777 1812 806 obscenis

1025 818 1168 844 amoribus
1190 825 1222 845 ac
1237 818 1379 845 lenociniis
1408 825 1517 852 operam
1533 827 1611 846 suam
1625 826 1704 848 navet
1719 830 1727 854 ;
1752 826 1812 849 esto

1024 870 1099 890 sane.
1116 863 1183 890 Cum
1199 863 1270 890 enim
1289 863 1474 898 improbarum
1488 865 1630 898 virtutum,
1647 871 1694 893 aut
1709 867 1811 894 daemo-

183 905 228 932 τὸν
239 907 332 933 Ἥλιον
346 906 453 934 δυνατο)¹
475 908 508 934 ἂν
532 905 586 935 εἷεν
609 909 843 943 φυσιολογεῖσοαι;
861 910 904 935 ὅτε
927 909 964 935 τὸ·

1025 914 1088 932 uum
1105 906 1193 941 potius
1207 907 1331 942 princeps
1345 907 1444 936 Hecate
1457 909 1503 936 illa
1516 910 1560 942 sit,
1573 911 1630 937 huic
1643 918 1704 938 cum
1719 912 1812 939 fecerit

183 951 299 986 ἄρχοντα
315 952 370 979 τῶν
386 953 513 989 πονηρῶν
527 954 661 990 δαιμόνων
675 956 690 981 ὁ
711 955 791 986 αὐτὸς
812 955 891 981 πάλιν
904 955 972 981 ἀπο-

183 996 306 1028 φαίνεται
331 997 377 1025 τὸν
400 999 524 1036 Σάραπιν
551 998 639 1031 εἶναι,
663 1000 709 1026 τὸν
738 1000 817 1026 αὑτὸν
843 999 907 1026 ὄντα
932 999 971 1034 τῷ

182 1041 327 1070 Πλούτωνι.
348 1045 402 1071 Καὶ
418 1046 560 1081 χρησμοὺς
581 1045 609 1072 δὲ
628 1045 675 1071 τοῦ
695 1046 848 1081 Σαράπιδος
871 1046 971 1081 ἐγγρα-

181 1097 248 1123 φων,
270 1089 329 1121 πῶς
353 1090 386 1117 ἂν
402 1090 510 1117 δύναιτο
530 1091 575 1117 τοῦ
602 1092 692 1118 Ἠλίου
714 1092 812 1123 αὐτοὺς
829 1091 917 1124 λέγειν
935 1088 970 1116 εἷ-

180 1143 243 1166 ναιὲ
271 1135 353 1162 Ἀλλὰ
376 1136 429 1172 γὰρ
447 1137 502 1173 (17)
526 1137 555 1171 ἐξ
575 1138 702 1164 ἁπάντων
725 1137 826 1163 τούτων
846 1137 968 1163 λείπεται

182 1182 264 1218 μηδὲν
277 1183 326 1217 μὲν
343 1182 441 1217 ἀληθὲς
463 1183 555 1219 φέρειν
574 1184 715 1218 ὁμολογεῖν
733 1183 782 1214 τὰς
800 1182 967 1218 δηλωθεὶσας

180 1227 365 1262 φυσιολογίας,
388 1229 541 1263 σοφίσματα
564 1228 587 1254 δ’
611 1227 679 1255 εἷναι
705 1228 837 1263 σοφιστῶν
861 1227 966 1262 ἀνδρῶν

180 1273 228 1300 καὶ
245 1272 440 1308 εὑρεσιλογίας.

1023 952 1134 985 omnia,
1160 953 1226 980 nihil
1252 953 1286 980 ab
1311 961 1370 981 sese
1393 955 1512 982 alienum
1537 955 1640 983 fecerit.
1665 955 1758 992 Neque
1783 958 1811 985 it‘.

1022 997 1103 1024 etiam
1129 997 1255 1024 laudatus
1278 998 1396 1033 scriptor
1422 1007 1476 1026 non
1490 999 1591 1028 fatetur
1604 1021 1610 1028 .
1629 1005 1659 1028 ut
1685 1009 1736 1029 suo
1750 1002 1811 1030 loco

1021 1042 1280 1070 demonstrabimus.
1299 1042 1380 1070 Pluto
1397 1049 1486 1072 autem
1505 1051 1531 1072 et
1544 1045 1662 1080 Serapis,
1679 1055 1731 1082 qua
1748 1053 1810 1075 tan-

1022 1088 1082 1115 dem
1106 1088 1275 1124 physiologia
1297 1090 1331 1116 ad
1348 1090 1431 1117 solem
1454 1092 1575 1119 revocari
1591 1094 1715 1127 queant?
1737 1093 1810 1120 Prae-

1022 1134 1114 1161 sertim
1131 1142 1193 1162 cum
1215 1135 1265 1162 iste
1282 1135 1439 1170 Serapidem
1464 1138 1590 1165 eumdem
1616 1147 1677 1166 cum
1696 1139 1810 1167 Plutone

1021 1179 1136 1211 faciens.
1163 1181 1297 1209 malorum
1312 1182 1393 1209 etiam
1411 1182 1563 1211 daemonum
1581 1185 1728 1220 principem
1748 1194 1810 1213 esse

1020 1225 1106 1252 vclit'!
1127 1224 1194 1252 Dum
1218 1233 1283 1253 vero
1311 1225 1457 1261 Serapidos
1478 1228 1586 1255 oracula
1614 1230 1722 1264 scriptis
1751 1232 1809 1259 suis

1019 1270 1127 1304 inserit,
1139 1279 1194 1306 quo
1204 1279 1286 1299 sensu
1299 1273 1393 1299 eadem
1407 1271 1479 1300 Solis
1491 1280 1551 1300 esse
1564 1273 1706 1302 defendat?
1719 1276 1807 1303 Euim‘

177 1326 243 1346 vero
256 1339 264 1350 .
281 1319 323 1347 his
336 1319 463 1346 omnibus
477 1319 556 1354 plane
578 1319 720 1346 conficitur
731 1339 739 1352 ,
754 1320 792 1346 uti
808 1327 855 1346 eos
882 1318 959 1345 fateri
977 1320 1101 1351 oporteat
1115 1317 1171 1344 veri
1195 1317 1263 1344 nihil
1286 1321 1341 1344 tota
1375 1317 1428 1345 ista
1462 1318 1630 1354 physiologia
1647 1321 1803 1354 contineri,

177 1367 363 1402 sophistarum
389 1369 438 1395 has
454 1375 513 1394 esse
529 1368 649 1402 argutias
661 1388 669 1400 ,
684 1371 711 1394 et
729 1371 882 1395 commenta
900 1366 1044 1394 verborum
1059 1364 1161 1392 inania.

438 1415 635 1441 ΚΕΦΑΛΔΙΟΝ
654 1415 702 1441 ΙΖ’.

195 1471 260 1497 Ὀτι
286 1470 462 1505 δαιμονικῆς
486 1472 636 1515 ἐνεργείας
663 1471 762 1498 πάντα
788 1470 824 1498 τὰ
848 1470 946 1498 τοιάδε

493 1515 643 1541 τυγχανει.

1243 1412 1320 1446 127
1337 1412 1452 1439 CAPUT
1478 1413 1559 1440 xvu.
1575 1439 1587 1459 ,

1019 1467 1084 1496 Ilwc
1101 1469 1190 1495 omnia
1201 1468 1350 1496 dwmonum
1363 1470 1417 1496 arti
1433 1478 1463 1496 ac
1479 1472 1622 1506 prastigiis
1645 1473 1806 1508 aasignanda

1383 1513 1439 1532 €588

211 1553 281 1584 Τοὺς
296 1552 329 1586 γέ
343 1561 384 1578 τοι
398 1551 451 1578 τῶν
468 1552 598 1588 χρησμῶν
615 1552 762 1588 ὑπηρέτας,
778 1552 874 1588 ἀληθεῖ
891 1552 962 1587 λόγῳ

1049 1549 1084 1576 At
1106 1549 1278 1577 oraculorum
1303 1550 1487 1584 administros,
1503 1551 1526 1579 si
1542 1559 1604 1580 vere
1620 1553 1695 1588 loqui
1709 1553 1803 1582 voluc-

178 1599 309 1632 φάσκειν,
337 1597 465 1633 δαίμονας
489 1595 557 1624 εἶναι
583 1597 719 1631 φαύλους,
748 1598 791 1624 ἐπ’
814 1596 964 1633 ἀνθρώπιον

178 1645 269 1681 ἀπάτῃ
283 1644 318 1671 τὰ
342 1644 484 1679 ἀμφότερα
506 1643 666 1676 παίζοντας,
684 1644 730 1670 καὶ
748 1643 808 1670 τοτὲ
831 1643 880 1678 μὲν
903 1651 964 1669 6w»-

177 1690 332 1725 τιθεμένους
356 1691 415 1721 ταῖς
438 1689 637 1724 μυθικωτέραις
666 1689 729 1724 περὶ
750 1688 838 1715 αὐτῶν
863 1687 962 1723 ὑπολή-

177 1737 254 1771 ψεσιν
269 1737 316 1762 ἐπὶ
332 1737 364 1771 τῇ
381 1735 514 1771 πανδήμῳ
529 1735 630 1771 πλάνῃ,
649 1734 709 1760 τοτὲ
726 1734 753 1760 δὲ
769 1733 803 1760 τὰ
819 1733 868 1768 τῆς
887 1733 961 1767 φιλο-

177 1783 259 1816 σόφου
280 1781 406 1817 γοητείας
429 1780 626 1816 ὲπικυροῦντας
658 1780 704 1806 ἐπὶ
733 1781 766 1815 τῇ
791 1779 838 1806 καὶ
860 1778 961 1805 τούτων

176 1827 302 1863 ὲπιτριϐῇ
320 1827 366 1853 καὶ
393 1826 540 1861 φυσιώσει,
566 1826 636 1852 ὥστε
657 1825 703 1851 καὶ
721 1824 886 1859 πανταχόθεν
905 1824 962 1850 ἁλί-

176 1874 289 1900 σκεσθαι
316 1873 396 1908 μηδὲν
421 1873 518 1904 αὐτοὺς
549 1871 706 1906 ἀληθεύειν·
737 1870 870 1897 τοσούτων
895 1870 960 1905 ἡμῖν

176 1918 325 1954 εἰρημένων
337 1937 344 1949 ,
360 1917 454 1952 καιρὸς
478 1917 528 1952 ήδη
547 1915 715 1951 μεταϐάντας
730 1915 760 1941 τὸ
782 1915 870 1950 τρίτον
891 1913 960 1946 εἶδος

174 1963 298 1990 ἐπελθεῖν
312 1963 361 1998 τῆς
382 1962 513 1998 Ἐλλήνων
530 1961 683 1995 θεολογίας,
700 1960 714 1987 ὅ
736 1961 767 1995 δή
786 1969 867 1994 φασιν
891 1958 959 1986 εἶναι

176 2008 312 2035 πολιτικόν
326 2016 355 2034 τε
372 2008 418 2034 καὶ
433 2007 556 2042 νόμιμον.
568 2007 693 2033 Μάλιστα
703 2005 757 2041 γὰρ
773 2005 863 2032 ἱκανὸν
881 2006 959 2031 τοῦτο

174 2054 242 2090 πρὸς
260 2053 388 2089 ἔκπληξιν
404 2052 456 2079 τῶν
473 2052 575 2079 πολλῶν
596 2050 666 2079 εἶναι
686 2051 856 2086 νενόμισται,
871 2051 915 2077 διά
929 2059 958 2077 τε

172 2099 207 2125 τὰ
222 2098 406 2134 θρυλλούμενα
425 2098 536 2133 μαντεῖα
552 2097 598 2124 καὶ
614 2096 663 2128 τὰς
682 2095 727 2123 διὰ
747 2095 878 2131 χρησμῶν
893 2095 958 2122 ἀκέ-

173 2154 230 2176 σεις
252 2153 282 2171 τε
304 2145 350 2171 καὶ
374 2143 522 2179 Θεραπείας
544 2142 596 2169 τῶν
615 2141 786 2168 πεπονθότων
812 2141 956 2176 σωμάτων,

154 2181 220 2222 ⁸τάς
234 2199 264 2216 τε
281 2191 351 2217 κατά
374 2199 454 2217 τινων
470 2190 630 2225 ἐπισκήψεις
651 2188 716 2222 (18).
736 2185 786 2215 ἸὯν
809 2187 841 2223 δὴ
857 2187 887 2213 τὸ
910 2187 958 2214 καὶ

1015 1595 1070 1622 rint
1083 1616 1090 1628 ,
1109 1595 1247 1629 improbos
1264 1603 1323 1623 esse
1339 1596 1487 1628 daemones,
1505 1598 1551 1632 qui
1567 1598 1600 1624 ad
1616 1599 1754 1627 hominem
1774 1601 1802 1627 in

1013 1640 1135 1667 fraudem
1152 1640 1321 1668 inducendos
1341 1641 1368 1668 in
1393 1646 1508 1676 utroque
1524 1642 1663 1676 luderent;
1677 1652 1708 1672 ac
1722 1646 1804 1673 modo

1013 1691 1042 1711 se
1054 1685 1087 1711 ad
1102 1684 1240 1711 fabulosas
1255 1684 1288 1711 de
1302 1692 1331 1712 se
1355 1685 1422 1720 ipsis
1437 1686 1580 1720 opiniones
1600 1692 1778 1723 aggregareut
1790 1709 1798 1722 ,

1012 1733 1042 1756 ut
1057 1729 1209 1756 communis
1226 1737 1258 1756 ac
1280 1729 1406 1764 publicus
1429 1738 1507 1757 error
1533 1731 1693 1765 foveretur,
1718 1733 1801 1761 modo

1011 1774 1237 1809 philosophorum
1254 1775 1335 1802 etiam
1353 1776 1504 1810 praestigias
1523 1778 1752 1812 comprobarent,
1770 1784 1800 1807 ut

1011 1819 1084 1847 factu
1098 1824 1125 1847 et
1138 1820 1291 1855 arrogantia
1308 1820 1407 1848 inflatis
1420 1822 1532 1848 exitium
1547 1823 1692 1856 alferrent;
1707 1825 1801 1859 sicque

1011 1865 1079 1892 nihil
1102 1874 1225 1900 unquam
1240 1866 1342 1894 dixisse
1358 1867 1413 1894 veri
1428 1868 1517 1895 modis
1542 1870 1670 1897 omnibus
1685 1872 1799 1898 Convin-

1011 1916 1120 1938 cuntur.
1135 1911 1196 1938 Jam
1210 1919 1275 1939 vero
1289 1911 1331 1939 his
1353 1920 1367 1939 a
1383 1913 1462 1940 nobis
1477 1913 1608 1942 hactenus
1631 1910 1775 1950 disputatis
1787 1938 1795 1950 ,

1010 1961 1116 1991 tempus
1134 1962 1185 1989 est,
1198 1962 1227 1984 ut
1240 1957 1272 1984 ad
1289 1958 1395 1985 tertiam
1410 1957 1566 1987 Graecorum
1581 1961 1722 1997 theologia:
1736 1971 1797 1997 spc-

1009 2004 1077 2031 ciem
1091 2024 1099 2037 ,
1113 2011 1194 2038 quam
1210 2003 1316 2031 civilem
1341 2004 1392 2039 ipsi
1412 2012 1444 2032 ac
1468 2005 1614 2040 legitimam
1631 2009 1775 2036 nominaut
1787 2028 1795 2040 ,

1009 2050 1122 2084 gradum
1141 2049 1286 2077 faciamus.
1304 2048 1370 2076 Nam
1397 2050 1423 2077 id
1442 2050 1552 2078 demum
1569 2052 1602 2078 ad
1619 2053 1709 2080 stulta:
1722 2055 1795 2081 mul-

1008 2095 1132 2121 titudinis
1146 2094 1352 2121 admirationem
1368 2102 1400 2121 ac
1414 2099 1552 2130 stuporem
1572 2096 1650 2131 longe
1665 2103 1794 2132 opportu-

1008 2140 1153 2167 nissimum
1167 2147 1228 2167 esse
1243 2144 1415 2173 statuerunt;
1438 2141 1461 2168 si
1478 2142 1577 2176 partim
1596 2142 1705 2176 jactatis
1728 2145 1794 2171 rati-

1007 2187 1086 2213 einiis
1104 2206 1112 2218 ,
1138 2186 1237 2221 partim
1267 2187 1453 2214 morbidorum
1479 2195 1626 2222 corporum
1652 2191 1793 2218 curatione

170 2236 215 2262 διὰ
231 2236 328 2272 πείρας
349 2236 435 2262 ὲλθεῖν
456 2237 620 2270 φάσκοντες,
638 2233 668 2261 εὖ
693 2233 765 2269 μάλα
792 2233 955 2259 πεπείκασιν

1015 2231 1121 2259 leorum
1151 2233 1265 2267 quwsita
1287 2233 1447 2267 responsis,
1467 2234 1565 2268 partim
1591 2235 1740 2269 repentinis
1766 2242 1792 2264 et

171 2282 284 2313 ἑαυτοὺς
295 2281 343 2316 μὲν
355 2281 531 2313 εὐσεϐοῦντας
545 2282 584 2313 εἰς
594 2281 656 2312 τοὺς
671 2279 748 2311 θεοὺς
762 2279 853 2313 δίκαια
870 2279 955 2314 πράτ-

170 2335 225 2353 τειν
236 2336 242 2341 ·
267 2327 340 2362 ἡμᾶς
356 2327 385 2353 δὲ
402 2327 438 2353 τὰ
459 2327 574 2362 μέγιστα
594 2326 718 2358 ἀσεϐεῖν,
737 2325 786 2357 τὰς
804 2325 890 2356 οὕτως
906 2326 955 2360 ἐμ-

170 2373 263 2405 φανεῖς
279 2373 326 2398 καὶ
341 2372 514 2407 εὐεργετικὰς
522 2371 650 2406 δυνάμεις
668 2371 704 2407 μὴ
724 2372 783 2402 ταῖς
800 2371 953 2406 προσηκού-

171 2426 230 2448 σαις
255 2417 414 2453 θεραπείαις
436 2417 583 2452 τιμῶντας.
606 2417 661 2443 Καὶ
691 2417 759 2452 πρὸς
790 2416 865 2443 ταῦτ’
888 2415 952 2449 οὖν,

169 2464 265 2499 ἑτέραν
281 2463 358 2498 λόγου
371 2463 457 2499 ἀρχὴν
468 2462 657 2494 ἀναλαϐόντες,
667 2462 878 2498 ὑπαντήσωμεν.

205 2561 259 2595 (12)
279 2561 382 2596 Δοχέα.
402 2560 471 2594 Vox,
488 2561 515 2588 ni
540 2560 628 2594 fallor,
652 2568 748 2595 parum
770 2560 870 2587 usitata
885 2569 892 2593 ;
907 2560 951 2588 his

168 2600 258 2624 tamen
274 2597 414 2623 numinum
439 2596 581 2631 ὑποδοχαῖς
593 2597 733 2631 aptissima
749 2605 755 2622 :
773 2603 855 2631 quam
870 2596 950 2630 paulo

167 2637 228 2666 post
239 2639 265 2658 ο.
281 2631 297 2657 7
313 2632 420 2665 repetit.
437 2630 556 2666 itemque
570 2630 629 2665 pag.
649 2631 700 2657 194
716 2635 743 2657 et
756 2630 817 2658 195.

203 2666 258 2701 (15)
284 2665 500 2700 Ἀπεφοίϐαζεν.
512 2665 577 2692 Non
601 2666 691 2693 minus
707 2673 766 2692 rara
779 2673 852 2701 ‘yox,
865 2673 947 2700 quam

167 2699 257 2728 tamen
273 2708 346 2741 omn.
356 2699 498 2729 'manuscr.
512 2701 637 2728 retinent.
649 2701 686 2727 Τὸ
698 2699 855 2734 φοιϐάζειν,
869 2701 948 2735 longe

166 2743 349 2763 COnIlllUlllllS.

203 2771 255 2806 (M)
278 2772 319 2806 ρὺ
335 2770 383 2802 δή.
403 2771 452 2804 Γρ.
464 2770 518 2797 οὐδ’
538 2772 572 2802 εί,
589 2778 641 2798 non
659 2771 739 2798 male.

202 2804 255 2846 (15)
277 2805 341 2832 Post
367 2806 449 2846 αὐτην
472 2807 547 2846 deest
568 2806 688 2846 aliquid;
709 2809 783 2846 puta,
797 2805 847 2846 οὐκ
864 2804 944 2846 ἂν.δὴ

165 2841 321 2876 ἁμάρτοιεν,
338 2846 385 2876 aut
401 2840 500 2876 aliquid
515 2840 618 2867 simile.
628 2840 696 2868 Tum
711 2841 852 2875 legendum
865 2840 944 2876 qvide-

165 2874 318 2911 ιιιτίάρχὴν
331 2875 384 2911 γὰρ
401 2874 493 2908 οὖσαν,
516 2883 578 2903 nam
597 2877 664 2903 alter
677 2885 692 2904 c
708 2874 845 2903 mauuscr.
864 2875 943 2902 habet

1006 2278 1135 2312 gravibus
1150 2278 1343 2306 nonnullorum
1366 2279 1455 2313 poenis
1478 2284 1621 2308 teneretur.
1638 2280 1702 2314 Quae
1725 2282 1789 2310 dum

1005 2330 1035 2350 se
1050 2324 1123 2358 ipsos
1136 2323 1218 2350 etiam
1232 2328 1358 2357 expertos
1371 2332 1432 2352 esse
1446 2325 1556 2357 dicunt,
1575 2330 1632 2352 tum
1649 2334 1712 2353 vero
1727 2327 1790 2361 jure

1004 2369 1133 2395 nimirum
1158 2370 1341 2404 persuadent,
1367 2377 1396 2397 se
1425 2370 1533 2404 quidem
1561 2370 1605 2404 pie
1626 2371 1700 2405 justo
1723 2381 1787 2408 erga

1005 2415 1071 2442 deos
1088 2415 1219 2449 obsequio
1239 2415 1367 2448 cultuque
1385 2414 1506 2450 defungi.
1525 2423 1575 2442 nos
1590 2424 1654 2444 vero
1674 2426 1787 2446 summae

1003 2459 1150 2494 impietatis
1166 2467 1228 2487 reos
1243 2467 1313 2493 esse,
1333 2460 1380 2495 qui
1396 2460 1548 2488 manifestis
1561 2461 1629 2488 adeo
1645 2461 1786 2490 beneficis-

1000 2556 1091 2590 οὖσαν,
1106 2559 1168 2586 licet
1181 2559 1264 2594 ἀρχή,
1283 2567 1335 2586 non
1350 2557 1531 2594 ἀρχήννιθειιι.

1035 2594 1090 2628 (16)
1117 2595 1163 2626 Ὡς
1177 2593 1252 2621 κατά
1264 2593 1377 2628 καιρόν-ζ
1402 2593 1466 2621 Vide
1486 2594 1558 2621 intra
1579 2601 1607 2628 p.
1623 2593 1674 2621 175
1689 2599 1716 2622 et
1732 2595 1783 2622 174

999 2629 1086 2655 initio.

1035 2663 1089 2698 (17)
1114 2663 1208 2700 Ἀλλὰ
1220 2663 1285 2700 πάρ.
1305 2662 1407 2696 Malim,
1422 2664 1444 2690 si
1456 2664 1510 2691 ulla
1523 2663 1698 2692 distinctione
1711 2673 1781 2700 opus

998 2703 1050 2729 est,
1066 2699 1099 2724 ab
1113 2698 1155 2724 his
1171 2698 1282 2725 vocibus
1295 2706 1394 2725 novum
1409 2699 1491 2725 ordiri
1506 2705 1587 2732 caput
1604 2708 1610 2725 :
1627 2700 1698 2733 quod
1712 2698 1780 2728 alio-

998 2734 1042 2767 qui
1060 2733 1179 2766 peudeus
1193 2732 1325 2767 hiansque
1341 2734 1473 2760 sententia
1489 2733 1637 2761 inchoabit.

1113 2766 1313 2809 Ἐπισκήψεὶς.
1333 2768 1431 2809 Credo.
1444 2768 1588 2809 Οεηλςὶτους
1608 2768 1714 2809 πληγάς
1740 2770 1781 2795 in-

997 2803 1106 2836 telligit,
1125 2802 1360 2838 quemadluotjutn
1372 2807 1399 2829 et
1420 2812 1446 2837 p.
1464 2802 1525 2834 133,
1541 2804 1703 2838 ἐπισκήψεις
1718 2808 1778 2830 κατ’

996 2834 1111 2864 ἀσεϐῶν.
1134 2834 1262 2871 Sequitur
1287 2834 1322 2862 ὢν
1339 2837 1370 2872 δὴ
1383 2834 1484 2864 cii-mi.
1502 2834 1655 2864 Deli-mlum.
1673 2834 1778 2866 \idi-tur

998 2873 1061 2901 illud
1079 2873 1117 2904 τό,
1136 2880 1186 2900 nec
1199 2872 1323 2905 habetur,
1339 2880 1365 2906 p.
1382 2873 1440 2906 i3“,
1459 2873 1502 2900 tibi
1520 2873 1614 2900 cadem
1636 2874 1740 2907 repetit.
